<?xml version="1.0" encoding="UTF-8"?>
<!DOCTYPE html PUBLIC "-//W3C//DTD XHTML 1.0 Transitional//EN"
    "http://www.w3.org/TR/xhtml1/DTD/xhtml1-transitional.dtd">
<html xmlns="http://www.w3.org/1999/xhtml" xml:lang="en" lang="en">
 <head>
  <title>
</title>
<meta http-equiv="Content-Type" content="text/html;charset=utf-8" />
  <meta name='ocr-system' content='tesseract 3.04.00' />
  <meta name='ocr-capabilities' content='ocr_page ocr_carea ocr_par ocr_line ocrx_word'/>
</head>
<body>
  <div class='ocr_page' id='page_1' title='image "balbertimagnira03chgoog_0585.png"; bbox 0 0 4897 6388; ppageno 0'>
   <div class='ocr_carea' id='block_1_1' title="bbox 1746 300 3478 409">
    <p class='ocr_par' dir='ltr' id='par_1_1' title="bbox 1746 300 3478 409">
     <span class='ocr_line' id='line_1_1' title="bbox 1746 300 3478 409; baseline -0.002 -35"><span class='ocrx_word' id='word_1_1' title='bbox 1746 306 1840 374; x_wconf 91' lang='lat' dir='ltr'>IN</span> <span class='ocrx_word' id='word_1_2' title='bbox 1889 306 1917 373; x_wconf 97' lang='lat' dir='ltr'>I</span> <span class='ocrx_word' id='word_1_3' title='bbox 1970 301 2414 409; x_wconf 72' lang='lat' dir='ltr'>SENTENT.¹</span> <span class='ocrx_word' id='word_1_4' title='bbox 2452 300 2677 371; x_wconf 87' lang='lat' dir='ltr'><strong>DIST.</strong></span> <span class='ocrx_word' id='word_1_5' title='bbox 2730 302 2922 383; x_wconf 88' lang='lat' dir='ltr'><strong>XIX,</strong></span> <span class='ocrx_word' id='word_1_6' title='bbox 2975 303 3062 386; x_wconf 88' lang='lat' dir='ltr'>N,</span> <span class='ocrx_word' id='word_1_7' title='bbox 3118 302 3317 370; x_wconf 84' lang='lat' dir='ltr'><strong>ART.</strong></span> <span class='ocrx_word' id='word_1_8' title='bbox 3375 305 3478 371; x_wconf 78' lang='lat'>15.</span> 
     </span>
    </p>
   </div>
   <div class='ocr_carea' id='block_1_2' title="bbox 1044 474 2600 1860">
    <p class='ocr_par' dir='ltr' id='par_1_2' title="bbox 1050 474 2600 871">
     <span class='ocr_line' id='line_1_2' title="bbox 1054 474 2600 572; baseline -0.007 -23"><span class='ocrx_word' id='word_1_9' title='bbox 1054 485 1395 572; x_wconf 87' lang='lat' dir='ltr'>positum:</span> <span class='ocrx_word' id='word_1_10' title='bbox 1443 490 1510 550; x_wconf 92' lang='lat' dir='ltr'>et</span> <span class='ocrx_word' id='word_1_11' title='bbox 1539 483 1629 549; x_wconf 89' lang='lat' dir='ltr'>ita</span> <span class='ocrx_word' id='word_1_12' title='bbox 1660 480 1987 570; x_wconf 82' lang='lat' dir='ltr'>sequitur,</span> <span class='ocrx_word' id='word_1_13' title='bbox 2023 474 2207 564; x_wconf 91' lang='lat' dir='ltr'>quod</span> <span class='ocrx_word' id='word_1_14' title='bbox 2251 476 2392 564; x_wconf 86' lang='lat' dir='ltr'>ipse</span> <span class='ocrx_word' id='word_1_15' title='bbox 2461 495 2600 539; x_wconf 90' lang='lat' dir='ltr'>non</span> 
     </span>
     <span class='ocr_line' id='line_1_3' title="bbox 1053 580 2593 680; baseline -0.007 -24"><span class='ocrx_word' id='word_1_16' title='bbox 1053 591 1138 658; x_wconf 88' lang='lat' dir='ltr'>sit</span> <span class='ocrx_word' id='word_1_17' title='bbox 1194 614 1338 658; x_wconf 91' lang='lat' dir='ltr'>esse</span> <span class='ocrx_word' id='word_1_18' title='bbox 1395 591 1719 680; x_wconf 82' lang='lat' dir='ltr'>primum,</span> <span class='ocrx_word' id='word_1_19' title='bbox 1765 607 1885 652; x_wconf 92' lang='lat' dir='ltr'>nec</span> <span class='ocrx_word' id='word_1_20' title='bbox 1954 604 2222 650; x_wconf 87' lang='lat' dir='ltr'>summe</span> <span class='ocrx_word' id='word_1_21' title='bbox 2280 580 2593 670; x_wconf 80' lang='lat' dir='ltr'>simplex,</span> 
     </span>
     <span class='ocr_line' id='line_1_4' title="bbox 1051 690 2595 788; baseline -0.008 -23"><span class='ocrx_word' id='word_1_22' title='bbox 1051 698 1232 788; x_wconf 86' lang='lat' dir='ltr'>quod</span> <span class='ocrx_word' id='word_1_23' title='bbox 1287 697 1531 763; x_wconf 83' lang='lat' dir='ltr'>falsum</span> <span class='ocrx_word' id='word_1_24' title='bbox 1608 701 1751 761; x_wconf 87' lang='lat' dir='ltr'>est:</span> <span class='ocrx_word' id='word_1_25' title='bbox 1825 712 1986 779; x_wconf 84' lang='lat' dir='ltr'>ergo</span> <span class='ocrx_word' id='word_1_26' title='bbox 2064 711 2202 755; x_wconf 91' lang='lat' dir='ltr'>non</span> <span class='ocrx_word' id='word_1_27' title='bbox 2266 695 2365 755; x_wconf 89' lang='lat' dir='ltr'>est</span> <span class='ocrx_word' id='word_1_28' title='bbox 2415 690 2485 752; x_wconf 93' lang='lat' dir='ltr'>in</span> <span class='ocrx_word' id='word_1_29' title='bbox 2517 709 2595 753; x_wconf 92' lang='lat' dir='ltr'>eo</span> 
     </span>
     <span class='ocr_line' id='line_1_5' title="bbox 1050 795 2421 871; baseline -0.007 0"><span class='ocrx_word' id='word_1_30' title='bbox 1050 799 1616 871; x_wconf 80' lang='lat' dir='ltr'>communicabile</span> <span class='ocrx_word' id='word_1_31' title='bbox 1647 808 1713 867; x_wconf 85' lang='lat' dir='ltr'>et</span> <span class='ocrx_word' id='word_1_32' title='bbox 1755 795 2421 865; x_wconf 81' lang='lat' dir='ltr'>incommunicabile.</span> 
     </span>
    </p>

    <p class='ocr_par' dir='ltr' id='par_1_3' title="bbox 1044 904 2599 1860">
     <span class='ocr_line' id='line_1_6' title="bbox 1138 904 2598 995; baseline -0.004 -18"><span class='ocrx_word' id='word_1_33' title='bbox 1138 914 1200 977; x_wconf 83' lang='lat'>2.</span> <span class='ocrx_word' id='word_1_34' title='bbox 1247 911 1440 988; x_wconf 86' lang='lat' dir='ltr'>ltem,</span> <span class='ocrx_word' id='word_1_35' title='bbox 1478 904 2058 976; x_wconf 88' lang='lat' dir='ltr'>Communicabile</span> <span class='ocrx_word' id='word_1_36' title='bbox 2099 905 2259 972; x_wconf 88' lang='lat' dir='ltr'>dicit</span> <span class='ocrx_word' id='word_1_37' title='bbox 2317 905 2382 971; x_wconf 90' lang='lat' dir='ltr'>id</span> <span class='ocrx_word' id='word_1_38' title='bbox 2412 904 2598 995; x_wconf 88' lang='lat' dir='ltr'>quod</span> 
     </span>
     <span class='ocr_line' id='line_1_7' title="bbox 1050 1011 2599 1106; baseline -0.004 -24"><span class='ocrx_word' id='word_1_39' title='bbox 1050 1040 1261 1083; x_wconf 90' lang='lat' dir='ltr'>unum</span> <span class='ocrx_word' id='word_1_40' title='bbox 1292 1023 1516 1106; x_wconf 86' lang='lat' dir='ltr'>potest</span> <span class='ocrx_word' id='word_1_41' title='bbox 1546 1036 1689 1082; x_wconf 90' lang='lat' dir='ltr'>esse</span> <span class='ocrx_word' id='word_1_42' title='bbox 1731 1013 1799 1079; x_wconf 92' lang='lat' dir='ltr'>in</span> <span class='ocrx_word' id='word_1_43' title='bbox 1840 1011 2170 1103; x_wconf 81' lang='lat' dir='ltr'>pluribnS,</span> <span class='ocrx_word' id='word_1_44' title='bbox 2206 1011 2599 1078; x_wconf 87' lang='lat' dir='ltr'>incommu-</span> 
     </span>
     <span class='ocr_line' id='line_1_8' title="bbox 1049 1117 2592 1209; baseline -0.005 -21"><span class='ocrx_word' id='word_1_45' title='bbox 1049 1121 1333 1189; x_wconf 90' lang='lat' dir='ltr'>nicabile</span> <span class='ocrx_word' id='word_1_46' title='bbox 1365 1129 1592 1189; x_wconf 89' lang='lat' dir='ltr'>autem</span> <span class='ocrx_word' id='word_1_47' title='bbox 1634 1120 1699 1187; x_wconf 97' lang='lat' dir='ltr'>id</span> <span class='ocrx_word' id='word_1_48' title='bbox 1731 1118 1910 1209; x_wconf 88' lang='lat' dir='ltr'>quod</span> <span class='ocrx_word' id='word_1_49' title='bbox 1953 1140 2090 1184; x_wconf 92' lang='lat' dir='ltr'>non</span> <span class='ocrx_word' id='word_1_50' title='bbox 2125 1125 2344 1206; x_wconf 90' lang='lat' dir='ltr'>potest</span> <span class='ocrx_word' id='word_1_51' title='bbox 2375 1117 2592 1183; x_wconf 91' lang='lat' dir='ltr'>inesse</span> 
     </span>
     <span class='ocr_line' id='line_1_9' title="bbox 1049 1225 2591 1318; baseline -0.003 -24"><span class='ocrx_word' id='word_1_52' title='bbox 1049 1230 1163 1295; x_wconf 89' lang='lat' dir='ltr'>uni</span> <span class='ocrx_word' id='word_1_53' title='bbox 1195 1228 1364 1297; x_wconf 86' lang='lat' dir='ltr'>soli:</span> <span class='ocrx_word' id='word_1_54' title='bbox 1403 1250 1564 1318; x_wconf 87' lang='lat' dir='ltr'>ergo</span> <span class='ocrx_word' id='word_1_55' title='bbox 1631 1228 1759 1293; x_wconf 90' lang='lat' dir='ltr'>ista</span> <span class='ocrx_word' id='word_1_56' title='bbox 1822 1227 1893 1292; x_wconf 93' lang='lat' dir='ltr'>in</span> <span class='ocrx_word' id='word_1_57' title='bbox 1950 1225 2199 1292; x_wconf 87' lang='lat' dir='ltr'>divinis</span> <span class='ocrx_word' id='word_1_58' title='bbox 2264 1232 2422 1290; x_wconf 90' lang='lat' dir='ltr'>sunt</span> <span class='ocrx_word' id='word_1_59' title='bbox 2489 1245 2591 1290; x_wconf 92' lang='lat' dir='ltr'>ea-</span> 
     </span>
     <span class='ocr_line' id='line_1_10' title="bbox 1047 1332 2592 1423; baseline -0.004 -16"><span class='ocrx_word' id='word_1_60' title='bbox 1047 1340 1226 1419; x_wconf 90' lang='lat' dir='ltr'>dem,</span> <span class='ocrx_word' id='word_1_61' title='bbox 1262 1341 1440 1408; x_wconf 93' lang='lat' dir='ltr'>idem</span> <span class='ocrx_word' id='word_1_62' title='bbox 1465 1359 1749 1406; x_wconf 88' lang='lat' dir='ltr'>numero</span> <span class='ocrx_word' id='word_1_63' title='bbox 1784 1337 1957 1403; x_wconf 90' lang='lat' dir='ltr'>inest</span> <span class='ocrx_word' id='word_1_64' title='bbox 1987 1332 2318 1423; x_wconf 80' lang='lat' dir='ltr'>pluribuS,</span> <span class='ocrx_word' id='word_1_65' title='bbox 2354 1342 2419 1401; x_wconf 89' lang='lat' dir='ltr'>et</span> <span class='ocrx_word' id='word_1_66' title='bbox 2450 1356 2592 1401; x_wconf 90' lang='lat' dir='ltr'>non</span> 
     </span>
     <span class='ocr_line' id='line_1_11' title="bbox 1046 1439 2588 1538; baseline -0.005 -23"><span class='ocrx_word' id='word_1_67' title='bbox 1046 1450 1218 1516; x_wconf 89' lang='lat' dir='ltr'>inest</span> <span class='ocrx_word' id='word_1_68' title='bbox 1292 1446 1599 1538; x_wconf 88' lang='lat' dir='ltr'>pluribus</span> <span class='ocrx_word' id='word_1_69' title='bbox 1657 1442 1856 1512; x_wconf 89' lang='lat' dir='ltr'>simul</span> <span class='ocrx_word' id='word_1_70' title='bbox 1916 1451 1982 1510; x_wconf 92' lang='lat' dir='ltr'>et</span> <span class='ocrx_word' id='word_1_71' title='bbox 2058 1439 2267 1510; x_wconf 91' lang='lat' dir='ltr'>semel</span> <span class='ocrx_word' id='word_1_72' title='bbox 2327 1463 2345 1510; x_wconf 74' lang='grc' dir='ltr'><strong><em>ε</em></strong></span> <span class='ocrx_word' id='word_1_73' title='bbox 2425 1463 2588 1533; x_wconf 87' lang='lat' dir='ltr'>ergo</span> 
     </span>
     <span class='ocr_line' id='line_1_12' title="bbox 1044 1551 2586 1627; baseline -0.005 -1"><span class='ocrx_word' id='word_1_74' title='bbox 1044 1557 1563 1627; x_wconf 85' lang='lat' dir='ltr'>contradictoria</span> <span class='ocrx_word' id='word_1_75' title='bbox 1601 1555 2034 1623; x_wconf 77' lang='lat' dir='ltr'>verificantur</span> <span class='ocrx_word' id='word_1_76' title='bbox 2072 1551 2154 1620; x_wconf 91' lang='lat' dir='ltr'>de</span> <span class='ocrx_word' id='word_1_77' title='bbox 2194 1552 2455 1620; x_wconf 90' lang='lat' dir='ltr'>eodem.</span> <span class='ocrx_word' id='word_1_78' title='bbox 2514 1552 2586 1619; x_wconf 89' lang='lat' dir='ltr'>Si</span> 
     </span>
     <span class='ocr_line' id='line_1_13' title="bbox 1045 1662 2589 1744; baseline -0.005 -9"><span class='ocrx_word' id='word_1_79' title='bbox 1045 1676 1274 1735; x_wconf 86' lang='lat' dir='ltr'>autem</span> <span class='ocrx_word' id='word_1_80' title='bbox 1306 1676 1465 1733; x_wconf 85' lang='lat' dir='ltr'>sunt</span> <span class='ocrx_word' id='word_1_81' title='bbox 1500 1665 1790 1744; x_wconf 84' lang='lat' dir='ltr'>diversa,</span> <span class='ocrx_word' id='word_1_82' title='bbox 1826 1670 1893 1730; x_wconf 85' lang='lat' dir='ltr'>et</span> <span class='ocrx_word' id='word_1_83' title='bbox 1921 1669 2081 1729; x_wconf 87' lang='lat' dir='ltr'>sunt</span> <span class='ocrx_word' id='word_1_84' title='bbox 2110 1662 2179 1727; x_wconf 91' lang='lat' dir='ltr'>in</span> <span class='ocrx_word' id='word_1_85' title='bbox 2209 1684 2345 1729; x_wconf 89' lang='lat' dir='ltr'>uno</span> <span class='ocrx_word' id='word_1_86' title='bbox 2373 1683 2388 1726; x_wconf 77' lang='grc' dir='ltr'><strong><em>ε</em></strong></span> <span class='ocrx_word' id='word_1_87' title='bbox 2427 1668 2589 1728; x_wconf 90' lang='lat' dir='ltr'>tunc</span> 
     </span>
     <span class='ocr_line' id='line_1_14' title="bbox 1046 1768 2582 1860; baseline -0.005 -19"><span class='ocrx_word' id='word_1_88' title='bbox 1046 1775 1211 1841; x_wconf 92' lang='lat' dir='ltr'>illud</span> <span class='ocrx_word' id='word_1_89' title='bbox 1273 1797 1486 1842; x_wconf 90' lang='lat' dir='ltr'>unum</span> <span class='ocrx_word' id='word_1_90' title='bbox 1554 1779 1656 1840; x_wconf 87' lang='lat' dir='ltr'>est</span> <span class='ocrx_word' id='word_1_91' title='bbox 1719 1770 2176 1860; x_wconf 89' lang='lat' dir='ltr'>compositum</span> <span class='ocrx_word' id='word_1_92' title='bbox 2212 1772 2278 1836; x_wconf 92' lang='lat' dir='ltr'>in</span> <span class='ocrx_word' id='word_1_93' title='bbox 2309 1768 2582 1850; x_wconf 81' lang='lat' dir='ltr'>divinis,</span> 
     </span>
    </p>
   </div>
   <div class='ocr_carea' id='block_1_3' title="bbox 947 1874 2588 1972">
    <p class='ocr_par' dir='ltr' id='par_1_4' title="bbox 947 1874 2588 1972">
     <span class='ocr_line' id='line_1_15' title="bbox 947 1874 2588 1972; baseline -0.004 -23"><span class='ocrx_word' id='word_1_94' title='bbox 947 1903 951 1908; x_wconf 80' lang='grc'><strong>’</strong></span> <span class='ocrx_word' id='word_1_95' title='bbox 1044 1880 1228 1972; x_wconf 90' lang='lat' dir='ltr'>quod</span> <span class='ocrx_word' id='word_1_96' title='bbox 1266 1891 1364 1946; x_wconf 88' lang='lat' dir='ltr'>est</span> <span class='ocrx_word' id='word_1_97' title='bbox 1395 1878 1765 1946; x_wconf 87' lang='lat' dir='ltr'>absurdum</span> <span class='ocrx_word' id='word_1_98' title='bbox 1800 1900 1814 1943; x_wconf 76' lang='grc' dir='ltr'>ε</span> <span class='ocrx_word' id='word_1_99' title='bbox 1848 1885 1914 1944; x_wconf 91' lang='lat' dir='ltr'>et</span> <span class='ocrx_word' id='word_1_100' title='bbox 1942 1874 2072 1942; x_wconf 89' lang='lat' dir='ltr'>hoc</span> <span class='ocrx_word' id='word_1_101' title='bbox 2101 1876 2305 1943; x_wconf 91' lang='lat' dir='ltr'>etiam</span> <span class='ocrx_word' id='word_1_102' title='bbox 2338 1875 2588 1942; x_wconf 81' lang='lat' dir='ltr'>infide-</span> 
     </span>
    </p>
   </div>
   <div class='ocr_carea' id='block_1_4' title="bbox 747 2235 948 2286">
    <p class='ocr_par' dir='ltr' id='par_1_5' title="bbox 747 2235 948 2286">
     <span class='ocr_line' id='line_1_16' title="bbox 747 2235 948 2286; baseline 0.01 -3"><span class='ocrx_word' id='word_1_103' title='bbox 747 2235 948 2286; x_wconf 78' lang='lat' dir='ltr'>Sotuuo.</span> 
     </span>
    </p>
   </div>
   <div class='ocr_carea' id='block_1_5' title="bbox 671 3855 992 3914">
    <p class='ocr_par' dir='ltr' id='par_1_6' title="bbox 671 3855 992 3914">
     <span class='ocr_line' id='line_1_17' title="bbox 671 3855 992 3914; baseline 0.009 -13"><span class='ocrx_word' id='word_1_104' title='bbox 671 3856 750 3909; x_wconf 65' lang='lat' dir='ltr'>Ad</span> <span class='ocrx_word' id='word_1_105' title='bbox 765 3855 942 3914; x_wconf 61' lang='lat' dir='ltr'>object.</span> <span class='ocrx_word' id='word_1_106' title='bbox 957 3855 992 3900; x_wconf 87' lang='grc' dir='ltr'>Ι.</span> 
     </span>
    </p>
   </div>
   <div class='ocr_carea' id='block_1_6' title="bbox 1044 1985 1721 2056">
    <p class='ocr_par' dir='ltr' id='par_1_7' title="bbox 1044 1985 1721 2056">
     <span class='ocr_line' id='line_1_18' title="bbox 1044 1985 1721 2056; baseline -0.007 0"><span class='ocrx_word' id='word_1_107' title='bbox 1044 1989 1139 2056; x_wconf 92' lang='lat' dir='ltr'>les</span> <span class='ocrx_word' id='word_1_108' title='bbox 1170 1986 1432 2055; x_wconf 88' lang='lat' dir='ltr'>Ethnici</span> <span class='ocrx_word' id='word_1_109' title='bbox 1467 1985 1721 2053; x_wconf 87' lang='lat' dir='ltr'>dicunt.</span> 
     </span>
    </p>
   </div>
   <div class='ocr_carea' id='block_1_7' title="bbox 1009 2192 2582 5527">
    <p class='ocr_par' dir='ltr' id='par_1_8' title="bbox 1020 2192 2582 3792">
     <span class='ocr_line' id='line_1_19' title="bbox 1129 2192 2582 2286; baseline -0.003 -20"><span class='ocrx_word' id='word_1_110' title='bbox 1129 2198 1433 2267; x_wconf 70' lang='lat' dir='ltr'>Somno.</span> <span class='ocrx_word' id='word_1_111' title='bbox 1481 2194 1881 2271; x_wconf 86' lang='lat' dir='ltr'>Dicendum,</span> <span class='ocrx_word' id='word_1_112' title='bbox 1942 2193 2125 2286; x_wconf 91' lang='lat' dir='ltr'>quod</span> <span class='ocrx_word' id='word_1_113' title='bbox 2181 2194 2250 2259; x_wconf 90' lang='lat' dir='ltr'>in</span> <span class='ocrx_word' id='word_1_114' title='bbox 2335 2192 2582 2261; x_wconf 78' lang='lat' dir='ltr'>(livinis</span> 
     </span>
     <span class='ocr_line' id='line_1_20' title="bbox 1036 2299 2577 2379; baseline -0.005 -3"><span class='ocrx_word' id='word_1_115' title='bbox 1036 2316 1137 2377; x_wconf 91' lang='lat' dir='ltr'>est</span> <span class='ocrx_word' id='word_1_116' title='bbox 1167 2303 1730 2374; x_wconf 83' lang='lat' dir='ltr'>communicabile</span> <span class='ocrx_word' id='word_1_117' title='bbox 1786 2312 1853 2371; x_wconf 90' lang='lat' dir='ltr'>et</span> <span class='ocrx_word' id='word_1_118' title='bbox 1912 2299 2577 2379; x_wconf 78' lang='lat' dir='ltr'>incommunicabile,</span> 
     </span>
     <span class='ocr_line' id='line_1_21' title="bbox 1033 2408 2581 2504; baseline -0.005 -22"><span class='ocrx_word' id='word_1_119' title='bbox 1033 2418 1174 2483; x_wconf 87' lang='lat' dir='ltr'>sive</span> <span class='ocrx_word' id='word_1_120' title='bbox 1230 2425 1305 2482; x_wconf 90' lang='lat' dir='ltr'>ut</span> <span class='ocrx_word' id='word_1_121' title='bbox 1360 2413 1578 2504; x_wconf 83' lang='lat' dir='ltr'>magis</span> <span class='ocrx_word' id='word_1_122' title='bbox 1644 2410 1913 2502; x_wconf 89' lang='lat' dir='ltr'>proprie</span> <span class='ocrx_word' id='word_1_123' title='bbox 1970 2408 2362 2501; x_wconf 87' lang='lat' dir='ltr'>loquamur,</span> <span class='ocrx_word' id='word_1_124' title='bbox 2394 2430 2581 2476; x_wconf 89' lang='lat' dir='ltr'>com-</span> 
     </span>
     <span class='ocr_line' id='line_1_22' title="bbox 1035 2517 2579 2613; baseline -0.006 -20"><span class='ocrx_word' id='word_1_125' title='bbox 1035 2546 1238 2592; x_wconf 91' lang='lat' dir='ltr'>mune</span> <span class='ocrx_word' id='word_1_126' title='bbox 1276 2531 1342 2590; x_wconf 90' lang='lat' dir='ltr'>et</span> <span class='ocrx_word' id='word_1_127' title='bbox 1382 2523 1776 2613; x_wconf 86' lang='lat' dir='ltr'>proprium:</span> <span class='ocrx_word' id='word_1_128' title='bbox 1811 2518 1927 2587; x_wconf 87' lang='lat' dir='ltr'>sed</span> <span class='ocrx_word' id='word_1_129' title='bbox 1984 2517 2306 2585; x_wconf 78' lang='lat' dir='ltr'>differunt</span> <span class='ocrx_word' id='word_1_130' title='bbox 2372 2519 2439 2583; x_wconf 93' lang='lat' dir='ltr'>in</span> <span class='ocrx_word' id='word_1_131' title='bbox 2481 2517 2579 2583; x_wconf 93' lang='lat' dir='ltr'>di-</span> 
     </span>
     <span class='ocr_line' id='line_1_23' title="bbox 1030 2625 2577 2715; baseline -0.005 -16"><span class='ocrx_word' id='word_1_132' title='bbox 1030 2632 1229 2710; x_wconf 77' lang='lat' dir='ltr'>viniS,</span> <span class='ocrx_word' id='word_1_133' title='bbox 1273 2640 1337 2698; x_wconf 88' lang='lat' dir='ltr'>et</span> <span class='ocrx_word' id='word_1_134' title='bbox 1373 2632 1440 2697; x_wconf 90' lang='lat' dir='ltr'>in</span> <span class='ocrx_word' id='word_1_135' title='bbox 1463 2627 1781 2695; x_wconf 82' lang='lat' dir='ltr'>humanis</span> <span class='ocrx_word' id='word_1_136' title='bbox 1811 2627 1953 2694; x_wconf 81' lang='lat' dir='ltr'>sive</span> <span class='ocrx_word' id='word_1_137' title='bbox 1982 2626 2050 2693; x_wconf 90' lang='lat' dir='ltr'>in</span> <span class='ocrx_word' id='word_1_138' title='bbox 2089 2625 2331 2693; x_wconf 81' lang='lat' dir='ltr'>creatis</span> <span class='ocrx_word' id='word_1_139' title='bbox 2365 2646 2380 2693; x_wconf 89' lang='lat'>:</span> <span class='ocrx_word' id='word_1_140' title='bbox 2416 2626 2577 2715; x_wconf 88' lang='lat' dir='ltr'>quia</span> 
     </span>
     <span class='ocr_line' id='line_1_24' title="bbox 1033 2732 2575 2828; baseline -0.005 -21"><span class='ocrx_word' id='word_1_141' title='bbox 1033 2741 1100 2806; x_wconf 93' lang='lat' dir='ltr'>in</span> <span class='ocrx_word' id='word_1_142' title='bbox 1138 2738 1377 2806; x_wconf 88' lang='lat' dir='ltr'>creatis</span> <span class='ocrx_word' id='word_1_143' title='bbox 1407 2734 1714 2828; x_wconf 85' lang='lat' dir='ltr'>pluribus</span> <span class='ocrx_word' id='word_1_144' title='bbox 1754 2742 1854 2802; x_wconf 86' lang='lat' dir='ltr'>est</span> <span class='ocrx_word' id='word_1_145' title='bbox 1884 2755 2099 2801; x_wconf 90' lang='lat' dir='ltr'>unum</span> <span class='ocrx_word' id='word_1_146' title='bbox 2132 2732 2392 2800; x_wconf 89' lang='lat' dir='ltr'>ratione</span> <span class='ocrx_word' id='word_1_147' title='bbox 2434 2753 2575 2799; x_wconf 91' lang='lat' dir='ltr'>non</span> 
     </span>
     <span class='ocr_line' id='line_1_25' title="bbox 1029 2841 2577 2937; baseline -0.006 -21"><span class='ocrx_word' id='word_1_148' title='bbox 1029 2871 1198 2926; x_wconf 88' lang='lat' dir='ltr'>esse,</span> <span class='ocrx_word' id='word_1_149' title='bbox 1259 2855 1322 2915; x_wconf 90' lang='lat' dir='ltr'>et</span> <span class='ocrx_word' id='word_1_150' title='bbox 1379 2846 1727 2937; x_wconf 86' lang='lat' dir='ltr'>proprium</span> <span class='ocrx_word' id='word_1_151' title='bbox 1783 2851 1883 2911; x_wconf 84' lang='lat' dir='ltr'>est</span> <span class='ocrx_word' id='word_1_152' title='bbox 1936 2842 2244 2925; x_wconf 89' lang='lat' dir='ltr'>materia,</span> <span class='ocrx_word' id='word_1_153' title='bbox 2322 2841 2577 2909; x_wconf 79' lang='lat' dir='ltr'>indivi-</span> 
     </span>
     <span class='ocr_line' id='line_1_26' title="bbox 1028 2948 2570 3022; baseline -0.003 -1"><span class='ocrx_word' id='word_1_154' title='bbox 1028 2953 1395 3022; x_wconf 88' lang='lat' dir='ltr'>duantibus</span> <span class='ocrx_word' id='word_1_155' title='bbox 1425 2952 1894 3021; x_wconf 87' lang='lat' dir='ltr'>constitutum.</span> <span class='ocrx_word' id='word_1_156' title='bbox 1929 2949 2006 3018; x_wconf 87' lang='lat' dir='ltr'>In</span> <span class='ocrx_word' id='word_1_157' title='bbox 2038 2948 2288 3017; x_wconf 80' lang='lat' dir='ltr'>divinis</span> <span class='ocrx_word' id='word_1_158' title='bbox 2341 2958 2570 3016; x_wconf 90' lang='lat' dir='ltr'>autem</span> 
     </span>
     <span class='ocr_line' id='line_1_27' title="bbox 1026 3055 2572 3148; baseline -0.005 -18"><span class='ocrx_word' id='word_1_159' title='bbox 1026 3083 1390 3130; x_wconf 90' lang='lat' dir='ltr'>commune</span> <span class='ocrx_word' id='word_1_160' title='bbox 1418 3070 1518 3129; x_wconf 91' lang='lat' dir='ltr'>est</span> <span class='ocrx_word' id='word_1_161' title='bbox 1547 3082 1615 3128; x_wconf 90' lang='lat' dir='ltr'>re</span> <span class='ocrx_word' id='word_1_162' title='bbox 1645 3066 1711 3127; x_wconf 90' lang='lat' dir='ltr'>et</span> <span class='ocrx_word' id='word_1_163' title='bbox 1741 3079 1886 3126; x_wconf 81' lang='lat' dir='ltr'>esse</span> <span class='ocrx_word' id='word_1_164' title='bbox 1913 3080 1929 3125; x_wconf 72' lang='grc' dir='ltr'>ε</span> <span class='ocrx_word' id='word_1_165' title='bbox 1964 3058 2120 3148; x_wconf 92' lang='lat' dir='ltr'>quia</span> <span class='ocrx_word' id='word_1_166' title='bbox 2168 3055 2406 3125; x_wconf 88' lang='lat' dir='ltr'>eadem</span> <span class='ocrx_word' id='word_1_167' title='bbox 2465 3079 2572 3124; x_wconf 82' lang='lat' dir='ltr'>res</span> 
     </span>
     <span class='ocr_line' id='line_1_28' title="bbox 1026 3163 2569 3258; baseline -0.004 -19"><span class='ocrx_word' id='word_1_168' title='bbox 1026 3193 1310 3239; x_wconf 86' lang='lat' dir='ltr'>numero</span> <span class='ocrx_word' id='word_1_169' title='bbox 1341 3178 1407 3237; x_wconf 89' lang='lat' dir='ltr'>et</span> <span class='ocrx_word' id='word_1_170' title='bbox 1472 3190 1618 3237; x_wconf 78' lang='lat' dir='ltr'>esse</span> <span class='ocrx_word' id='word_1_171' title='bbox 1667 3188 1815 3258; x_wconf 71' lang='lat' dir='ltr'>quae</span> <span class='ocrx_word' id='word_1_172' title='bbox 1845 3173 1946 3234; x_wconf 83' lang='lat' dir='ltr'>est</span> <span class='ocrx_word' id='word_1_173' title='bbox 1983 3164 2054 3233; x_wconf 89' lang='lat' dir='ltr'>in</span> <span class='ocrx_word' id='word_1_174' title='bbox 2097 3163 2319 3249; x_wconf 84' lang='lat' dir='ltr'>Patre,</span> <span class='ocrx_word' id='word_1_175' title='bbox 2362 3166 2569 3234; x_wconf 87' lang='lat' dir='ltr'>etiam</span> 
     </span>
     <span class='ocr_line' id='line_1_29' title="bbox 1022 3275 2567 3365; baseline -0.001 -22"><span class='ocrx_word' id='word_1_176' title='bbox 1022 3288 1120 3346; x_wconf 81' lang='lat' dir='ltr'>est</span> <span class='ocrx_word' id='word_1_177' title='bbox 1151 3279 1219 3346; x_wconf 93' lang='lat' dir='ltr'>in</span> <span class='ocrx_word' id='word_1_178' title='bbox 1262 3277 1431 3345; x_wconf 81' lang='lat' dir='ltr'>Filio</span> <span class='ocrx_word' id='word_1_179' title='bbox 1461 3285 1525 3344; x_wconf 93' lang='lat' dir='ltr'>et</span> <span class='ocrx_word' id='word_1_180' title='bbox 1569 3275 1822 3365; x_wconf 76' lang='lat' dir='ltr'>Spiritu</span> <span class='ocrx_word' id='word_1_181' title='bbox 1872 3281 2153 3341; x_wconf 74' lang='lat' dir='ltr'>sancto:</span> <span class='ocrx_word' id='word_1_182' title='bbox 2214 3275 2567 3364; x_wconf 87' lang='lat' dir='ltr'>proprium</span> 
     </span>
     <span class='ocr_line' id='line_1_30' title="bbox 1020 3383 2563 3458; baseline -0.005 -3"><span class='ocrx_word' id='word_1_183' title='bbox 1020 3397 1245 3455; x_wconf 83' lang='lat' dir='ltr'>autem</span> <span class='ocrx_word' id='word_1_184' title='bbox 1297 3387 1440 3453; x_wconf 75' lang='lat' dir='ltr'>sive</span> <span class='ocrx_word' id='word_1_185' title='bbox 1518 3383 1877 3450; x_wconf 78' lang='lat' dir='ltr'>discretum</span> <span class='ocrx_word' id='word_1_186' title='bbox 1903 3394 2064 3449; x_wconf 81' lang='lat' dir='ltr'>‘non</span> <span class='ocrx_word' id='word_1_187' title='bbox 2131 3390 2230 3448; x_wconf 86' lang='lat' dir='ltr'>est</span> <span class='ocrx_word' id='word_1_188' title='bbox 2296 3391 2563 3458; x_wconf 85' lang='lat' dir='ltr'>natura,</span> 
     </span>
     <span class='ocr_line' id='line_1_31' title="bbox 1020 3488 2567 3584; baseline -0.004 -22"><span class='ocrx_word' id='word_1_189' title='bbox 1020 3495 1133 3562; x_wconf 83' lang='lat' dir='ltr'>sed</span> <span class='ocrx_word' id='word_1_190' title='bbox 1175 3493 1548 3584; x_wconf 79' lang='lat' dir='ltr'>proprietas</span> <span class='ocrx_word' id='word_1_191' title='bbox 1588 3490 2027 3566; x_wconf 71' lang='lat' dir='ltr'>constituenS,</span> <span class='ocrx_word' id='word_1_192' title='bbox 2106 3488 2212 3556; x_wconf 80' lang='lat' dir='ltr'>vel</span> <span class='ocrx_word' id='word_1_193' title='bbox 2271 3490 2567 3556; x_wconf 79' lang='lat' dir='ltr'>existens</span> 
     </span>
     <span class='ocr_line' id='line_1_32' title="bbox 1025 3592 2567 3691; baseline -0.005 -24"><span class='ocrx_word' id='word_1_194' title='bbox 1025 3600 1432 3691; x_wconf 68' lang='lat' dir='ltr'>hypostasiS,</span> <span class='ocrx_word' id='word_1_195' title='bbox 1478 3620 1627 3687; x_wconf 65' lang='lat' dir='ltr'>quat·</span> <span class='ocrx_word' id='word_1_196' title='bbox 1678 3595 2000 3662; x_wconf 87' lang='lat' dir='ltr'>relatione</span> <span class='ocrx_word' id='word_1_197' title='bbox 2044 3592 2259 3683; x_wconf 79' lang='lat' dir='ltr'>(alias,</span> <span class='ocrx_word' id='word_1_198' title='bbox 2303 3592 2567 3661; x_wconf 76' lang='lat' dir='ltr'>revela-</span> 
     </span>
     <span class='ocr_line' id='line_1_33' title="bbox 1025 3706 1688 3792; baseline -0.006 -18"><span class='ocrx_word' id='word_1_199' title='bbox 1025 3710 1230 3792; x_wconf 86' lang='lat' dir='ltr'>tione)</span> <span class='ocrx_word' id='word_1_200' title='bbox 1259 3706 1688 3774; x_wconf 74' lang='lat' dir='ltr'>discernitur.</span> 
     </span>
    </p>

    <p class='ocr_par' dir='ltr' id='par_1_9' title="bbox 1009 3808 2567 5527">
     <span class='ocr_line' id='line_1_34' title="bbox 1116 3808 2567 3901; baseline -0.005 -19"><span class='ocrx_word' id='word_1_201' title='bbox 1116 3817 1218 3882; x_wconf 74' lang='lat' dir='ltr'>Au</span> <span class='ocrx_word' id='word_1_202' title='bbox 1251 3836 1505 3882; x_wconf 63' lang='lat' dir='ltr'>vntum!</span> <span class='ocrx_word' id='word_1_203' title='bbox 1536 3834 1697 3901; x_wconf 75' lang='lat' dir='ltr'>ergo</span> <span class='ocrx_word' id='word_1_204' title='bbox 1728 3809 2117 3886; x_wconf 86' lang='lat' dir='ltr'>dicendum,</span> <span class='ocrx_word' id='word_1_205' title='bbox 2151 3808 2333 3900; x_wconf 90' lang='lat' dir='ltr'>quod</span> <span class='ocrx_word' id='word_1_206' title='bbox 2374 3811 2567 3898; x_wconf 85' lang='lat' dir='ltr'>prin-</span> 
     </span>
     <span class='ocr_line' id='line_1_35' title="bbox 1023 3916 2561 4013; baseline -0.006 -23"><span class='ocrx_word' id='word_1_207' title='bbox 1023 3924 1274 4013; x_wconf 89' lang='lat' dir='ltr'>cipium</span> <span class='ocrx_word' id='word_1_208' title='bbox 1310 3916 2020 3988; x_wconf 82' lang='lat' dir='ltr'>communicabilitatis</span> <span class='ocrx_word' id='word_1_209' title='bbox 2071 3918 2137 3984; x_wconf 91' lang='lat' dir='ltr'>in</span> <span class='ocrx_word' id='word_1_210' title='bbox 2194 3916 2442 3982; x_wconf 76' lang='lat' dir='ltr'>divinis</span> <span class='ocrx_word' id='word_1_211' title='bbox 2507 3917 2561 3982; x_wconf 85' lang='lat' dir='ltr'>si</span> 
     </span>
     <span class='ocr_line' id='line_1_36' title="bbox 1020 4023 2563 4112; baseline -0.005 -15"><span class='ocrx_word' id='word_1_212' title='bbox 1020 4029 1307 4097; x_wconf 74' lang='lat' dir='ltr'>velimus</span> <span class='ocrx_word' id='word_1_213' title='bbox 1365 4030 1503 4095; x_wconf 77' lang='lat' dir='ltr'>vim</span> <span class='ocrx_word' id='word_1_214' title='bbox 1582 4028 1818 4100; x_wconf 76' lang='lat' dir='ltr'>facere,</span> <span class='ocrx_word' id='word_1_215' title='bbox 1890 4023 2152 4092; x_wconf 87' lang='lat' dir='ltr'>nullum</span> <span class='ocrx_word' id='word_1_216' title='bbox 2213 4033 2356 4091; x_wconf 77' lang='lat' dir='ltr'>est:</span> <span class='ocrx_word' id='word_1_217' title='bbox 2403 4025 2563 4112; x_wconf 90' lang='lat' dir='ltr'>quia</span> 
     </span>
     <span class='ocr_line' id='line_1_37' title="bbox 1018 4133 2557 4223; baseline -0.006 -17"><span class='ocrx_word' id='word_1_218' title='bbox 1018 4140 1302 4206; x_wconf 79' lang='lat' dir='ltr'>essentia</span> <span class='ocrx_word' id='word_1_219' title='bbox 1334 4137 1562 4204; x_wconf 75' lang='lat' dir='ltr'>divina</span> <span class='ocrx_word' id='word_1_220' title='bbox 1605 4145 1703 4203; x_wconf 82' lang='lat' dir='ltr'>est</span> <span class='ocrx_word' id='word_1_221' title='bbox 1737 4137 1879 4223; x_wconf 72' lang='lat' dir='ltr'>ipsa</span> <span class='ocrx_word' id='word_1_222' title='bbox 1918 4156 2040 4199; x_wconf 89' lang='lat' dir='ltr'>sua</span> <span class='ocrx_word' id='word_1_223' title='bbox 2078 4133 2557 4200; x_wconf 81' lang='lat' dir='ltr'>communitas.</span> 
     </span>
     <span class='ocr_line' id='line_1_38' title="bbox 1020 4242 2564 4335; baseline -0.005 -20"><span class='ocrx_word' id='word_1_224' title='bbox 1020 4248 1090 4315; x_wconf 84' lang='lat' dir='ltr'>Si</span> <span class='ocrx_word' id='word_1_225' title='bbox 1149 4259 1375 4316; x_wconf 87' lang='lat' dir='ltr'>autem</span> <span class='ocrx_word' id='word_1_226' title='bbox 1437 4247 1846 4335; x_wconf 78' lang='lat' dir='ltr'>accipiamus</span> <span class='ocrx_word' id='word_1_227' title='bbox 1911 4242 2283 4309; x_wconf 82' lang='lat' dir='ltr'>secundum</span> <span class='ocrx_word' id='word_1_228' title='bbox 2353 4244 2564 4308; x_wconf 84' lang='lat' dir='ltr'>ratio-</span> 
     </span>
     <span class='ocr_line' id='line_1_39' title="bbox 1017 4350 2559 4442; baseline -0.005 -19"><span class='ocrx_word' id='word_1_229' title='bbox 1017 4378 1170 4423; x_wconf 88' lang='lat' dir='ltr'>nem</span> <span class='ocrx_word' id='word_1_230' title='bbox 1224 4353 1670 4442; x_wconf 80' lang='lat' dir='ltr'>intelligendi,</span> <span class='ocrx_word' id='word_1_231' title='bbox 1721 4360 1879 4418; x_wconf 88' lang='lat' dir='ltr'>tunc</span> <span class='ocrx_word' id='word_1_232' title='bbox 1934 4350 2341 4440; x_wconf 87' lang='lat' dir='ltr'>principium</span> <span class='ocrx_word' id='word_1_233' title='bbox 2373 4372 2559 4416; x_wconf 90' lang='lat' dir='ltr'>com·</span> 
     </span>
     <span class='ocr_line' id='line_1_40' title="bbox 1020 4455 2562 4545; baseline -0.005 -15"><span class='ocrx_word' id='word_1_234' title='bbox 1020 4464 1367 4531; x_wconf 79' lang='lat' dir='ltr'>munitatis</span> <span class='ocrx_word' id='word_1_235' title='bbox 1393 4470 1487 4527; x_wconf 74' lang='lat' dir='ltr'>est</span> <span class='ocrx_word' id='word_1_236' title='bbox 1523 4471 1761 4526; x_wconf 83' lang='lat' dir='ltr'>natura</span> <span class='ocrx_word' id='word_1_237' title='bbox 1828 4458 2240 4539; x_wconf 66' lang='lat' dir='ltr'>communia,</span> <span class='ocrx_word' id='word_1_238' title='bbox 2276 4465 2340 4523; x_wconf 90' lang='lat' dir='ltr'>et</span> <span class='ocrx_word' id='word_1_239' title='bbox 2383 4455 2562 4545; x_wconf 89' lang='lat' dir='ltr'>prin·</span> 
     </span>
     <span class='ocr_line' id='line_1_41' title="bbox 1013 4566 2563 4663; baseline -0.008 -22"><span class='ocrx_word' id='word_1_240' title='bbox 1013 4574 1262 4663; x_wconf 86' lang='lat' dir='ltr'>cipium</span> <span class='ocrx_word' id='word_1_241' title='bbox 1298 4566 2078 4638; x_wconf 83' lang='lat' dir='ltr'>incommunicabilitutis</span> <span class='ocrx_word' id='word_1_242' title='bbox 2126 4576 2222 4632; x_wconf 86' lang='lat' dir='ltr'>est</span> <span class='ocrx_word' id='word_1_243' title='bbox 2264 4566 2563 4655; x_wconf 78' lang='lat' dir='ltr'>proprie-</span> 
     </span>
     <span class='ocr_line' id='line_1_42' title="bbox 1017 4673 2560 4766; baseline -0.006 -17"><span class='ocrx_word' id='word_1_244' title='bbox 1017 4694 1115 4749; x_wconf 83' lang='lat' dir='ltr'>tas</span> <span class='ocrx_word' id='word_1_245' title='bbox 1155 4684 1297 4748; x_wconf 72' lang='lat' dir='ltr'>sive</span> <span class='ocrx_word' id='word_1_246' title='bbox 1331 4678 1564 4746; x_wconf 85' lang='lat' dir='ltr'>relatio</span> <span class='ocrx_word' id='word_1_247' title='bbox 1613 4673 2024 4766; x_wconf 70' lang='lat' dir='ltr'>personalis:</span> <span class='ocrx_word' id='word_1_248' title='bbox 2060 4683 2128 4740; x_wconf 88' lang='lat' dir='ltr'>et</span> <span class='ocrx_word' id='word_1_249' title='bbox 2185 4675 2560 4764; x_wconf 79' lang='lat' dir='ltr'>proprietas</span> 
     </span>
     <span class='ocr_line' id='line_1_43' title="bbox 1017 4780 2557 4869; baseline -0.007 -11"><span class='ocrx_word' id='word_1_250' title='bbox 1017 4801 1111 4858; x_wconf 78' lang='lat' dir='ltr'>est</span> <span class='ocrx_word' id='word_1_251' title='bbox 1157 4800 1392 4857; x_wconf 81' lang='lat' dir='ltr'>natura</span> <span class='ocrx_word' id='word_1_252' title='bbox 1434 4786 1662 4853; x_wconf 77' lang='lat' dir='ltr'>divina</span> <span class='ocrx_word' id='word_1_253' title='bbox 1697 4808 1791 4858; x_wconf 81' lang='lat' dir='ltr'>re,</span> <span class='ocrx_word' id='word_1_254' title='bbox 1833 4781 1949 4848; x_wconf 70' lang='lat' dir='ltr'>secl</span> <span class='ocrx_word' id='word_1_255' title='bbox 2016 4780 2233 4848; x_wconf 81' lang='lat' dir='ltr'>‹lill&#39;ert</span> <span class='ocrx_word' id='word_1_256' title='bbox 2290 4780 2372 4846; x_wconf 79' lang='lat' dir='ltr'>ab</span> <span class='ocrx_word' id='word_1_257' title='bbox 2415 4782 2557 4869; x_wconf 74' lang='lat' dir='ltr'>ipsa</span> 
     </span>
     <span class='ocr_line' id='line_1_44' title="bbox 1018 4889 2553 4985; baseline -0.008 -20"><span class='ocrx_word' id='word_1_258' title='bbox 1018 4898 1221 4965; x_wconf 86' lang='lat' dir='ltr'>modo</span> <span class='ocrx_word' id='word_1_259' title='bbox 1309 4893 1758 4985; x_wconf 71' lang='lat' dir='ltr'>significandi.</span> <span class='ocrx_word' id='word_1_260' title='bbox 1835 4889 1911 4956; x_wconf 66' lang='lat' dir='ltr'>lit</span> <span class='ocrx_word' id='word_1_261' title='bbox 1977 4890 2030 4955; x_wconf 84' lang='lat' dir='ltr'>si</span> <span class='ocrx_word' id='word_1_262' title='bbox 2120 4899 2188 4955; x_wconf 93' lang='lat' dir='ltr'>tu</span> <span class='ocrx_word' id='word_1_263' title='bbox 2265 4912 2553 4979; x_wconf 55' lang='lat' dir='ltr'>quamam,</span> 
     </span>
     <span class='ocr_line' id='line_1_45' title="bbox 1017 4995 2556 5088; baseline -0.006 -17"><span class='ocrx_word' id='word_1_264' title='bbox 1017 5006 1252 5072; x_wconf 61' lang='lat' dir='ltr'>[trum</span> <span class='ocrx_word' id='word_1_265' title='bbox 1323 5001 1433 5068; x_wconf 80' lang='lat' dir='ltr'>ille</span> <span class='ocrx_word' id='word_1_266' title='bbox 1494 4999 1735 5067; x_wconf 80' lang='lat' dir='ltr'>modus</span> <span class='ocrx_word' id='word_1_267' title='bbox 1793 4995 2000 5088; x_wconf 77' lang='lat' dir='ltr'>possit</span> <span class='ocrx_word' id='word_1_268' title='bbox 2080 4996 2238 5086; x_wconf 85' lang='lat' dir='ltr'>poni</span> <span class='ocrx_word' id='word_1_269' title='bbox 2308 4996 2372 5061; x_wconf 88' lang='lat' dir='ltr'>in</span> <span class='ocrx_word' id='word_1_270' title='bbox 2433 4997 2556 5061; x_wconf 82' lang='lat' dir='ltr'>re?</span> 
     </span>
     <span class='ocr_line' id='line_1_46' title="bbox 1019 5102 2550 5200; baseline -0.006 -22"><span class='ocrx_word' id='word_1_271' title='bbox 1019 5112 1204 5186; x_wconf 76' lang='lat' dir='ltr'>Dico,</span> <span class='ocrx_word' id='word_1_272' title='bbox 1265 5107 1448 5200; x_wconf 88' lang='lat' dir='ltr'>quod</span> <span class='ocrx_word' id='word_1_273' title='bbox 1513 5105 2016 5196; x_wconf 83' lang='lat' dir='ltr'>comparatione</span> <span class='ocrx_word' id='word_1_274' title='bbox 2046 5102 2127 5171; x_wconf 80' lang='lat' dir='ltr'>ad</span> <span class='ocrx_word' id='word_1_275' title='bbox 2189 5104 2550 5170; x_wconf 71' lang='lat' dir='ltr'>essentiam</span> 
     </span>
     <span class='ocr_line' id='line_1_47' title="bbox 1014 5211 2555 5301; baseline -0.006 -14"><span class='ocrx_word' id='word_1_276' title='bbox 1014 5242 1152 5287; x_wconf 90' lang='lat' dir='ltr'>nou</span> <span class='ocrx_word' id='word_1_277' title='bbox 1192 5228 1286 5284; x_wconf 79' lang='lat' dir='ltr'>est</span> <span class='ocrx_word' id='word_1_278' title='bbox 1329 5218 1457 5283; x_wconf 88' lang='lat' dir='ltr'>nisi</span> <span class='ocrx_word' id='word_1_279' title='bbox 1493 5213 1757 5291; x_wconf 82' lang='lat' dir='ltr'>modus,</span> <span class='ocrx_word' id='word_1_280' title='bbox 1791 5211 1904 5279; x_wconf 71' lang='lat' dir='ltr'>secl</span> <span class='ocrx_word' id='word_1_281' title='bbox 1941 5214 2005 5278; x_wconf 89' lang='lat' dir='ltr'>in</span> <span class='ocrx_word' id='word_1_282' title='bbox 2046 5212 2555 5301; x_wconf 79' lang='lat' dir='ltr'>comparatione</span> 
     </span>
     <span class='ocr_line' id='line_1_48' title="bbox 1010 5320 2554 5415; baseline -0.007 -19"><span class='ocrx_word' id='word_1_283' title='bbox 1010 5329 1095 5396; x_wconf 84' lang='lat' dir='ltr'>ad</span> <span class='ocrx_word' id='word_1_284' title='bbox 1134 5326 1336 5394; x_wconf 87' lang='lat' dir='ltr'>aliam</span> <span class='ocrx_word' id='word_1_285' title='bbox 1378 5346 1739 5415; x_wconf 81' lang='lat' dir='ltr'>personam</span> <span class='ocrx_word' id='word_1_286' title='bbox 1806 5331 1905 5390; x_wconf 81' lang='lat' dir='ltr'>est</span> <span class='ocrx_word' id='word_1_287' title='bbox 1971 5344 2074 5389; x_wconf 82' lang='lat' dir='ltr'>res</span> <span class='ocrx_word' id='word_1_288' title='bbox 2130 5320 2554 5411; x_wconf 75' lang='lat' dir='ltr'>distinguens</span> 
     </span>
     <span class='ocr_line' id='line_1_49' title="bbox 1009 5431 2555 5527; baseline -0.006 -23"><span class='ocrx_word' id='word_1_289' title='bbox 1009 5456 1367 5527; x_wconf 83' lang='lat' dir='ltr'>personam</span> <span class='ocrx_word' id='word_1_290' title='bbox 1399 5457 1435 5501; x_wconf 89' lang='lat' dir='ltr'>a</span> <span class='ocrx_word' id='word_1_291' title='bbox 1491 5454 1774 5523; x_wconf 77' lang='lat' dir='ltr'>pei-sona</span> <span class='ocrx_word' id='word_1_292' title='bbox 1805 5454 1817 5497; x_wconf 89' lang='lat'><strong>:</strong></span> <span class='ocrx_word' id='word_1_293' title='bbox 1855 5439 1917 5497; x_wconf 86' lang='lat' dir='ltr'>et</span> <span class='ocrx_word' id='word_1_294' title='bbox 1954 5431 2080 5497; x_wconf 81' lang='lat' dir='ltr'>hoc</span> <span class='ocrx_word' id='word_1_295' title='bbox 2112 5452 2248 5497; x_wconf 89' lang='lat' dir='ltr'>non</span> <span class='ocrx_word' id='word_1_296' title='bbox 2288 5439 2382 5495; x_wconf 84' lang='lat' dir='ltr'>est</span> <span class='ocrx_word' id='word_1_297' title='bbox 2457 5431 2555 5495; x_wconf 90' lang='lat' dir='ltr'>in-</span> 
     </span>
    </p>
   </div>
   <div class='ocr_carea' id='block_1_8' title="bbox 1084 5665 1817 5741">
    <p class='ocr_par' dir='ltr' id='par_1_10' title="bbox 1084 5665 1817 5741">
     <span class='ocr_line' id='line_1_50' title="bbox 1084 5665 1817 5741; baseline -0.01 -11"><span class='ocrx_word' id='word_1_298' title='bbox 1084 5682 1102 5716; x_wconf 75' lang='grc' dir='ltr'>ι</span> <span class='ocrx_word' id='word_1_299' title='bbox 1135 5672 1219 5730; x_wconf 74' lang='lat' dir='ltr'>cr.</span> <span class='ocrx_word' id='word_1_300' title='bbox 1252 5670 1461 5741; x_wconf 69' lang='lat' dir='ltr'>supra,</span> <span class='ocrx_word' id='word_1_301' title='bbox 1496 5668 1638 5725; x_wconf 64' lang='lat' dir='ltr'>nist.</span> <span class='ocrx_word' id='word_1_302' title='bbox 1676 5665 1817 5723; x_wconf 80' lang='lat' dir='ltr'>vm.</span> 
     </span>
    </p>
   </div>
   <div class='ocr_carea' id='block_1_9' title="bbox 4135 302 4263 370">
    <p class='ocr_par' dir='ltr' id='par_1_11' title="bbox 4135 302 4263 370">
     <span class='ocr_line' id='line_1_51' title="bbox 4135 302 4263 370; baseline -0.008 0"><span class='ocrx_word' id='word_1_303' title='bbox 4135 302 4263 370; x_wconf 79' lang='lat'>535</span> 
     </span>
    </p>
   </div>
   <div class='ocr_carea' id='block_1_10' title="bbox 2696 474 4289 1732">
    <p class='ocr_par' dir='ltr' id='par_1_12' title="bbox 2696 474 4289 1732">
     <span class='ocr_line' id='line_1_52' title="bbox 2713 474 4264 564; baseline 0 -24"><span class='ocrx_word' id='word_1_304' title='bbox 2713 477 3153 542; x_wconf 85' lang='lat' dir='ltr'>conveniens.</span> <span class='ocrx_word' id='word_1_305' title='bbox 3205 474 3279 542; x_wconf 85' lang='lat' dir='ltr'>Si</span> <span class='ocrx_word' id='word_1_306' title='bbox 3347 482 3571 542; x_wconf 90' lang='lat' dir='ltr'>autem</span> <span class='ocrx_word' id='word_1_307' title='bbox 3648 482 3985 564; x_wconf 70' lang='lat' dir='ltr'>quaeratur</span> <span class='ocrx_word' id='word_1_308' title='bbox 4027 494 4264 541; x_wconf 86' lang='lat' dir='ltr'>exem-</span> 
     </span>
     <span class='ocr_line' id='line_1_53' title="bbox 2710 581 4257 672; baseline 0.001 -25"><span class='ocrx_word' id='word_1_309' title='bbox 2710 581 2900 671; x_wconf 89' lang='lat' dir='ltr'>plum</span> <span class='ocrx_word' id='word_1_310' title='bbox 2954 582 3160 672; x_wconf 89' lang='lat' dir='ltr'>hujus</span> <span class='ocrx_word' id='word_1_311' title='bbox 3220 584 3290 649; x_wconf 86' lang='lat' dir='ltr'>in</span> <span class='ocrx_word' id='word_1_312' title='bbox 3354 582 3811 661; x_wconf 79' lang='lat' dir='ltr'>inferioribus,</span> <span class='ocrx_word' id='word_1_313' title='bbox 3869 582 4257 662; x_wconf 89' lang='lat' dir='ltr'>dicendum,</span> 
     </span>
     <span class='ocr_line' id='line_1_54' title="bbox 2708 689 4255 780; baseline 0.001 -26"><span class='ocrx_word' id='word_1_314' title='bbox 2708 689 2894 777; x_wconf 88' lang='lat' dir='ltr'>quod</span> <span class='ocrx_word' id='word_1_315' title='bbox 2925 690 3215 756; x_wconf 80' lang='lat' dir='ltr'>inveniri</span> <span class='ocrx_word' id='word_1_316' title='bbox 3260 712 3398 756; x_wconf 89' lang='lat' dir='ltr'>non</span> <span class='ocrx_word' id='word_1_317' title='bbox 3431 697 3650 779; x_wconf 90' lang='lat' dir='ltr'>potest</span> <span class='ocrx_word' id='word_1_318' title='bbox 3680 697 3953 780; x_wconf 85' lang='lat' dir='ltr'>propter</span> <span class='ocrx_word' id='word_1_319' title='bbox 3974 690 4255 755; x_wconf 90' lang='lat' dir='ltr'>nimiam</span> 
     </span>
     <span class='ocr_line' id='line_1_55' title="bbox 2706 797 4260 886; baseline 0.002 -25"><span class='ocrx_word' id='word_1_320' title='bbox 2706 797 3212 886; x_wconf 86' lang='lat' dir='ltr'>simplicitatem</span> <span class='ocrx_word' id='word_1_321' title='bbox 3256 797 3422 864; x_wconf 90' lang='lat' dir='ltr'>Dei:</span> <span class='ocrx_word' id='word_1_322' title='bbox 3473 798 3645 864; x_wconf 86' lang='lat' dir='ltr'>sicut</span> <span class='ocrx_word' id='word_1_323' title='bbox 3697 799 3899 865; x_wconf 86' lang='lat' dir='ltr'>etiam</span> <span class='ocrx_word' id='word_1_324' title='bbox 3970 800 4038 864; x_wconf 93' lang='lat' dir='ltr'>in</span> <span class='ocrx_word' id='word_1_325' title='bbox 4096 798 4260 864; x_wconf 79' lang='lat' dir='ltr'>infe-</span> 
     </span>
     <span class='ocr_line' id='line_1_56' title="bbox 2705 903 4255 993; baseline 0.001 -25"><span class='ocrx_word' id='word_1_326' title='bbox 2705 903 2997 971; x_wconf 81' lang='lat' dir='ltr'>rioribus</span> <span class='ocrx_word' id='word_1_327' title='bbox 3038 927 3178 970; x_wconf 93' lang='lat' dir='ltr'>non</span> <span class='ocrx_word' id='word_1_328' title='bbox 3210 905 3573 988; x_wconf 82' lang='lat' dir='ltr'>invenitur,</span> <span class='ocrx_word' id='word_1_329' title='bbox 3610 903 3788 993; x_wconf 93' lang='lat' dir='ltr'>quod</span> <span class='ocrx_word' id='word_1_330' title='bbox 3823 903 3999 972; x_wconf 92' lang='lat' dir='ltr'>idem</span> <span class='ocrx_word' id='word_1_331' title='bbox 4032 904 4117 971; x_wconf 89' lang='lat' dir='ltr'>sit</span> <span class='ocrx_word' id='word_1_332' title='bbox 4157 925 4255 970; x_wconf 91' lang='lat' dir='ltr'>es-</span> 
     </span>
     <span class='ocr_line' id='line_1_57' title="bbox 2703 1011 4250 1091; baseline 0.001 -15"><span class='ocrx_word' id='word_1_333' title='bbox 2703 1011 3079 1080; x_wconf 89' lang='lat' dir='ltr'>sentialiter</span> <span class='ocrx_word' id='word_1_334' title='bbox 3117 1013 3523 1091; x_wconf 85' lang='lat' dir='ltr'>substantia,</span> <span class='ocrx_word' id='word_1_335' title='bbox 3586 1021 3650 1079; x_wconf 89' lang='lat' dir='ltr'>et</span> <span class='ocrx_word' id='word_1_336' title='bbox 3687 1011 3979 1090; x_wconf 81' lang='lat' dir='ltr'>bonitaS,</span> <span class='ocrx_word' id='word_1_337' title='bbox 4024 1018 4088 1079; x_wconf 92' lang='lat' dir='ltr'>et</span> <span class='ocrx_word' id='word_1_338' title='bbox 4141 1033 4250 1078; x_wconf 85' lang='lat' dir='ltr'>sa-</span> 
     </span>
     <span class='ocr_line' id='line_1_58' title="bbox 2702 1117 4251 1207; baseline 0 -22"><span class='ocrx_word' id='word_1_339' title='bbox 2702 1120 2954 1207; x_wconf 83' lang='lat' dir='ltr'>pientia</span> <span class='ocrx_word' id='word_1_340' title='bbox 2984 1142 2999 1187; x_wconf 88' lang='lat'>:</span> <span class='ocrx_word' id='word_1_341' title='bbox 3035 1120 3153 1188; x_wconf 87' lang='lat' dir='ltr'>sed</span> <span class='ocrx_word' id='word_1_342' title='bbox 3188 1129 3416 1188; x_wconf 90' lang='lat' dir='ltr'>tamen</span> <span class='ocrx_word' id='word_1_343' title='bbox 3448 1122 3516 1186; x_wconf 92' lang='lat' dir='ltr'>in</span> <span class='ocrx_word' id='word_1_344' title='bbox 3552 1120 3690 1187; x_wconf 85' lang='lat' dir='ltr'>Deo</span> <span class='ocrx_word' id='word_1_345' title='bbox 3741 1120 3941 1187; x_wconf 89' lang='lat' dir='ltr'>etiam</span> <span class='ocrx_word' id='word_1_346' title='bbox 4012 1117 4251 1186; x_wconf 90' lang='lat' dir='ltr'>Philo-</span> 
     </span>
     <span class='ocr_line' id='line_1_59' title="bbox 2700 1224 4249 1317; baseline 0 -25"><span class='ocrx_word' id='word_1_347' title='bbox 2700 1224 2898 1316; x_wconf 85' lang='lat' dir='ltr'>sophi</span> <span class='ocrx_word' id='word_1_348' title='bbox 2938 1225 3069 1314; x_wconf 83' lang='lat' dir='ltr'>boc</span> <span class='ocrx_word' id='word_1_349' title='bbox 3111 1229 3202 1294; x_wconf 88' lang='lat' dir='ltr'>ita</span> <span class='ocrx_word' id='word_1_350' title='bbox 3234 1249 3380 1295; x_wconf 89' lang='lat' dir='ltr'>esse</span> <span class='ocrx_word' id='word_1_351' title='bbox 3442 1226 3937 1317; x_wconf 86' lang='lat' dir='ltr'>probaverunt:</span> <span class='ocrx_word' id='word_1_352' title='bbox 3974 1234 4040 1293; x_wconf 89' lang='lat' dir='ltr'>et</span> <span class='ocrx_word' id='word_1_353' title='bbox 4104 1225 4249 1292; x_wconf 92' lang='lat' dir='ltr'>ideo</span> 
     </span>
     <span class='ocr_line' id='line_1_60' title="bbox 2699 1331 4251 1426; baseline 0.001 -26"><span class='ocrx_word' id='word_1_354' title='bbox 2699 1332 2934 1402; x_wconf 90' lang='lat' dir='ltr'>dieunt</span> <span class='ocrx_word' id='word_1_355' title='bbox 2979 1336 3245 1425; x_wconf 85' lang='lat' dir='ltr'>antiqui</span> <span class='ocrx_word' id='word_1_356' title='bbox 3311 1334 3639 1426; x_wconf 82' lang='lat' dir='ltr'>Magistri,</span> <span class='ocrx_word' id='word_1_357' title='bbox 3702 1333 3884 1424; x_wconf 89' lang='lat' dir='ltr'>quod</span> <span class='ocrx_word' id='word_1_358' title='bbox 3940 1331 4095 1401; x_wconf 89' lang='lat' dir='ltr'>licet</span> <span class='ocrx_word' id='word_1_359' title='bbox 4147 1355 4251 1401; x_wconf 87' lang='lat' dir='ltr'>es-</span> 
     </span>
     <span class='ocr_line' id='line_1_61' title="bbox 2697 1444 4248 1538; baseline 0.001 -28"><span class='ocrx_word' id='word_1_360' title='bbox 2697 1444 2913 1512; x_wconf 84' lang='lat' dir='ltr'>sentia</span> <span class='ocrx_word' id='word_1_361' title='bbox 2948 1445 3128 1513; x_wconf 86' lang='lat' dir='ltr'>idem</span> <span class='ocrx_word' id='word_1_362' title='bbox 3161 1447 3248 1513; x_wconf 89' lang='lat' dir='ltr'>sit</span> <span class='ocrx_word' id='word_1_363' title='bbox 3295 1446 3479 1538; x_wconf 89' lang='lat' dir='ltr'>quod</span> <span class='ocrx_word' id='word_1_364' title='bbox 3534 1446 3747 1524; x_wconf 84' lang='lat' dir='ltr'>notio,</span> <span class='ocrx_word' id='word_1_365' title='bbox 3816 1467 3956 1512; x_wconf 92' lang='lat' dir='ltr'>non</span> <span class='ocrx_word' id='word_1_366' title='bbox 4020 1452 4248 1512; x_wconf 88' lang='lat' dir='ltr'>tamen</span> 
     </span>
     <span class='ocr_line' id='line_1_62' title="bbox 2698 1554 4289 1646; baseline 0.003 -27"><span class='ocrx_word' id='word_1_367' title='bbox 2698 1556 3051 1645; x_wconf 90' lang='lat' dir='ltr'>supposita</span> <span class='ocrx_word' id='word_1_368' title='bbox 3080 1555 3375 1624; x_wconf 87' lang='lat' dir='ltr'>essentia</span> <span class='ocrx_word' id='word_1_369' title='bbox 3404 1557 3810 1646; x_wconf 84' lang='lat' dir='ltr'>supponitur</span> <span class='ocrx_word' id='word_1_370' title='bbox 3848 1554 4068 1634; x_wconf 91' lang='lat' dir='ltr'>notio,</span> <span class='ocrx_word' id='word_1_371' title='bbox 4123 1576 4247 1624; x_wconf 86' lang='lat' dir='ltr'>nec</span> <span class='ocrx_word' id='word_1_372' title='bbox 4284 1600 4289 1604; x_wconf 83' lang='lat'><em>-</em></span> 
     </span>
     <span class='ocr_line' id='line_1_63' title="bbox 2696 1684 3120 1732; baseline 0.007 -4"><span class='ocrx_word' id='word_1_373' title='bbox 2696 1684 2732 1728; x_wconf 93' lang='lat' dir='ltr'>e</span> <span class='ocrx_word' id='word_1_374' title='bbox 2765 1684 3120 1732; x_wconf 57' lang='lat' dir='ltr'>conversa</span> 
     </span>
    </p>
   </div>
   <div class='ocr_carea' id='block_1_11' title="bbox 2786 1768 4579 1865">
    <p class='ocr_par' dir='ltr' id='par_1_13' title="bbox 2786 1768 4579 1865">
     <span class='ocr_line' id='line_1_64' title="bbox 2786 1768 4579 1865; baseline 0.004 -31"><span class='ocrx_word' id='word_1_375' title='bbox 2786 1769 2890 1834; x_wconf 82' lang='lat' dir='ltr'>An</span> <span class='ocrx_word' id='word_1_376' title='bbox 2937 1791 3137 1836; x_wconf 57' lang='lat' dir='ltr'>aum&gt;</span> <span class='ocrx_word' id='word_1_377' title='bbox 3168 1768 3638 1838; x_wconf 88' lang='lat' dir='ltr'>eodemmodo</span> <span class='ocrx_word' id='word_1_378' title='bbox 3698 1768 4055 1838; x_wconf 89' lang='lat' dir='ltr'>dicendum</span> <span class='ocrx_word' id='word_1_379' title='bbox 4114 1779 4237 1851; x_wconf 87' lang='lat' dir='ltr'>est,</span> <span class='ocrx_word' id='word_1_380' title='bbox 4268 1805 4579 1865; x_wconf 42' lang='lat' dir='ltr'>“0553st</span> 
     </span>
    </p>
   </div>
   <div class='ocr_carea' id='block_1_12' title="bbox 2681 1877 4240 3021">
    <p class='ocr_par' dir='ltr' id='par_1_14' title="bbox 2681 1877 4240 3021">
     <span class='ocr_line' id='line_1_65' title="bbox 2695 1877 4240 1969; baseline 0.001 -25"><span class='ocrx_word' id='word_1_381' title='bbox 2695 1877 2878 1967; x_wconf 91' lang='lat' dir='ltr'>quod</span> <span class='ocrx_word' id='word_1_382' title='bbox 2907 1899 3277 1946; x_wconf 89' lang='lat' dir='ltr'>commune</span> <span class='ocrx_word' id='word_1_383' title='bbox 3307 1879 3480 1947; x_wconf 89' lang='lat' dir='ltr'>inest</span> <span class='ocrx_word' id='word_1_384' title='bbox 3543 1879 3874 1969; x_wconf 80' lang='lat' dir='ltr'>pluribuS,</span> <span class='ocrx_word' id='word_1_385' title='bbox 3941 1886 4004 1947; x_wconf 89' lang='lat' dir='ltr'>et</span> <span class='ocrx_word' id='word_1_386' title='bbox 4078 1900 4240 1969; x_wconf 88' lang='lat' dir='ltr'>pro-</span> 
     </span>
     <span class='ocr_line' id='line_1_66' title="bbox 2690 1983 4238 2078; baseline 0.002 -28"><span class='ocrx_word' id='word_1_387' title='bbox 2690 1984 2915 2073; x_wconf 88' lang='lat' dir='ltr'>prium</span> <span class='ocrx_word' id='word_1_388' title='bbox 2956 1985 3076 2052; x_wconf 87' lang='lat' dir='ltr'>uni</span> <span class='ocrx_word' id='word_1_389' title='bbox 3114 1983 3270 2066; x_wconf 80' lang='lat' dir='ltr'>soli,</span> <span class='ocrx_word' id='word_1_390' title='bbox 3304 1988 3362 2053; x_wconf 84' lang='lat' dir='ltr'>si</span> <span class='ocrx_word' id='word_1_391' title='bbox 3391 2008 3549 2055; x_wconf 87' lang='lat' dir='ltr'>vere</span> <span class='ocrx_word' id='word_1_392' title='bbox 3593 1988 3947 2078; x_wconf 87' lang='lat' dir='ltr'>proprium</span> <span class='ocrx_word' id='word_1_393' title='bbox 3983 1993 4121 2054; x_wconf 84' lang='lat' dir='ltr'>est:</span> <span class='ocrx_word' id='word_1_394' title='bbox 4170 1993 4238 2054; x_wconf 89' lang='lat' dir='ltr'>et</span> 
     </span>
     <span class='ocr_line' id='line_1_67' title="bbox 2690 2089 4233 2182; baseline 0.002 -25"><span class='ocrx_word' id='word_1_395' title='bbox 2690 2089 2836 2160; x_wconf 70' lang='lat' dir='ltr'>haec</span> <span class='ocrx_word' id='word_1_396' title='bbox 2892 2091 3170 2182; x_wconf 88' lang='lat' dir='ltr'>quidem</span> <span class='ocrx_word' id='word_1_397' title='bbox 3236 2115 3308 2161; x_wconf 92' lang='lat' dir='ltr'>re</span> <span class='ocrx_word' id='word_1_398' title='bbox 3370 2115 3507 2161; x_wconf 89' lang='lat' dir='ltr'>non</span> <span class='ocrx_word' id='word_1_399' title='bbox 3572 2093 3892 2161; x_wconf 79' lang='lat' dir='ltr'>differunt</span> <span class='ocrx_word' id='word_1_400' title='bbox 3971 2095 4039 2161; x_wconf 88' lang='lat' dir='ltr'>in</span> <span class='ocrx_word' id='word_1_401' title='bbox 4091 2091 4233 2162; x_wconf 92' lang='lat' dir='ltr'>Deo</span> 
     </span>
     <span class='ocr_line' id='line_1_68' title="bbox 2689 2200 4237 2291; baseline 0.003 -26"><span class='ocrx_word' id='word_1_402' title='bbox 2689 2211 2967 2291; x_wconf 83' lang='lat' dir='ltr'>propter</span> <span class='ocrx_word' id='word_1_403' title='bbox 3003 2200 3538 2291; x_wconf 85' lang='lat' dir='ltr'>simplieitatem,</span> <span class='ocrx_word' id='word_1_404' title='bbox 3571 2201 3690 2270; x_wconf 84' lang='lat' dir='ltr'>sed</span> <span class='ocrx_word' id='word_1_405' title='bbox 3745 2210 3973 2270; x_wconf 89' lang='lat' dir='ltr'>tamen</span> <span class='ocrx_word' id='word_1_406' title='bbox 4038 2200 4237 2270; x_wconf 79' lang='lat' dir='ltr'>ditro-</span> 
     </span>
     <span class='ocr_line' id='line_1_69' title="bbox 2690 2309 4236 2401; baseline 0.003 -27"><span class='ocrx_word' id='word_1_407' title='bbox 2690 2317 2846 2375; x_wconf 89' lang='lat' dir='ltr'>runt</span> <span class='ocrx_word' id='word_1_408' title='bbox 2886 2318 3041 2377; x_wconf 90' lang='lat' dir='ltr'>actu</span> <span class='ocrx_word' id='word_1_409' title='bbox 3073 2319 3135 2378; x_wconf 94' lang='lat' dir='ltr'>et</span> <span class='ocrx_word' id='word_1_410' title='bbox 3168 2310 3636 2399; x_wconf 80' lang='lat' dir='ltr'>suppositione</span> <span class='ocrx_word' id='word_1_411' title='bbox 3694 2318 3760 2378; x_wconf 92' lang='lat' dir='ltr'>et</span> <span class='ocrx_word' id='word_1_412' title='bbox 3797 2309 4001 2378; x_wconf 91' lang='lat' dir='ltr'>modo</span> <span class='ocrx_word' id='word_1_413' title='bbox 4030 2311 4236 2401; x_wconf 87' lang='lat' dir='ltr'>signi·</span> 
     </span>
     <span class='ocr_line' id='line_1_70' title="bbox 2688 2414 4236 2508; baseline 0.002 -25"><span class='ocrx_word' id='word_1_414' title='bbox 2688 2414 2980 2485; x_wconf 78' lang='lat' dir='ltr'>ticandi:</span> <span class='ocrx_word' id='word_1_415' title='bbox 3025 2424 3092 2485; x_wconf 96' lang='lat' dir='ltr'>et</span> <span class='ocrx_word' id='word_1_416' title='bbox 3158 2416 3365 2508; x_wconf 85' lang='lat' dir='ltr'>hujus</span> <span class='ocrx_word' id='word_1_417' title='bbox 3419 2439 3619 2486; x_wconf 81' lang='lat' dir='ltr'>causa</span> <span class='ocrx_word' id='word_1_418' title='bbox 3683 2425 3919 2486; x_wconf 83' lang='lat' dir='ltr'>notata</span> <span class='ocrx_word' id='word_1_419' title='bbox 3975 2427 4074 2486; x_wconf 82' lang='lat' dir='ltr'>est</span> <span class='ocrx_word' id='word_1_420' title='bbox 4113 2440 4236 2486; x_wconf 76' lang='lat' dir='ltr'>eu·-</span> 
     </span>
     <span class='ocr_line' id='line_1_71' title="bbox 2688 2522 4230 2616; baseline 0.001 -27"><span class='ocrx_word' id='word_1_421' title='bbox 2688 2543 2807 2612; x_wconf 89' lang='lat' dir='ltr'>pra</span> <span class='ocrx_word' id='word_1_422' title='bbox 2851 2525 2896 2604; x_wconf 88' lang='lat'>¹,</span> <span class='ocrx_word' id='word_1_423' title='bbox 2931 2525 3092 2616; x_wconf 88' lang='lat' dir='ltr'>quia</span> <span class='ocrx_word' id='word_1_424' title='bbox 3126 2522 3258 2593; x_wconf 86' lang='lat' dir='ltr'>hoc</span> <span class='ocrx_word' id='word_1_425' title='bbox 3315 2546 3451 2592; x_wconf 89' lang='lat' dir='ltr'>non</span> <span class='ocrx_word' id='word_1_426' title='bbox 3516 2523 3767 2593; x_wconf 85' lang='lat' dir='ltr'>habent</span> <span class='ocrx_word' id='word_1_427' title='bbox 3831 2524 4049 2616; x_wconf 86' lang='lat' dir='ltr'>gratia</span> <span class='ocrx_word' id='word_1_428' title='bbox 4099 2526 4230 2604; x_wconf 86' lang='lat' dir='ltr'>sui,</span> 
     </span>
     <span class='ocr_line' id='line_1_72' title="bbox 2686 2629 4229 2724; baseline 0.003 -27"><span class='ocrx_word' id='word_1_429' title='bbox 2686 2629 2871 2721; x_wconf 87' lang='lat' dir='ltr'>quod</span> <span class='ocrx_word' id='word_1_430' title='bbox 2911 2630 3091 2700; x_wconf 92' lang='lat' dir='ltr'>idem</span> <span class='ocrx_word' id='word_1_431' title='bbox 3123 2640 3308 2711; x_wconf 85' lang='lat' dir='ltr'>sunt,</span> <span class='ocrx_word' id='word_1_432' title='bbox 3353 2631 3470 2700; x_wconf 81' lang='lat' dir='ltr'>sed</span> <span class='ocrx_word' id='word_1_433' title='bbox 3509 2655 3591 2700; x_wconf 87' lang='lat' dir='ltr'>ex</span> <span class='ocrx_word' id='word_1_434' title='bbox 3622 2654 3702 2701; x_wconf 93' lang='lat' dir='ltr'>eo</span> <span class='ocrx_word' id='word_1_435' title='bbox 3743 2634 3813 2699; x_wconf 88' lang='lat' dir='ltr'>in</span> <span class='ocrx_word' id='word_1_436' title='bbox 3843 2653 3979 2724; x_wconf 90' lang='lat' dir='ltr'>quo</span> <span class='ocrx_word' id='word_1_437' title='bbox 4028 2643 4229 2702; x_wconf 77' lang='lat' dir='ltr'>eunt:</span> 
     </span>
     <span class='ocr_line' id='line_1_73' title="bbox 2682 2736 4234 2829; baseline 0.002 -27"><span class='ocrx_word' id='word_1_438' title='bbox 2682 2743 2751 2804; x_wconf 90' lang='lat' dir='ltr'>et</span> <span class='ocrx_word' id='word_1_439' title='bbox 2817 2736 2967 2806; x_wconf 90' lang='lat' dir='ltr'>ideo</span> <span class='ocrx_word' id='word_1_440' title='bbox 3026 2759 3168 2805; x_wconf 89' lang='lat' dir='ltr'>non</span> <span class='ocrx_word' id='word_1_441' title='bbox 3225 2738 3546 2805; x_wconf 87' lang='lat' dir='ltr'>amittunt</span> <span class='ocrx_word' id='word_1_442' title='bbox 3610 2759 3695 2807; x_wconf 87' lang='lat' dir='ltr'>ex</span> <span class='ocrx_word' id='word_1_443' title='bbox 3750 2736 3882 2806; x_wconf 86' lang='lat' dir='ltr'>hoc</span> <span class='ocrx_word' id='word_1_444' title='bbox 3937 2736 4005 2804; x_wconf 93' lang='lat' dir='ltr'>id</span> <span class='ocrx_word' id='word_1_445' title='bbox 4052 2737 4234 2829; x_wconf 89' lang='lat' dir='ltr'>quod</span> 
     </span>
     <span class='ocr_line' id='line_1_74' title="bbox 2681 2843 4228 2936; baseline 0.001 -26"><span class='ocrx_word' id='word_1_446' title='bbox 2681 2845 2955 2934; x_wconf 84' lang='lat' dir='ltr'>proprie</span> <span class='ocrx_word' id='word_1_447' title='bbox 2988 2844 3255 2913; x_wconf 74' lang='lat' dir='ltr'>efficere</span> <span class='ocrx_word' id='word_1_448' title='bbox 3295 2843 3572 2926; x_wconf 89' lang='lat' dir='ltr'>habent,</span> <span class='ocrx_word' id='word_1_449' title='bbox 3616 2844 3866 2914; x_wconf 86' lang='lat' dir='ltr'>scilieet</span> <span class='ocrx_word' id='word_1_450' title='bbox 3896 2844 4228 2936; x_wconf 65' lang='lat' dir='ltr'>pluribuS,</span> 
     </span>
     <span class='ocr_line' id='line_1_75' title="bbox 2681 2950 3541 3021; baseline 0.006 -6"><span class='ocrx_word' id='word_1_451' title='bbox 2681 2950 2792 3018; x_wconf 81' lang='lat' dir='ltr'>vel</span> <span class='ocrx_word' id='word_1_452' title='bbox 2823 2952 2940 3019; x_wconf 90' lang='lat' dir='ltr'>uni</span> <span class='ocrx_word' id='word_1_453' title='bbox 2980 2952 3108 3020; x_wconf 88' lang='lat' dir='ltr'>soli</span> <span class='ocrx_word' id='word_1_454' title='bbox 3151 2954 3541 3021; x_wconf 83' lang='lat' dir='ltr'>convenire.</span> 
     </span>
    </p>
   </div>
   <div class='ocr_carea' id='block_1_13' title="bbox 3105 3505 3802 3577">
    <p class='ocr_par' dir='ltr' id='par_1_15' title="bbox 3105 3505 3802 3577">
     <span class='ocr_line' id='line_1_76' title="bbox 3105 3505 3802 3577; baseline 0.004 -3"><span class='ocrx_word' id='word_1_455' title='bbox 3105 3505 3604 3576; x_wconf 77' lang='lat' dir='ltr'>ARTICULI’S</span> <span class='ocrx_word' id='word_1_456' title='bbox 3653 3507 3802 3577; x_wconf 82' lang='lat' dir='ltr'>XV.</span> 
     </span>
    </p>
   </div>
   <div class='ocr_carea' id='block_1_14' title="bbox 2671 3722 4224 4007">
    <p class='ocr_par' dir='ltr' id='par_1_16' title="bbox 2671 3722 4224 4007">
     <span class='ocr_line' id='line_1_77' title="bbox 2671 3722 4224 3815; baseline 0.001 -26"><span class='ocrx_word' id='word_1_457' title='bbox 2671 3725 2778 3789; x_wconf 81' lang='lat' dir='ltr'>An</span> <span class='ocrx_word' id='word_1_458' title='bbox 2812 3724 2881 3789; x_wconf 78' lang='lat' dir='ltr'>in</span> <span class='ocrx_word' id='word_1_459' title='bbox 2913 3722 3169 3789; x_wconf 67' lang='lat' dir='ltr'>diuinis</span> <span class='ocrx_word' id='word_1_460' title='bbox 3202 3724 3295 3789; x_wconf 73' lang='lat' dir='ltr'>si!</span> <span class='ocrx_word' id='word_1_461' title='bbox 3345 3723 3728 3791; x_wconf 78' lang='lat' dir='ltr'>universale</span> <span class='ocrx_word' id='word_1_462' title='bbox 3786 3733 3851 3791; x_wconf 78' lang='lat' dir='ltr'>e!</span> <span class='ocrx_word' id='word_1_463' title='bbox 3909 3727 4224 3815; x_wconf 74' lang='lat' dir='ltr'>particu-</span> 
     </span>
     <span class='ocr_line' id='line_1_78' title="bbox 2764 3829 4221 3907; baseline 0.002 -10"><span class='ocrx_word' id='word_1_464' title='bbox 2764 3829 2933 3907; x_wconf 81' lang='lat' dir='ltr'>lare,</span> <span class='ocrx_word' id='word_1_465' title='bbox 2974 3832 3155 3898; x_wconf 74' lang='lat' dir='ltr'>sicut</span> <span class='ocrx_word' id='word_1_466' title='bbox 3206 3831 3775 3900; x_wconf 71' lang='lat' dir='ltr'>comtemnit-abile·</span> <span class='ocrx_word' id='word_1_467' title='bbox 3839 3841 3904 3899; x_wconf 77' lang='lat' dir='ltr'>e!</span> <span class='ocrx_word' id='word_1_468' title='bbox 3959 3834 4221 3900; x_wconf 75' lang='lat' dir='ltr'>incom-</span> 
     </span>
     <span class='ocr_line' id='line_1_79' title="bbox 2760 3938 3247 4007; baseline 0.002 -2"><span class='ocrx_word' id='word_1_469' title='bbox 2760 3938 3184 4007; x_wconf 60' lang='lat' dir='ltr'>munic-abile</span> <span class='ocrx_word' id='word_1_470' title='bbox 3206 3940 3247 4006; x_wconf 66' lang='lat'>:²</span> 
     </span>
    </p>
   </div>
   <div class='ocr_carea' id='block_1_15' title="bbox 2661 4252 4219 5527">
    <p class='ocr_par' dir='ltr' id='par_1_17' title="bbox 2668 4252 4216 4451">
     <span class='ocr_line' id='line_1_80' title="bbox 2761 4252 4216 4342; baseline 0.003 -23"><span class='ocrx_word' id='word_1_471' title='bbox 2761 4252 3079 4321; x_wconf 86' lang='lat' dir='ltr'>Secundo</span> <span class='ocrx_word' id='word_1_472' title='bbox 3110 4253 3459 4342; x_wconf 72' lang='lat' dir='ltr'>quaeritur,</span> <span class='ocrx_word' id='word_1_473' title='bbox 3532 4253 3768 4321; x_wconf 81' lang='lat' dir='ltr'>Utrum</span> <span class='ocrx_word' id='word_1_474' title='bbox 3837 4257 3904 4322; x_wconf 92' lang='lat' dir='ltr'>in</span> <span class='ocrx_word' id='word_1_475' title='bbox 3971 4255 4216 4324; x_wconf 79' lang='lat' dir='ltr'>divinis</span> 
     </span>
     <span class='ocr_line' id='line_1_81' title="bbox 2668 4360 3774 4451; baseline 0.001 -24"><span class='ocrx_word' id='word_1_476' title='bbox 2668 4363 2754 4430; x_wconf 83' lang='lat' dir='ltr'>sit</span> <span class='ocrx_word' id='word_1_477' title='bbox 2789 4360 3175 4429; x_wconf 81' lang='lat' dir='ltr'>universale</span> <span class='ocrx_word' id='word_1_478' title='bbox 3208 4368 3274 4429; x_wconf 89' lang='lat' dir='ltr'>et</span> <span class='ocrx_word' id='word_1_479' title='bbox 3317 4360 3774 4451; x_wconf 82' lang='lat' dir='ltr'>particulare?</span> 
     </span>
    </p>

    <p class='ocr_par' dir='ltr' id='par_1_18' title="bbox 2759 4466 3521 4558">
     <span class='ocr_line' id='line_1_82' title="bbox 2759 4466 3521 4558; baseline -0.005 -21"><span class='ocrx_word' id='word_1_480' title='bbox 2759 4468 2839 4537; x_wconf 77' lang='grc' dir='ltr'>ΕΙ</span> <span class='ocrx_word' id='word_1_481' title='bbox 2880 4468 3150 4535; x_wconf 85' lang='lat' dir='ltr'>videtur</span> <span class='ocrx_word' id='word_1_482' title='bbox 3188 4466 3372 4558; x_wconf 87' lang='lat' dir='ltr'>quod</span> <span class='ocrx_word' id='word_1_483' title='bbox 3403 4468 3521 4536; x_wconf 88' lang='lat' dir='ltr'>sic.</span> 
     </span>
    </p>

    <p class='ocr_par' dir='ltr' id='par_1_19' title="bbox 2664 4573 4219 4981">
     <span class='ocr_line' id='line_1_83' title="bbox 2762 4573 4217 4666; baseline 0 -23"><span class='ocrx_word' id='word_1_484' title='bbox 2762 4579 2822 4643; x_wconf 76' lang='grc' dir='ltr'>ί.</span> <span class='ocrx_word' id='word_1_485' title='bbox 2876 4574 2948 4642; x_wconf 88' lang='lat' dir='ltr'>ld</span> <span class='ocrx_word' id='word_1_486' title='bbox 2993 4576 3181 4653; x_wconf 44' lang='lat' dir='ltr'>enimw</span> <span class='ocrx_word' id='word_1_487' title='bbox 3219 4574 3402 4665; x_wconf 90' lang='lat' dir='ltr'>quod</span> <span class='ocrx_word' id='word_1_488' title='bbox 3452 4573 3851 4664; x_wconf 67' lang='lat' dir='ltr'>praedicatur</span> <span class='ocrx_word' id='word_1_489' title='bbox 3916 4573 3999 4643; x_wconf 91' lang='lat' dir='ltr'>de</span> <span class='ocrx_word' id='word_1_490' title='bbox 4069 4574 4217 4666; x_wconf 89' lang='lat' dir='ltr'>plu·</span> 
     </span>
     <span class='ocr_line' id='line_1_84' title="bbox 2667 4678 4219 4749; baseline 0.001 -2"><span class='ocrx_word' id='word_1_491' title='bbox 2667 4680 2854 4747; x_wconf 83' lang='lat' dir='ltr'>ribus</span> <span class='ocrx_word' id='word_1_492' title='bbox 2884 4689 2985 4748; x_wconf 87' lang='lat' dir='ltr'>est</span> <span class='ocrx_word' id='word_1_493' title='bbox 3042 4678 3469 4747; x_wconf 77' lang='lat' dir='ltr'>universale:</span> <span class='ocrx_word' id='word_1_494' title='bbox 3520 4680 3812 4747; x_wconf 83' lang='lat' dir='ltr'>essentia</span> <span class='ocrx_word' id='word_1_495' title='bbox 3881 4690 4107 4749; x_wconf 87' lang='lat' dir='ltr'>autem</span> <span class='ocrx_word' id='word_1_496' title='bbox 4151 4689 4219 4748; x_wconf 84' lang='lat' dir='ltr'>et</span> 
     </span>
     <span class='ocr_line' id='line_1_85' title="bbox 2667 4785 4213 4878; baseline 0 -22"><span class='ocrx_word' id='word_1_497' title='bbox 2667 4788 2852 4857; x_wconf 80' lang='lat' dir='ltr'>Deus</span> <span class='ocrx_word' id='word_1_498' title='bbox 2912 4789 2981 4855; x_wconf 89' lang='lat' dir='ltr'>in</span> <span class='ocrx_word' id='word_1_499' title='bbox 3013 4786 3264 4854; x_wconf 80' lang='lat' dir='ltr'>divinis</span> <span class='ocrx_word' id='word_1_500' title='bbox 3306 4785 3712 4876; x_wconf 84' lang='lat' dir='ltr'>proedicatur</span> <span class='ocrx_word' id='word_1_501' title='bbox 3746 4787 3829 4854; x_wconf 86' lang='lat' dir='ltr'>de</span> <span class='ocrx_word' id='word_1_502' title='bbox 3862 4787 4213 4878; x_wconf 86' lang='lat' dir='ltr'>pluribus:</span> 
     </span>
     <span class='ocr_line' id='line_1_86' title="bbox 2664 4893 3405 4981; baseline 0.004 -19"><span class='ocrx_word' id='word_1_503' title='bbox 2664 4920 2828 4981; x_wconf 65' lang='lat' dir='ltr'>ergo</span> <span class='ocrx_word' id='word_1_504' title='bbox 2862 4905 2960 4963; x_wconf 81' lang='lat' dir='ltr'>est</span> <span class='ocrx_word' id='word_1_505' title='bbox 2996 4893 3405 4965; x_wconf 75' lang='lat' dir='ltr'>universale.</span> 
     </span>
    </p>

    <p class='ocr_par' dir='ltr' id='par_1_20' title="bbox 2661 5001 4218 5527">
     <span class='ocr_line' id='line_1_87' title="bbox 2756 5001 4218 5094; baseline 0.003 -25"><span class='ocrx_word' id='word_1_506' title='bbox 2756 5005 2819 5070; x_wconf 81' lang='lat'>2.</span> <span class='ocrx_word' id='word_1_507' title='bbox 2859 5001 3052 5080; x_wconf 80' lang='lat' dir='ltr'>item,</span> <span class='ocrx_word' id='word_1_508' title='bbox 3101 5001 3158 5070; x_wconf 74' lang='lat'>13</span> <span class='ocrx_word' id='word_1_509' title='bbox 3168 5003 3496 5071; x_wconf 69' lang='lat' dir='ltr'>universale</span> <span class='ocrx_word' id='word_1_510' title='bbox 3526 5012 3623 5070; x_wconf 84' lang='lat' dir='ltr'>est</span> <span class='ocrx_word' id='word_1_511' title='bbox 3657 5002 3906 5094; x_wconf 89' lang='lat' dir='ltr'>ubique</span> <span class='ocrx_word' id='word_1_512' title='bbox 3945 5014 4008 5073; x_wconf 93' lang='lat' dir='ltr'>et</span> <span class='ocrx_word' id='word_1_513' title='bbox 4045 5029 4218 5074; x_wconf 86' lang='lat' dir='ltr'>sem·</span> 
     </span>
     <span class='ocr_line' id='line_1_88' title="bbox 2666 5108 4215 5199; baseline 0.003 -22"><span class='ocrx_word' id='word_1_514' title='bbox 2666 5132 2809 5199; x_wconf 89' lang='lat' dir='ltr'>per,</span> <span class='ocrx_word' id='word_1_515' title='bbox 2881 5119 2953 5177; x_wconf 92' lang='lat' dir='ltr'>ut</span> <span class='ocrx_word' id='word_1_516' title='bbox 3003 5108 3165 5176; x_wconf 90' lang='lat' dir='ltr'>dicit</span> <span class='ocrx_word' id='word_1_517' title='bbox 3240 5109 3663 5191; x_wconf 84' lang='lat' dir='ltr'>Aristoteles,</span> <span class='ocrx_word' id='word_1_518' title='bbox 3744 5109 3875 5179; x_wconf 76' lang='lat' dir='ltr'>lioc</span> <span class='ocrx_word' id='word_1_519' title='bbox 3942 5123 4068 5193; x_wconf 82' lang='lat' dir='ltr'>est,</span> <span class='ocrx_word' id='word_1_520' title='bbox 4143 5114 4215 5183; x_wconf 87' lang='lat' dir='ltr'>in</span> 
     </span>
     <span class='ocr_line' id='line_1_89' title="bbox 2666 5217 4216 5313; baseline 0.005 -29"><span class='ocrx_word' id='word_1_521' title='bbox 2666 5218 2855 5285; x_wconf 86' lang='lat' dir='ltr'>omni</span> <span class='ocrx_word' id='word_1_522' title='bbox 2906 5240 3032 5285; x_wconf 85' lang='lat' dir='ltr'>suo</span> <span class='ocrx_word' id='word_1_523' title='bbox 3068 5217 3483 5308; x_wconf 87' lang='lat' dir='ltr'>particulari,</span> <span class='ocrx_word' id='word_1_524' title='bbox 3518 5227 3584 5286; x_wconf 90' lang='lat' dir='ltr'>et</span> <span class='ocrx_word' id='word_1_525' title='bbox 3621 5241 3891 5310; x_wconf 81' lang='lat' dir='ltr'>semper</span> <span class='ocrx_word' id='word_1_526' title='bbox 3925 5241 4216 5313; x_wconf 76' lang='lat' dir='ltr'>sequens</span> 
     </span>
     <span class='ocr_line' id='line_1_90' title="bbox 2666 5324 4211 5398; baseline 0.005 -7"><span class='ocrx_word' id='word_1_527' title='bbox 2666 5324 2871 5393; x_wconf 86' lang='lat' dir='ltr'>illud:</span> <span class='ocrx_word' id='word_1_528' title='bbox 2909 5327 3006 5394; x_wconf 86' lang='lat' dir='ltr'>sic</span> <span class='ocrx_word' id='word_1_529' title='bbox 3048 5333 3279 5393; x_wconf 90' lang='lat' dir='ltr'>autem</span> <span class='ocrx_word' id='word_1_530' title='bbox 3338 5327 3628 5394; x_wconf 85' lang='lat' dir='ltr'>essentia</span> <span class='ocrx_word' id='word_1_531' title='bbox 3694 5327 3926 5397; x_wconf 85' lang='lat' dir='ltr'>divina</span> <span class='ocrx_word' id='word_1_532' title='bbox 3991 5338 4091 5398; x_wconf 85' lang='lat' dir='ltr'>est</span> <span class='ocrx_word' id='word_1_533' title='bbox 4142 5331 4211 5398; x_wconf 92' lang='lat' dir='ltr'>in</span> 
     </span>
     <span class='ocr_line' id='line_1_91' title="bbox 2661 5432 4216 5527; baseline 0.003 -28"><span class='ocrx_word' id='word_1_534' title='bbox 2661 5432 2962 5523; x_wconf 80' lang='lat' dir='ltr'>qualibet</span> <span class='ocrx_word' id='word_1_535' title='bbox 3022 5453 3345 5524; x_wconf 86' lang='lat' dir='ltr'>persona,</span> <span class='ocrx_word' id='word_1_536' title='bbox 3434 5442 3498 5500; x_wconf 82' lang='lat' dir='ltr'>ct</span> <span class='ocrx_word' id='word_1_537' title='bbox 3556 5456 3825 5525; x_wconf 87' lang='lat' dir='ltr'>semper</span> <span class='ocrx_word' id='word_1_538' title='bbox 3912 5437 4216 5527; x_wconf 75' lang='lat' dir='ltr'>sequitur</span> 
     </span>
    </p>
   </div>
  </div>
 </body>
</html>
