<?xml version="1.0" encoding="UTF-8"?>
<!DOCTYPE html PUBLIC "-//W3C//DTD XHTML 1.0 Transitional//EN"
    "http://www.w3.org/TR/xhtml1/DTD/xhtml1-transitional.dtd">
<html xmlns="http://www.w3.org/1999/xhtml" xml:lang="en" lang="en">
 <head>
  <title>
</title>
<meta http-equiv="Content-Type" content="text/html;charset=utf-8" />
  <meta name='ocr-system' content='tesseract 3.04.00' />
  <meta name='ocr-capabilities' content='ocr_page ocr_carea ocr_par ocr_line ocrx_word'/>
</head>
<body>
  <div class='ocr_page' id='page_1' title='image "balbertimagnira03chgoog_0294.png"; bbox 0 0 4897 6388; ppageno 0'>
   <div class='ocr_carea' id='block_1_1' title="bbox 585 342 723 433">
    <p class='ocr_par' dir='ltr' id='par_1_1' title="bbox 585 342 723 433">
     <span class='ocr_line' id='line_1_1' title="bbox 585 342 723 433; baseline 0 -1"><span class='ocrx_word' id='word_1_1' title='bbox 585 342 723 433; x_wconf 81' lang='lat'><strong>282&#39;</strong></span> 
     </span>
    </p>
   </div>
   <div class='ocr_carea' id='block_1_2' title="bbox 1596 331 2808 424">
    <p class='ocr_par' dir='ltr' id='par_1_2' title="bbox 1596 331 2808 424">
     <span class='ocr_line' id='line_1_2' title="bbox 1596 331 2808 424; baseline -0.007 -2"><span class='ocrx_word' id='word_1_2' title='bbox 1596 355 1682 424; x_wconf 88' lang='lat' dir='ltr'><strong>D.</strong></span> <span class='ocrx_word' id='word_1_3' title='bbox 1733 351 1930 422; x_wconf 79' lang='lat' dir='ltr'><strong>ALB.</strong></span> <span class='ocrx_word' id='word_1_4' title='bbox 1979 331 2196 419; x_wconf 80' lang='lat' dir='ltr'><strong>MAG.</strong></span> <span class='ocrx_word' id='word_1_5' title='bbox 2249 345 2458 418; x_wconf 75' lang='lat' dir='ltr'><strong>ono.</strong></span> <span class='ocrx_word' id='word_1_6' title='bbox 2508 337 2808 414; x_wconf 80' lang='lat' dir='ltr'><strong>PRAED.</strong></span> 
     </span>
    </p>
   </div>
   <div class='ocr_carea' id='block_1_3' title="bbox 1431 855 2928 963">
    <p class='ocr_par' dir='ltr' id='par_1_3' title="bbox 1431 855 2928 963">
     <span class='ocr_line' id='line_1_3' title="bbox 1431 855 2928 963; baseline -0.009 -22"><span class='ocrx_word' id='word_1_7' title='bbox 1431 868 1522 942; x_wconf 93' lang='lat' dir='ltr'><strong>D.</strong></span> <span class='ocrx_word' id='word_1_8' title='bbox 1570 861 1990 963; x_wconf 77' lang='lat' dir='ltr'><em>Responsio</em></span> <span class='ocrx_word' id='word_1_9' title='bbox 2045 857 2465 959; x_wconf 76' lang='lat' dir='ltr'><strong>Auqustini</strong></span> <span class='ocrx_word' id='word_1_10' title='bbox 2506 855 2928 931; x_wconf 76' lang='lat' dir='ltr'><strong>Catholica.</strong></span> 
     </span>
    </p>
   </div>
   <div class='ocr_carea' id='block_1_4' title="bbox 576 1188 3782 1594">
    <p class='ocr_par' dir='ltr' id='par_1_4' title="bbox 576 1188 3782 1594">
     <span class='ocr_line' id='line_1_4' title="bbox 680 1188 3782 1308; baseline -0.011 -13"><span class='ocrx_word' id='word_1_11' title='bbox 680 1218 825 1308; x_wconf 80' lang='lat' dir='ltr'><strong>Qui</strong></span> <span class='ocrx_word' id='word_1_12' title='bbox 868 1219 1012 1292; x_wconf 90' lang='lat' dir='ltr'><strong>hoc</strong></span> <span class='ocrx_word' id='word_1_13' title='bbox 1053 1213 1263 1302; x_wconf 85' lang='lat' dir='ltr'><strong>dicit,</strong></span> <span class='ocrx_word' id='word_1_14' title='bbox 1308 1233 1462 1284; x_wconf 89' lang='lat' dir='ltr'><strong>non</strong></span> <span class='ocrx_word' id='word_1_15' title='bbox 1507 1206 1861 1303; x_wconf 84' lang='lat' dir='ltr'><strong>intelligit</strong></span> <span class='ocrx_word' id='word_1_16' title='bbox 1890 1204 2116 1278; x_wconf 87' lang='lat' dir='ltr'><strong>etiam</strong></span> <span class='ocrx_word' id='word_1_17' title='bbox 2156 1210 2423 1279; x_wconf 77' lang='lat' dir='ltr'><strong>&#39;natum</strong></span> <span class='ocrx_word' id='word_1_18' title='bbox 2457 1222 2629 1277; x_wconf 88' lang='lat' dir='ltr'><strong>esse</strong></span> <span class='ocrx_word' id='word_1_19' title='bbox 2675 1200 2835 1276; x_wconf 92' lang='lat' dir='ltr'><strong>Deo</strong></span> <span class='ocrx_word' id='word_1_20' title='bbox 2877 1197 3465 1297; x_wconf 84' lang='lat' dir='ltr'><strong>sempiternum,</strong></span> <span class='ocrx_word' id='word_1_21' title='bbox 3543 1201 3624 1265; x_wconf 86' lang='lat' dir='ltr'><strong>ut</strong></span> <span class='ocrx_word' id='word_1_22' title='bbox 3683 1188 3782 1265; x_wconf 84' lang='lat' dir='ltr'><strong>sit</strong></span> 
     </span>
     <span class='ocr_line' id='line_1_5' title="bbox 589 1325 3780 1438; baseline -0.012 -4"><span class='ocrx_word' id='word_1_23' title='bbox 589 1364 1026 1435; x_wconf 71' lang='lat' dir='ltr'><strong>coaeternus</strong></span> <span class='ocrx_word' id='word_1_24' title='bbox 1065 1347 1273 1424; x_wconf 88' lang='lat' dir='ltr'><strong>Patri</strong></span> <span class='ocrx_word' id='word_1_25' title='bbox 1310 1345 1551 1420; x_wconf 88' lang='lat' dir='ltr'><strong>Filius</strong></span> <span class='ocrx_word' id='word_1_26' title='bbox 1588 1368 1603 1418; x_wconf 82' lang='lat'>2</span> <span class='ocrx_word' id='word_1_27' title='bbox 1642 1343 1837 1417; x_wconf 86' lang='lat' dir='ltr'><strong>sieut</strong></span> <span class='ocrx_word' id='word_1_28' title='bbox 1876 1339 2237 1437; x_wconf 84' lang='lat' dir='ltr'>splendor</span> <span class='ocrx_word' id='word_1_29' title='bbox 2268 1338 2400 1438; x_wconf 88' lang='lat' dir='ltr'><strong>qui</strong></span> <span class='ocrx_word' id='word_1_30' title='bbox 2439 1335 2787 1434; x_wconf 85' lang='lat' dir='ltr'><strong>gignitur</strong></span> <span class='ocrx_word' id='word_1_31' title='bbox 2824 1336 2921 1410; x_wconf 87' lang='lat' dir='ltr'><strong>ab</strong></span> <span class='ocrx_word' id='word_1_32' title='bbox 2969 1335 3147 1431; x_wconf 84' lang='lat' dir='ltr'>igne</span> <span class='ocrx_word' id='word_1_33' title='bbox 3190 1340 3420 1428; x_wconf 90' lang='lat' dir='ltr'><strong>atque</strong></span> <span class='ocrx_word' id='word_1_34' title='bbox 3496 1325 3780 1401; x_wconf 79' lang='lat' dir='ltr'><strong>dill&#39;un-</strong></span> 
     </span>
     <span class='ocr_line' id='line_1_6' title="bbox 576 1471 3293 1594; baseline -0.009 -27"><span class='ocrx_word' id='word_1_35' title='bbox 576 1493 808 1586; x_wconf 86' lang='lat' dir='ltr'><strong>ditur,</strong></span> <span class='ocrx_word' id='word_1_36' title='bbox 846 1503 1157 1594; x_wconf 76' lang='lat' dir='ltr'><strong>coaevus</strong></span> <span class='ocrx_word' id='word_1_37' title='bbox 1187 1494 1303 1564; x_wconf 87' lang='lat' dir='ltr'><strong>est</strong></span> <span class='ocrx_word' id='word_1_38' title='bbox 1342 1482 1482 1577; x_wconf 84' lang='lat' dir='ltr'><strong>illi,</strong></span> <span class='ocrx_word' id='word_1_39' title='bbox 1528 1490 1604 1556; x_wconf 85' lang='lat' dir='ltr'><strong>et</strong></span> <span class='ocrx_word' id='word_1_40' title='bbox 1642 1489 1840 1555; x_wconf 89' lang='lat' dir='ltr'><strong>esset</strong></span> <span class='ocrx_word' id='word_1_41' title='bbox 1879 1484 2310 1551; x_wconf 79' lang='lat' dir='ltr'><strong>coaeternus</strong></span> <span class='ocrx_word' id='word_1_42' title='bbox 2341 1474 2406 1550; x_wconf 88' lang='lat' dir='ltr'><strong>si</strong></span> <span class='ocrx_word' id='word_1_43' title='bbox 2438 1471 2644 1571; x_wconf 86' lang='lat' dir='ltr'><strong>ignis</strong></span> <span class='ocrx_word' id='word_1_44' title='bbox 2683 1481 2887 1548; x_wconf 87' lang='lat' dir='ltr'><strong>esset</strong></span> <span class='ocrx_word' id='word_1_45' title='bbox 2925 1481 3293 1564; x_wconf 70' lang='lat' dir='ltr'><strong>aeternus·</strong></span> 
     </span>
    </p>
   </div>
   <div class='ocr_carea' id='block_1_5' title="bbox 985 2053 1693 2158">
    <p class='ocr_par' dir='ltr' id='par_1_5' title="bbox 985 2053 1693 2158">
     <span class='ocr_line' id='line_1_7' title="bbox 985 2053 1693 2158; baseline -0.011 -28"><span class='ocrx_word' id='word_1_46' title='bbox 985 2053 1488 2158; x_wconf 66' lang='lat' dir='ltr'><strong>Anrlanus</strong></span> <span class='ocrx_word' id='word_1_47' title='bbox 1537 2055 1693 2123; x_wconf 83' lang='lat' dir='ltr'><strong>vn.</strong></span> 
     </span>
    </p>
   </div>
   <div class='ocr_carea' id='block_1_6' title="bbox 520 2268 2116 2909">
    <p class='ocr_par' dir='ltr' id='par_1_6' title="bbox 583 2268 2112 2369">
     <span class='ocr_line' id='line_1_8' title="bbox 583 2268 2112 2369; baseline -0.008 -22"><span class='ocrx_word' id='word_1_48' title='bbox 583 2281 693 2348; x_wconf 81' lang='lat' dir='ltr'><strong>An</strong></span> <span class='ocrx_word' id='word_1_49' title='bbox 722 2277 945 2369; x_wconf 79' lang='lat' dir='ltr'><strong>possit</strong></span> <span class='ocrx_word' id='word_1_50' title='bbox 971 2273 1111 2342; x_wconf 80' lang='lat' dir='ltr'><strong>dici</strong></span> <span class='ocrx_word' id='word_1_51' title='bbox 1136 2270 1325 2364; x_wconf 84' lang='lat' dir='ltr'><strong>quod</strong></span> <span class='ocrx_word' id='word_1_52' title='bbox 1348 2268 1578 2338; x_wconf 73' lang='lat' dir='ltr'><strong>Filius</strong></span> <span class='ocrx_word' id='word_1_53' title='bbox 1612 2269 1703 2335; x_wconf 80' lang='lat' dir='ltr'><strong>sit</strong></span> <span class='ocrx_word' id='word_1_54' title='bbox 1749 2277 2112 2335; x_wconf 57' lang='lat' dir='ltr'><strong>coaeternus</strong></span> 
     </span>
    </p>

    <p class='ocr_par' dir='ltr' id='par_1_7' title="bbox 520 2372 2116 2464">
     <span class='ocr_line' id='line_1_9' title="bbox 520 2372 2116 2464; baseline -0.01 -8"><span class='ocrx_word' id='word_1_55' title='bbox 520 2400 528 2410; x_wconf 85' lang='lat'><em>‘</em></span> <span class='ocrx_word' id='word_1_56' title='bbox 657 2384 883 2460; x_wconf 77' lang='lat' dir='ltr'><strong>Patri,</strong></span> <span class='ocrx_word' id='word_1_57' title='bbox 926 2389 991 2450; x_wconf 80' lang='lat' dir='ltr'><strong>et</strong></span> <span class='ocrx_word' id='word_1_58' title='bbox 1028 2389 1264 2448; x_wconf 78' lang='lat' dir='ltr'><strong>utrum</strong></span> <span class='ocrx_word' id='word_1_59' title='bbox 1302 2378 1377 2445; x_wconf 80' lang='lat' dir='ltr'><strong>in</strong></span> <span class='ocrx_word' id='word_1_60' title='bbox 1429 2375 1683 2443; x_wconf 76' lang='lat' dir='ltr'><strong>divinis</strong></span> <span class='ocrx_word' id='word_1_61' title='bbox 1718 2376 1812 2442; x_wconf 81' lang='lat' dir='ltr'><strong>sit</strong></span> <span class='ocrx_word' id='word_1_62' title='bbox 1839 2372 2116 2464; x_wconf 78' lang='lat' dir='ltr'><strong>aliquid</strong></span> 
     </span>
    </p>

    <p class='ocr_par' dir='ltr' id='par_1_8' title="bbox 594 2481 2105 2582">
     <span class='ocr_line' id='line_1_10' title="bbox 594 2481 2105 2582; baseline -0.009 -20"><span class='ocrx_word' id='word_1_63' title='bbox 594 2527 598 2531; x_wconf 21' lang='grc' dir='ltr'><strong>Δ</strong></span> <span class='ocrx_word' id='word_1_64' title='bbox 659 2491 1108 2582; x_wconf 75' lang='lat' dir='ltr'><em>adjectivum,</em></span> <span class='ocrx_word' id='word_1_65' title='bbox 1139 2496 1204 2555; x_wconf 80' lang='lat' dir='ltr'><strong>et</strong></span> <span class='ocrx_word' id='word_1_66' title='bbox 1248 2495 1508 2567; x_wconf 81' lang='lat' dir='ltr'><strong>utrum,</strong></span> <span class='ocrx_word' id='word_1_67' title='bbox 1555 2484 1735 2552; x_wconf 78' lang='lat' dir='ltr'><strong>sicut</strong></span> <span class='ocrx_word' id='word_1_68' title='bbox 1790 2481 2105 2562; x_wconf 80' lang='lat' dir='ltr'><strong><em>dicimus,</em></strong></span> 
     </span>
    </p>

    <p class='ocr_par' dir='ltr' id='par_1_9' title="bbox 590 2589 2109 2909">
     <span class='ocr_line' id='line_1_11' title="bbox 590 2589 2108 2683; baseline -0.009 -14"><span class='ocrx_word' id='word_1_69' title='bbox 590 2622 601 2634; x_wconf 91' lang='lat'>·</span> <span class='ocrx_word' id='word_1_70' title='bbox 663 2602 878 2668; x_wconf 78' lang='lat' dir='ltr'><strong>Pater</strong></span> <span class='ocrx_word' id='word_1_71' title='bbox 908 2607 973 2666; x_wconf 81' lang='lat' dir='ltr'><strong>et</strong></span> <span class='ocrx_word' id='word_1_72' title='bbox 999 2594 1228 2666; x_wconf 75' lang='lat' dir='ltr'><strong>Filius</strong></span> <span class='ocrx_word' id='word_1_73' title='bbox 1252 2603 1414 2661; x_wconf 78' lang='lat' dir='ltr'><strong>sunt</strong></span> <span class='ocrx_word' id='word_1_74' title='bbox 1451 2592 1604 2661; x_wconf 76' lang='lat' dir='ltr'><strong>duae</strong></span> <span class='ocrx_word' id='word_1_75' title='bbox 1625 2613 1951 2683; x_wconf 67' lang='lat' dir='ltr'><strong>personae,</strong></span> <span class='ocrx_word' id='word_1_76' title='bbox 2007 2589 2108 2656; x_wconf 81' lang='lat' dir='ltr'><strong>ila</strong></span> 
     </span>
     <span class='ocr_line' id='line_1_12' title="bbox 663 2695 2109 2796; baseline -0.007 -22"><span class='ocrx_word' id='word_1_77' title='bbox 663 2706 882 2774; x_wconf 80' lang='lat' dir='ltr'><strong>dicere</strong></span> <span class='ocrx_word' id='word_1_78' title='bbox 911 2724 1302 2796; x_wconf 70' lang='lat' dir='ltr'><strong>passurum,</strong></span> <span class='ocrx_word' id='word_1_79' title='bbox 1340 2699 1528 2793; x_wconf 86' lang='lat' dir='ltr'><strong>quod</strong></span> <span class='ocrx_word' id='word_1_80' title='bbox 1551 2700 1765 2766; x_wconf 82' lang='lat' dir='ltr'><strong>Pater</strong></span> <span class='ocrx_word' id='word_1_81' title='bbox 1788 2706 1853 2765; x_wconf 83' lang='lat' dir='ltr'><strong>el</strong></span> <span class='ocrx_word' id='word_1_82' title='bbox 1878 2695 2109 2764; x_wconf 77' lang='lat' dir='ltr'><strong>Filius</strong></span> 
     </span>
     <span class='ocr_line' id='line_1_13' title="bbox 653 2804 1757 2909; baseline -0.007 -29"><span class='ocrx_word' id='word_1_83' title='bbox 653 2821 816 2880; x_wconf 78' lang='lat' dir='ltr'><strong>sunt</strong></span> <span class='ocrx_word' id='word_1_84' title='bbox 852 2810 990 2880; x_wconf 86' lang='lat' dir='ltr'><strong>duo</strong></span> <span class='ocrx_word' id='word_1_85' title='bbox 1013 2809 1156 2909; x_wconf 60' lang='lat' dir='ltr'><strong>dii,</strong></span> <span class='ocrx_word' id='word_1_86' title='bbox 1191 2809 1330 2877; x_wconf 85' lang='lat' dir='ltr'><strong>duo</strong></span> <span class='ocrx_word' id='word_1_87' title='bbox 1354 2807 1693 2898; x_wconf 78' lang='lat' dir='ltr'><strong>sapientes</strong></span> <span class='ocrx_word' id='word_1_88' title='bbox 1716 2804 1757 2872; x_wconf 82' lang='lat'><em>?</em></span> 
     </span>
    </p>
   </div>
   <div class='ocr_carea' id='block_1_7' title="bbox 562 3113 2114 5794">
    <p class='ocr_par' dir='ltr' id='par_1_10' title="bbox 572 3113 2102 3302">
     <span class='ocr_line' id='line_1_14' title="bbox 657 3113 2101 3211; baseline -0.006 -19"><span class='ocrx_word' id='word_1_89' title='bbox 657 3120 919 3192; x_wconf 82' lang='lat' dir='ltr'>Deinde</span> <span class='ocrx_word' id='word_1_90' title='bbox 972 3118 1294 3211; x_wconf 65' lang='lat' dir='ltr'><strong>quaeritur</strong></span> <span class='ocrx_word' id='word_1_91' title='bbox 1345 3117 1429 3186; x_wconf 84' lang='lat' dir='ltr'><strong>‹le</strong></span> <span class='ocrx_word' id='word_1_92' title='bbox 1484 3116 1616 3186; x_wconf 88' lang='lat' dir='ltr'><strong>hoc</strong></span> <span class='ocrx_word' id='word_1_93' title='bbox 1673 3113 1855 3208; x_wconf 86' lang='lat' dir='ltr'><strong>quod</strong></span> <span class='ocrx_word' id='word_1_94' title='bbox 1899 3113 2101 3184; x_wconf 89' lang='lat' dir='ltr'><strong>dicit:</strong></span> 
     </span>
     <span class='ocr_line' id='line_1_15' title="bbox 572 3224 2102 3302; baseline -0.01 0"><span class='ocrx_word' id='word_1_95' title='bbox 572 3259 607 3301; x_wconf 72' lang='grc' dir='ltr'>ι</span> <span class='ocrx_word' id='word_1_96' title='bbox 651 3234 739 3302; x_wconf 80' lang='lat' dir='ltr'><strong>Ut</strong></span> <span class='ocrx_word' id='word_1_97' title='bbox 779 3232 871 3299; x_wconf 78' lang='lat' dir='ltr'><strong>sit</strong></span> <span class='ocrx_word' id='word_1_98' title='bbox 906 3237 1274 3298; x_wconf 77' lang='lat' dir='ltr'><strong>cooelernus</strong></span> <span class='ocrx_word' id='word_1_99' title='bbox 1333 3226 1539 3295; x_wconf 78' lang='lat' dir='ltr'><strong>Patri</strong></span> <span class='ocrx_word' id='word_1_100' title='bbox 1603 3224 1855 3301; x_wconf 70' lang='lat' dir='ltr'><strong>Filius,</strong></span> <span class='ocrx_word' id='word_1_101' title='bbox 1897 3231 2022 3291; x_wconf 88' lang='lat' dir='ltr'><strong>etc.</strong></span> <span class='ocrx_word' id='word_1_102' title='bbox 2070 3248 2102 3286; x_wconf 69' lang='lat' dir='ltr'><strong>s</strong></span> 
     </span>
    </p>

    <p class='ocr_par' dir='ltr' id='par_1_11' title="bbox 563 3329 2107 3851">
     <span class='ocr_line' id='line_1_16' title="bbox 658 3329 2107 3425; baseline -0.007 -16"><span class='ocrx_word' id='word_1_103' title='bbox 658 3341 718 3409; x_wconf 87' lang='lat'><strong>1.</strong></span> <span class='ocrx_word' id='word_1_104' title='bbox 752 3337 855 3406; x_wconf 84' lang='lat' dir='ltr'><strong>Ex</strong></span> <span class='ocrx_word' id='word_1_105' title='bbox 872 3336 1005 3407; x_wconf 85' lang='lat' dir='ltr'><strong>hoc</strong></span> <span class='ocrx_word' id='word_1_106' title='bbox 1032 3335 1214 3403; x_wconf 88' lang='lat' dir='ltr'><strong>enim</strong></span> <span class='ocrx_word' id='word_1_107' title='bbox 1253 3334 1582 3425; x_wconf 90' lang='lat' dir='ltr'><strong>sequitur,</strong></span> <span class='ocrx_word' id='word_1_108' title='bbox 1613 3331 1791 3422; x_wconf 89' lang='lat' dir='ltr'><strong>quod</strong></span> <span class='ocrx_word' id='word_1_109' title='bbox 1812 3329 2011 3398; x_wconf 84' lang='lat' dir='ltr'><strong>Pater</strong></span> <span class='ocrx_word' id='word_1_110' title='bbox 2040 3338 2107 3399; x_wconf 91' lang='lat' dir='ltr'><strong>et</strong></span> 
     </span>
     <span class='ocr_line' id='line_1_17' title="bbox 569 3443 2105 3534; baseline -0.005 -19"><span class='ocrx_word' id='word_1_111' title='bbox 569 3446 779 3515; x_wconf 85' lang='lat' dir='ltr'><strong>Filius</strong></span> <span class='ocrx_word' id='word_1_112' title='bbox 814 3446 952 3515; x_wconf 88' lang='lat' dir='ltr'><strong>sint</strong></span> <span class='ocrx_word' id='word_1_113' title='bbox 986 3443 1137 3512; x_wconf 79' lang='lat' dir='ltr'><strong>duae</strong></span> <span class='ocrx_word' id='word_1_114' title='bbox 1168 3463 1472 3534; x_wconf 85' lang='lat' dir='ltr'><strong>personae</strong></span> <span class='ocrx_word' id='word_1_115' title='bbox 1511 3449 1902 3510; x_wconf 77' lang='lat' dir='ltr'><strong>coaeternae:</strong></span> <span class='ocrx_word' id='word_1_116' title='bbox 1942 3460 2105 3529; x_wconf 84' lang='lat' dir='ltr'><strong>ergo</strong></span> 
     </span>
     <span class='ocr_line' id='line_1_18' title="bbox 564 3544 2105 3621; baseline -0.005 0"><span class='ocrx_word' id='word_1_117' title='bbox 564 3561 720 3621; x_wconf 92' lang='lat' dir='ltr'><strong>sunt</strong></span> <span class='ocrx_word' id='word_1_118' title='bbox 758 3550 897 3619; x_wconf 88' lang='lat' dir='ltr'><strong>duo</strong></span> <span class='ocrx_word' id='word_1_119' title='bbox 926 3549 1279 3619; x_wconf 81' lang='lat' dir='ltr'><strong>coaeterni:</strong></span> <span class='ocrx_word' id='word_1_120' title='bbox 1340 3556 1407 3616; x_wconf 90' lang='lat' dir='ltr'><strong>et</strong></span> <span class='ocrx_word' id='word_1_121' title='bbox 1452 3545 1584 3616; x_wconf 85' lang='lat' dir='ltr'><strong>hoc</strong></span> <span class='ocrx_word' id='word_1_122' title='bbox 1636 3544 1905 3614; x_wconf 80' lang='lat' dir='ltr'><strong>videtur</strong></span> <span class='ocrx_word' id='word_1_123' title='bbox 1957 3567 2105 3614; x_wconf 86' lang='lat' dir='ltr'><strong>esse</strong></span> 
     </span>
     <span class='ocr_line' id='line_1_19' title="bbox 563 3653 2104 3752; baseline -0.008 -21"><span class='ocrx_word' id='word_1_124' title='bbox 563 3669 799 3732; x_wconf 89' lang='lat' dir='ltr'><strong>contra</strong></span> <span class='ocrx_word' id='word_1_125' title='bbox 835 3656 1225 3752; x_wconf 85' lang='lat' dir='ltr'><strong>symbolum</strong></span> <span class='ocrx_word' id='word_1_126' title='bbox 1272 3655 1627 3725; x_wconf 77' lang='lat' dir='ltr'><strong>Athanasii</strong></span> <span class='ocrx_word' id='word_1_127' title='bbox 1658 3679 1673 3724; x_wconf 75' lang='grc' dir='ltr'>ε</span> <span class='ocrx_word' id='word_1_128' title='bbox 1710 3683 1743 3720; x_wconf 73' lang='grc' dir='ltr'>ι</span> <span class='ocrx_word' id='word_1_129' title='bbox 1778 3653 1931 3722; x_wconf 82' lang='lat' dir='ltr'><strong>Non</strong></span> <span class='ocrx_word' id='word_1_130' title='bbox 1971 3662 2104 3722; x_wconf 87' lang='lat' dir='ltr'><strong>tres</strong></span> 
     </span>
     <span class='ocr_line' id='line_1_20' title="bbox 566 3766 1635 3851; baseline -0.009 -10"><span class='ocrx_word' id='word_1_131' title='bbox 566 3770 825 3851; x_wconf 82' lang='lat' dir='ltr'><strong>aeterni,</strong></span> <span class='ocrx_word' id='word_1_132' title='bbox 866 3766 984 3837; x_wconf 86' lang='lat' dir='ltr'><strong>sed</strong></span> <span class='ocrx_word' id='word_1_133' title='bbox 1024 3790 1201 3836; x_wconf 88' lang='lat' dir='ltr'><strong>unus</strong></span> <span class='ocrx_word' id='word_1_134' title='bbox 1246 3775 1562 3835; x_wconf 65' lang='lat' dir='ltr'><strong>aeternus.</strong></span> <span class='ocrx_word' id='word_1_135' title='bbox 1600 3792 1635 3828; x_wconf 77' lang='grc' dir='ltr'><strong>ιι</strong></span> 
     </span>
    </p>

    <p class='ocr_par' dir='ltr' id='par_1_12' title="bbox 562 3870 2105 4180">
     <span class='ocr_line' id='line_1_21' title="bbox 651 3870 2102 3954; baseline -0.006 -9"><span class='ocrx_word' id='word_1_136' title='bbox 651 3879 717 3946; x_wconf 84' lang='grc'><strong>2.</strong></span> <span class='ocrx_word' id='word_1_137' title='bbox 749 3874 1116 3954; x_wconf 80' lang='lat' dir='ltr'><strong>I‘raeterea,</strong></span> <span class='ocrx_word' id='word_1_138' title='bbox 1161 3872 1310 3943; x_wconf 89' lang='lat' dir='ltr'><strong>Una</strong></span> <span class='ocrx_word' id='word_1_139' title='bbox 1343 3880 1442 3941; x_wconf 88' lang='lat' dir='ltr'><strong>est</strong></span> <span class='ocrx_word' id='word_1_140' title='bbox 1482 3872 1822 3940; x_wconf 82' lang='lat' dir='ltr'><strong>aeteruitas</strong></span> <span class='ocrx_word' id='word_1_141' title='bbox 1861 3870 2102 3938; x_wconf 61' lang='lat' dir='ltr'><strong>trium:</strong></span> 
     </span>
     <span class='ocr_line' id='line_1_22' title="bbox 562 3981 2105 4080; baseline -0.006 -24"><span class='ocrx_word' id='word_1_142' title='bbox 562 4008 725 4080; x_wconf 78' lang='lat' dir='ltr'><strong>ergo</strong></span> <span class='ocrx_word' id='word_1_143' title='bbox 764 3982 1058 4063; x_wconf 77' lang='lat' dir='ltr'><strong>videtur,</strong></span> <span class='ocrx_word' id='word_1_144' title='bbox 1100 3982 1283 4074; x_wconf 88' lang='lat' dir='ltr'><strong>quod</strong></span> <span class='ocrx_word' id='word_1_145' title='bbox 1321 3990 1454 4050; x_wconf 84' lang='lat' dir='ltr'><strong>tres</strong></span> <span class='ocrx_word' id='word_1_146' title='bbox 1497 3981 1632 4049; x_wconf 91' lang='lat' dir='ltr'><strong>sint</strong></span> <span class='ocrx_word' id='word_1_147' title='bbox 1682 4003 1859 4048; x_wconf 90' lang='lat' dir='ltr'><strong>unus</strong></span> <span class='ocrx_word' id='word_1_148' title='bbox 1904 3986 2105 4048; x_wconf 62' lang='lat' dir='ltr'><strong>aeter-</strong></span> 
     </span>
     <span class='ocr_line' id='line_1_23' title="bbox 567 4087 1836 4180; baseline -0.006 -16"><span class='ocrx_word' id='word_1_149' title='bbox 567 4117 719 4175; x_wconf 85' lang='lat' dir='ltr'><strong>nus,</strong></span> <span class='ocrx_word' id='word_1_150' title='bbox 760 4114 900 4161; x_wconf 89' lang='lat' dir='ltr'><strong>non</strong></span> <span class='ocrx_word' id='word_1_151' title='bbox 932 4099 1161 4160; x_wconf 90' lang='lat' dir='ltr'><strong>tamen</strong></span> <span class='ocrx_word' id='word_1_152' title='bbox 1201 4113 1379 4158; x_wconf 91' lang='lat' dir='ltr'><strong>unus</strong></span> <span class='ocrx_word' id='word_1_153' title='bbox 1415 4087 1836 4180; x_wconf 88' lang='lat' dir='ltr'><strong>simpliciter.</strong></span> 
     </span>
    </p>

    <p class='ocr_par' dir='ltr' id='par_1_13' title="bbox 567 4192 2107 5047">
     <span class='ocr_line' id='line_1_24' title="bbox 653 4192 2105 4285; baseline -0.005 -18"><span class='ocrx_word' id='word_1_154' title='bbox 653 4201 718 4271; x_wconf 84' lang='lat'><strong>3.</strong></span> <span class='ocrx_word' id='word_1_155' title='bbox 750 4196 950 4276; x_wconf 85' lang='lat' dir='ltr'><strong>Item,</strong></span> <span class='ocrx_word' id='word_1_156' title='bbox 982 4196 1060 4265; x_wconf 88' lang='lat' dir='ltr'><strong>In</strong></span> <span class='ocrx_word' id='word_1_157' title='bbox 1090 4195 1241 4264; x_wconf 89' lang='lat' dir='ltr'><strong>aliis</strong></span> <span class='ocrx_word' id='word_1_158' title='bbox 1269 4194 1618 4285; x_wconf 72' lang='lat' dir='ltr'><strong>adjectivis</strong></span> <span class='ocrx_word' id='word_1_159' title='bbox 1662 4216 1810 4285; x_wconf 85' lang='lat' dir='ltr'><strong>quae</strong></span> <span class='ocrx_word' id='word_1_160' title='bbox 1855 4192 2105 4285; x_wconf 71' lang='lat' dir='ltr'><strong>praedi-</strong></span> 
     </span>
     <span class='ocr_line' id='line_1_25' title="bbox 567 4301 2107 4399; baseline -0.003 -24"><span class='ocrx_word' id='word_1_161' title='bbox 567 4316 723 4375; x_wconf 89' lang='lat' dir='ltr'><strong>cant</strong></span> <span class='ocrx_word' id='word_1_162' title='bbox 768 4306 835 4375; x_wconf 91' lang='lat' dir='ltr'><strong>id</strong></span> <span class='ocrx_word' id='word_1_163' title='bbox 875 4306 1059 4399; x_wconf 85' lang='lat' dir='ltr'><strong>quod</strong></span> <span class='ocrx_word' id='word_1_164' title='bbox 1108 4313 1419 4373; x_wconf 86' lang='lat' dir='ltr'><strong>naturam</strong></span> <span class='ocrx_word' id='word_1_165' title='bbox 1472 4304 1875 4394; x_wconf 72' lang='lat' dir='ltr'><strong>assequitur,</strong></span> <span class='ocrx_word' id='word_1_166' title='bbox 1934 4301 2107 4371; x_wconf 89' lang='lat' dir='ltr'><strong>sicut</strong></span> 
     </span>
     <span class='ocr_line' id='line_1_26' title="bbox 568 4406 2107 4502; baseline -0.005 -22"><span class='ocrx_word' id='word_1_167' title='bbox 568 4412 729 4481; x_wconf 86' lang='lat' dir='ltr'><strong>dicit</strong></span> <span class='ocrx_word' id='word_1_168' title='bbox 758 4412 1220 4492; x_wconf 86' lang='lat' dir='ltr'><strong>Danascenus,</strong></span> <span class='ocrx_word' id='word_1_169' title='bbox 1268 4433 1406 4478; x_wconf 91' lang='lat' dir='ltr'><strong>non</strong></span> <span class='ocrx_word' id='word_1_170' title='bbox 1456 4431 1819 4502; x_wconf 86' lang='lat' dir='ltr'><strong>possumus</strong></span> <span class='ocrx_word' id='word_1_171' title='bbox 1855 4406 2107 4499; x_wconf 81' lang='lat' dir='ltr'><strong>praedi-</strong></span> 
     </span>
     <span class='ocr_line' id='line_1_27' title="bbox 570 4515 2104 4608; baseline -0.004 -18"><span class='ocrx_word' id='word_1_172' title='bbox 570 4544 720 4591; x_wconf 86' lang='lat' dir='ltr'><strong>care</strong></span> <span class='ocrx_word' id='word_1_173' title='bbox 759 4521 828 4590; x_wconf 89' lang='lat' dir='ltr'><strong>in</strong></span> <span class='ocrx_word' id='word_1_174' title='bbox 858 4544 1126 4590; x_wconf 85' lang='lat' dir='ltr'><strong>summa</strong></span> <span class='ocrx_word' id='word_1_175' title='bbox 1156 4520 1238 4591; x_wconf 86' lang='lat' dir='ltr'><strong>de</strong></span> <span class='ocrx_word' id='word_1_176' title='bbox 1269 4518 1483 4588; x_wconf 90' lang='lat' dir='ltr'><strong>tribus</strong></span> <span class='ocrx_word' id='word_1_177' title='bbox 1511 4519 1639 4587; x_wconf 88' lang='lat' dir='ltr'><strong>nisi</strong></span> <span class='ocrx_word' id='word_1_178' title='bbox 1682 4519 1748 4586; x_wconf 90' lang='lat' dir='ltr'><strong>in</strong></span> <span class='ocrx_word' id='word_1_179' title='bbox 1779 4515 2104 4608; x_wconf 78' lang='lat' dir='ltr'><strong>singulari</strong></span> 
     </span>
     <span class='ocr_line' id='line_1_28' title="bbox 567 4625 2104 4706; baseline -0.003 -9"><span class='ocrx_word' id='word_1_180' title='bbox 567 4651 904 4699; x_wconf 87' lang='lat' dir='ltr'><strong>numero:</strong></span> <span class='ocrx_word' id='word_1_181' title='bbox 966 4629 1024 4697; x_wconf 88' lang='lat' dir='ltr'><strong>si</strong></span> <span class='ocrx_word' id='word_1_182' title='bbox 1063 4630 1243 4698; x_wconf 90' lang='lat' dir='ltr'><strong>enim</strong></span> <span class='ocrx_word' id='word_1_183' title='bbox 1301 4626 1545 4706; x_wconf 84' lang='lat' dir='ltr'><strong>dicam,</strong></span> <span class='ocrx_word' id='word_1_184' title='bbox 1589 4625 1790 4694; x_wconf 85' lang='lat' dir='ltr'><strong>Pater</strong></span> <span class='ocrx_word' id='word_1_185' title='bbox 1853 4633 1955 4693; x_wconf 87' lang='lat' dir='ltr'><strong>est</strong></span> <span class='ocrx_word' id='word_1_186' title='bbox 1992 4648 2104 4693; x_wconf 90' lang='lat' dir='ltr'><strong>sa-</strong></span> 
     </span>
     <span class='ocr_line' id='line_1_29' title="bbox 570 4734 2101 4828; baseline -0.002 -25"><span class='ocrx_word' id='word_1_187' title='bbox 570 4739 786 4828; x_wconf 68' lang='lat' dir='ltr'><strong>piens»,</strong></span> <span class='ocrx_word' id='word_1_188' title='bbox 819 4735 1029 4806; x_wconf 83' lang='lat' dir='ltr'><strong>Filius</strong></span> <span class='ocrx_word' id='word_1_189' title='bbox 1067 4744 1167 4805; x_wconf 90' lang='lat' dir='ltr'><strong>est</strong></span> <span class='ocrx_word' id='word_1_190' title='bbox 1193 4736 1489 4827; x_wconf 79' lang='lat' dir='ltr'><strong>sapienS,</strong></span> <span class='ocrx_word' id='word_1_191' title='bbox 1523 4756 1660 4801; x_wconf 90' lang='lat' dir='ltr'><strong>non</strong></span> <span class='ocrx_word' id='word_1_192' title='bbox 1699 4757 1974 4825; x_wconf 86' lang='lat' dir='ltr'><strong>possum</strong></span> <span class='ocrx_word' id='word_1_193' title='bbox 2000 4734 2101 4801; x_wconf 89' lang='lat' dir='ltr'><strong>in·</strong></span> 
     </span>
     <span class='ocr_line' id='line_1_30' title="bbox 570 4842 2103 4938; baseline -0.003 -23"><span class='ocrx_word' id='word_1_194' title='bbox 570 4847 783 4916; x_wconf 76' lang='lat' dir='ltr'><strong>serre:</strong></span> <span class='ocrx_word' id='word_1_195' title='bbox 826 4870 987 4938; x_wconf 79' lang='lat' dir='ltr'><strong>ergo</strong></span> <span class='ocrx_word' id='word_1_196' title='bbox 1020 4845 1221 4915; x_wconf 87' lang='lat' dir='ltr'><strong>Pater</strong></span> <span class='ocrx_word' id='word_1_197' title='bbox 1256 4853 1321 4913; x_wconf 90' lang='lat' dir='ltr'><strong>et</strong></span> <span class='ocrx_word' id='word_1_198' title='bbox 1369 4842 1576 4911; x_wconf 84' lang='lat' dir='ltr'><strong>Filius</strong></span> <span class='ocrx_word' id='word_1_199' title='bbox 1615 4852 1770 4910; x_wconf 92' lang='lat' dir='ltr'><strong>sunt</strong></span> <span class='ocrx_word' id='word_1_200' title='bbox 1818 4843 1952 4911; x_wconf 85' lang='lat' dir='ltr'><strong>duo</strong></span> <span class='ocrx_word' id='word_1_201' title='bbox 1992 4867 2103 4911; x_wconf 89' lang='lat' dir='ltr'><strong>sa-</strong></span> 
     </span>
     <span class='ocr_line' id='line_1_31' title="bbox 571 4949 2096 5047; baseline -0.002 -26"><span class='ocrx_word' id='word_1_202' title='bbox 571 4955 829 5047; x_wconf 87' lang='lat' dir='ltr'><strong>pientes</strong></span> <span class='ocrx_word' id='word_1_203' title='bbox 864 4975 880 5023; x_wconf 89' lang='lat'>:</span> <span class='ocrx_word' id='word_1_204' title='bbox 925 4976 1086 5046; x_wconf 86' lang='lat' dir='ltr'><strong>ergo</strong></span> <span class='ocrx_word' id='word_1_205' title='bbox 1117 4952 1404 5034; x_wconf 75' lang='lat' dir='ltr'><strong>videtur,</strong></span> <span class='ocrx_word' id='word_1_206' title='bbox 1437 4949 1618 5042; x_wconf 86' lang='lat' dir='ltr'><strong>quod</strong></span> <span class='ocrx_word' id='word_1_207' title='bbox 1661 4973 1780 5018; x_wconf 84' lang='lat' dir='ltr'><strong>nec</strong></span> <span class='ocrx_word' id='word_1_208' title='bbox 1823 4951 1890 5017; x_wconf 88' lang='lat' dir='ltr'><strong>in</strong></span> <span class='ocrx_word' id='word_1_209' title='bbox 1944 4952 2096 5019; x_wconf 85' lang='lat' dir='ltr'><strong>isto.</strong></span> 
     </span>
    </p>

    <p class='ocr_par' dir='ltr' id='par_1_14' title="bbox 571 5057 2114 5794">
     <span class='ocr_line' id='line_1_32' title="bbox 658 5057 2106 5151; baseline -0.003 -22"><span class='ocrx_word' id='word_1_210' title='bbox 658 5062 725 5128; x_wconf 76' lang='lat'><strong>4.</strong></span> <span class='ocrx_word' id='word_1_211' title='bbox 762 5061 835 5129; x_wconf 91' lang='lat' dir='ltr'><strong>Si</strong></span> <span class='ocrx_word' id='word_1_212' title='bbox 858 5061 1141 5140; x_wconf 85' lang='lat' dir='ltr'><strong>dicatur,</strong></span> <span class='ocrx_word' id='word_1_213' title='bbox 1177 5058 1358 5151; x_wconf 92' lang='lat' dir='ltr'><strong>quod</strong></span> <span class='ocrx_word' id='word_1_214' title='bbox 1389 5057 1718 5150; x_wconf 75' lang='lat' dir='ltr'><strong>adjectiva</strong></span> <span class='ocrx_word' id='word_1_215' title='bbox 1746 5080 2106 5125; x_wconf 87' lang='lat' dir='ltr'><strong>numerum</strong></span> 
     </span>
     <span class='ocr_line' id='line_1_33' title="bbox 571 5164 2114 5258; baseline -0.003 -20"><span class='ocrx_word' id='word_1_216' title='bbox 571 5177 638 5238; x_wconf 88' lang='lat' dir='ltr'><strong>et</strong></span> <span class='ocrx_word' id='word_1_217' title='bbox 679 5167 1124 5238; x_wconf 69' lang='lat' dir='ltr'><strong>substantiam</strong></span> <span class='ocrx_word' id='word_1_218' title='bbox 1154 5167 1489 5258; x_wconf 88' lang='lat' dir='ltr'><strong>accipiunt</strong></span> <span class='ocrx_word' id='word_1_219' title='bbox 1526 5189 1564 5233; x_wconf 89' lang='lat' dir='ltr'><strong>a</strong></span> <span class='ocrx_word' id='word_1_220' title='bbox 1603 5167 1741 5233; x_wconf 87' lang='lat' dir='ltr'><strong>suis</strong></span> <span class='ocrx_word' id='word_1_221' title='bbox 1796 5164 2114 5234; x_wconf 90' lang='lat' dir='ltr'><strong>substan-</strong></span> 
     </span>
     <span class='ocr_line' id='line_1_34' title="bbox 577 5270 2112 5365; baseline -0.003 -22"><span class='ocrx_word' id='word_1_222' title='bbox 577 5274 759 5357; x_wconf 77' lang='lat' dir='ltr'><strong>tivis,</strong></span> <span class='ocrx_word' id='word_1_223' title='bbox 793 5282 859 5344; x_wconf 81' lang='lat' dir='ltr'><strong>et</strong></span> <span class='ocrx_word' id='word_1_224' title='bbox 887 5277 979 5343; x_wconf 90' lang='lat' dir='ltr'><strong>ita</strong></span> <span class='ocrx_word' id='word_1_225' title='bbox 1007 5298 1162 5342; x_wconf 86' lang='lat' dir='ltr'><strong>cum</strong></span> <span class='ocrx_word' id='word_1_226' title='bbox 1193 5296 1499 5365; x_wconf 82' lang='lat' dir='ltr'><strong>personae</strong></span> <span class='ocrx_word' id='word_1_227' title='bbox 1530 5272 1662 5339; x_wconf 88' lang='lat' dir='ltr'><strong>sint</strong></span> <span class='ocrx_word' id='word_1_228' title='bbox 1692 5270 2112 5341; x_wconf 76' lang='lat' dir='ltr'><strong>substantiva</strong></span> 
     </span>
     <span class='ocr_line' id='line_1_35' title="bbox 582 5364 2113 5472; baseline -0.001 -22"><span class='ocrx_word' id='word_1_229' title='bbox 582 5381 820 5450; x_wconf 89' lang='lat' dir='ltr'><strong>talium</strong></span> <span class='ocrx_word' id='word_1_230' title='bbox 851 5382 1362 5472; x_wconf 80' lang='lat' dir='ltr'><strong>adjectivorum,</strong></span> <span class='ocrx_word' id='word_1_231' title='bbox 1397 5402 1755 5448; x_wconf 85' lang='lat' dir='ltr'><strong>numerum</strong></span> <span class='ocrx_word' id='word_1_232' title='bbox 1779 5364 2113 5470; x_wconf 85' lang='lat' dir='ltr'><strong>accipiunt</strong></span> 
     </span>
     <span class='ocr_line' id='line_1_36' title="bbox 584 5487 2114 5579; baseline -0.001 -24"><span class='ocrx_word' id='word_1_233' title='bbox 584 5496 647 5555; x_wconf 92' lang='lat' dir='ltr'><strong>et</strong></span> <span class='ocrx_word' id='word_1_234' title='bbox 676 5487 1117 5557; x_wconf 75' lang='lat' dir='ltr'><strong>substantiam</strong></span> <span class='ocrx_word' id='word_1_235' title='bbox 1150 5489 1233 5556; x_wconf 90' lang='lat' dir='ltr'><strong>ab</strong></span> <span class='ocrx_word' id='word_1_236' title='bbox 1264 5489 1450 5579; x_wconf 87' lang='lat' dir='ltr'><strong>ipsis,</strong></span> <span class='ocrx_word' id='word_1_237' title='bbox 1494 5495 1557 5555; x_wconf 88' lang='lat' dir='ltr'><strong>et</strong></span> <span class='ocrx_word' id='word_1_238' title='bbox 1587 5487 1758 5554; x_wconf 85' lang='lat' dir='ltr'><strong>circa</strong></span> <span class='ocrx_word' id='word_1_239' title='bbox 1789 5487 1967 5576; x_wconf 89' lang='lat' dir='ltr'><strong>ipsas</strong></span> <span class='ocrx_word' id='word_1_240' title='bbox 2001 5509 2114 5576; x_wconf 91' lang='lat' dir='ltr'><strong>po-</strong></span> 
     </span>
     <span class='ocr_line' id='line_1_37' title="bbox 584 5594 2109 5685; baseline 0.001 -24"><span class='ocrx_word' id='word_1_241' title='bbox 584 5603 754 5663; x_wconf 90' lang='lat' dir='ltr'><strong>nunt</strong></span> <span class='ocrx_word' id='word_1_242' title='bbox 789 5597 929 5664; x_wconf 80' lang='lat' dir='ltr'><strong>vim</strong></span> <span class='ocrx_word' id='word_1_243' title='bbox 967 5619 1186 5673; x_wconf 91' lang='lat' dir='ltr'><strong>suam,</strong></span> <span class='ocrx_word' id='word_1_244' title='bbox 1222 5604 1290 5665; x_wconf 88' lang='lat' dir='ltr'><strong>et</strong></span> <span class='ocrx_word' id='word_1_245' title='bbox 1317 5597 1410 5662; x_wconf 89' lang='lat' dir='ltr'><strong>ita</strong></span> <span class='ocrx_word' id='word_1_246' title='bbox 1447 5602 1730 5685; x_wconf 88' lang='lat' dir='ltr'><strong>possunt</strong></span> <span class='ocrx_word' id='word_1_247' title='bbox 1766 5594 2109 5684; x_wconf 81' lang='lat' dir='ltr'><strong>proedicari</strong></span> 
     </span>
     <span class='ocr_line' id='line_1_38' title="bbox 577 5698 2113 5794; baseline -0.001 -24"><span class='ocrx_word' id='word_1_248' title='bbox 577 5703 650 5770; x_wconf 89' lang='lat' dir='ltr'><strong>in</strong></span> <span class='ocrx_word' id='word_1_249' title='bbox 677 5702 943 5794; x_wconf 81' lang='lat' dir='ltr'><strong>plurali,</strong></span> <span class='ocrx_word' id='word_1_250' title='bbox 976 5713 1053 5773; x_wconf 88' lang='lat' dir='ltr'><strong>ut</strong></span> <span class='ocrx_word' id='word_1_251' title='bbox 1078 5703 1363 5788; x_wconf 86' lang='lat' dir='ltr'><strong>dicatur,</strong></span> <span class='ocrx_word' id='word_1_252' title='bbox 1393 5700 1599 5770; x_wconf 91' lang='lat' dir='ltr'><strong>Pater</strong></span> <span class='ocrx_word' id='word_1_253' title='bbox 1623 5709 1689 5771; x_wconf 85' lang='lat' dir='ltr'><strong>et</strong></span> <span class='ocrx_word' id='word_1_254' title='bbox 1715 5698 1927 5769; x_wconf 85' lang='lat' dir='ltr'><strong>Filius</strong></span> <span class='ocrx_word' id='word_1_255' title='bbox 1957 5710 2113 5770; x_wconf 88' lang='lat' dir='ltr'><strong>sunt</strong></span> 
     </span>
    </p>
   </div>
   <div class='ocr_carea' id='block_1_8' title="bbox 2209 1813 3778 5369">
    <p class='ocr_par' dir='ltr' id='par_1_15' title="bbox 2216 1813 3778 2668">
     <span class='ocr_line' id='line_1_39' title="bbox 2224 1813 3776 1909; baseline -0.005 -20"><span class='ocrx_word' id='word_1_256' title='bbox 2224 1817 2358 1889; x_wconf 90' lang='lat' dir='ltr'><strong>duo</strong></span> <span class='ocrx_word' id='word_1_257' title='bbox 2399 1819 2760 1909; x_wconf 87' lang='lat' dir='ltr'><strong>sapientes.</strong></span> <span class='ocrx_word' id='word_1_258' title='bbox 2789 1821 3058 1890; x_wconf 59' lang='lat' dir='ltr'><strong>Cos-rna</strong></span> <span class='ocrx_word' id='word_1_259' title='bbox 3091 1840 3109 1889; x_wconf 74' lang='grc' dir='ltr'><em>τ</em></span> <span class='ocrx_word' id='word_1_260' title='bbox 3146 1817 3503 1909; x_wconf 72' lang='lat' dir='ltr'><strong>Sapientes</strong></span> <span class='ocrx_word' id='word_1_261' title='bbox 3534 1813 3642 1884; x_wconf 84' lang='lat' dir='ltr'><strong>vel</strong></span> <span class='ocrx_word' id='word_1_262' title='bbox 3672 1832 3776 1882; x_wconf 86' lang='lat' dir='ltr'><strong>sa-</strong></span> 
     </span>
     <span class='ocr_line' id='line_1_40' title="bbox 2221 1925 3778 2019; baseline -0.005 -23"><span class='ocrx_word' id='word_1_263' title='bbox 2221 1930 2413 2019; x_wconf 87' lang='lat' dir='ltr'><strong>piens</strong></span> <span class='ocrx_word' id='word_1_264' title='bbox 2453 1948 2710 1995; x_wconf 88' lang='lat' dir='ltr'><strong>nomen</strong></span> <span class='ocrx_word' id='word_1_265' title='bbox 2737 1936 2880 1998; x_wconf 88' lang='lat' dir='ltr'><strong>est:</strong></span> <span class='ocrx_word' id='word_1_266' title='bbox 2916 1925 3442 2019; x_wconf 82' lang='lat' dir='ltr'><strong>ergosigniticat</strong></span> <span class='ocrx_word' id='word_1_267' title='bbox 3472 1945 3609 1992; x_wconf 91' lang='lat' dir='ltr'><strong>non</strong></span> <span class='ocrx_word' id='word_1_268' title='bbox 3629 1929 3778 1989; x_wconf 85' lang='lat' dir='ltr'><strong>tan·-</strong></span> 
     </span>
     <span class='ocr_line' id='line_1_41' title="bbox 2220 2032 3768 2125; baseline -0.004 -19"><span class='ocrx_word' id='word_1_269' title='bbox 2220 2045 2368 2106; x_wconf 86' lang='lat' dir='ltr'><strong>tum</strong></span> <span class='ocrx_word' id='word_1_270' title='bbox 2415 2035 2895 2119; x_wconf 86' lang='lat' dir='ltr'><strong>substantiam,</strong></span> <span class='ocrx_word' id='word_1_271' title='bbox 2930 2035 3052 2106; x_wconf 87' lang='lat' dir='ltr'><strong>sed</strong></span> <span class='ocrx_word' id='word_1_272' title='bbox 3080 2037 3286 2105; x_wconf 89' lang='lat' dir='ltr'><strong>etiam</strong></span> <span class='ocrx_word' id='word_1_273' title='bbox 3329 2032 3768 2125; x_wconf 81' lang='lat' dir='ltr'><strong>qualitatem:</strong></span> 
     </span>
     <span class='ocr_line' id='line_1_42' title="bbox 2222 2144 3773 2237; baseline -0.005 -24"><span class='ocrx_word' id='word_1_274' title='bbox 2222 2145 2337 2215; x_wconf 90' lang='lat' dir='ltr'><strong>illa</strong></span> <span class='ocrx_word' id='word_1_275' title='bbox 2383 2153 2616 2212; x_wconf 90' lang='lat' dir='ltr'><strong>autem</strong></span> <span class='ocrx_word' id='word_1_276' title='bbox 2670 2147 2963 2237; x_wconf 85' lang='lat' dir='ltr'><strong>qualitas</strong></span> <span class='ocrx_word' id='word_1_277' title='bbox 3004 2144 3340 2236; x_wconf 81' lang='lat' dir='ltr'><strong>sapientia</strong></span> <span class='ocrx_word' id='word_1_278' title='bbox 3398 2149 3549 2211; x_wconf 82' lang='lat' dir='ltr'><strong>est:</strong></span> <span class='ocrx_word' id='word_1_279' title='bbox 3618 2161 3773 2209; x_wconf 88' lang='lat' dir='ltr'><strong>cum</strong></span> 
     </span>
     <span class='ocr_line' id='line_1_43' title="bbox 2217 2249 3770 2346; baseline -0.005 -23"><span class='ocrx_word' id='word_1_280' title='bbox 2217 2276 2381 2346; x_wconf 83' lang='lat' dir='ltr'><strong>ergo</strong></span> <span class='ocrx_word' id='word_1_281' title='bbox 2421 2275 2560 2320; x_wconf 91' lang='lat' dir='ltr'><strong>una</strong></span> <span class='ocrx_word' id='word_1_282' title='bbox 2597 2253 2686 2321; x_wconf 91' lang='lat' dir='ltr'><strong>sit</strong></span> <span class='ocrx_word' id='word_1_283' title='bbox 2722 2254 3056 2346; x_wconf 82' lang='lat' dir='ltr'><strong>sapientia</strong></span> <span class='ocrx_word' id='word_1_284' title='bbox 3084 2249 3294 2321; x_wconf 89' lang='lat' dir='ltr'><strong>trium</strong></span> <span class='ocrx_word' id='word_1_285' title='bbox 3318 2258 3386 2320; x_wconf 90' lang='lat' dir='ltr'><strong>et</strong></span> <span class='ocrx_word' id='word_1_286' title='bbox 3405 2250 3770 2326; x_wconf 85' lang='lat' dir='ltr'><strong>aeternitas,</strong></span> 
     </span>
     <span class='ocr_line' id='line_1_44' title="bbox 2217 2356 3774 2451; baseline -0.004 -21"><span class='ocrx_word' id='word_1_287' title='bbox 2217 2363 2422 2430; x_wconf 89' lang='lat' dir='ltr'><strong>etiam</strong></span> <span class='ocrx_word' id='word_1_288' title='bbox 2491 2363 2550 2429; x_wconf 90' lang='lat' dir='ltr'><strong>si</strong></span> <span class='ocrx_word' id='word_1_289' title='bbox 2588 2360 2966 2431; x_wconf 89' lang='lat' dir='ltr'><strong>substantia</strong></span> <span class='ocrx_word' id='word_1_290' title='bbox 3016 2382 3168 2451; x_wconf 83' lang='lat' dir='ltr'><strong>quae</strong></span> <span class='ocrx_word' id='word_1_291' title='bbox 3226 2366 3328 2427; x_wconf 88' lang='lat' dir='ltr'><strong>est</strong></span> <span class='ocrx_word' id='word_1_292' title='bbox 3384 2356 3774 2448; x_wconf 84' lang='lat' dir='ltr'><strong>hypostasis</strong></span> 
     </span>
     <span class='ocr_line' id='line_1_45' title="bbox 2216 2463 3763 2558; baseline -0.005 -20"><span class='ocrx_word' id='word_1_293' title='bbox 2216 2469 2411 2539; x_wconf 86' lang='lat' dir='ltr'><strong>cadat</strong></span> <span class='ocrx_word' id='word_1_294' title='bbox 2451 2471 2520 2537; x_wconf 90' lang='lat' dir='ltr'><strong>in</strong></span> <span class='ocrx_word' id='word_1_295' title='bbox 2567 2468 2852 2558; x_wconf 88' lang='lat' dir='ltr'><strong>plurale,</strong></span> <span class='ocrx_word' id='word_1_296' title='bbox 2917 2469 3330 2558; x_wconf 77' lang='lat' dir='ltr'><strong>adjectivum</strong></span> <span class='ocrx_word' id='word_1_297' title='bbox 3385 2467 3454 2534; x_wconf 91' lang='lat' dir='ltr'><strong>in</strong></span> <span class='ocrx_word' id='word_1_298' title='bbox 3507 2463 3763 2556; x_wconf 84' lang='lat' dir='ltr'><strong>plurale</strong></span> 
     </span>
     <span class='ocr_line' id='line_1_46' title="bbox 2216 2577 2912 2668; baseline 0 -22"><span class='ocrx_word' id='word_1_299' title='bbox 2216 2577 2457 2646; x_wconf 91' lang='lat' dir='ltr'><strong>cadere</strong></span> <span class='ocrx_word' id='word_1_300' title='bbox 2495 2597 2638 2643; x_wconf 91' lang='lat' dir='ltr'><strong>non</strong></span> <span class='ocrx_word' id='word_1_301' title='bbox 2665 2586 2912 2668; x_wconf 88' lang='lat' dir='ltr'><strong>potest.</strong></span> 
     </span>
    </p>

    <p class='ocr_par' dir='ltr' id='par_1_16' title="bbox 2211 2681 3773 3749">
     <span class='ocr_line' id='line_1_47' title="bbox 2302 2681 3772 2777; baseline -0.005 -23"><span class='ocrx_word' id='word_1_302' title='bbox 2302 2688 2367 2754; x_wconf 75' lang='grc' dir='ltr'><strong>ἴ).</strong></span> <span class='ocrx_word' id='word_1_303' title='bbox 2428 2684 2628 2769; x_wconf 86' lang='lat' dir='ltr'><strong>Item,</strong></span> <span class='ocrx_word' id='word_1_304' title='bbox 2688 2684 2764 2753; x_wconf 88' lang='lat' dir='ltr'><strong>Si</strong></span> <span class='ocrx_word' id='word_1_305' title='bbox 2821 2709 2949 2777; x_wconf 85' lang='lat' dir='ltr'><strong>ego</strong></span> <span class='ocrx_word' id='word_1_306' title='bbox 3022 2685 3272 2763; x_wconf 89' lang='lat' dir='ltr'><strong>dicam,</strong></span> <span class='ocrx_word' id='word_1_307' title='bbox 3335 2681 3650 2751; x_wconf 85' lang='lat' dir='ltr'><strong>Socrates</strong></span> <span class='ocrx_word' id='word_1_308' title='bbox 3706 2689 3772 2748; x_wconf 90' lang='lat' dir='ltr'><strong>et</strong></span> 
     </span>
     <span class='ocr_line' id='line_1_48' title="bbox 2216 2788 3773 2883; baseline -0.003 -22"><span class='ocrx_word' id='word_1_309' title='bbox 2216 2793 2409 2861; x_wconf 82' lang='lat' dir='ltr'><strong>Plato</strong></span> <span class='ocrx_word' id='word_1_310' title='bbox 2440 2798 2601 2860; x_wconf 89' lang='lat' dir='ltr'><strong>sunt</strong></span> <span class='ocrx_word' id='word_1_311' title='bbox 2630 2790 2792 2874; x_wconf 89' lang='lat' dir='ltr'><strong>albi,</strong></span> <span class='ocrx_word' id='word_1_312' title='bbox 2823 2793 2981 2862; x_wconf 89' lang='lat' dir='ltr'><strong>licet</strong></span> <span class='ocrx_word' id='word_1_313' title='bbox 3019 2793 3089 2883; x_wconf 83' lang='lat' dir='ltr'><strong>ly</strong></span> <span class='ocrx_word' id='word_1_314' title='bbox 3117 2791 3270 2860; x_wconf 78' lang='lat' dir='ltr'><strong>albi</strong></span> <span class='ocrx_word' id='word_1_315' title='bbox 3321 2798 3549 2859; x_wconf 87' lang='lat' dir='ltr'><strong>sumat</strong></span> <span class='ocrx_word' id='word_1_316' title='bbox 3605 2788 3773 2857; x_wconf 86' lang='lat' dir='ltr'><strong>sub·</strong></span> 
     </span>
     <span class='ocr_line' id='line_1_49' title="bbox 2211 2898 3768 2991; baseline -0.004 -21"><span class='ocrx_word' id='word_1_317' title='bbox 2211 2901 2532 2970; x_wconf 87' lang='lat' dir='ltr'><strong>stantiam</strong></span> <span class='ocrx_word' id='word_1_318' title='bbox 2587 2899 3066 2991; x_wconf 74' lang='lat' dir='ltr'><strong>plurificatam,</strong></span> <span class='ocrx_word' id='word_1_319' title='bbox 3128 2910 3360 2969; x_wconf 88' lang='lat' dir='ltr'><strong>tamen</strong></span> <span class='ocrx_word' id='word_1_320' title='bbox 3416 2898 3546 2968; x_wconf 87' lang='lat' dir='ltr'><strong>hoc</strong></span> <span class='ocrx_word' id='word_1_321' title='bbox 3630 2919 3768 2965; x_wconf 87' lang='lat' dir='ltr'><strong>non</strong></span> 
     </span>
     <span class='ocr_line' id='line_1_50' title="bbox 2211 3002 3765 3103; baseline -0.002 -28"><span class='ocrx_word' id='word_1_322' title='bbox 2211 3007 2457 3075; x_wconf 80' lang='lat' dir='ltr'><strong>sufficit</strong></span> <span class='ocrx_word' id='word_1_323' title='bbox 2496 3002 2626 3075; x_wconf 89' lang='lat' dir='ltr'><strong>sibi</strong></span> <span class='ocrx_word' id='word_1_324' title='bbox 2666 3008 2752 3077; x_wconf 90' lang='lat' dir='ltr'><strong>ad</strong></span> <span class='ocrx_word' id='word_1_325' title='bbox 2813 3008 3323 3103; x_wconf 85' lang='lat' dir='ltr'><strong>pluralitatem:</strong></span> <span class='ocrx_word' id='word_1_326' title='bbox 3384 3003 3504 3075; x_wconf 86' lang='lat' dir='ltr'><strong>sed</strong></span> <span class='ocrx_word' id='word_1_327' title='bbox 3560 3006 3765 3074; x_wconf 87' lang='lat' dir='ltr'><strong>etiam</strong></span> 
     </span>
     <span class='ocr_line' id='line_1_51' title="bbox 2212 3114 3762 3209; baseline -0.001 -25"><span class='ocrx_word' id='word_1_328' title='bbox 2212 3124 2506 3209; x_wconf 89' lang='lat' dir='ltr'><strong>oportet,</strong></span> <span class='ocrx_word' id='word_1_329' title='bbox 2549 3117 2733 3208; x_wconf 90' lang='lat' dir='ltr'><strong>quod</strong></span> <span class='ocrx_word' id='word_1_330' title='bbox 2791 3120 2927 3186; x_wconf 92' lang='lat' dir='ltr'><strong>sint</strong></span> <span class='ocrx_word' id='word_1_331' title='bbox 2974 3117 3065 3185; x_wconf 91' lang='lat' dir='ltr'><strong>ibi</strong></span> <span class='ocrx_word' id='word_1_332' title='bbox 3115 3115 3344 3209; x_wconf 89' lang='lat' dir='ltr'><strong>plures</strong></span> <span class='ocrx_word' id='word_1_333' title='bbox 3390 3114 3762 3197; x_wconf 78' lang='lat' dir='ltr'><strong>albedineS,</strong></span> 
     </span>
     <span class='ocr_line' id='line_1_52' title="bbox 2213 3221 3764 3318; baseline -0.001 -28"><span class='ocrx_word' id='word_1_334' title='bbox 2213 3233 2287 3292; x_wconf 95' lang='lat' dir='ltr'><strong>ut</strong></span> <span class='ocrx_word' id='word_1_335' title='bbox 2313 3222 2586 3291; x_wconf 81' lang='lat' dir='ltr'><strong>videtur</strong></span> <span class='ocrx_word' id='word_1_336' title='bbox 2618 3246 2634 3290; x_wconf 74' lang='grc' dir='ltr'>ε</span> <span class='ocrx_word' id='word_1_337' title='bbox 2679 3248 2839 3318; x_wconf 84' lang='lat' dir='ltr'><strong>ergo</strong></span> <span class='ocrx_word' id='word_1_338' title='bbox 2871 3249 2911 3293; x_wconf 85' lang='lat' dir='ltr'><strong>a</strong></span> <span class='ocrx_word' id='word_1_339' title='bbox 2948 3223 3154 3292; x_wconf 88' lang='lat' dir='ltr'><strong>simili</strong></span> <span class='ocrx_word' id='word_1_340' title='bbox 3188 3226 3257 3291; x_wconf 91' lang='lat' dir='ltr'><strong>in</strong></span> <span class='ocrx_word' id='word_1_341' title='bbox 3293 3222 3565 3299; x_wconf 77' lang='lat' dir='ltr'><strong>divinis,</strong></span> <span class='ocrx_word' id='word_1_342' title='bbox 3612 3221 3764 3289; x_wconf 87' lang='lat' dir='ltr'><strong>licet</strong></span> 
     </span>
     <span class='ocr_line' id='line_1_53' title="bbox 2213 3331 3770 3424; baseline 0.001 -25"><span class='ocrx_word' id='word_1_343' title='bbox 2213 3341 2276 3399; x_wconf 92' lang='lat' dir='ltr'><strong>et</strong></span> <span class='ocrx_word' id='word_1_344' title='bbox 2308 3331 2510 3400; x_wconf 87' lang='lat' dir='ltr'><strong>Pater</strong></span> <span class='ocrx_word' id='word_1_345' title='bbox 2547 3338 2612 3400; x_wconf 88' lang='lat' dir='ltr'><strong>et</strong></span> <span class='ocrx_word' id='word_1_346' title='bbox 2646 3332 2852 3404; x_wconf 83' lang='lat' dir='ltr'><strong>Filius</strong></span> <span class='ocrx_word' id='word_1_347' title='bbox 2881 3335 3017 3402; x_wconf 88' lang='lat' dir='ltr'><strong>sint</strong></span> <span class='ocrx_word' id='word_1_348' title='bbox 3045 3332 3275 3424; x_wconf 90' lang='lat' dir='ltr'><strong>plures</strong></span> <span class='ocrx_word' id='word_1_349' title='bbox 3305 3341 3373 3401; x_wconf 88' lang='lat' dir='ltr'><strong>et</strong></span> <span class='ocrx_word' id='word_1_350' title='bbox 3425 3353 3770 3423; x_wconf 66' lang='lat' dir='ltr'><strong>personae,</strong></span> 
     </span>
     <span class='ocr_line' id='line_1_54' title="bbox 2213 3442 3769 3534; baseline -0.002 -25"><span class='ocrx_word' id='word_1_351' title='bbox 2213 3463 2366 3509; x_wconf 89' lang='lat' dir='ltr'><strong>cum</strong></span> <span class='ocrx_word' id='word_1_352' title='bbox 2399 3448 2631 3509; x_wconf 87' lang='lat' dir='ltr'><strong>tamen</strong></span> <span class='ocrx_word' id='word_1_353' title='bbox 2661 3442 2966 3534; x_wconf 88' lang='lat' dir='ltr'><strong>ipsorum</strong></span> <span class='ocrx_word' id='word_1_354' title='bbox 2996 3444 3085 3511; x_wconf 88' lang='lat' dir='ltr'><strong>sit</strong></span> <span class='ocrx_word' id='word_1_355' title='bbox 3112 3442 3446 3533; x_wconf 86' lang='lat' dir='ltr'><strong>sapientia</strong></span> <span class='ocrx_word' id='word_1_356' title='bbox 3475 3448 3540 3509; x_wconf 89' lang='lat' dir='ltr'><strong>et</strong></span> <span class='ocrx_word' id='word_1_357' title='bbox 3570 3447 3769 3509; x_wconf 78' lang='lat' dir='ltr'><strong>aeter-</strong></span> 
     </span>
     <span class='ocr_line' id='line_1_55' title="bbox 2213 3544 3769 3639; baseline -0.001 -25"><span class='ocrx_word' id='word_1_358' title='bbox 2213 3546 2389 3614; x_wconf 88' lang='lat' dir='ltr'><strong>nitas</strong></span> <span class='ocrx_word' id='word_1_359' title='bbox 2429 3569 2594 3627; x_wconf 85' lang='lat' dir='ltr'><strong>una,</strong></span> <span class='ocrx_word' id='word_1_360' title='bbox 2634 3544 2794 3617; x_wconf 87' lang='lat' dir='ltr'><strong>talia</strong></span> <span class='ocrx_word' id='word_1_361' title='bbox 2833 3548 3115 3617; x_wconf 89' lang='lat' dir='ltr'><strong>nomina</strong></span> <span class='ocrx_word' id='word_1_362' title='bbox 3153 3547 3488 3639; x_wconf 75' lang='lat' dir='ltr'><strong>adjectiva</strong></span> <span class='ocrx_word' id='word_1_363' title='bbox 3534 3545 3769 3637; x_wconf 89' lang='lat' dir='ltr'><strong>plura-</strong></span> 
     </span>
     <span class='ocr_line' id='line_1_56' title="bbox 2211 3654 3598 3749; baseline 0.003 -26"><span class='ocrx_word' id='word_1_364' title='bbox 2211 3654 2366 3725; x_wconf 89' lang='lat' dir='ltr'><strong>liter</strong></span> <span class='ocrx_word' id='word_1_365' title='bbox 2402 3657 2486 3724; x_wconf 90' lang='lat' dir='ltr'><strong>de</strong></span> <span class='ocrx_word' id='word_1_366' title='bbox 2525 3655 2688 3747; x_wconf 87' lang='lat' dir='ltr'><strong>ipsis</strong></span> <span class='ocrx_word' id='word_1_367' title='bbox 2716 3657 3070 3749; x_wconf 69' lang='lat' dir='ltr'><strong>praedicari</strong></span> <span class='ocrx_word' id='word_1_368' title='bbox 3111 3680 3249 3725; x_wconf 88' lang='lat' dir='ltr'><strong>non</strong></span> <span class='ocrx_word' id='word_1_369' title='bbox 3286 3663 3598 3749; x_wconf 89' lang='lat' dir='ltr'><strong>possunt.</strong></span> 
     </span>
    </p>

    <p class='ocr_par' dir='ltr' id='par_1_17' title="bbox 2303 3762 2773 3836">
     <span class='ocr_line' id='line_1_57' title="bbox 2303 3762 2773 3836; baseline 0.013 -7"><span class='ocrx_word' id='word_1_370' title='bbox 2303 3762 2437 3830; x_wconf 74' lang='lat' dir='ltr'><strong>San</strong></span> <span class='ocrx_word' id='word_1_371' title='bbox 2482 3786 2773 3836; x_wconf 72' lang='lat' dir='ltr'><strong>coxrnA:</strong></span> 
     </span>
    </p>

    <p class='ocr_par' dir='ltr' id='par_1_18' title="bbox 2209 3870 3769 4722">
     <span class='ocr_line' id='line_1_58' title="bbox 2305 3870 3765 3968; baseline 0.001 -27"><span class='ocrx_word' id='word_1_372' title='bbox 2305 3873 2364 3941; x_wconf 80' lang='grc' dir='ltr'><strong>ί.</strong></span> <span class='ocrx_word' id='word_1_373' title='bbox 2400 3870 2690 3942; x_wconf 77' lang='lat' dir='ltr'><strong>Videtur</strong></span> <span class='ocrx_word' id='word_1_374' title='bbox 2709 3875 2937 3945; x_wconf 89' lang='lat' dir='ltr'><strong>minus</strong></span> <span class='ocrx_word' id='word_1_375' title='bbox 2958 3875 3142 3968; x_wconf 91' lang='lat' dir='ltr'><strong>quod</strong></span> <span class='ocrx_word' id='word_1_376' title='bbox 3163 3873 3611 3945; x_wconf 88' lang='lat' dir='ltr'><strong>substantiam</strong></span> <span class='ocrx_word' id='word_1_377' title='bbox 3630 3876 3765 3968; x_wconf 80' lang='lat' dir='ltr'><strong>sig-</strong></span> 
     </span>
     <span class='ocr_line' id='line_1_59' title="bbox 2213 3982 3765 4076; baseline 0.001 -27"><span class='ocrx_word' id='word_1_378' title='bbox 2213 3982 2498 4051; x_wconf 78' lang='lat' dir='ltr'><strong>nificans</strong></span> <span class='ocrx_word' id='word_1_379' title='bbox 2527 3995 2802 4076; x_wconf 87' lang='lat' dir='ltr'><strong>propter</strong></span> <span class='ocrx_word' id='word_1_380' title='bbox 2829 3986 3112 4055; x_wconf 90' lang='lat' dir='ltr'><strong>modum</strong></span> <span class='ocrx_word' id='word_1_381' title='bbox 3161 3984 3472 4075; x_wconf 76' lang='lat' dir='ltr'><strong>adjectivi</strong></span> <span class='ocrx_word' id='word_1_382' title='bbox 3517 3987 3765 4076; x_wconf 88' lang='lat' dir='ltr'><strong>impor-</strong></span> 
     </span>
     <span class='ocr_line' id='line_1_60' title="bbox 2209 4089 3762 4183; baseline 0.001 -26"><span class='ocrx_word' id='word_1_383' title='bbox 2209 4099 2428 4158; x_wconf 88' lang='lat' dir='ltr'><strong>tatum</strong></span> <span class='ocrx_word' id='word_1_384' title='bbox 2492 4092 2561 4160; x_wconf 87' lang='lat' dir='ltr'><strong>in</strong></span> <span class='ocrx_word' id='word_1_385' title='bbox 2617 4092 2828 4162; x_wconf 85' lang='lat' dir='ltr'><strong>verbo</strong></span> <span class='ocrx_word' id='word_1_386' title='bbox 2886 4094 3083 4162; x_wconf 86' lang='lat' dir='ltr'><strong>cadat</strong></span> <span class='ocrx_word' id='word_1_387' title='bbox 3131 4094 3200 4160; x_wconf 90' lang='lat' dir='ltr'><strong>in</strong></span> <span class='ocrx_word' id='word_1_388' title='bbox 3276 4089 3762 4183; x_wconf 85' lang='lat' dir='ltr'><strong>pluralitatem,</strong></span> 
     </span>
     <span class='ocr_line' id='line_1_61' title="bbox 2213 4196 3766 4293; baseline 0.002 -30"><span class='ocrx_word' id='word_1_389' title='bbox 2213 4219 2420 4289; x_wconf 90' lang='lat' dir='ltr'><strong>quam</strong></span> <span class='ocrx_word' id='word_1_390' title='bbox 2476 4196 2546 4265; x_wconf 89' lang='lat' dir='ltr'><strong>id</strong></span> <span class='ocrx_word' id='word_1_391' title='bbox 2602 4198 2785 4290; x_wconf 88' lang='lat' dir='ltr'><strong>quod</strong></span> <span class='ocrx_word' id='word_1_392' title='bbox 2833 4224 2958 4293; x_wconf 92' lang='lat' dir='ltr'><strong>per</strong></span> <span class='ocrx_word' id='word_1_393' title='bbox 3004 4223 3075 4268; x_wconf 90' lang='lat' dir='ltr'><strong>se</strong></span> <span class='ocrx_word' id='word_1_394' title='bbox 3126 4198 3577 4268; x_wconf 88' lang='lat' dir='ltr'><strong>substantiam</strong></span> <span class='ocrx_word' id='word_1_395' title='bbox 3631 4221 3766 4267; x_wconf 89' lang='lat' dir='ltr'><strong>non</strong></span> 
     </span>
     <span class='ocr_line' id='line_1_62' title="bbox 2212 4303 3769 4399; baseline 0.002 -29"><span class='ocrx_word' id='word_1_396' title='bbox 2212 4303 2575 4395; x_wconf 75' lang='lat' dir='ltr'><strong>significat,</strong></span> <span class='ocrx_word' id='word_1_397' title='bbox 2609 4316 2674 4373; x_wconf 89' lang='lat' dir='ltr'><strong>et</strong></span> <span class='ocrx_word' id='word_1_398' title='bbox 2705 4307 2886 4377; x_wconf 85' lang='lat' dir='ltr'><strong>cadit</strong></span> <span class='ocrx_word' id='word_1_399' title='bbox 2916 4308 2985 4376; x_wconf 91' lang='lat' dir='ltr'><strong>in</strong></span> <span class='ocrx_word' id='word_1_400' title='bbox 3026 4304 3482 4399; x_wconf 86' lang='lat' dir='ltr'><strong>pluralitatem</strong></span> <span class='ocrx_word' id='word_1_401' title='bbox 3525 4307 3578 4373; x_wconf 87' lang='lat' dir='ltr'><strong>si</strong></span> <span class='ocrx_word' id='word_1_402' title='bbox 3611 4329 3769 4374; x_wconf 74' lang='lat' dir='ltr'><strong>ver-</strong></span> 
     </span>
     <span class='ocr_line' id='line_1_63' title="bbox 2219 4410 3764 4504; baseline 0.003 -26"><span class='ocrx_word' id='word_1_403' title='bbox 2219 4410 2458 4480; x_wconf 86' lang='lat' dir='ltr'><strong>baliter</strong></span> <span class='ocrx_word' id='word_1_404' title='bbox 2509 4411 2955 4504; x_wconf 76' lang='lat' dir='ltr'><strong>significatur,</strong></span> <span class='ocrx_word' id='word_1_405' title='bbox 3024 4415 3196 4485; x_wconf 88' lang='lat' dir='ltr'><strong>sicut</strong></span> <span class='ocrx_word' id='word_1_406' title='bbox 3262 4414 3465 4484; x_wconf 87' lang='lat' dir='ltr'><strong>Joan.</strong></span> <span class='ocrx_word' id='word_1_407' title='bbox 3509 4439 3573 4491; x_wconf 85' lang='lat' dir='ltr'><strong>x.</strong></span> <span class='ocrx_word' id='word_1_408' title='bbox 3651 4416 3764 4493; x_wconf 83' lang='lat'><strong>30,</strong></span> 
     </span>
     <span class='ocr_line' id='line_1_64' title="bbox 2217 4516 3768 4610; baseline 0.003 -27"><span class='ocrx_word' id='word_1_409' title='bbox 2217 4516 2549 4587; x_wconf 73' lang='lat' dir='ltr'><strong>liabetur:</strong></span> <span class='ocrx_word' id='word_1_410' title='bbox 2611 4520 2762 4610; x_wconf 74' lang='lat' dir='ltr'><strong>qu</strong></span> <span class='ocrx_word' id='word_1_411' title='bbox 2817 4532 2882 4590; x_wconf 81' lang='lat' dir='ltr'><strong>et</strong></span> <span class='ocrx_word' id='word_1_412' title='bbox 2937 4525 3152 4591; x_wconf 80' lang='lat' dir='ltr'><strong>Pater</strong></span> <span class='ocrx_word' id='word_1_413' title='bbox 3206 4544 3423 4590; x_wconf 82' lang='lat' dir='ltr'><strong>umem</strong></span> <span class='ocrx_word' id='word_1_414' title='bbox 3475 4545 3714 4591; x_wconf 78' lang='lat' dir='ltr'><strong>sumus</strong></span> <span class='ocrx_word' id='word_1_415' title='bbox 3745 4544 3768 4588; x_wconf 89' lang='lat'><strong>.·</strong></span> 
     </span>
     <span class='ocr_line' id='line_1_65' title="bbox 2212 4624 3275 4722; baseline 0.006 -30"><span class='ocrx_word' id='word_1_416' title='bbox 2212 4646 2375 4717; x_wconf 85' lang='lat' dir='ltr'><strong>ergo</strong></span> <span class='ocrx_word' id='word_1_417' title='bbox 2407 4624 2626 4694; x_wconf 88' lang='lat' dir='ltr'><strong>multo</strong></span> <span class='ocrx_word' id='word_1_418' title='bbox 2657 4630 2873 4722; x_wconf 84' lang='lat' dir='ltr'><strong>magis</strong></span> <span class='ocrx_word' id='word_1_419' title='bbox 2913 4629 3275 4721; x_wconf 85' lang='lat' dir='ltr'><strong>adjectiva.</strong></span> 
     </span>
    </p>

    <p class='ocr_par' dir='ltr' id='par_1_19' title="bbox 2209 4736 3774 5369">
     <span class='ocr_line' id='line_1_66' title="bbox 2300 4736 3770 4832; baseline 0.004 -30"><span class='ocrx_word' id='word_1_420' title='bbox 2300 4736 2365 4802; x_wconf 83' lang='lat'><strong>2.</strong></span> <span class='ocrx_word' id='word_1_421' title='bbox 2413 4736 2771 4821; x_wconf 67' lang='lat' dir='ltr'><strong>Praeterea,</strong></span> <span class='ocrx_word' id='word_1_422' title='bbox 2816 4739 2950 4808; x_wconf 79' lang='lat' dir='ltr'><strong>Res</strong></span> <span class='ocrx_word' id='word_1_423' title='bbox 2979 4740 3199 4832; x_wconf 87' lang='lat' dir='ltr'><strong>magis</strong></span> <span class='ocrx_word' id='word_1_424' title='bbox 3241 4739 3624 4832; x_wconf 89' lang='lat' dir='ltr'><strong>propinqua</strong></span> <span class='ocrx_word' id='word_1_425' title='bbox 3671 4747 3770 4808; x_wconf 85' lang='lat' dir='ltr'><strong>est</strong></span> 
     </span>
     <span class='ocr_line' id='line_1_67' title="bbox 2209 4843 3765 4940; baseline 0.003 -29"><span class='ocrx_word' id='word_1_426' title='bbox 2209 4843 2589 4913; x_wconf 88' lang='lat' dir='ltr'><strong>secundum</strong></span> <span class='ocrx_word' id='word_1_427' title='bbox 2638 4848 2969 4915; x_wconf 88' lang='lat' dir='ltr'><strong>rationem</strong></span> <span class='ocrx_word' id='word_1_428' title='bbox 3009 4847 3514 4940; x_wconf 80' lang='lat' dir='ltr'><strong>significationi,</strong></span> <span class='ocrx_word' id='word_1_429' title='bbox 3563 4870 3765 4939; x_wconf 86' lang='lat' dir='ltr'><strong>quam</strong></span> 
     </span>
     <span class='ocr_line' id='line_1_68' title="bbox 2210 4949 3767 5045; baseline 0.003 -27"><span class='ocrx_word' id='word_1_430' title='bbox 2210 4949 2590 5041; x_wconf 84' lang='lat' dir='ltr'><strong>adjectiva:</strong></span> <span class='ocrx_word' id='word_1_431' title='bbox 2663 4961 2727 5020; x_wconf 91' lang='lat' dir='ltr'><strong>et</strong></span> <span class='ocrx_word' id='word_1_432' title='bbox 2801 4965 3031 5022; x_wconf 89' lang='lat' dir='ltr'><strong>tamen</strong></span> <span class='ocrx_word' id='word_1_433' title='bbox 3107 4977 3314 5045; x_wconf 87' lang='lat' dir='ltr'><strong>supra</strong></span> <span class='ocrx_word' id='word_1_434' title='bbox 3373 4952 3767 5034; x_wconf 87' lang='lat' dir='ltr'><strong>habuimus,</strong></span> 
     </span>
     <span class='ocr_line' id='line_1_69' title="bbox 2219 5056 3771 5152; baseline 0.003 -28"><span class='ocrx_word' id='word_1_435' title='bbox 2219 5057 2401 5149; x_wconf 92' lang='lat' dir='ltr'><strong>quod</strong></span> <span class='ocrx_word' id='word_1_436' title='bbox 2440 5056 2644 5127; x_wconf 88' lang='lat' dir='ltr'><strong>Pater</strong></span> <span class='ocrx_word' id='word_1_437' title='bbox 2699 5068 2764 5128; x_wconf 92' lang='lat' dir='ltr'><strong>et</strong></span> <span class='ocrx_word' id='word_1_438' title='bbox 2811 5061 3023 5129; x_wconf 85' lang='lat' dir='ltr'><strong>Filius</strong></span> <span class='ocrx_word' id='word_1_439' title='bbox 3060 5070 3127 5129; x_wconf 90' lang='lat' dir='ltr'><strong>et</strong></span> <span class='ocrx_word' id='word_1_440' title='bbox 3168 5059 3461 5152; x_wconf 86' lang='lat' dir='ltr'><strong>Spiritus</strong></span> <span class='ocrx_word' id='word_1_441' title='bbox 3500 5070 3771 5131; x_wconf 88' lang='lat' dir='ltr'><strong>sanctus</strong></span> 
     </span>
     <span class='ocr_line' id='line_1_70' title="bbox 2218 5170 3774 5263; baseline 0.005 -31"><span class='ocrx_word' id='word_1_442' title='bbox 2218 5175 2373 5233; x_wconf 92' lang='lat' dir='ltr'><strong>sunt</strong></span> <span class='ocrx_word' id='word_1_443' title='bbox 2394 5174 2531 5235; x_wconf 87' lang='lat' dir='ltr'><strong>tres</strong></span> <span class='ocrx_word' id='word_1_444' title='bbox 2555 5189 2659 5234; x_wconf 91' lang='lat' dir='ltr'><strong>res</strong></span> <span class='ocrx_word' id='word_1_445' title='bbox 2685 5189 2700 5237; x_wconf 88' lang='lat'>:</span> <span class='ocrx_word' id='word_1_446' title='bbox 2726 5193 2889 5262; x_wconf 87' lang='lat' dir='ltr'><strong>ergo</strong></span> <span class='ocrx_word' id='word_1_447' title='bbox 2907 5172 3110 5239; x_wconf 89' lang='lat' dir='ltr'><strong>etiam</strong></span> <span class='ocrx_word' id='word_1_448' title='bbox 3129 5170 3459 5260; x_wconf 77' lang='lat' dir='ltr'><strong>adjectiva</strong></span> <span class='ocrx_word' id='word_1_449' title='bbox 3484 5180 3774 5263; x_wconf 90' lang='lat' dir='ltr'><strong>possunt</strong></span> 
     </span>
     <span class='ocr_line' id='line_1_71' title="bbox 2219 5272 3407 5369; baseline 0.005 -29"><span class='ocrx_word' id='word_1_450' title='bbox 2219 5272 2299 5340; x_wconf 89' lang='lat' dir='ltr'><strong>de</strong></span> <span class='ocrx_word' id='word_1_451' title='bbox 2338 5272 2650 5365; x_wconf 84' lang='lat' dir='ltr'><strong>pluribus</strong></span> <span class='ocrx_word' id='word_1_452' title='bbox 2681 5280 2991 5367; x_wconf 86' lang='lat' dir='ltr'><strong>personis</strong></span> <span class='ocrx_word' id='word_1_453' title='bbox 3035 5277 3407 5369; x_wconf 80' lang='lat' dir='ltr'><strong>proedicari.</strong></span> 
     </span>
    </p>
   </div>
   <div class='ocr_carea' id='block_1_9' title="bbox 2218 5484 3770 5798">
    <p class='ocr_par' dir='ltr' id='par_1_20' title="bbox 2218 5484 3770 5798">
     <span class='ocr_line' id='line_1_72' title="bbox 2304 5484 3768 5584; baseline 0.004 -30"><span class='ocrx_word' id='word_1_454' title='bbox 2304 5486 2522 5554; x_wconf 70' lang='lat' dir='ltr'><strong>Juxn</strong></span> <span class='ocrx_word' id='word_1_455' title='bbox 2564 5484 2696 5554; x_wconf 87' lang='lat' dir='ltr'><strong>hoc</strong></span> <span class='ocrx_word' id='word_1_456' title='bbox 2724 5490 3049 5579; x_wconf 82' lang='lat' dir='ltr'><strong>quaeritur</strong></span> <span class='ocrx_word' id='word_1_457' title='bbox 3087 5489 3394 5571; x_wconf 79' lang='lat' dir='ltr'><strong>ulteriuS,</strong></span> <span class='ocrx_word' id='word_1_458' title='bbox 3430 5494 3483 5560; x_wconf 92' lang='lat' dir='ltr'><strong>si</strong></span> <span class='ocrx_word' id='word_1_459' title='bbox 3517 5492 3768 5584; x_wconf 88' lang='lat' dir='ltr'><strong>aliquid</strong></span> 
     </span>
     <span class='ocr_line' id='line_1_73' title="bbox 2218 5594 3164 5684; baseline 0.005 -23"><span class='ocrx_word' id='word_1_460' title='bbox 2218 5594 2733 5684; x_wconf 85' lang='lat' dir='ltr'><strong>sitadjectivum</strong></span> <span class='ocrx_word' id='word_1_461' title='bbox 2766 5598 2835 5664; x_wconf 92' lang='lat' dir='ltr'><strong>in</strong></span> <span class='ocrx_word' id='word_1_462' title='bbox 2852 5598 3102 5665; x_wconf 84' lang='lat' dir='ltr'><strong>divinis</strong></span> <span class='ocrx_word' id='word_1_463' title='bbox 3131 5603 3164 5667; x_wconf 57' lang='lat'><strong>‘2&#39;</strong></span> 
     </span>
     <span class='ocr_line' id='line_1_74' title="bbox 2311 5694 3770 5798; baseline 0.006 -31"><span class='ocrx_word' id='word_1_464' title='bbox 2311 5703 2373 5769; x_wconf 82' lang='lat'><strong>1.</strong></span> <span class='ocrx_word' id='word_1_465' title='bbox 2415 5694 2783 5771; x_wconf 88' lang='lat' dir='ltr'><strong>habuimus</strong></span> <span class='ocrx_word' id='word_1_466' title='bbox 2812 5699 2996 5773; x_wconf 89' lang='lat' dir='ltr'><strong>enim</strong></span> <span class='ocrx_word' id='word_1_467' title='bbox 3038 5700 3469 5775; x_wconf 86' lang='lat' dir='ltr'><strong>distinctione</strong></span> <span class='ocrx_word' id='word_1_468' title='bbox 3516 5730 3770 5798; x_wconf 80' lang='lat' dir='ltr'><strong>praece-</strong></span> 
     </span>
    </p>
   </div>
   <div class='ocr_carea' id='block_1_10' title="bbox 3793 3766 4109 3815">
    <p class='ocr_par' dir='ltr' id='par_1_21' title="bbox 3793 3766 4109 3815">
     <span class='ocr_line' id='line_1_75' title="bbox 3793 3766 4109 3815; baseline -0.006 0"><span class='ocrx_word' id='word_1_469' title='bbox 3793 3766 3890 3815; x_wconf 72' lang='lat' dir='ltr'><strong>Sed</strong></span> <span class='ocrx_word' id='word_1_470' title='bbox 3916 3775 4109 3815; x_wconf 73' lang='lat' dir='ltr'><strong>eontra.</strong></span> 
     </span>
    </p>
   </div>
   <div class='ocr_carea' id='block_1_11' title="bbox 3841 5550 4085 5604">
    <p class='ocr_par' dir='ltr' id='par_1_22' title="bbox 3841 5550 4085 5604">
     <span class='ocr_line' id='line_1_76' title="bbox 3841 5550 4085 5604; baseline 0 -7"><span class='ocrx_word' id='word_1_471' title='bbox 3841 5550 4022 5604; x_wconf 71' lang='lat' dir='ltr'><strong>Quae-⁸.</strong></span> <span class='ocrx_word' id='word_1_472' title='bbox 4047 5552 4085 5597; x_wconf 78' lang='grc' dir='ltr'><strong>Ι.</strong></span> 
     </span>
    </p>
   </div>
  </div>
 </body>
</html>
