4897 6388
252 3348 448 3403 sotuuo.

538 364 699 430 2282

444 628 448 632 .
536 559 848 626 personae
874 531 916 607 v2‘
945 549 1011 607 et
1042 541 1193 611 ideo
1241 545 1306 610 in
1348 545 1565 633 primo
1607 567 1809 612 sensu
1841 552 2086 611 conce-

537 642 722 736 ditur
749 643 791 712 a
819 647 1255 736 quibusdam,
1308 651 1491 740 quod
1545 653 1743 720 Pater
1783 660 1846 719 et
1879 648 2083 716 Filius

538 759 605 819 et
639 751 933 842 Spiritus
962 763 1235 822 sanctus
1293 765 1453 824 sunt
1498 765 1629 827 tres
1678 766 1914 825 entes:
1969 754 2086 822 sed

446 885 449 888 ¹
535 857 836 926 secundo
890 858 1235 928 intellectu
1271 883 1457 928 non:
1515 865 1676 954 quia
1702 861 2085 953 {secundum

535 964 730 1031 illum
764 965 1047 1032 modum
1082 967 1147 1057 ly
1186 992 1301 1036 ens
1337 969 1495 1038 dicit
1514 994 1785 1039 causam
1828 970 2085 1060 prima-

536 1067 710 1133 riam
764 1067 848 1133 ad
902 1071 1137 1137 omnia
1181 1094 1196 1139 :
1234 1080 1303 1139 et
1347 1073 1444 1139 sic
1497 1074 1659 1143 dicit
1709 1073 2082 1164 simplicem

537 1180 856 1241 naturam
886 1176 1181 1264 primam
1212 1179 1584 1248 secundum
1614 1180 2028 1248 intellectum
2064 1202 2078 1245 :

536 1280 719 1349 unde
748 1282 921 1349 sisic
950 1296 1175 1352 essent
1205 1287 1457 1376 plures,
1481 1296 1874 1380 sequeretur
1904 1286 2086 1376 quod

537 1386 742 1455 Pater
779 1397 847 1456 et
870 1388 1081 1458 Filius
1130 1402 1198 1460 et
1229 1392 1520 1483 Spiritus
1557 1398 1828 1463 sanctus
1867 1401 2089 1461 essent

535 1498 667 1565 tria
705 1499 913 1577 entia,
948 1497 1130 1587 quod
1170 1499 1416 1566 falsum
1457 1508 1580 1568 est.

976 2004 1481 2089 Amacunus
1536 2022 1652 2091 vi.

706 2236 826 2303 -Αη
861 2233 1206 2324 sapientia
1244 2234 1499 2302 dicitur
1532 2260 1576 2303 a
1601 2258 1838 2327 sapere
1864 2233 1906 2304 P

634 2553 890 2624 Deinde
946 2554 1271 2645 quaeritur
1308 2554 1391 2623 de
1452 2555 1581 2626 hoc
1628 2556 1812 2649 quod
1857 2555 2018 2626 dicit
2060 2580 2076 2626 ε

541 2688 576 2728 ι
617 2663 817 2733 Sicut
844 2663 1022 2729 enim
1063 2662 1150 2731 ab
1188 2686 1263 2731 eo
1295 2663 1483 2753 quod
1496 2674 1591 2732 est
1624 2688 1863 2756 sapere
1897 2665 2081 2732 dicta

536 2780 635 2838 est
668 2770 1037 2861 sapientia,
1081 2779 1211 2841 etc.
1258 2794 1292 2836 a

624 2875 868 2944 Potius
926 2874 1107 2943 enim
1147 2876 1421 2945 videtur
1447 2900 1483 2946 e
1511 2900 1840 2947 converso
1867 2901 1884 2946 2
1917 2879 2076 2970 quia

531 3006 771 3075 sapere
852 2992 956 3053 est
1009 2993 1199 3053 actus
1247 2986 1647 3076 sapientiae:
1690 2995 1757 3056 et
1800 2987 2077 3056 effectus

533 3092 762 3184 potius
800 3091 1050 3161 dicitur
1084 3114 1374 3175 acausa,
1418 3115 1680 3184 quame
1718 3118 2071 3164 converso.

623 3313 932 3383 Somno.
980 3315 1386 3397 Dicendum,
1434 3321 1619 3408 quod
1658 3318 2077 3410 Augustinus

527 3426 835 3518 loquitur
859 3428 1235 3497 secundum
1253 3428 1669 3500 intellectum
1687 3429 2079 3501 abstrahen-

525 3540 707 3601 tem:
741 3542 809 3601 et
837 3541 1001 3602 tunc
1029 3557 1269 3604 verum
1301 3543 1424 3614 est,
1449 3537 1630 3628 quod
1661 3537 2072 3605 abstractum

521 3642 818 3710 sumitur
846 3663 886 3710 a
915 3651 1260 3724 concreto,
1316 3651 1382 3712 et
1433 3656 1821 3715 concretum
1870 3645 2074 3713 inno-

521 3748 717 3818 tescit
745 3770 870 3839 per
897 3758 1176 3819 actum:
1206 3759 1280 3850 et
1317 3750 1471 3821 ideo
1517 3754 1601 3822 ab
1650 3763 1803 3822 actu
1833 3752 2075 3844 accipi·

517 3860 632 3922 tur
666 3854 1034 3924 abstractio
1075 3858 1299 3947 prima
1329 3881 1345 3927 :
1390 3868 1454 3927 et
1486 3862 1584 3931 sic
1614 3860 1944 3951 sapientia
1966 3858 2072 3928 di-

516 3970 629 4032 tur
665 3984 706 4031 a
742 3984 1004 4054 sapere.

942 4395 1444 4468 :tn‘rlccmjs
1495 4398 1646 4466 Vll.

522 4612 769 4681 Utrum
801 4631 940 4675 esse
976 4608 1235 4677 dicitur
1278 4610 1364 4678 de
1407 4612 1547 4679 Deo
1595 4620 1660 4679 et
1701 4612 1847 4680 suis
1881 4635 2066 4679 crea·

603 4717 782 4786 turis
858 4717 1139 4785 univoce
1179 4716 1222 4787 :2
1276 4727 1362 4794 et.
1411 4719 1655 4788 L’trum
1691 4718 2060 4787 secundum

603 4826 1047 4893 intensionem
1121 4814 1183 4892 et
1256 4827 1716 4896 remissionem
1790 4827 2063 4895 dicotur

601 4956 741 5001 esse
776 4932 861 5000 de
897 4934 1031 4999 Deo
1066 4945 1128 5001 et
1157 4935 1487 5002 creaturis
1520 4936 1561 5002 :²

600 5251 861 5320 Deinde
890 5253 1215 5342 quaeritur
1252 5252 1334 5320 dc
1374 5252 1501 5322 hoc
1538 5255 1719 5346 quod
1757 5257 2000 5324 dicitur
2034 5281 2049 5324 :

511 5394 543 5427 «
588 5365 685 5431 Et
704 5361 860 5451 quis
887 5363 1115 5449 maqis
1143 5370 1264 5440 est,
1298 5383 1508 5452 quam
1539 5364 1661 5432 ille
1695 5366 1820 5455 qui
1845 5365 2051 5449 dixit,

1622 375 1704 443 D.
1756 374 1953 442 ALB.
2007 371 2215 467 MAG.
2274 371 2477 439 ORD.
2530 368 2827 437 PRAED.

2191 542 2406 630 magis
2463 548 2532 607 et
2588 540 2840 619 minuS,
2903 538 3236 627 recipiunt
3288 531 3736 601 intensionem

2191 655 2255 712 et
2296 646 2761 712 remissionem
2801 667 2814 709 :
2854 642 2973 709 sed
3023 665 3164 709 esse
3218 641 3463 709 dicitur
3492 660 3739 706 secun-

2190 751 2350 817 dum
2383 752 2598 839 magis
2628 758 2695 816 et
2726 750 2952 815 minus
2987 771 3000 814 z
3039 770 3202 838 ergo
3237 749 3475 836 recipit
3510 749 3737 813 inten-

2188 861 2448 927 sionem
2480 868 2547 926 et
2597 859 3092 926 remissionem.
3150 855 3350 935 Quod
3407 859 3458 921 si
3494 878 3735 924 conce-

2188 968 2405 1045 datur,
2441 967 2746 1056 sequitur
2776 967 2998 1055 ipsum
3046 986 3194 1032 esse
3225 963 3306 1030 de
3346 984 3590 1053 genere
3620 985 3736 1029 ac-

2188 1072 2693 1162 cidentiszquia
2745 1070 3129 1138 essentialia
3173 1078 3238 1137 et
3267 1066 3735 1136 substantialia

2188 1201 2324 1247 non
2355 1178 2796 1246 intenduntur
2825 1187 2890 1244 et
2931 1178 3391 1244 remittuntur.

2277 1288 2337 1353 2.
2399 1285 2725 1352 Similiter
2790 1286 3097 1375 sequitur
3165 1282 3473 1367 ulterius,
3553 1281 3734 1371 quod

2187 1416 2388 1461 omne
2428 1391 2612 1484 quod
2650 1400 2774 1472 est,
2814 1392 3189 1460 intenditur
3217 1401 3283 1459 et.
3314 1391 3678 1458 remittitur
3713 1411 3727 1455 :

2186 1503 2239 1568 si
2287 1502 2471 1569 enim
2518 1524 2722 1569 omne
2778 1501 2962 1591 quod
3011 1509 3118 1569 est
3164 1500 3485 1567 fundatur
3532 1521 3734 1588 super

2189 1633 2329 1688 enS,
2373 1611 2428 1677 si
2470 1632 2588 1677 ens
2628 1608 2997 1677 intenditur
3027 1617 3095 1676 et
3126 1609 3513 1686 remittitur,
3549 1608 3735 1675 vide·

2188 1724 2297 1783 tur
2313 1715 2495 1805 quod
2524 1737 2728 1784 omne
2757 1715 2942 1806 quod
2971 1723 3073 1783 est
3112 1715 3501 1782 intendatur
3529 1715 3733 1781 etiam

2188 1828 2254 1887 et
2292 1821 2696 1889 remittatur.

2277 1929 2339 1995 3.
2374 1928 2736 2007 Praeterea,
2782 1926 3129 2017 Quidquid
3179 1928 3552 1996 secundum
3584 1951 3735 1995 ma-

2185 2035 2288 2126 gis
2325 2043 2392 2103 et
2431 2038 2656 2103 minus
2694 2034 2941 2117 dicitur
2968 2035 3051 2103 de
3088 2034 3467 2125 aliquibuS,
3513 2037 3730 2125 ipsum

2186 2142 2557 2211 secundum
2606 2165 2813 2210 unam
2876 2143 3213 2210 rationem
3280 2151 3381 2210 est
3438 2145 3505 2209 in
3547 2143 3726 2210 illis:
3768 2215 3771 2219 Α

2185 2272 2304 2318 ens
2341 2239 2713 2318 secundum
2746 2248 2963 2340 magis
3006 2258 3072 2316 et
3107 2252 3331 2317 minus
3371 2250 3613 2318 dicitur
3649 2249 3730 2317 de

2187 2357 2502 2427 Creatore
2569 2368 2634 2427 ct
2688 2360 3063 2427 creaturis:
3136 2381 3299 2449 ergo
3357 2359 3729 2426 secundum
3781 2403 3784 2406 η

2186 2467 2517 2535 rationem
2557 2490 2764 2534 unam
2804 2475 2903 2535 est
2962 2467 3031 2533 in
3088 2464 3409 2536 Creatore
3450 2475 3515 2535 et
3540 2490 3733 2535 crea-

2184 2575 2351 2642 turis
2383 2574 2619 2665 :quod
2668 2573 2911 2642 falsum
2967 2584 3096 2657 est,
3133 2577 3294 2664 quia
3356 2573 3637 2642 Creator
3663 2583 3730 2641 et

2183 2692 2488 2752 creatura
2515 2682 2886 2752 secundum
2910 2681 3082 2750 nihil
3113 2683 3589 2751 univocantur.

2272 2892 2577 2959 Soumo.
2623 2889 3029 2966 Dicendum,
3064 2889 3246 2981 quod
3297 2899 3397 2956 est
3435 2889 3724 2957 intensio

2180 3001 2474 3091 proprie,
2498 3008 2564 3069 et
2591 3007 2692 3068 est
2722 2999 3012 3067 intensio
3042 2997 3416 3065 secundum
3445 2994 3720 3085 aliquid.

2182 3110 2460 3201 Proprie
2536 3110 2875 3175 intensum
2952 3115 3051 3173 est
3120 3105 3304 3198 quod
3353 3104 3726 3173 secundum

2179 3240 2415 3284 causas
2446 3217 3203 3283 intrinsecasintensum
3235 3223 3334 3282 est
3353 3213 3727 3283 secundum

2180 3346 2519 3391 accessum
2561 3322 2667 3389 vel
2701 3345 3039 3390 recessum
3076 3346 3115 3390 a
3168 3323 3459 3389 termino
3500 3320 3728 3411 aliquo

2178 3431 2348 3497 sicut
2386 3453 2424 3496 a
2465 3453 2626 3497 vcra
2655 3430 2952 3496 nominis
3002 3430 3465 3519 impositione,
3499 3425 3603 3495 vel
3644 3425 3729 3493 ad

2178 3536 2429 3628 aliquid
2469 3537 2650 3629 quod
2684 3538 2752 3604 in
2791 3559 3066 3604 summo
3100 3535 3301 3603 habet
3327 3534 3518 3616 illud,
3560 3536 3732 3602 sicut

2177 3643 2429 3712 bonum
2483 3646 2550 3711 in
2597 3647 2859 3734 optimo
2910 3646 3114 3711 estin
3176 3642 3343 3710 Deo.
3427 3641 3726 3710 lntensio

2177 3763 2402 3821 antem
2471 3751 2844 3821 secundum
2933 3752 3191 3843 aliquid
3250 3761 3377 3832 est,
3456 3750 3728 3842 quando

2175 3860 2426 3952 aliquid
2484 3884 2568 3928 ex
2625 3863 2847 3929 causis
2912 3860 3335 3940 extrinsecis,
3387 3859 3492 3927 vel
3545 3857 3729 3949 qnod

2172 3970 2398 4036 verius
2427 3977 2552 4046 est,
2574 3991 2657 4035 ex
2687 3968 2924 4036 ordine
2956 3968 3060 4035 sui
3084 3967 3169 4035 ad
3201 3991 3438 4035 causas
3469 3967 3731 4035 extrin-

2172 4099 2357 4143 secas
2396 4075 2641 4143 dicitur
2677 4076 3052 4144 secundum
3077 4074 3337 4166 aliquid
3372 4077 3596 4142 minus
3619 4073 3726 4140 vel

2174 4185 2413 4273 magis,
2457 4182 2564 4250 vel
2621 4184 2825 4250 etiam
2877 4207 2957 4251 ex
3011 4183 3477 4274 participando
3555 4182 3722 4250 illud

2167 4290 2427 4356 fortiori
2486 4289 2865 4357 ditl'erentia
2952 4312 3158 4380 quam
3217 4288 3426 4357 aliud.
3491 4287 3722 4355 l’rimo

2170 4395 2372 4465 modo
2416 4396 2786 4465 intenditur
2838 4396 3101 4479 album,
3162 4406 3229 4466 et
3284 4396 3603 4473 calidum,
3656 4405 3722 4464 et

2169 4501 2581 4591 hujusmodi.
2644 4504 2962 4572 Secundo
3029 4503 3278 4573 dicitnr
3318 4505 3534 4595 inagis
3591 4504 3723 4571 bo-

2169 4632 2358 4691 num,
2400 4609 2586 4700 quod
2625 4632 2762 4677 non
2806 4610 3009 4679 habet
3046 4633 3323 4678 causam
3357 4634 3495 4678 sua·
3530 4609 3723 4678 boni·

2166 4716 2340 4793 tatis,
2361 4717 2476 4784 sed
2509 4717 2729 4807 ipsum
2754 4727 2849 4784 est
2879 4716 3713 4798 substantialiterbonnm,

2165 4824 2566 4914 ‹1uamillud
2597 4825 2782 4914 quod
2813 4826 2897 4893 ab
2956 4825 3092 4894 alio
3134 4837 3234 4893 est
3288 4824 3543 4892 bonum
3592 4848 3604 4891 :
3652 4834 3719 4891 ct

2163 4931 2293 4999 hoc
2331 4931 2534 5000 modo
2600 4932 2845 5000 dicitnr
2896 4936 3113 5023 magis
3177 4955 3296 5000 ens
3354 4933 3537 5023 quod
3596 4955 3715 5022 per

2161 5041 2459 5128 seipsum
2491 5047 2617 5123 est,
2649 5062 2854 5130 quam
2888 5040 3073 5130 quud
3105 5063 3224 5129 per
3253 5039 3540 5106 alterum
3583 5052 3708 5108 est.

2157 5147 2380 5213 'l'ertio
2415 5148 2617 5216 modo
2649 5148 2894 5215 dicitur
2925 5149 3145 5237 magis
3177 5171 3296 5216 ens·
3335 5147 3714 5217 substantia

2158 5277 2360 5343 quam
2402 5256 2741 5333 accidens,
2786 5264 2852 5323 et
2884 5256 3103 5347 magis
3132 5278 3254 5323 ens
3293 5266 3709 5347 actusquam

2156 5367 2480 5454 potentia.
2524 5364 2606 5432 Et
2646 5364 2943 5433 secundo
3001 5364 3205 5431 niodo
3238 5364 3484 5433 dicitur
3530 5365 3710 5432 Deus

506 5479 634 5539 etc.
682 5492 716 5534 a
760 5466 864 5533 Ex
909 5464 1040 5534 hoc
1099 5469 1283 5536 enim
1341 5470 1763 5540 concluditur
1804 5471 2052 5562 duplex
2153 5475 2366 5562 magis
2413 5494 2533 5539 ens
2582 5482 2648 5540 et
2687 5473 2903 5561 magis
2961 5493 3107 5539 esse
3167 5495 3372 5562 quam
3435 5471 3709 5562 aliquod

503 5571 995 5642 inconveniens
1038 5592 1055 5636 :

2151 5588 2473 5645 creatum.
2516 5577 2704 5646 Unde
2728 5588 2914 5668 patet
2946 5576 3197 5646 solutio
3230 5580 3313 5647 ad
3348 5580 3640 5670 primum
3685 5601 3699 5645 ε

598 5678 1142 5768 1.Quaecumque
1161 5679 2045 5751 enimdicuntursecundum
2150 5687 2305 5775 quia
2332 5709 2469 5753 non
2495 5694 2594 5752 est
2632 5687 3117 5754 inconveniens
3166 5686 3294 5754 hoc
3333 5685 3537 5754 modo
3587 5707 3705 5753 ens

3818 2925 4022 2973 solutio.

3845 3007 3922 3053 Ad
3956 3009 3992 3054 Ι.
