4897 6388
717 2309 809 2353 sed
835 2314 1007 2354 contra

1865 353 2035 449 1N²'‘1
2088 330 2517 451 saerNT.
2573 385 2797 452 ms‘r.
2853 387 3041 471 vm,
3093 389 3168 472 F,
3219 393 3416 461 ΛΒΤ.
3470 345 3621 463 25.’·”

1094 550 1278 640 quod
1341 550 1631 640 simplex
1688 572 1826 617 non
1893 559 2117 640 potest
2194 574 2340 619 esse
2416 553 2651 643 subje-

1092 648 1275 724 ctum
1330 680 1344 722 :
1401 680 1565 747 ergo
1627 680 1783 724 cum
1842 660 2074 727 anima
2126 660 2215 725 sit
2262 659 2646 748 subjectum

1087 768 1526 845 scientiarum
1569 774 1632 835 et
1689 768 2046 851 virtutum,
2114 769 2260 858 ipsa
2311 769 2432 834 erit
2494 769 2649 836 sub·

1086 874 1334 941 stantia
1374 876 1780 964 composita.

1173 983 1240 1048 9.
1291 981 1489 1060 Item,
1534 980 1776 1049 Omnis
1838 982 2247 1071 compositio
2317 982 2648 1049 secundo-

1084 1110 1236 1153 rum
1278 1097 1380 1154 est
1409 1088 1627 1155 fluens
1686 1112 1726 1155 a
1767 1088 2267 1178 compositione
2319 1089 2527 1177 priori
2575 1096 2644 1168 ,et

1081 1196 1422 1263 essentiali
1472 1219 1486 1262 :
1531 1195 1648 1263 sed
1688 1196 1919 1262 anima
1957 1194 2162 1263 habet
2193 1196 2644 1285 compositio-

1080 1323 1239 1369 nem
1278 1300 1762 1378 secundorum,
1799 1302 1959 1391 quia
2012 1323 2291 1368 suarum
2330 1302 2579 1367 virium
2618 1324 2634 1369 ε

1077 1430 1233 1475 cum
1292 1431 1455 1498 ergo
1526 1407 1655 1474 illae
1730 1430 1868 1475 non
1947 1409 2164 1475 ssuant
2241 1408 2325 1475 ab
2394 1407 2636 1476 eodem

1075 1518 1282 1586 modo
1346 1542 1417 1585 se
1483 1517 1777 1586 habente
1834 1520 2008 1587 sicut
2072 1518 2388 1609 simplex,
2470 1541 2637 1586 con-

1073 1634 1206 1693 stat
1270 1626 1457 1717 quod
1532 1628 1680 1718 ipsa
1744 1636 1844 1696 est
1912 1628 2295 1717 composita
2358 1627 2427 1693 in
2511 1649 2635 1694 sua

1072 1744 1336 1802 natura.
1388 1735 1471 1803 Et
1520 1735 1680 1826 quia
1719 1736 1911 1804 facile
1941 1745 2043 1803 est
2089 1735 2171 1804 de
2226 1734 2361 1804 hoc
2417 1734 2632 1803 multa

1069 1843 1427 1923 adducere,
1500 1853 1567 1913 et
1641 1846 1770 1913 ista
1820 1854 1982 1913 sunt
2055 1845 2137 1913 de
2204 1822 2624 1922 fortioribuS,

1068 1960 1427 2042 propterea
1459 1951 1602 2021 haec
1647 1952 2011 2021 sufficiant.
2046 1951 2265 2044 lgitur
2305 1953 2482 2021 male
2522 1955 2630 2022 di-

1065 2059 1158 2126 cit
1205 2060 1635 2150 Augustinus
1681 2061 1898 2151 ipsam
1948 2082 2095 2129 esse
2134 2059 2513 2150 simplicem
2557 2064 2625 2130 in

1065 2169 1579 2259 comparatione
1610 2170 1937 2260 corporis,

1160 2273 1294 2342 San
1332 2297 1624 2343 commi:
2028 2342 2035 2348 .

1162 2384 1222 2451 1.
1268 2380 1618 2473 Quidquid
1666 2391 1767 2450 est
1805 2383 1872 2450 id
1914 2382 2096 2474 quod
2128 2381 2358 2461 habet,
2392 2384 2621 2472 ipsum

1063 2496 1164 2557 est
1203 2488 1521 2579 simplex',
1565 2512 1684 2580 per
1722 2491 2196 2558 auctoritatem
2246 2490 2618 2581 Augustini

1061 2594 1173 2663 hic
1199 2598 1493 2685 positam
1529 2597 1596 2663 in
1630 2598 1890 2663 Littera
1914 2596 2189 2664 :anima
2213 2604 2315 2665 est
2337 2595 2405 2664 id
2433 2596 2619 2690 quod

1061 2702 1267 2770 habet
1301 2724 1318 2770 t
1355 2726 1519 2792 ergo
1559 2713 1661 2771 est
1698 2702 2013 2794 simplex.
2062 2701 2398 2771 l'aonxrto
2465 2727 2620 2772 me-

1056 2809 1210 2878 diae.
1276 2810 1661 2879 llernardus
1697 2833 1904 2903 super
1956 2811 2243 2880 Cantica
2285 2834 2301 2878 z
2347 2811 2425 2878 ln
2475 2813 2620 2879 ani-

1055 2942 1172 2987 ma
1213 2920 1342 2986 tria
1384 2921 1679 2997 intueor,
1726 2921 2156 2998 memoriam,
2220 2918 2616 3013 intelligen-

1055 3029 1251 3111 tiam,
1283 3035 1350 3096 et
1397 3026 1821 3096 voluntatem
1866 3048 1882 3096 ε
1927 3036 1993 3095 et
2023 3025 2169 3095 haec
2217 3027 2435 3118 ipsam
2467 3049 2614 3096 esse

1054 3137 1382 3204 animam.

1144 3250 1209 3316 2.
1256 3245 1454 3329 ltem,
1505 3236 1932 3338 Augustinus
1980 3247 2049 3313 in
2086 3245 2262 3315 libro
2323 3246 2406 3315 de
2455 3248 2612 3339 Spi-

1048 3358 1192 3424 ritu
1235 3366 1299 3423 et
1346 3357 1586 3423 anima
1624 3355 1784 3424 dicit
1823 3353 2225 3446 sit-pissime,
2269 3356 2454 3448 quod
2504 3364 2607 3425 est

1043 3463 1336 3556 simplex
1368 3464 1747 3532 substantia
1787 3464 1975 3533 visus
2021 3464 2091 3531 in
2140 3463 2367 3543 oculo,
2402 3465 2606 3532 audi-

1041 3582 1152 3641 tus
1184 3574 1251 3638 in
1310 3595 1501 3654 aure,
1534 3573 1720 3641 etsie
1764 3571 1845 3641 de
1888 3570 2086 3641 aliis:
2123 3595 2288 3663 ergo
2320 3574 2466 3664 ipsa
2502 3583 2604 3642 est

1039 3702 1282 3746 omnes
1338 3679 1663 3770 potentiae
1723 3701 1897 3770 quas
1954 3676 2160 3747 habet
2213 3696 2437 3769 :ergo
2500 3689 2601 3747 est

1038 3785 1361 3877 simplex.

1127 3897 1192 3961 3.
1240 3893 1434 3973 ltem,
1488 3892 1673 3962 Nihil
1718 3894 2174 3985 compositum
2223 3893 2294 3961 in
2351 3917 2422 3961 se
2469 3917 2600 3985 po-

1034 4002 1248 4069 tentia
1274 4009 1375 4068 est
1408 4002 1493 4069 ad
1543 4000 2097 4091 componendum
2142 3999 2326 4068 aliud
2370 4022 2385 4067 τ
2430 4023 2595 4093 ergo

1032 4109 1090 4176 si
1148 4110 1382 4177 anima
1422 4118 1522 4177 est
1581 4108 1962 4198 composita
2020 4109 2087 4174 in
2145 4110 2396 4198 seipsa,
2450 4131 2594 4176 non

1035 4215 1162 4283 erit
1204 4217 1273 4282 in
1342 4216 1650 4306 potentia
1719 4212 1799 4282 ad
1857 4213 2114 4305 aliquid
2170 4215 2596 4283 constituen-

1031 4325 1223 4394 dum.
1268 4324 1610 4393 l’nonxno
1659 4326 1900 4416 primae
1941 4333 2067 4408 est,
2110 4323 2294 4415 quod
2348 4335 2592 4393 natura

1029 4435 1381 4525 componit
1420 4432 1756 4522 simplicia
1794 4430 1881 4499 ad
1928 4430 2058 4499 hoc
2109 4430 2296 4525 quod
2342 4434 2479 4500 sint
2521 4434 2588 4499 in

1028 4544 1480 4635 compositis:
1518 4566 1655 4612 non
1703 4550 1931 4611 autem
1988 4544 2363 4634 composita
2431 4566 2591 4611 con·

1020 4650 1251 4740 jungit
1283 4650 1594 4718 ulterius.

1115 4756 1182 4822 4.
1221 4755 1418 4837 luem,
1447 4755 1695 4822 Anima
1736 4756 1834 4841 (ut
1873 4752 2033 4821 dicit
2074 4754 2473 4822 Aristoteles
2518 4755 2586 4823 iu

1026 4864 1082 4930 ll
1126 4864 1209 4932 de
1258 4866 1537 4951 Λιιῖηια)
1579 4887 1718 4932 non
1784 4869 1886 4932 est
1941 4861 2069 4931 hoc
2128 4862 2407 4955 aliquid,
2469 4865 2588 4933 sed

1022 4968 1421 5038 endelechia
1466 4970 1772 5059 corporis
1820 4964 2083 5058 physici
2130 4949 2432 5057 potentia
2479 4969 2588 5035 vi-

1022 5084 1163 5143 tam
1205 5074 1519 5144 habentis
1556 5099 1571 5143 z
1607 5098 1812 5143 omne
1854 5084 2084 5143 autem
2125 5077 2581 5166 compositum

1023 5190 1123 5249 est
1193 5180 1325 5249 hoc
1391 5180 1649 5272 aliquid
1711 5208 1726 5249 ε
1791 5204 1955 5273 ergo
2014 5181 2244 5249 anima
2283 5204 2423 5249 non
2483 5194 2584 5251 est

1021 5291 1430 5381 composita.

1110 5401 1175 5467 5.
1221 5398 1418 5476 ltem,
1463 5401 1715 5468 Anima
1744 5410 1843 5468 est
1872 5402 2093 5468 forma
2136 5424 2151 5469 ε
2197 5401 2421 5469 omnis
2451 5425 2581 5468 au-

1020 5515 1159 5574 tem
1192 5507 1412 5575 forma
1437 5517 1540 5574 est
1578 5507 1870 5599 simplex
1912 5532 1927 5576 ς
1973 5531 2165 5598 ergo,
2199 5515 2328 5579 etc.

1091 5742 1107 5775 ¹
1141 5739 1227 5797 Ct'.
1262 5741 1470 5811 Supra,
1496 5736 1754 5795 nisum.

1291 5872 1402 5912 XXV

4187 397 4314 462 257

2860 558 2922 624 6.
2953 558 3309 641 Praeterea,
3365 562 3783 654 Compositio
3828 573 3929 632 est
3968 586 4053 631 ex
4091 571 4314 635 mate-

2769 664 2863 729 ria
2893 673 2958 731 et
2990 666 3207 735 forma
3250 692 3265 736 ε
3311 671 3540 737 anima
3580 694 3718 739 non
3776 680 3873 739 est
3913 694 3998 739 ex
4027 672 4311 738 materia

2762 780 2829 838 et
2882 772 3105 840 forma
3159 797 3175 841 ε
3240 799 3428 867 ergo,
3480 787 3608 845 etc.
3660 779 3996 847 Pnonmo
4037 777 4299 845 mediae.

2759 878 2939 947 Dicit
2963 881 3237 949 Boetius
3266 884 3333 950 in
3376 885 3508 952 {ine
3540 884 3691 952 libri
3734 886 3814 953 de
3853 885 4146 952 Duabus
4186 908 4308 966 nae·

2757 987 2934 1052 turis
2980 989 3053 1054 in
3102 1012 3243 1056 una
3281 1014 3576 1083 persona
3622 992 3896 1072 Christi,
3934 992 4116 1081 quod
4159 993 4304 1081 spi-

2759 1094 3031 1163 rituales
3092 1107 3347 1166 naturae
3417 1123 3576 1193 non·
3612 1109 3770 1168 sunt
3828 1123 3911 1168 ex
3969 1102 4293 1169 materia:

2752 1224 2915 1293 ergo
2956 1205 3178 1273 media
3216 1230 3401 1275 vera.
3438 1208 3668 1275 Prima
3715 1217 3942 1278 autem
3974 1209 4299 1300 probatur

2750 1331 2869 1398 per
2899 1310 3426 1404 nonum'primoe
3464 1316 3928 1406 Philosophiae
3958 1339 3980 1384 .·
4014 1318 4173 1408 quia
4203 1316 4297 1383 ibi

2750 1414 2994 1484 dividit
3033 1418 3491 1510 Philosophus
3537 1445 3682 1490 esse
3715 1426 3784 1490 in
3827 1424 4196 1514 potentiam
4229 1432 4295 1491 et

2748 1530 2973 1590 actum
3024 1534 3370 1616 tamquam
3423 1529 3491 1594 in
3540 1529 3870 1619 principia
3918 1529 4162 1619 prima.
4206 1529 4292 1596 Et

2745 1631 2903 1719 quia
2944 1630 3027 1698 de
3073 1631 3203 1701 hoc
3239 1633 3400 1701 alibi
3441 1635 3653 1702 multa
3707 1636 3883 1705 dicta
3920 1643 4103 1715 sunt,
4161 1627 4288 1705 ista

2690 1796 2695 1800 .
2739 1735 3104 1806 sufficiant.
3206 1790 3210 1793 >

2828 1945 3135 2015 Somno.
3188 1948 3553 2018 Consentio
3611 1953 3681 2018 in
3744 1947 3920 2019 hanc
3982 1961 4269 2043 partem,

2736 2055 2919 2143 quod
2976 2056 3202 2123 anima
3248 2058 3337 2124 sit
3371 2059 3750 2147 composita
3807 2081 3891 2127 ex
3928 2061 4272 2151 principiis

2733 2153 3203 2257 essentialibus
3235 2186 3386 2254 quae
3417 2173 3574 2231 sunt
3613 2166 3797 2257 quod
3844 2172 3946 2233 est
3992 2176 4057 2234 et
4098 2190 4268 2249 esse,

2731 2267 2849 2335 sed
2893 2290 3033 2336 non
3082 2292 3164 2337 ex
3204 2271 3487 2338 materia
3527 2279 3594 2339 et
3622 2270 3840 2339 forma
3893 2296 3908 2339 ε
3952 2272 4106 2341 licet
4142 2271 4275 2341 hoc

2730 2378 3009 2468 quidam
3077 2378 3298 2449 dicere
3335 2378 3696 2448 videantur
3754 2407 3771 2450 ε
3829 2388 3897 2450 et
3952 2381 4080 2450 hoc
4122 2383 4272 2451 ideo

2728 2489 2888 2578 quia
2917 2490 3289 2558 secundum
3324 2490 3819 2582 Philosophum
3853 2494 4129 2561 materia
4162 2493 4274 2562 de·

2727 2597 3132 2665 terminatur
3153 2620 3276 2689 per
3305 2601 3677 2691 potentiam
3726 2600 3808 2668 ad
3850 2609 4112 2669 motum
4144 2625 4273 2668 va-

2728 2705 3012 2771 riantem
3045 2703 3303 2795 aliquid
3333 2706 3401 2772 in
3431 2705 3831 2787 substantia,
3865 2708 3973 2777 vel
4003 2709 4086 2776 ad
4123 2733 4272 2778 mo-

2724 2823 2870 2881 tum
2899 2812 3184 2883 localem
3221 2836 3239 2883 :
3276 2824 3525 2883 etcum
3575 2819 3875 2906 potentia
3905 2816 4269 2908 hujusmo-

2723 2919 2788 2986 di
2841 2944 2980 2989 non
3040 2923 3127 2989 sit
3185 2924 3315 2990 nisi
3376 2921 3442 2990 in
3483 2923 3905 3015 corporibus,
3965 2948 4104 2994 non
4142 2927 4271 2995 erit

2724 3028 3006 3097 materia
3044 3030 3171 3097 nisi
3214 3030 3282 3097 in
3340 3031 3737 3121 corporibus
3790 3056 3806 3102 τ
3860 3055 3982 3102 nec
4035 3042 4266 3103 tamen

2719 3140 2789 3207 in
2865 3139 3191 3209 omnibus
3250 3140 3717 3234 corporalibus
3792 3143 3913 3213 crit
3982 3146 4263 3214 materia

2718 3249 3011 3317 univoca
3055 3271 3071 3313 :
3113 3250 3273 3340 quia
3324 3249 3867 3342 corruptibilium
3921 3259 3988 3319 et
4035 3255 4263 3320 incor-

2715 3352 3138 3443 ruptibilium
3194 3376 3332 3422 non
3392 3364 3495 3424 est
3543 3357 3826 3425 materia
3881 3379 4041 3436 una,
4084 3359 4255 3427 sicut

2713 3482 2835 3528 uec
2874 3463 3176 3551 potentia
3203 3484 3334 3529 una
3367 3462 3452 3529 ad
3484 3471 3773 3533 motum.

2799 3568 2904 3634 Ao
2952 3590 3204 3636 rames:
3245 3591 3408 3660 ergo
3439 3570 3823 3651 dicendum,
3866 3573 4049 3666 quod
4095 3574 4250 3642 ani·
4275 3652 4294 3666 ⁶

2707 3697 2820 3742 ma
2877 3698 3017 3743 non
3082 3685 3185 3744 est
3232 3674 3363 3746 hoc
3417 3677 3601 3769 quod
3657 3677 3860 3749 habet
3919 3681 4129 3772 ipsa':
4179 3690 4247 3752 et

2705 3782 2890 3873 quod
2947 3782 3110 3852 dicit
3180 3784 3565 3853 Bernardus
3626 3785 4069 3878 glossandum
4116 3799 4243 3870 est,

2701 3889 2889 3980 quod
2944 3901 3045 3959 est
3102 3891 3490 3981 praedicatio
3556 3896 3763 3962 totius
3800 3896 4108 3965 virtualis
4165 3898 4246 3966 de

2700 4019 2824 4064 sua
2880 4006 3097 4087 parte,
3137 4006 3206 4067 et
3251 4006 3354 4066 est
3406 3999 3798 4090 praedicatio
3850 4003 4241 4096 impropria.

2702 4103 2774 4170 Si
2823 4113 3050 4172 autem
3098 4106 3213 4174 fiat
3255 4106 3361 4172 vis
3410 4106 3477 4174 in
3536 4105 3669 4176 hoc
3724 4110 3905 4200 quod
3963 4110 4146 4196 dicit,
4181 4123 4248 4181 et

2698 4206 2842 4276 haec
2898 4210 3028 4277 tria
3087 4207 3253 4277 nihil
3321 4208 3504 4278 aliud
3561 4234 3706 4279 esse
3763 4236 3968 4303 quam
4031 4217 4244 4308 ipsam

2697 4321 3030 4398 animam,
3080 4319 3278 4388 dehet
3330 4319 3614 4412 glossari
3662 4325 4033 4392 secundum
4085 4349 4247 4395 sen-

2695 4449 2876 4504 sum,
2911 4426 3026 4517 qui
3077 4434 3350 4494 notatus
3389 4419 3491 4495 est
3541 4450 3744 4519 supra
3778 4432 3823 4508 ¹,
3866 4430 4049 4522 quod
4090 4433 4247 4499 ani-

2696 4553 2806 4599 ma
2847 4532 3178 4623 accipitur
3213 4533 3298 4600 ab
3343 4534 3492 4624 ipso
3532 4544 3605 4602 ut
3658 4542 3874 4604 totum
3915 4541 4248 4629 potentia·

2693 4640 2782 4719 le,
2843 4644 3039 4731 cujus
3106 4666 3347 4712 omnes
3410 4654 3635 4736 partes
3699 4647 3902 4715 simul
3954 4659 4242 4741 acceptae

2691 4757 2849 4817 sunt
2873 4759 3171 4841 potestas
3210 4751 3360 4842 ejus
3394 4773 3411 4821 ε
3447 4752 3537 4819 ita
3579 4755 3938 4841 memoria,
3990 4757 4242 4826 intelli-

2690 4859 2943 4949 gentia,
2978 4868 3046 4929 et
3073 4859 3393 4930 voluutas
3423 4860 3625 4928 simul
3665 4873 3964 4955 accepta,
4009 4865 4237 4936 dicunt

2688 4972 2908 5035 totum
2940 4969 3297 5058 potestatis
3339 4968 3586 5036 animze
3625 4971 3996 5040 secundum
4033 4998 4239 5065 supe-

2692 5073 2940 5143 riorem
2971 5084 3256 5165 partem.

4372 2011 4577 2061 Salutio.

2776 5182 2881 5248 An
2925 5205 2990 5250 m
3021 5182 3204 5273 quod
3234 5181 3315 5249 de
3357 5181 3528 5251 libro
3560 5183 3641 5252 de
3677 5186 3950 5276 Spiritu
3983 5200 4047 5257 et
4074 5193 4232 5258 am'-
4259 5228 4339 5273 Μ
4358 5228 4585 5287 Θρῇκα,

2687 5312 2802 5358 ma
2851 5289 3119 5369 dicitur,
3173 5291 3407 5383 negari
3454 5299 3677 5382 potest
3723 5294 3908 5385 quod
3945 5319 4082 5364 non
4130 5307 4233 5367 est

2684 5399 3083 5489 Augustini,
3142 5398 3258 5468 sed
3316 5400 3667 5488 cujusdam
3728 5400 4072 5472 Guillelmi
4129 5407 4232 5475 ci-

2683 5510 3070 5578 sterciensis
3120 5511 3234 5602 qui
3278 5511 3491 5579 multa
3537 5511 3701 5581 falsa
3743 5513 3934 5583 dixit.
3974 5514 4044 5584 Si
4103 5541 4232 5586 au-

3901 5867 3967 5920 ¹7
