4897 6388
876 1731 1078 1781 Solonio.

897 1815 993 1859 Ad.
1026 1817 1063 1861 t.

1930 341 2024 407 lN
2076 319 2100 407 i
2152 340 2580 408 SENTENT.
2634 340 2862 409 ms'r.
2916 338 3070 421 vn,
3122 337 3207 414 o,
3251 336 3330 417 E,
3380 334 3580 401 ART.
3633 335 3699 401 7.

1276 513 1333 579 1.
1366 511 1515 580 Hoc
1549 512 1732 579 enim
1776 533 1913 578 non
1944 510 2220 578 videtur
2250 533 2396 579 esse
2436 533 2677 578 verum
2714 532 2730 579 ε

1181 621 1343 709 quia
1400 641 1548 686 esse
1611 617 1830 684 filium
1887 642 2023 686 non
2074 627 2174 687 est
2230 618 2487 709 aliquid
2527 641 2735 709 penes

1182 726 1368 815 quod
1406 724 1515 792 vel
1556 725 1643 792 ad
1666 727 1848 815 quod
1872 728 1957 794 sit
1980 735 2203 794 motus
2239 750 2255 794 ε
2291 736 2520 795 motus
2551 729 2734 794 enim

1182 838 1247 896 et
1270 831 1555 897 mutatio
1599 854 1737 898 non
1784 841 1942 900 sunt
1982 835 2049 899 in
2074 832 2396 900 relatione
2431 857 2446 901 :
2486 842 2550 900 et
2582 834 2731 900 ideo

1180 962 1316 1006 non
1359 939 1630 1008 videtur
1660 943 1878 1031 sequi,
1938 942 2118 1031 quod
2184 943 2407 1031 potuit
2454 944 2729 1009 mutari.

1270 1049 1336 1116 2.
1380 1047 1750 1131 Praeterea,
1815 1049 2018 1117 Pater
2073 1051 2441 1118 incarnari?
2483 1052 2729 1140 potuit,

1177 1165 1243 1225 et
1282 1157 1487 1225 etiam
1532 1156 1826 1248 Spiritus
1857 1167 2149 1238 sanctuS,
2187 1168 2264 1227 ut
2300 1158 2592 1227 habetur
2621 1162 2736 1228 in-

1175 1266 1277 1332 fra
1307 1285 1324 1320 ¹
1362 1288 1379 1334 t
1424 1265 1544 1333 sed
1576 1268 1692 1356 qui
1724 1267 2135 1345 incarnatur,
2181 1268 2482 1335 nascitur
2514 1290 2529 1334 ε
2568 1291 2733 1360 ergo

1177 1383 1481 1454 mutatur
1508 1376 1884 1443 secundum
1919 1378 2114 1444 istam
2156 1376 2476 1457 litteram,
2549 1378 2734 1468 quod

1174 1483 1421 1552 falsum
1461 1493 1587 1552 est.

1271 1699 1581 1769 Somnio.
1617 1700 2022 1782 Dicendum,
2084 1702 2267 1793 quod
2323 1701 2478 1771 licet
2537 1705 2605 1769 in
2646 1704 2732 1771 ad

1178 1808 1461 1900 aliquid,
1505 1809 1686 1877 etad
1720 1810 1801 1876 ad
1854 1808 2108 1900 aliquid
2159 1832 2298 1877 non
2355 1813 2444 1878 sit
2500 1820 2731 1878 motus

1173 1940 1294 2007 per
1318 1939 1417 1996 se,
1465 1924 1697 1984 tamen
1727 1917 1810 1984 ad
1841 1917 2063 2007 ipsum
2096 1923 2196 1985 est
2216 1925 2450 1985 motus
2473 1941 2594 2008 per
2624 1940 2731 1985 ac-

4266 333 4392 401 215

2848 509 3102 591 cidem,
3125 509 3241 597 qui
3272 502 3341 573 in
3360 503 3678 573 omnibus
3699 511 3799 571 cst
3819 500 4384 592 praedicamentiS,

2846 628 2924 686 ut
2959 619 3121 686 dicit
3166 613 3620 705 Philosophus
3656 636 3671 680 :
3706 619 3935 679 motus
3984 618 4207 678 autem
4267 633 4385 699 per

2846 750 2917 795 se
2940 735 3006 794 et
3043 748 3160 815 per
3198 722 3506 790 accidens
3545 721 3615 786 in
3645 718 3788 786 Deo
3822 739 3958 785 non
4016 715 4284 784 cadunt.

2934 834 3037 899 An
3086 855 3280 899 amun
3329 826 3714 908 dicendum,
3775 822 3957 915 quod
4008 823 4375 891 incarnatio
4481 849 4571 896 Ad.
4601 854 4640 900 ε,

2846 962 2985 1006 non
3015 935 3737 1010 dicitimmutationem
3789 930 3911 998 Dei
3970 928 4075 997 vel
4134 928 4377 995 divinae

2845 1054 3142 1112 naturae:
3196 1042 3313 1109 sed
3350 1042 3576 1132 potius
3632 1037 3815 1129 quod
3870 1035 4077 1114 aliud,
4129 1036 4382 1105 scilicet

2845 1150 3142 1218 humana
3193 1157 3435 1215 natura
3492 1146 3624 1213 alio
3675 1143 3879 1211 modo
3920 1165 3991 1211 se
4048 1142 4251 1210 habet
4298 1144 4383 1211 ad

2844 1259 3088 1348 ipsam,
3133 1259 3293 1346 quia
3365 1252 3739 1323 secundum
3781 1251 4132 1328 unionem,
4183 1259 4262 1318 ut
4312 1252 4383 1318 in

2845 1365 2941 1432 III
2971 1365 3479 1434 Sententiarum
3510 1359 3943 1429 determinari
3975 1357 4178 1426 habet
4212 1380 4226 1424 ε
4263 1358 4382 1426 sed

2804 1536 2809 1542 .
2843 1471 2955 1542 hic
2976 1472 3267 1562 Spiritus
3297 1478 3567 1539 sanctus
3597 1473 3973 1537 mutaretur
3999 1488 4040 1534 a
4067 1481 4190 1533 sua
4218 1487 4384 1554 pro-

2841 1584 3150 1673 prietate,
3195 1603 3346 1672 quae
3380 1579 3663 1647 mutatio
3695 1576 3963 1645 caderet
4016 1576 4087 1642 in
4141 1596 4381 1664 perso-

2842 1713 3002 1757 nam
3033 1689 3334 1756 divinam
3368 1711 3384 1756 ε
3420 1696 3487 1755 et
3525 1685 3674 1754 ideo
3719 1684 3890 1751 bene
3947 1682 4107 1751 dicit
4154 1680 4379 1770 Magi-

2842 1809 3002 1867 ster.

1789 2510 1879 2582 D.
1920 2509 2068 2583 llic
2108 2509 2512 2608 quaeritur,
2562 2505 2958 2597 Quomodo
2994 2506 3492 2604 e'nlell1'qenda
3528 2504 3742 2582 sint?

1257 2846 1661 2934 Quomodo
1704 2872 1887 2947 ergo
1928 2850 2353 2948 accipiatur
2381 2849 2586 2947 qnod
2633 2849 3186 2947 supradictum
3255 2860 3368 2923 est
3405 2873 3421 2924 ε
3467 2849 3637 2923 Non
3681 2848 3887 2924 enim
3924 2873 4075 2923 non
4121 2849 4368 2948 potuit

1155 2984 1506 3080 gignere,
1554 2984 1687 3061 sed
1734 3010 1883 3059 nnn
1929 2985 2318 3086 oportuit:
2357 2985 2579 3086 qnasi
2637 2985 2913 3084 potuit,
2944 2985 3077 3058 sed
3134 3010 3286 3060 non
3334 2985 3694 3085 oportuit.
3758 2985 3927 3060 Non
3969 2996 4085 3060 est
4140 2984 4363 3059 nobis

1157 3122 1657 3222 perspicuum
1702 3124 2001 3224 aperire
2042 3123 2430 3223 ‹pnitnodo
2489 3121 2586 3194 sit
2645 3122 2788 3197 hoc
2829 3146 3098 3196 verum
3137 3146 3151 3198 :
3191 3132 3264 3197 et
3316 3122 3486 3199 ideo
3539 3121 3682 3197 sub
3744 3120 4050 3197 silentio
4111 3120 4363 3221 potius

1154 3269 1351 3331 esset
1398 3260 2058 3357 pra·terenn(lnm,
2115 3260 2260 3335 nisi
2332 3285 2454 3335 me
2504 3285 2742 3361 super
2820 3260 2962 3334 hoc
3003 3258 3291 3358 aliquid
3363 3257 3572 3357 loqui
3639 3265 3944 3355 cogeret
4003 3256 4363 3333 instantia

1150 3394 1699 3493 qna-rentium.

1792 3982 1875 4056 Ε.
1927 3980 2072 4054 llic
2102 3980 2453 4078 aperitur
2488 4004 2588 4052 aa:
2617 4004 2764 4079 qno
2802 4003 3027 4054 sensu
3070 3976 3518 4076 ‹tce-tpae'enda
3553 3978 3733 4053 sint.

1246 4324 1500 4398 Potest
1534 4348 1721 4420 ergo
1763 4325 1874 4399 sic
1917 4324 2240 4418 intelligi
2290 4349 2304 4399 :
2344 4324 2512 4398 Non
2549 4324 2758 4399 enim
2805 4349 2956 4398 non
2997 4324 3266 4424 potnit,
3301 4323 3433 4397 sed
3470 4346 3619 4397 nnn
3683 4323 4046 4421 oportuit,
4081 4323 4152 4399 id
4205 4334 4348 4417 est,

1145 4486 1296 4534 non
1334 4486 1424 4536 ex
1453 4462 1901 4561 impotentia
1940 4461 2060 4534 sni
2106 4461 2496 4558 anaqam}
2527 4460 2769 4535 Filius
2802 4485 2952 4534 nnn
2989 4461 3286 4555 gennit,
3315 4459 3448 4533 sed
3491 4459 3559 4534 ei
3604 4483 3754 4533 non
3797 4460 4344 4536 conveniebat:

1144 4597 1336 4669 sient
1375 4597 1585 4670 Dens
1620 4597 1859 4670 Filius
1904 4621 2053 4669 nnn
2091 4606 2200 4669 est
2248 4597 2456 4670 Dens
2491 4597 2744 4690 Pater,
2791 4620 2932 4670 nec
2976 4605 3226 4669 tamen
3261 4598 3404 4669 Imc
3445 4618 3536 4670 ex
3564 4595 4009 4694 impotentia
4048 4597 4169 4670 sni
4204 4608 4344 4672 est.

1142 4732 1338 4807 Nam
1372 4745 1448 4807 et
1521 4734 1745 4807 Pater
1791 4733 2145 4808 similiter
2215 4743 2511 4807 nonest
2553 4733 2818 4825 Filius,
2868 4757 3006 4806 ner
3068 4734 3210 4805 hoc
3252 4745 3365 4806 est
3429 4754 3521 4806 ex
3583 4731 4031 4830 impotentia
4070 4733 4344 4809 Patris,

1142 4868 1292 4941 Sed
1329 4868 1607 4966 qnwrit
1643 4867 2113 4941 Maximinus
2171 4867 2634 4942 Arianornm
2698 4867 3171 4965 Episcopus:
3223 4866 3439 4940 Unde
3471 4889 3654 4961 ergo
3686 4877 3801 4941 est
3867 4867 4069 4965 quod
4129 4868 4353 4961 Pater

1141 5028 1296 5078 non
1342 5014 1593 5102 potest
1631 5028 1799 5081 esse
1842 5004 2110 5094 Filius,
2173 5003 2294 5081 vel
2348 5002 2588 5077 Filius
2630 5003 2926 5077 Pater?
2985 5027 3134 5076 non
3219 5002 3484 5099 utique
3542 5026 3634 5077 ex
3695 5001 4171 5102 impotentia,
4215 5006 4345 5081 sed

1141 5141 1372 5216 Pater
1404 5141 1870 5239 proprietate
1905 5137 2427 5236 generationis
2470 5138 2700 5214 Pater
2730 5149 2872 5232 est,
2905 5162 3056 5237 qna
3089 5148 3389 5237 oportet
3419 5162 3783 5224 emn,non
3818 5164 3986 5217 esse
4019 5141 4292 5216 Filium
4326 5167 4342 5217 ε

1139 5293 1214 5357 et
1253 5283 1495 5359 Filius
1537 5284 2003 5383 proprietate
2047 5283 2468 5358 nativitatis
2532 5282 2774 5358 Filius
2838 5294 2979 5377 est,
3034 5308 3184 5382 qna
3244 5292 3541 5382 oportet
3594 5307 3769 5359 eum
3822 5307 3975 5359 non
4011 5307 4177 5361 esse
4208 5286 4349 5362 Pa-

1138 5425 1360 5491 trem.
1399 5418 1512 5493 De
1546 5419 1831 5516 quibus
1864 5417 2463 5518 proprietatibus
2494 5427 2762 5518 postea
2795 5418 3101 5517 plenius
3140 5417 3614 5494 tractabitur.

1212 5699 1228 5733 ¹
1258 5697 1329 5753 CI*
1369 5699 1442 5753 III
1475 5697 1938 5763 Sententiarum,
1975 5699 2116 5755 nist.
2148 5697 2191 5761 I,
2225 5702 2335 5752 art.
2370 5696 2457 5753 10.
2490 5698 2651 5752 Tom.
2679 5696 2899 5754 XXVIII
2931 5697 3178 5771 hujusce
3199 5699 3502 5757 editioni&
