4897 6388
752 275 880 364 642
1483 391 1488 394 ,
2205 294 2489 362 INDEX

1697 393 1728 410 p

919 469 984 529 F.
1038 467 1154 528 Ad
1184 466 1347 528 idem
1376 468 1549 548 quod
1577 472 1835 549 coeperat
1864 467 2050 547 redit,
2086 472 2155 528 ut
2183 467 2349 529 alias
2378 469 2784 530 auctoritates
2814 447 3141 552 supponat.

3878 476 3955 533 79

1317 658 1451 711 Aur.
1496 658 1585 710 21.
1621 655 1826 710 Utrum
1856 655 1916 710 in
1946 672 2064 710 uno
2095 654 2384 728 principio
2415 657 2615 713 omnia
2642 657 2796 713 sacta
2855 664 3010 726 suut,
3072 660 3160 714 vel
3221 661 3281 715 in
3326 660 3597 731 diversiS,
3627 668 3695 718 ut
3722 662 3809 718 di·

1745 751 1888 801 cunt
1916 744 2213 802 Manichaei
2235 745 2263 800 ‘t

1494 835 1584 889 22.
1622 835 1825 890 Utrum
1856 835 1967 890 hoc
1995 851 2233 900 nomen,
2267 836 2425 903 Deus,
2455 834 2671 891 habeat
2694 835 2924 907 plurale
2952 837 2980 891 ‘2

1486 927 1577 979 23.
1610 928 1699 980 An
1734 924 1911 980 David
1942 925 2017 980 sit
2046 924 2334 980 maximus
2362 924 2789 997 Prophetarum
2812 926 2841 980 ἱ)

3884 754 3946 806 81

3885 842 3952 895 83

3880 932 3947 984 85

1482 1014 1571 1068 24.
1606 1017 1694 1069 An
1724 1013 1934 1069 divium
1967 1013 2268 1086 sapientia>
2298 1014 2719 1071 convenienter
2748 1015 3152 1071 attribuantur
3181 1016 3501 1088 possessio,
3542 1033 3798 1089 concep-

1486 1173 1494 1177 ·
1733 1104 1833 1171 tic,
1868 1104 2201 1177 parturitio,
2233 1110 2323 1160 etc
2351 1145 2368 1174 ,
2400 1122 2532 1177 quae
2564 1105 2674 1160 sibi
2705 1106 2975 1162 attribuit
3003 1106 3284 1178 sapiens?

1485 1196 1573 1248 25.
1606 1194 1905 1259 Quomodo
1938 1194 2299 1267 intelligatur
2327 1195 2439 1251 hoc
2469 1194 2629 1267 quod
2660 1195 2895 1263 dicitur,
2933 1198 3033 1265 Tu,
3066 1197 3382 1252 Bethleem?

894 1429 980 1491 G.
1023 1429 1339 1512 Specialia
1369 1429 1726 1490 testimonia
1753 1430 1831 1490 de
1855 1428 2102 1511 Spiritu
2130 1435 2366 1490 sancto.

1299 1624 1439 1674 Am.
1481 1619 1570 1674 26.
1601 1618 1864 1682 Quatuor
1891 1618 2276 1675 auctoritates
2304 1617 2376 1673 de
2409 1597 2627 1689 Spiritu
2657 1623 2861 1673 sancto
2892 1619 3191 1690 quomodo
3222 1617 3550 1675 differunt?

873 1847 972 1912 H
1014 1833 1119 1912 De
1144 1848 1526 1912 testimoniis
1555 1848 1725 1912 Novi
1763 1849 2155 1913 Testamenti.

3875 1111 3942 1164 83

3875 1200 3942 1252 86

3856 1435 3931 1494 87

3864 1622 3931 1674 87

3853 1858 3933 1916 87

1247 2027 1426 2097 ²Anr.
1459 2013 1557 2098 ¹2⁴1.
1588 2042 1733 2098 Cum
1764 2041 2000 2108 dicitur,
2030 2044 2093 2098 1η
2147 2043 2367 2099 nomine
2396 2045 2598 2109 Patris,
2648 2050 2701 2100 et
2759 2046 2911 2115 Filii,
2969 2053 3021 2100 et
3075 2047 3317 2116 Spiritus
3370 2043 3574 2115 sancti,
3631 2043 3777 2117 quid

1685 2132 1828 2189 dicit
1859 2132 1960 2200 ibi,
1990 2134 2051 2188 In
2083 2135 2319 2201 nominc,
2349 2150 2423 2189 an
2450 2133 2798 2198 essentiam,
2834 2134 2920 2190 vel
2953 2151 3270 2208 personam
3293 2135 3322 2190 ‘t

1471 2223 1560 2279 28.
1594 2225 1683 2279 An
1714 2221 2081 2296 praenomina
2109 2222 2222 2278 ista
2249 2222 2695 2281 distinctionem
2723 2223 2986 2297 aliquam
3019 2231 3229 2282 notent
3251 2242 3389 2282 cum
3431 2224 3670 2295 dicitur,

1717 2314 1805 2369 Ea:
1843 2314 1978 2384 ipso,
2008 2318 2061 2368 et
2082 2329 2188 2385 per
2214 2314 2412 2383 ipsum,
2438 2320 2491 2369 et
2519 2314 2579 2369 in
2608 2314 2728 2386 ipso
2752 2313 2782 2370 ⁴.»

1839 2733 2536 2833 DISTINCTIO
2619 2736 2785 2833 ΙΙΙ.

866 3056 949 3118 Α.
993 3049 1234 3140 Incipit
1258 3057 1584 3123 ostendere
1608 3059 1914 3142 quomodo
1932 3068 2047 3143 per
2069 3065 2417 3122 creaturam
2437 3061 2721 3144 potuerit
2743 3060 3037 3141 cognosci
3069 3059 3366 3123 Creator.

1277 3252 1401 3307 Art.
1482 3254 1534 3307 1.
1566 3255 1654 3308 An
1685 3249 2018 3323 Philosophi
2048 3258 2446 3326 cognoverunt
2475 3267 2661 3310 unum
2691 3267 2821 3308 esse
2853 3252 3036 3307 Deum
3064 3250 3092 3304 ‘3

1483 3344 1539 3396 2.
1569 3339 1721 3407 Quid
1748 3346 2146 3415 cognoverunt
2175 3341 2516 3416 Philosophi
2547 3341 2620 3398 de
2652 3342 2792 3409 Deo,
2823 3356 2900 3397 an
2932 3340 3074 3413 quia
3103 3345 3195 3395 est
3224 3338 3503 3396 tautum?

1477 3434 1532 3486 3.
1566 3434 1654 3487 An
1685 3430 1796 3486 istu
1820 3427 2076 3504 cognitio
2106 3427 2394 3486 naturalis
2421 3430 2623 3486 differt
2647 3446 2683 3486 a
2711 3427 3050 3503 cognitione
3083 3427 3219 3484 ndei
3241 3429 3272 3482 Y

1484 3522 1540 3576 ὅ.
1573 3526 1662 3578 Au
1691 3520 1976 3578 attributa
2005 3519 2063 3575 in
2093 3517 2214 3576 Deo
2244 3520 2362 3576 sint
2391 3535 2602 3587 unum,
2633 3518 2726 3575 vel
2757 3518 2972 3593 plura?

1478 3612 1533 3665 3.
1567 3615 1653 3666 An
1684 3627 1791 3684 per
1817 3614 2145 3667 creaturam
2176 3607 2380 3666 mundi
2407 3608 2620 3666 debeat
2650 3607 2897 3682 intelligi
2924 3607 3103 3663 homo
3123 3608 3152 3662 't

865 3844 934 3907 B.
980 3844 1206 3907 Prima
1228 3844 1421 3927 ratio,
1453 3844 1552 3907 vel
1579 3846 1800 3907 modus
1827 3844 2129 3927 quomodo
2146 3845 2357 3927 potuit
2381 3843 2687 3927 cognosci
2713 3841 2913 3905 Deus.

1263 4037 1399 4089 Aur.
1477 4037 1531 4089 6.
1561 4032 1725 4099 Quod
1753 4033 1928 4089 detur
1957 4033 2146 4105 prima
2174 4048 2373 4089 causa.

1472 4123 1529 4177 7.
1557 4120 1722 4185 Quod
1751 4127 2024 4179 creatura
2052 4138 2169 4179 non
2200 4127 2392 4197 potest
2421 4136 2648 4178 creare.

837 4351 914 4412 C.
959 4349 1247 4413 Secunda
1279 4353 1446 4414 ratio
1476 4372 1600 4435 qna
1620 4352 1830 4437 potnit
1854 4354 2173 4435 cognosci.
2204 4353 2301 4416 vel
2329 4354 2550 4417 modus
2579 4373 2702 4435 quo
2732 4355 3053 4413 not-erunt.

1246 4545 1381 4600 Aur.
1457 4551 1514 4604 8.
1544 4548 1710 4614 Quod
1743 4550 1894 4605 Deus
1922 4556 2014 4606 est
2044 4549 2447 4623 incorporeus,
2482 4552 2540 4602 et
2570 4543 2978 4602 immutabilis.

832 4771 912 4836 D.
973 4774 1180 4838 Tertia
1209 4767 1399 4861 ratio,
1428 4782 1525 4845 vet
1553 4786 1792 4847 modus.

1235 4960 1369 5015 Ακτ.
1446 4962 1501 5017 9.
1533 4959 1696 5026 Quod
1728 4962 1878 5017 Deus
1901 4962 1978 5018 sit
2003 4978 2296 5018 summum
2327 4961 2572 5019 bouum.

1417 5053 1501 5106 10.
1538 5051 1617 5106 De
1646 5052 1765 5109 alio
1797 5052 1967 5108 modo
1997 5051 2383 5125 cognoscendi
2416 5057 2620 5109 Deum.

833 5275 899 5339 E.
952 5276 1240 5358 Quartus
1270 5286 1515 5358 modus,
1549 5287 1646 5347 vel
1671 5289 1857 5349 ratio.

1224 5475 1358 5530 Ant.
1403 5476 1488 5531 11.
1522 5476 1724 5532 Utrum
1757 5474 2000 5532 materia
2031 5477 2219 5547 prima
2251 5476 2327 5531 sit
2358 5476 2508 5532 nihil
2529 5477 2557 5531 ‘t

1404 5568 1492 5620 12.
1528 5566 1733 5622 Utrum
1756 5580 1827 5622 ex
1857 5566 2246 5638 perpetuitate
2276 5573 2557 5638 arguatur
2584 5566 2906 5633 auten-nima,
2938 5572 2996 5622 et
3026 5582 3097 5622 ex
3131 5562 3541 5637 magnitudine
3571 5577 3675 5634 po·

1617 5656 1817 5713 tentiae
1846 5654 2108 5712 infinitus
2126 5656 2155 5711 ‘t

3856 2136 3926 2189 88

3853 2317 3921 2370 89

3791 4780 3872 4843 98

3804 4958 3875 5012 99

3797 5049 3868 5101 99

3754 5282 3868 5345 100

3756 5469 3852 5527 101

3753 5652 3849 5705 101
3900 5734 3905 5743 ι
