<?xml version="1.0" encoding="UTF-8"?>
<!DOCTYPE html PUBLIC "-//W3C//DTD XHTML 1.0 Transitional//EN"
    "http://www.w3.org/TR/xhtml1/DTD/xhtml1-transitional.dtd">
<html xmlns="http://www.w3.org/1999/xhtml" xml:lang="en" lang="en">
 <head>
  <title>
</title>
<meta http-equiv="Content-Type" content="text/html;charset=utf-8" />
  <meta name='ocr-system' content='tesseract 3.04.00' />
  <meta name='ocr-capabilities' content='ocr_page ocr_carea ocr_par ocr_line ocrx_word'/>
</head>
<body>
  <div class='ocr_page' id='page_1' title='image "balbertimagnira03chgoog_0299.png"; bbox 0 0 4897 6388; ppageno 0'>
   <div class='ocr_carea' id='block_1_1' title="bbox 1761 292 3469 384">
    <p class='ocr_par' dir='ltr' id='par_1_1' title="bbox 1761 292 3469 384">
     <span class='ocr_line' id='line_1_1' title="bbox 1761 292 3469 384; baseline -0.014 1"><span class='ocrx_word' id='word_1_1' title='bbox 1761 316 1855 384; x_wconf 92' lang='lat' dir='ltr'>IN</span> <span class='ocrx_word' id='word_1_2' title='bbox 1905 315 1934 381; x_wconf 95' lang='lat'>1</span> <span class='ocrx_word' id='word_1_3' title='bbox 1984 305 2403 381; x_wconf 85' lang='lat' dir='ltr'><strong>SENTENT.</strong></span> <span class='ocrx_word' id='word_1_4' title='bbox 2457 298 2680 368; x_wconf 86' lang='lat' dir='ltr'><strong>DIST.</strong></span> <span class='ocrx_word' id='word_1_5' title='bbox 2733 294 2855 376; x_wconf 85' lang='lat' dir='ltr'>IX,</span> <span class='ocrx_word' id='word_1_6' title='bbox 2901 293 2986 373; x_wconf 82' lang='lat' dir='ltr'>E,</span> <span class='ocrx_word' id='word_1_7' title='bbox 3029 292 3106 373; x_wconf 87' lang='lat' dir='ltr'>F,</span> <span class='ocrx_word' id='word_1_8' title='bbox 3156 292 3356 359; x_wconf 86' lang='lat' dir='ltr'>ART.</span> <span class='ocrx_word' id='word_1_9' title='bbox 3401 295 3469 361; x_wconf 82' lang='lat'>9.</span> 
     </span>
    </p>
   </div>
   <div class='ocr_carea' id='block_1_2' title="bbox 1456 1112 2128 1188">
    <p class='ocr_par' dir='ltr' id='par_1_2' title="bbox 1456 1112 2128 1188">
     <span class='ocr_line' id='line_1_2' title="bbox 1456 1112 2128 1188; baseline -0.013 0"><span class='ocrx_word' id='word_1_10' title='bbox 1456 1113 1959 1188; x_wconf 83' lang='lat' dir='ltr'>AR&#39;l&#39;ICULUS</span> <span class='ocrx_word' id='word_1_11' title='bbox 2007 1112 2128 1181; x_wconf 81' lang='lat' dir='ltr'>lx.</span> 
     </span>
    </p>
   </div>
   <div class='ocr_carea' id='block_1_3' title="bbox 1017 1324 2559 1523">
    <p class='ocr_par' dir='ltr' id='par_1_3' title="bbox 1017 1324 2559 1523">
     <span class='ocr_line' id='line_1_3' title="bbox 1017 1324 2559 1420; baseline -0.013 -12"><span class='ocrx_word' id='word_1_12' title='bbox 1017 1341 1268 1409; x_wconf 80' lang='lat' dir='ltr'><em>Utrum</em></span> <span class='ocrx_word' id='word_1_13' title='bbox 1308 1339 1521 1405; x_wconf 80' lang='lat' dir='ltr'>Pater</span> <span class='ocrx_word' id='word_1_14' title='bbox 1563 1334 1655 1400; x_wconf 78' lang='lat' dir='ltr'>sit</span> <span class='ocrx_word' id='word_1_15' title='bbox 1689 1332 1961 1420; x_wconf 70' lang='lat' dir='ltr'>sapiens</span> <span class='ocrx_word' id='word_1_16' title='bbox 1995 1324 2334 1418; x_wconf 78' lang='lat' dir='ltr'><em>sapientia</em></span> <span class='ocrx_word' id='word_1_17' title='bbox 2371 1324 2559 1413; x_wconf 71' lang='lat' dir='ltr'>qeni-</span> 
     </span>
     <span class='ocr_line' id='line_1_4' title="bbox 1262 1433 2302 1523; baseline -0.014 -10"><span class='ocrx_word' id='word_1_18' title='bbox 1262 1455 1360 1523; x_wconf 78' lang='lat' dir='ltr'>ta,</span> <span class='ocrx_word' id='word_1_19' title='bbox 1392 1442 1649 1511; x_wconf 79' lang='lat' dir='ltr'>scilicet</span> <span class='ocrx_word' id='word_1_20' title='bbox 1676 1439 1861 1508; x_wconf 78' lang='lat' dir='ltr'>Filio</span> <span class='ocrx_word' id='word_1_21' title='bbox 1904 1446 1978 1504; x_wconf 85' lang='lat' dir='ltr'>ut</span> <span class='ocrx_word' id='word_1_22' title='bbox 2020 1433 2302 1523; x_wconf 81' lang='lat' dir='ltr'>objecto.</span> 
     </span>
    </p>
   </div>
   <div class='ocr_carea' id='block_1_4' title="bbox 1010 1772 2559 1974">
    <p class='ocr_par' dir='ltr' id='par_1_4' title="bbox 1010 1772 2559 1974">
     <span class='ocr_line' id='line_1_5' title="bbox 1096 1772 2544 1873; baseline -0.01 -21"><span class='ocrx_word' id='word_1_23' title='bbox 1096 1783 1356 1853; x_wconf 80' lang='lat' dir='ltr'><strong>Deinde</strong></span> <span class='ocrx_word' id='word_1_24' title='bbox 1426 1780 1747 1873; x_wconf 84' lang='lat' dir='ltr'>quaeritur</span> <span class='ocrx_word' id='word_1_25' title='bbox 1809 1778 1891 1846; x_wconf 92' lang='lat' dir='ltr'>de</span> <span class='ocrx_word' id='word_1_26' title='bbox 1946 1775 2076 1844; x_wconf 89' lang='lat' dir='ltr'>hoc</span> <span class='ocrx_word' id='word_1_27' title='bbox 2104 1773 2282 1866; x_wconf 93' lang='lat' dir='ltr'>quod</span> <span class='ocrx_word' id='word_1_28' title='bbox 2331 1772 2544 1841; x_wconf 87' lang='lat' dir='ltr'>dicit:</span> 
     </span>
     <span class='ocr_line' id='line_1_6' title="bbox 1010 1883 2559 1974; baseline -0.006 -15"><span class='ocrx_word' id='word_1_29' title='bbox 1010 1913 1044 1959; x_wconf 76' lang='lat'>·«</span> <span class='ocrx_word' id='word_1_30' title='bbox 1078 1893 1161 1962; x_wconf 72' lang='lat' dir='ltr'>Sa·</span> <span class='ocrx_word' id='word_1_31' title='bbox 1215 1891 1349 1961; x_wconf 78' lang='lat' dir='ltr'>Dei</span> <span class='ocrx_word' id='word_1_32' title='bbox 1403 1889 1633 1960; x_wconf 79' lang='lat' dir='ltr'>Filius</span> <span class='ocrx_word' id='word_1_33' title='bbox 1685 1888 1905 1955; x_wconf 76' lang='lat' dir='ltr'>virtus</span> <span class='ocrx_word' id='word_1_34' title='bbox 1959 1894 2022 1952; x_wconf 80' lang='lat' dir='ltr'>et</span> <span class='ocrx_word' id='word_1_35' title='bbox 2059 1884 2397 1974; x_wconf 76' lang='lat' dir='ltr'>sapientia</span> <span class='ocrx_word' id='word_1_36' title='bbox 2426 1883 2559 1950; x_wconf 79' lang='lat' dir='ltr'>Dei</span> 
     </span>
    </p>
   </div>
   <div class='ocr_carea' id='block_1_5' title="bbox 1006 2011 1372 2086">
    <p class='ocr_par' dir='ltr' id='par_1_5' title="bbox 1006 2011 1372 2086">
     <span class='ocr_line' id='line_1_7' title="bbox 1006 2011 1372 2086; baseline -0.008 -16"><span class='ocrx_word' id='word_1_37' title='bbox 1006 2012 1127 2086; x_wconf 79' lang='lat' dir='ltr'>est,</span> <span class='ocrx_word' id='word_1_38' title='bbox 1173 2011 1301 2070; x_wconf 86' lang='lat' dir='ltr'>etc.</span> <span class='ocrx_word' id='word_1_39' title='bbox 1338 2026 1372 2067; x_wconf 82' lang='lat'><strong>»</strong></span> 
     </span>
    </p>
   </div>
   <div class='ocr_carea' id='block_1_6' title="bbox 1001 2102 2557 3062">
    <p class='ocr_par' dir='ltr' id='par_1_6' title="bbox 1001 2102 2557 2737">
     <span class='ocr_line' id='line_1_8' title="bbox 1109 2102 2556 2197; baseline -0.007 -21"><span class='ocrx_word' id='word_1_40' title='bbox 1109 2109 1195 2176; x_wconf 89' lang='lat' dir='ltr'>Et</span> <span class='ocrx_word' id='word_1_41' title='bbox 1289 2107 1400 2176; x_wconf 85' lang='lat' dir='ltr'>hie</span> <span class='ocrx_word' id='word_1_42' title='bbox 1512 2109 1904 2197; x_wconf 82' lang='lat' dir='ltr'>quaeruntur</span> <span class='ocrx_word' id='word_1_43' title='bbox 1968 2102 2100 2170; x_wconf 91' lang='lat' dir='ltr'>duo</span> <span class='ocrx_word' id='word_1_44' title='bbox 2156 2125 2172 2168; x_wconf 73' lang='grc' dir='ltr'><em>τ</em></span> <span class='ocrx_word' id='word_1_45' title='bbox 2261 2123 2556 2192; x_wconf 87' lang='lat' dir='ltr'>quorum</span> 
     </span>
     <span class='ocr_line' id='line_1_9' title="bbox 1009 2209 2557 2301; baseline -0.007 -16"><span class='ocrx_word' id='word_1_46' title='bbox 1009 2239 1226 2286; x_wconf 88' lang='lat' dir='ltr'>unum</span> <span class='ocrx_word' id='word_1_47' title='bbox 1287 2223 1413 2299; x_wconf 87' lang='lat' dir='ltr'>est,</span> <span class='ocrx_word' id='word_1_48' title='bbox 1464 2215 1521 2282; x_wconf 89' lang='lat' dir='ltr'>si</span> <span class='ocrx_word' id='word_1_49' title='bbox 1577 2213 1782 2281; x_wconf 87' lang='lat' dir='ltr'>Pater</span> <span class='ocrx_word' id='word_1_50' title='bbox 1808 2211 2077 2301; x_wconf 86' lang='lat' dir='ltr'>sapiens</span> <span class='ocrx_word' id='word_1_51' title='bbox 2113 2210 2197 2276; x_wconf 91' lang='lat' dir='ltr'>sit</span> <span class='ocrx_word' id='word_1_52' title='bbox 2227 2209 2557 2299; x_wconf 80' lang='lat' dir='ltr'>sapientia</span> 
     </span>
     <span class='ocr_line' id='line_1_10' title="bbox 1009 2315 2557 2416; baseline -0.007 -23"><span class='ocrx_word' id='word_1_53' title='bbox 1009 2325 1240 2416; x_wconf 85' lang='lat' dir='ltr'>genita</span> <span class='ocrx_word' id='word_1_54' title='bbox 1266 2331 1341 2391; x_wconf 91' lang='lat' dir='ltr'>ut</span> <span class='ocrx_word' id='word_1_55' title='bbox 1370 2322 1664 2411; x_wconf 86' lang='lat' dir='ltr'>objecto,</span> <span class='ocrx_word' id='word_1_56' title='bbox 1707 2319 1861 2388; x_wconf 90' lang='lat' dir='ltr'>licet</span> <span class='ocrx_word' id='word_1_57' title='bbox 1882 2341 2019 2386; x_wconf 91' lang='lat' dir='ltr'>non</span> <span class='ocrx_word' id='word_1_58' title='bbox 2059 2317 2145 2384; x_wconf 84' lang='lat' dir='ltr'>sit</span> <span class='ocrx_word' id='word_1_59' title='bbox 2181 2339 2258 2384; x_wconf 86' lang='lat' dir='ltr'>ea</span> <span class='ocrx_word' id='word_1_60' title='bbox 2288 2315 2557 2405; x_wconf 84' lang='lat' dir='ltr'>sapiens</span> 
     </span>
     <span class='ocr_line' id='line_1_11' title="bbox 1007 2425 2556 2525; baseline -0.006 -25"><span class='ocrx_word' id='word_1_61' title='bbox 1007 2431 1199 2525; x_wconf 81' lang='lat' dir='ltr'>quasi</span> <span class='ocrx_word' id='word_1_62' title='bbox 1232 2427 1607 2499; x_wconf 78' lang='lat' dir='ltr'>formaliter</span> <span class='ocrx_word' id='word_1_63' title='bbox 1638 2450 1653 2495; x_wconf 75' lang='grc' dir='ltr'>ε</span> <span class='ocrx_word' id='word_1_64' title='bbox 1690 2435 1756 2496; x_wconf 88' lang='lat' dir='ltr'>et</span> <span class='ocrx_word' id='word_1_65' title='bbox 1784 2425 1913 2495; x_wconf 85' lang='lat' dir='ltr'>boo</span> <span class='ocrx_word' id='word_1_66' title='bbox 1942 2432 2207 2516; x_wconf 79' lang='lat' dir='ltr'><strong>oportet</strong></span> <span class='ocrx_word' id='word_1_67' title='bbox 2256 2445 2556 2514; x_wconf 84' lang='lat' dir='ltr'>quaerere</span> 
     </span>
     <span class='ocr_line' id='line_1_12' title="bbox 1001 2530 2555 2627; baseline -0.006 -20"><span class='ocrx_word' id='word_1_68' title='bbox 1001 2561 1088 2608; x_wconf 85' lang='lat' dir='ltr'>ex</span> <span class='ocrx_word' id='word_1_69' title='bbox 1146 2558 1228 2606; x_wconf 92' lang='lat' dir='ltr'>eo</span> <span class='ocrx_word' id='word_1_70' title='bbox 1297 2534 1480 2627; x_wconf 90' lang='lat' dir='ltr'>quod</span> <span class='ocrx_word' id='word_1_71' title='bbox 1546 2534 1824 2626; x_wconf 87' lang='lat' dir='ltr'>qnidam</span> <span class='ocrx_word' id='word_1_72' title='bbox 1898 2531 2025 2600; x_wconf 89' lang='lat' dir='ltr'>hoc</span> <span class='ocrx_word' id='word_1_73' title='bbox 2091 2530 2427 2609; x_wconf 84' lang='lat' dir='ltr'>dixerunt,</span> <span class='ocrx_word' id='word_1_74' title='bbox 2489 2539 2555 2598; x_wconf 89' lang='lat' dir='ltr'>et</span> 
     </span>
     <span class='ocr_line' id='line_1_13' title="bbox 1002 2647 1443 2737; baseline -0.007 -22"><span class='ocrx_word' id='word_1_75' title='bbox 1002 2647 1443 2737; x_wconf 80' lang='lat' dir='ltr'>scripserunt.</span> 
     </span>
    </p>

    <p class='ocr_par' dir='ltr' id='par_1_7' title="bbox 1002 2752 2557 3062">
     <span class='ocr_line' id='line_1_14' title="bbox 1097 2752 2553 2834; baseline -0.005 -10"><span class='ocrx_word' id='word_1_76' title='bbox 1097 2755 1494 2826; x_wconf 87' lang='lat' dir='ltr'>Secundum</span> <span class='ocrx_word' id='word_1_77' title='bbox 1561 2763 1686 2834; x_wconf 90' lang='lat' dir='ltr'>est,</span> <span class='ocrx_word' id='word_1_78' title='bbox 1721 2755 1775 2822; x_wconf 89' lang='lat' dir='ltr'>si</span> <span class='ocrx_word' id='word_1_79' title='bbox 1843 2752 1970 2821; x_wconf 89' lang='lat' dir='ltr'>hoc</span> <span class='ocrx_word' id='word_1_80' title='bbox 2010 2773 2145 2820; x_wconf 92' lang='lat' dir='ltr'>non</span> <span class='ocrx_word' id='word_1_81' title='bbox 2185 2759 2286 2818; x_wconf 86' lang='lat' dir='ltr'>est</span> <span class='ocrx_word' id='word_1_82' title='bbox 2315 2771 2553 2818; x_wconf 89' lang='lat' dir='ltr'>verum</span> 
     </span>
     <span class='ocr_line' id='line_1_15' title="bbox 1002 2857 2557 2941; baseline -0.006 -8"><span class='ocrx_word' id='word_1_83' title='bbox 1002 2887 1129 2933; x_wconf 82' lang='lat' dir='ltr'>neo</span> <span class='ocrx_word' id='word_1_84' title='bbox 1185 2863 1629 2941; x_wconf 85' lang='lat' dir='ltr'>catholicum,</span> <span class='ocrx_word' id='word_1_85' title='bbox 1664 2868 1895 2929; x_wconf 88' lang='lat' dir='ltr'>utrum</span> <span class='ocrx_word' id='word_1_86' title='bbox 1934 2858 2155 2927; x_wconf 80' lang='lat' dir='ltr'>valeat</span> <span class='ocrx_word' id='word_1_87' title='bbox 2193 2859 2363 2925; x_wconf 86' lang='lat' dir='ltr'>ratio</span> <span class='ocrx_word' id='word_1_88' title='bbox 2402 2857 2557 2924; x_wconf 83' lang='lat' dir='ltr'>Au·-</span> 
     </span>
     <span class='ocr_line' id='line_1_16' title="bbox 1002 2965 2552 3062; baseline -0.006 -23"><span class='ocrx_word' id='word_1_89' title='bbox 1002 2970 1264 3062; x_wconf 84' lang='lat' dir='ltr'>gustini</span> <span class='ocrx_word' id='word_1_90' title='bbox 1321 2967 1583 3060; x_wconf 88' lang='lat' dir='ltr'>aliquid</span> <span class='ocrx_word' id='word_1_91' title='bbox 1653 2973 1888 3036; x_wconf 86' lang='lat' dir='ltr'>contra</span> <span class='ocrx_word' id='word_1_92' title='bbox 1937 2965 2353 3040; x_wconf 66' lang='lat' dir='ltr'>haereticum,</span> <span class='ocrx_word' id='word_1_93' title='bbox 2399 2984 2552 3054; x_wconf 81' lang='lat' dir='ltr'>quae</span> 
     </span>
    </p>
   </div>
   <div class='ocr_carea' id='block_1_7' title="bbox 1002 3076 1480 3172">
    <p class='ocr_par' dir='ltr' id='par_1_8' title="bbox 1002 3076 1480 3172">
     <span class='ocr_line' id='line_1_17' title="bbox 1002 3076 1480 3172; baseline -0.004 -24"><span class='ocrx_word' id='word_1_94' title='bbox 1002 3081 1286 3172; x_wconf 88' lang='lat' dir='ltr'>ponitur</span> <span class='ocrx_word' id='word_1_95' title='bbox 1312 3076 1425 3147; x_wconf 83' lang='lat' dir='ltr'>hie</span> <span class='ocrx_word' id='word_1_96' title='bbox 1442 3079 1480 3145; x_wconf 79' lang='lat'>⁴?</span> 
     </span>
    </p>
   </div>
   <div class='ocr_carea' id='block_1_8' title="bbox 988 3292 2554 5549">
    <p class='ocr_par' dir='ltr' id='par_1_9' title="bbox 991 3292 2554 5116">
     <span class='ocr_line' id='line_1_18' title="bbox 1089 3292 2550 3390; baseline -0.004 -26"><span class='ocrx_word' id='word_1_97' title='bbox 1089 3294 1197 3364; x_wconf 79' lang='lat' dir='ltr'>Ad</span> <span class='ocrx_word' id='word_1_98' title='bbox 1228 3296 1530 3390; x_wconf 88' lang='lat' dir='ltr'>primum</span> <span class='ocrx_word' id='word_1_99' title='bbox 1560 3295 1876 3384; x_wconf 85' lang='lat' dir='ltr'>objicitur</span> <span class='ocrx_word' id='word_1_100' title='bbox 1903 3295 2040 3362; x_wconf 83' lang='lat' dir='ltr'>sic:</span> <span class='ocrx_word' id='word_1_101' title='bbox 2077 3293 2147 3359; x_wconf 87' lang='lat' dir='ltr'>Si</span> <span class='ocrx_word' id='word_1_102' title='bbox 2179 3294 2273 3360; x_wconf 81' lang='lat' dir='ltr'>sio</span> <span class='ocrx_word' id='word_1_103' title='bbox 2303 3292 2550 3369; x_wconf 87' lang='lat' dir='ltr'>dicam,</span> 
     </span>
     <span class='ocr_line' id='line_1_19' title="bbox 1000 3398 2552 3494; baseline -0.004 -23"><span class='ocrx_word' id='word_1_104' title='bbox 1000 3402 1388 3473; x_wconf 82' lang='lat' dir='ltr'>intellectus</span> <span class='ocrx_word' id='word_1_105' title='bbox 1454 3426 1646 3473; x_wconf 85' lang='lat' dir='ltr'>meus</span> <span class='ocrx_word' id='word_1_106' title='bbox 1722 3400 2033 3494; x_wconf 89' lang='lat' dir='ltr'>intelligit</span> <span class='ocrx_word' id='word_1_107' title='bbox 2081 3422 2175 3476; x_wconf 75' lang='lat' dir='ltr'>se,</span> <span class='ocrx_word' id='word_1_108' title='bbox 2219 3399 2393 3468; x_wconf 84' lang='lat' dir='ltr'>cadit</span> <span class='ocrx_word' id='word_1_109' title='bbox 2461 3398 2552 3466; x_wconf 90' lang='lat' dir='ltr'>ibi</span> 
     </span>
     <span class='ocr_line' id='line_1_20' title="bbox 997 3509 2551 3604; baseline -0.003 -23"><span class='ocrx_word' id='word_1_110' title='bbox 997 3512 1385 3583; x_wconf 86' lang='lat' dir='ltr'>intellectus</span> <span class='ocrx_word' id='word_1_111' title='bbox 1423 3513 1492 3581; x_wconf 88' lang='lat' dir='ltr'>in</span> <span class='ocrx_word' id='word_1_112' title='bbox 1541 3511 1788 3604; x_wconf 79' lang='lat' dir='ltr'><strong>duplici</strong></span> <span class='ocrx_word' id='word_1_113' title='bbox 1853 3512 2135 3590; x_wconf 81' lang='lat' dir='ltr'>ratione,</span> <span class='ocrx_word' id='word_1_114' title='bbox 2198 3509 2453 3577; x_wconf 85' lang='lat' dir='ltr'>scilicet</span> <span class='ocrx_word' id='word_1_115' title='bbox 2484 3511 2551 3576; x_wconf 90' lang='lat' dir='ltr'>in</span> 
     </span>
     <span class='ocr_line' id='line_1_21' title="bbox 1002 3619 2553 3713; baseline -0.004 -23"><span class='ocrx_word' id='word_1_116' title='bbox 1002 3623 1269 3690; x_wconf 84' lang='lat' dir='ltr'>ratione</span> <span class='ocrx_word' id='word_1_117' title='bbox 1345 3620 1809 3713; x_wconf 77' lang='lat' dir='ltr'>intelligentis,</span> <span class='ocrx_word' id='word_1_118' title='bbox 1878 3629 1943 3689; x_wconf 85' lang='lat' dir='ltr'>et</span> <span class='ocrx_word' id='word_1_119' title='bbox 2012 3622 2078 3688; x_wconf 90' lang='lat' dir='ltr'>in</span> <span class='ocrx_word' id='word_1_120' title='bbox 2124 3619 2384 3687; x_wconf 88' lang='lat' dir='ltr'>ratione</span> <span class='ocrx_word' id='word_1_121' title='bbox 2445 3619 2553 3685; x_wconf 89' lang='lat' dir='ltr'>in-</span> 
     </span>
     <span class='ocr_line' id='line_1_22' title="bbox 996 3724 2552 3819; baseline -0.005 -22"><span class='ocrx_word' id='word_1_122' title='bbox 996 3728 1276 3797; x_wconf 80' lang='lat' dir='ltr'>tellecti.</span> <span class='ocrx_word' id='word_1_123' title='bbox 1312 3728 1660 3797; x_wconf 84' lang='lat' dir='ltr'>l‘onamus</span> <span class='ocrx_word' id='word_1_124' title='bbox 1699 3751 1887 3819; x_wconf 84' lang='lat' dir='ltr'>ergo,</span> <span class='ocrx_word' id='word_1_125' title='bbox 1930 3726 2112 3819; x_wconf 88' lang='lat' dir='ltr'>quod</span> <span class='ocrx_word' id='word_1_126' title='bbox 2172 3724 2552 3795; x_wconf 80' lang='lat' dir='ltr'>intellec-tus</span> 
     </span>
     <span class='ocr_line' id='line_1_23' title="bbox 1000 3832 2550 3905; baseline -0.004 -2"><span class='ocrx_word' id='word_1_127' title='bbox 1000 3836 1068 3903; x_wconf 92' lang='lat' dir='ltr'>in</span> <span class='ocrx_word' id='word_1_128' title='bbox 1133 3836 1395 3905; x_wconf 87' lang='lat' dir='ltr'>ratione</span> <span class='ocrx_word' id='word_1_129' title='bbox 1442 3834 1759 3904; x_wconf 71' lang='lat' dir='ltr'>intellecti</span> <span class='ocrx_word' id='word_1_130' title='bbox 1792 3836 1875 3901; x_wconf 90' lang='lat' dir='ltr'>sit</span> <span class='ocrx_word' id='word_1_131' title='bbox 1907 3832 2246 3901; x_wconf 77' lang='lat' dir='ltr'>sulliciens</span> <span class='ocrx_word' id='word_1_132' title='bbox 2278 3834 2447 3900; x_wconf 81' lang='lat' dir='ltr'>ratio</span> <span class='ocrx_word' id='word_1_133' title='bbox 2487 3839 2550 3898; x_wconf 91' lang='lat' dir='ltr'>et</span> 
     </span>
     <span class='ocr_line' id='line_1_24' title="bbox 998 3941 2551 4035; baseline -0.003 -23"><span class='ocrx_word' id='word_1_134' title='bbox 998 3944 1259 4035; x_wconf 86' lang='lat' dir='ltr'>species</span> <span class='ocrx_word' id='word_1_135' title='bbox 1335 3945 1642 4013; x_wconf 87' lang='lat' dir='ltr'>omnium</span> <span class='ocrx_word' id='word_1_136' title='bbox 1722 3941 2309 4034; x_wconf 75' lang='lat' dir='ltr'>cognoscibiliuin.</span> <span class='ocrx_word' id='word_1_137' title='bbox 2391 3948 2551 4007; x_wconf 85' lang='lat' dir='ltr'>tune</span> 
     </span>
     <span class='ocr_line' id='line_1_25' title="bbox 1000 4047 2554 4144; baseline -0.004 -23"><span class='ocrx_word' id='word_1_138' title='bbox 1000 4075 1140 4121; x_wconf 93' lang='lat' dir='ltr'>non</span> <span class='ocrx_word' id='word_1_139' title='bbox 1174 4061 1442 4144; x_wconf 88' lang='lat' dir='ltr'>oportet</span> <span class='ocrx_word' id='word_1_140' title='bbox 1477 4075 1584 4120; x_wconf 75' lang='lat' dir='ltr'>nne</span> <span class='ocrx_word' id='word_1_141' title='bbox 1622 4050 1707 4119; x_wconf 85' lang='lat' dir='ltr'>ad</span> <span class='ocrx_word' id='word_1_142' title='bbox 1748 4050 2258 4142; x_wconf 80' lang='lat' dir='ltr'>intelligendum</span> <span class='ocrx_word' id='word_1_143' title='bbox 2290 4073 2394 4117; x_wconf 80' lang='lat' dir='ltr'>res</span> <span class='ocrx_word' id='word_1_144' title='bbox 2426 4047 2554 4115; x_wconf 83' lang='lat' dir='ltr'>ha-</span> 
     </span>
     <span class='ocr_line' id='line_1_26' title="bbox 999 4155 2552 4251; baseline -0.003 -25"><span class='ocrx_word' id='word_1_145' title='bbox 999 4158 1159 4227; x_wconf 86' lang='lat' dir='ltr'>bere</span> <span class='ocrx_word' id='word_1_146' title='bbox 1217 4160 1475 4251; x_wconf 88' lang='lat' dir='ltr'>aliquid</span> <span class='ocrx_word' id='word_1_147' title='bbox 1539 4161 1605 4227; x_wconf 91' lang='lat' dir='ltr'>in</span> <span class='ocrx_word' id='word_1_148' title='bbox 1663 4158 2005 4227; x_wconf 86' lang='lat' dir='ltr'>intellectu</span> <span class='ocrx_word' id='word_1_149' title='bbox 2058 4182 2234 4233; x_wconf 90' lang='lat' dir='ltr'>meo,</span> <span class='ocrx_word' id='word_1_150' title='bbox 2279 4156 2405 4224; x_wconf 84' lang='lat' dir='ltr'>nisi</span> <span class='ocrx_word' id='word_1_151' title='bbox 2442 4155 2552 4222; x_wconf 91' lang='lat' dir='ltr'>in-</span> 
     </span>
     <span class='ocr_line' id='line_1_27' title="bbox 999 4263 2552 4356; baseline -0.001 -22"><span class='ocrx_word' id='word_1_152' title='bbox 999 4266 1346 4335; x_wconf 86' lang='lat' dir='ltr'>tellectum</span> <span class='ocrx_word' id='word_1_153' title='bbox 1377 4276 1450 4334; x_wconf 86' lang='lat' dir='ltr'>ut</span> <span class='ocrx_word' id='word_1_154' title='bbox 1483 4265 1801 4356; x_wconf 84' lang='lat' dir='ltr'>objicitur</span> <span class='ocrx_word' id='word_1_155' title='bbox 1831 4265 2224 4356; x_wconf 72' lang='lat' dir='ltr'>intelligenti</span> <span class='ocrx_word' id='word_1_156' title='bbox 2286 4263 2552 4333; x_wconf 84' lang='lat' dir='ltr'>intelle-</span> 
     </span>
     <span class='ocr_line' id='line_1_28' title="bbox 997 4373 2544 4465; baseline -0.004 -21"><span class='ocrx_word' id='word_1_157' title='bbox 997 4375 1179 4444; x_wconf 88' lang='lat' dir='ltr'>ctui:</span> <span class='ocrx_word' id='word_1_158' title='bbox 1223 4374 1343 4443; x_wconf 87' lang='lat' dir='ltr'>sed</span> <span class='ocrx_word' id='word_1_159' title='bbox 1407 4375 1501 4442; x_wconf 83' lang='lat' dir='ltr'>sic</span> <span class='ocrx_word' id='word_1_160' title='bbox 1535 4382 1896 4465; x_wconf 85' lang='lat' dir='ltr'>generatur</span> <span class='ocrx_word' id='word_1_161' title='bbox 1961 4373 2168 4440; x_wconf 83' lang='lat' dir='ltr'>Filius</span> <span class='ocrx_word' id='word_1_162' title='bbox 2206 4397 2242 4438; x_wconf 88' lang='lat' dir='ltr'>a</span> <span class='ocrx_word' id='word_1_163' title='bbox 2293 4373 2494 4441; x_wconf 82' lang='lat' dir='ltr'>l’atre</span> <span class='ocrx_word' id='word_1_164' title='bbox 2530 4394 2544 4438; x_wconf 75' lang='grc' dir='ltr'>ε</span> 
     </span>
     <span class='ocr_line' id='line_1_29' title="bbox 996 4481 2550 4575; baseline -0.005 -25"><span class='ocrx_word' id='word_1_165' title='bbox 996 4485 1159 4575; x_wconf 88' lang='lat' dir='ltr'>quia</span> <span class='ocrx_word' id='word_1_166' title='bbox 1190 4483 1371 4551; x_wconf 87' lang='lat' dir='ltr'>idem</span> <span class='ocrx_word' id='word_1_167' title='bbox 1411 4491 1538 4562; x_wconf 88' lang='lat' dir='ltr'>est,</span> <span class='ocrx_word' id='word_1_168' title='bbox 1577 4490 1650 4551; x_wconf 85' lang='lat' dir='ltr'>ut</span> <span class='ocrx_word' id='word_1_169' title='bbox 1689 4482 1847 4551; x_wconf 89' lang='lat' dir='ltr'>dicit</span> <span class='ocrx_word' id='word_1_170' title='bbox 1886 4481 2246 4550; x_wconf 81' lang='lat' dir='ltr'>Anselmus</span> <span class='ocrx_word' id='word_1_171' title='bbox 2285 4484 2351 4548; x_wconf 93' lang='lat' dir='ltr'>in</span> <span class='ocrx_word' id='word_1_172' title='bbox 2390 4484 2550 4549; x_wconf 75' lang='lat' dir='ltr'>Mo-</span> 
     </span>
     <span class='ocr_line' id='line_1_30' title="bbox 994 4588 2549 4682; baseline -0.002 -23"><span class='ocrx_word' id='word_1_173' title='bbox 994 4590 1303 4681; x_wconf 70' lang='lat' dir='ltr'>vaeoloqio,</span> <span class='ocrx_word' id='word_1_174' title='bbox 1360 4612 1634 4659; x_wconf 78' lang='lat' dir='ltr'>summo</span> <span class='ocrx_word' id='word_1_175' title='bbox 1717 4590 1978 4682; x_wconf 85' lang='lat' dir='ltr'>spiritui</span> <span class='ocrx_word' id='word_1_176' title='bbox 2038 4588 2408 4680; x_wconf 83' lang='lat' dir='ltr'>intelligere</span> <span class='ocrx_word' id='word_1_177' title='bbox 2483 4597 2549 4656; x_wconf 88' lang='lat' dir='ltr'>et</span> 
     </span>
     <span class='ocr_line' id='line_1_31' title="bbox 997 4697 2545 4790; baseline -0.004 -21"><span class='ocrx_word' id='word_1_178' title='bbox 997 4700 1223 4769; x_wconf 87' lang='lat' dir='ltr'>dicere</span> <span class='ocrx_word' id='word_1_179' title='bbox 1266 4722 1338 4768; x_wconf 86' lang='lat' dir='ltr'>se</span> <span class='ocrx_word' id='word_1_180' title='bbox 1372 4721 1388 4769; x_wconf 89' lang='lat'>:</span> <span class='ocrx_word' id='word_1_181' title='bbox 1424 4722 1582 4769; x_wconf 80' lang='lat' dir='ltr'>cuni</span> <span class='ocrx_word' id='word_1_182' title='bbox 1622 4722 1783 4790; x_wconf 85' lang='lat' dir='ltr'>ergo</span> <span class='ocrx_word' id='word_1_183' title='bbox 1825 4697 2109 4767; x_wconf 88' lang='lat' dir='ltr'>dicendo</span> <span class='ocrx_word' id='word_1_184' title='bbox 2161 4721 2232 4766; x_wconf 82' lang='lat' dir='ltr'>se</span> <span class='ocrx_word' id='word_1_185' title='bbox 2269 4705 2545 4788; x_wconf 85' lang='lat' dir='ltr'>generet</span> 
     </span>
     <span class='ocr_line' id='line_1_32' title="bbox 996 4807 2547 4879; baseline -0.001 -4"><span class='ocrx_word' id='word_1_186' title='bbox 996 4807 1287 4879; x_wconf 86' lang='lat' dir='ltr'>verbum</span> <span class='ocrx_word' id='word_1_187' title='bbox 1356 4830 1559 4876; x_wconf 86' lang='lat' dir='ltr'>suum</span> <span class='ocrx_word' id='word_1_188' title='bbox 1598 4816 1662 4876; x_wconf 88' lang='lat' dir='ltr'>et</span> <span class='ocrx_word' id='word_1_189' title='bbox 1703 4807 1926 4875; x_wconf 87' lang='lat' dir='ltr'>omnis</span> <span class='ocrx_word' id='word_1_190' title='bbox 1974 4807 2068 4874; x_wconf 92' lang='lat' dir='ltr'>rei</span> <span class='ocrx_word' id='word_1_191' title='bbox 2117 4808 2450 4874; x_wconf 86' lang='lat' dir='ltr'>rationem</span> <span class='ocrx_word' id='word_1_192' title='bbox 2481 4813 2547 4873; x_wconf 91' lang='lat' dir='ltr'>et</span> 
     </span>
     <span class='ocr_line' id='line_1_33' title="bbox 994 4913 2544 5009; baseline -0.002 -24"><span class='ocrx_word' id='word_1_193' title='bbox 994 4926 1237 4996; x_wconf 88' lang='lat' dir='ltr'>artem,</span> <span class='ocrx_word' id='word_1_194' title='bbox 1283 4919 1427 5009; x_wconf 88' lang='lat' dir='ltr'>ipse</span> <span class='ocrx_word' id='word_1_195' title='bbox 1456 4915 1587 4985; x_wconf 83' lang='lat' dir='ltr'>boc</span> <span class='ocrx_word' id='word_1_196' title='bbox 1624 4915 1833 4985; x_wconf 79' lang='lat' dir='ltr'>verbo</span> <span class='ocrx_word' id='word_1_197' title='bbox 1864 4923 1927 4983; x_wconf 89' lang='lat' dir='ltr'>et</span> <span class='ocrx_word' id='word_1_198' title='bbox 1959 4938 2092 4983; x_wconf 91' lang='lat' dir='ltr'>non</span> <span class='ocrx_word' id='word_1_199' title='bbox 2122 4914 2254 4983; x_wconf 88' lang='lat' dir='ltr'>alio</span> <span class='ocrx_word' id='word_1_200' title='bbox 2296 4913 2544 4983; x_wconf 90' lang='lat' dir='ltr'>intelli-</span> 
     </span>
     <span class='ocr_line' id='line_1_34' title="bbox 991 5023 1824 5116; baseline -0.001 -24"><span class='ocrx_word' id='word_1_201' title='bbox 991 5026 1093 5115; x_wconf 86' lang='lat' dir='ltr'>git</span> <span class='ocrx_word' id='word_1_202' title='bbox 1123 5023 1453 5116; x_wconf 87' lang='lat' dir='ltr'>quidquid</span> <span class='ocrx_word' id='word_1_203' title='bbox 1485 5024 1824 5116; x_wconf 81' lang='lat' dir='ltr'>intelligit.</span> 
     </span>
    </p>

    <p class='ocr_par' dir='ltr' id='par_1_10' title="bbox 988 5129 2544 5549">
     <span class='ocr_line' id='line_1_35' title="bbox 1083 5129 2543 5223; baseline 0 -25"><span class='ocrx_word' id='word_1_204' title='bbox 1083 5131 1184 5198; x_wconf 81' lang='lat' dir='ltr'>Ex</span> <span class='ocrx_word' id='word_1_205' title='bbox 1263 5130 1395 5201; x_wconf 84' lang='lat' dir='ltr'>hoc</span> <span class='ocrx_word' id='word_1_206' title='bbox 1441 5132 1747 5223; x_wconf 88' lang='lat' dir='ltr'>sequitur</span> <span class='ocrx_word' id='word_1_207' title='bbox 1812 5131 2114 5209; x_wconf 49' lang='lat' dir='ltr'>ulteria&amp;</span> <span class='ocrx_word' id='word_1_208' title='bbox 2160 5131 2340 5222; x_wconf 90' lang='lat' dir='ltr'>quod</span> <span class='ocrx_word' id='word_1_209' title='bbox 2372 5129 2543 5198; x_wconf 81' lang='lat' dir='ltr'>nihil</span> 
     </span>
     <span class='ocr_line' id='line_1_36' title="bbox 991 5238 2543 5332; baseline -0.002 -23"><span class='ocrx_word' id='word_1_210' title='bbox 991 5248 1218 5331; x_wconf 86' lang='lat' dir='ltr'>potest</span> <span class='ocrx_word' id='word_1_211' title='bbox 1250 5238 1625 5332; x_wconf 85' lang='lat' dir='ltr'>intelligere</span> <span class='ocrx_word' id='word_1_212' title='bbox 1655 5240 1782 5308; x_wconf 88' lang='lat' dir='ltr'>nisi</span> <span class='ocrx_word' id='word_1_213' title='bbox 1827 5238 2022 5320; x_wconf 83' lang='lat' dir='ltr'>Filio,</span> <span class='ocrx_word' id='word_1_214' title='bbox 2074 5239 2231 5330; x_wconf 87' lang='lat' dir='ltr'>quia</span> <span class='ocrx_word' id='word_1_215' title='bbox 2286 5240 2543 5329; x_wconf 85' lang='lat' dir='ltr'>species</span> 
     </span>
     <span class='ocr_line' id='line_1_37' title="bbox 991 5348 2544 5440; baseline 0 -23"><span class='ocrx_word' id='word_1_216' title='bbox 991 5370 1131 5417; x_wconf 88' lang='lat' dir='ltr'>non</span> <span class='ocrx_word' id='word_1_217' title='bbox 1183 5348 1427 5439; x_wconf 78' lang='lat' dir='ltr'>accipit</span> <span class='ocrx_word' id='word_1_218' title='bbox 1465 5371 1506 5416; x_wconf 90' lang='lat' dir='ltr'>a</span> <span class='ocrx_word' id='word_1_219' title='bbox 1558 5348 1783 5426; x_wconf 88' lang='lat' dir='ltr'>rebus,</span> <span class='ocrx_word' id='word_1_220' title='bbox 1827 5357 1893 5418; x_wconf 85' lang='lat' dir='ltr'>et</span> <span class='ocrx_word' id='word_1_221' title='bbox 1921 5349 2175 5440; x_wconf 85' lang='lat' dir='ltr'>species</span> <span class='ocrx_word' id='word_1_222' title='bbox 2217 5371 2354 5415; x_wconf 90' lang='lat' dir='ltr'>non</span> <span class='ocrx_word' id='word_1_223' title='bbox 2384 5357 2544 5417; x_wconf 84' lang='lat' dir='ltr'>sunt</span> 
     </span>
     <span class='ocr_line' id='line_1_38' title="bbox 988 5455 2448 5549; baseline 0 -24"><span class='ocrx_word' id='word_1_224' title='bbox 988 5455 1170 5549; x_wconf 88' lang='lat' dir='ltr'>apud</span> <span class='ocrx_word' id='word_1_225' title='bbox 1203 5459 1426 5548; x_wconf 85' lang='lat' dir='ltr'>ipsum</span> <span class='ocrx_word' id='word_1_226' title='bbox 1467 5458 1594 5525; x_wconf 89' lang='lat' dir='ltr'>nisi</span> <span class='ocrx_word' id='word_1_227' title='bbox 1626 5456 1871 5525; x_wconf 85' lang='lat' dir='ltr'>ideales</span> <span class='ocrx_word' id='word_1_228' title='bbox 1902 5457 2193 5525; x_wconf 88' lang='lat' dir='ltr'>rationes</span> <span class='ocrx_word' id='word_1_229' title='bbox 2234 5456 2448 5525; x_wconf 79' lang='lat' dir='ltr'>verbi.</span> 
     </span>
    </p>
   </div>
   <div class='ocr_carea' id='block_1_9' title="bbox 1067 5689 1753 5761">
    <p class='ocr_par' dir='ltr' id='par_1_11' title="bbox 1067 5689 1753 5761">
     <span class='ocr_line' id='line_1_39' title="bbox 1067 5689 1753 5761; baseline 0 -15"><span class='ocrx_word' id='word_1_230' title='bbox 1067 5691 1083 5727; x_wconf 91' lang='lat'><strong>¹</strong></span> <span class='ocrx_word' id='word_1_231' title='bbox 1111 5690 1199 5746; x_wconf 83' lang='lat' dir='ltr'>Ct&#39;.</span> <span class='ocrx_word' id='word_1_232' title='bbox 1232 5690 1443 5761; x_wconf 82' lang='lat' dir='ltr'>Supra,</span> <span class='ocrx_word' id='word_1_233' title='bbox 1477 5689 1621 5747; x_wconf 83' lang='lat' dir='ltr'>Dist.</span> <span class='ocrx_word' id='word_1_234' title='bbox 1652 5690 1753 5746; x_wconf 89' lang='lat'><em>111.</em></span> 
     </span>
    </p>
   </div>
   <div class='ocr_carea' id='block_1_10' title="bbox 3940 285 4227 397">
    <p class='ocr_par' dir='ltr' id='par_1_12' title="bbox 3940 285 4227 397">
     <span class='ocr_line' id='line_1_40' title="bbox 3940 285 4227 397; baseline -0.014 -37"><span class='ocrx_word' id='word_1_235' title='bbox 3940 383 3955 397; x_wconf 19' lang='grc' dir='ltr'>ι</span> <span class='ocrx_word' id='word_1_236' title='bbox 4009 329 4014 334; x_wconf 87' lang='lat'><em>-</em></span> <span class='ocrx_word' id='word_1_237' title='bbox 4075 285 4227 396; x_wconf 54' lang='lat'>,2²8⁷</span> 
     </span>
    </p>
   </div>
   <div class='ocr_carea' id='block_1_11' title="bbox 2661 466 4231 1934">
    <p class='ocr_par' dir='ltr' id='par_1_13' title="bbox 2768 466 3255 534">
     <span class='ocr_line' id='line_1_41' title="bbox 2768 466 3255 534; baseline -0.004 0"><span class='ocrx_word' id='word_1_238' title='bbox 2768 466 2901 534; x_wconf 72' lang='lat' dir='ltr'>Si-:n</span> <span class='ocrx_word' id='word_1_239' title='bbox 2945 488 3203 533; x_wconf 74' lang='lat' dir='ltr'>CONTRA</span> <span class='ocrx_word' id='word_1_240' title='bbox 3240 488 3255 532; x_wconf 90' lang='lat'>:</span> 
     </span>
    </p>

    <p class='ocr_par' dir='ltr' id='par_1_14' title="bbox 2666 569 4231 963">
     <span class='ocr_line' id='line_1_42' title="bbox 2763 569 4230 658; baseline -0.006 -16"><span class='ocrx_word' id='word_1_241' title='bbox 2763 578 2825 644; x_wconf 83' lang='lat'>1.</span> <span class='ocrx_word' id='word_1_242' title='bbox 2870 575 3219 642; x_wconf 85' lang='lat' dir='ltr'>Ponamus</span> <span class='ocrx_word' id='word_1_243' title='bbox 3257 572 3506 638; x_wconf 85' lang='lat' dir='ltr'>Filium</span> <span class='ocrx_word' id='word_1_244' title='bbox 3568 592 3706 638; x_wconf 90' lang='lat' dir='ltr'>nou</span> <span class='ocrx_word' id='word_1_245' title='bbox 3740 592 3884 638; x_wconf 88' lang='lat' dir='ltr'>esse</span> <span class='ocrx_word' id='word_1_246' title='bbox 3935 591 4056 658; x_wconf 87' lang='lat' dir='ltr'>per</span> <span class='ocrx_word' id='word_1_247' title='bbox 4095 569 4230 634; x_wconf 87' lang='lat' dir='ltr'>im-</span> 
     </span>
     <span class='ocr_line' id='line_1_43' title="bbox 2670 676 4231 773; baseline -0.004 -23"><span class='ocrx_word' id='word_1_248' title='bbox 2670 681 3014 773; x_wconf 88' lang='lat' dir='ltr'>possibile,</span> <span class='ocrx_word' id='word_1_249' title='bbox 3087 679 3311 747; x_wconf 81' lang='lat' dir='ltr'>adhue</span> <span class='ocrx_word' id='word_1_250' title='bbox 3371 678 3480 747; x_wconf 89' lang='lat' dir='ltr'>ille</span> <span class='ocrx_word' id='word_1_251' title='bbox 3521 680 3636 768; x_wconf 90' lang='lat' dir='ltr'>qui</span> <span class='ocrx_word' id='word_1_252' title='bbox 3686 688 3787 748; x_wconf 88' lang='lat' dir='ltr'>est</span> <span class='ocrx_word' id='word_1_253' title='bbox 3827 678 4052 757; x_wconf 86' lang='lat' dir='ltr'>Pater,</span> <span class='ocrx_word' id='word_1_254' title='bbox 4119 676 4231 744; x_wconf 90' lang='lat' dir='ltr'>in-</span> 
     </span>
     <span class='ocr_line' id='line_1_44' title="bbox 2667 786 4227 879; baseline -0.004 -23"><span class='ocrx_word' id='word_1_255' title='bbox 2667 789 2911 869; x_wconf 85' lang='lat' dir='ltr'>telligit</span> <span class='ocrx_word' id='word_1_256' title='bbox 2966 812 3037 857; x_wconf 90' lang='lat' dir='ltr'>se</span> <span class='ocrx_word' id='word_1_257' title='bbox 3086 798 3154 857; x_wconf 84' lang='lat' dir='ltr'>et</span> <span class='ocrx_word' id='word_1_258' title='bbox 3204 789 3434 855; x_wconf 84' lang='lat' dir='ltr'>onmia</span> <span class='ocrx_word' id='word_1_259' title='bbox 3481 811 3494 854; x_wconf 89' lang='lat'>:</span> <span class='ocrx_word' id='word_1_260' title='bbox 3580 812 3742 879; x_wconf 85' lang='lat' dir='ltr'>ergo</span> <span class='ocrx_word' id='word_1_261' title='bbox 3819 810 3955 855; x_wconf 92' lang='lat' dir='ltr'>non</span> <span class='ocrx_word' id='word_1_262' title='bbox 4015 786 4227 875; x_wconf 81' lang='lat' dir='ltr'>exigit</span> 
     </span>
     <span class='ocr_line' id='line_1_45' title="bbox 2666 881 3754 963; baseline 0 -2"><span class='ocrx_word' id='word_1_263' title='bbox 2666 894 2914 962; x_wconf 88' lang='lat' dir='ltr'>Filium</span> <span class='ocrx_word' id='word_1_264' title='bbox 2947 895 3035 962; x_wconf 89' lang='lat' dir='ltr'>ad</span> <span class='ocrx_word' id='word_1_265' title='bbox 3063 894 3484 963; x_wconf 87' lang='lat' dir='ltr'>intellectum</span> <span class='ocrx_word' id='word_1_266' title='bbox 3524 881 3754 962; x_wconf 84' lang='lat' dir='ltr'>suum.</span> 
     </span>
    </p>

    <p class='ocr_par' dir='ltr' id='par_1_15' title="bbox 2661 1004 4224 1934">
     <span class='ocr_line' id='line_1_46' title="bbox 2753 1004 4224 1094; baseline -0.001 -23"><span class='ocrx_word' id='word_1_267' title='bbox 2753 1009 2818 1073; x_wconf 85' lang='lat'>2.</span> <span class='ocrx_word' id='word_1_268' title='bbox 2864 1005 3224 1085; x_wconf 73' lang='lat' dir='ltr'>Praeterea,</span> <span class='ocrx_word' id='word_1_269' title='bbox 3261 1005 3395 1072; x_wconf 89' lang='lat' dir='ltr'>Ista</span> <span class='ocrx_word' id='word_1_270' title='bbox 3426 1013 3527 1071; x_wconf 86' lang='lat' dir='ltr'>est</span> <span class='ocrx_word' id='word_1_271' title='bbox 3576 1004 3815 1072; x_wconf 84' lang='lat' dir='ltr'>abusio</span> <span class='ocrx_word' id='word_1_272' title='bbox 3855 1026 4061 1094; x_wconf 88' lang='lat' dir='ltr'>quam</span> <span class='ocrx_word' id='word_1_273' title='bbox 4103 1026 4224 1070; x_wconf 89' lang='lat' dir='ltr'>su-</span> 
     </span>
     <span class='ocr_line' id='line_1_47' title="bbox 2665 1111 4224 1204; baseline -0.001 -24"><span class='ocrx_word' id='word_1_274' title='bbox 2665 1136 2786 1203; x_wconf 89' lang='lat' dir='ltr'>pra</span> <span class='ocrx_word' id='word_1_275' title='bbox 2851 1112 3283 1204; x_wconf 81' lang='lat' dir='ltr'>reprehendit</span> <span class='ocrx_word' id='word_1_276' title='bbox 3320 1114 3738 1203; x_wconf 81' lang='lat' dir='ltr'>Augustinus</span> <span class='ocrx_word' id='word_1_277' title='bbox 3780 1134 3824 1192; x_wconf 75' lang='grc' dir='ltr'>ι,</span> <span class='ocrx_word' id='word_1_278' title='bbox 3860 1113 4019 1202; x_wconf 87' lang='lat' dir='ltr'>quia</span> <span class='ocrx_word' id='word_1_279' title='bbox 4066 1111 4224 1178; x_wconf 86' lang='lat' dir='ltr'>licet</span> 
     </span>
     <span class='ocr_line' id='line_1_48' title="bbox 2665 1217 4219 1311; baseline -0.003 -25"><span class='ocrx_word' id='word_1_280' title='bbox 2665 1220 2736 1287; x_wconf 90' lang='lat' dir='ltr'>in</span> <span class='ocrx_word' id='word_1_281' title='bbox 2797 1220 3097 1311; x_wconf 85' lang='lat' dir='ltr'>imagine</span> <span class='ocrx_word' id='word_1_282' title='bbox 3146 1227 3371 1288; x_wconf 82' lang='lat' dir='ltr'>ereata</span> <span class='ocrx_word' id='word_1_283' title='bbox 3414 1221 3509 1287; x_wconf 88' lang='lat' dir='ltr'>ita</span> <span class='ocrx_word' id='word_1_284' title='bbox 3538 1220 3647 1304; x_wconf 90' lang='lat' dir='ltr'>sit,</span> <span class='ocrx_word' id='word_1_285' title='bbox 3692 1217 3869 1310; x_wconf 88' lang='lat' dir='ltr'>quod</span> <span class='ocrx_word' id='word_1_286' title='bbox 3908 1225 4049 1286; x_wconf 83' lang='lat' dir='ltr'>tota</span> <span class='ocrx_word' id='word_1_287' title='bbox 4078 1238 4219 1283; x_wconf 91' lang='lat' dir='ltr'>non</span> 
     </span>
     <span class='ocr_line' id='line_1_49' title="bbox 2662 1325 4221 1418; baseline 0 -25"><span class='ocrx_word' id='word_1_288' title='bbox 2662 1325 2980 1418; x_wconf 87' lang='lat' dir='ltr'>intelligit</span> <span class='ocrx_word' id='word_1_289' title='bbox 3007 1327 3140 1394; x_wconf 86' lang='lat' dir='ltr'>nisi</span> <span class='ocrx_word' id='word_1_290' title='bbox 3180 1348 3300 1417; x_wconf 88' lang='lat' dir='ltr'>per</span> <span class='ocrx_word' id='word_1_291' title='bbox 3331 1326 3876 1416; x_wconf 81' lang='lat' dir='ltr'>intelligentiam,</span> <span class='ocrx_word' id='word_1_292' title='bbox 3909 1333 4048 1398; x_wconf 85' lang='lat' dir='ltr'>tota</span> <span class='ocrx_word' id='word_1_293' title='bbox 4079 1346 4221 1393; x_wconf 89' lang='lat' dir='ltr'>non</span> 
     </span>
     <span class='ocr_line' id='line_1_50' title="bbox 2661 1431 4223 1524; baseline 0.002 -23"><span class='ocrx_word' id='word_1_294' title='bbox 2661 1441 3081 1502; x_wconf 87' lang='lat' dir='ltr'>memoratur</span> <span class='ocrx_word' id='word_1_295' title='bbox 3109 1434 3240 1501; x_wconf 90' lang='lat' dir='ltr'>nisi</span> <span class='ocrx_word' id='word_1_296' title='bbox 3273 1456 3392 1524; x_wconf 86' lang='lat' dir='ltr'>per</span> <span class='ocrx_word' id='word_1_297' title='bbox 3430 1434 3861 1512; x_wconf 83' lang='lat' dir='ltr'>memoriam,</span> <span class='ocrx_word' id='word_1_298' title='bbox 3903 1456 4043 1500; x_wconf 91' lang='lat' dir='ltr'>non</span> <span class='ocrx_word' id='word_1_299' title='bbox 4071 1431 4223 1504; x_wconf 79' lang='lat' dir='ltr'>vult</span> 
     </span>
     <span class='ocr_line' id='line_1_51' title="bbox 2664 1539 4222 1634; baseline -0.001 -25"><span class='ocrx_word' id='word_1_300' title='bbox 2664 1543 2792 1610; x_wconf 90' lang='lat' dir='ltr'>nisi</span> <span class='ocrx_word' id='word_1_301' title='bbox 2821 1565 2940 1633; x_wconf 88' lang='lat' dir='ltr'>per</span> <span class='ocrx_word' id='word_1_302' title='bbox 2988 1541 3453 1611; x_wconf 85' lang='lat' dir='ltr'>voluntatem:</span> <span class='ocrx_word' id='word_1_303' title='bbox 3490 1544 3642 1634; x_wconf 91' lang='lat' dir='ltr'>quis</span> <span class='ocrx_word' id='word_1_304' title='bbox 3689 1551 3920 1611; x_wconf 86' lang='lat' dir='ltr'>tamen</span> <span class='ocrx_word' id='word_1_305' title='bbox 3976 1539 4222 1609; x_wconf 88' lang='lat' dir='ltr'>audeat</span> 
     </span>
     <span class='ocr_line' id='line_1_52' title="bbox 2665 1648 4217 1743; baseline -0.002 -26"><span class='ocrx_word' id='word_1_306' title='bbox 2665 1649 2908 1730; x_wconf 83' lang='lat' dir='ltr'>dicere,</span> <span class='ocrx_word' id='word_1_307' title='bbox 2997 1649 3183 1743; x_wconf 90' lang='lat' dir='ltr'>quod</span> <span class='ocrx_word' id='word_1_308' title='bbox 3264 1650 3337 1717; x_wconf 93' lang='lat' dir='ltr'>in</span> <span class='ocrx_word' id='word_1_309' title='bbox 3394 1648 3507 1717; x_wconf 92' lang='lat' dir='ltr'>illa</span> <span class='ocrx_word' id='word_1_310' title='bbox 3575 1670 3849 1718; x_wconf 88' lang='lat' dir='ltr'>summa</span> <span class='ocrx_word' id='word_1_311' title='bbox 3917 1648 4217 1717; x_wconf 86' lang='lat' dir='ltr'>trinitate</span> 
     </span>
     <span class='ocr_line' id='line_1_53' title="bbox 2664 1753 4211 1847; baseline 0.001 -25"><span class='ocrx_word' id='word_1_312' title='bbox 2664 1754 2866 1825; x_wconf 90' lang='lat' dir='ltr'>Pater</span> <span class='ocrx_word' id='word_1_313' title='bbox 2928 1779 3068 1826; x_wconf 91' lang='lat' dir='ltr'>non</span> <span class='ocrx_word' id='word_1_314' title='bbox 3134 1755 3454 1847; x_wconf 87' lang='lat' dir='ltr'>intelligit</span> <span class='ocrx_word' id='word_1_315' title='bbox 3519 1757 3649 1824; x_wconf 88' lang='lat' dir='ltr'>nisi</span> <span class='ocrx_word' id='word_1_316' title='bbox 3733 1779 3857 1846; x_wconf 75' lang='lat' dir='ltr'>pet·</span> <span class='ocrx_word' id='word_1_317' title='bbox 3934 1753 4211 1836; x_wconf 87' lang='lat' dir='ltr'>Filium,</span> 
     </span>
     <span class='ocr_line' id='line_1_54' title="bbox 2663 1873 2787 1934; baseline 0.016 -2"><span class='ocrx_word' id='word_1_318' title='bbox 2663 1873 2787 1934; x_wconf 85' lang='lat' dir='ltr'>ete.</span> 
     </span>
    </p>
   </div>
   <div class='ocr_carea' id='block_1_12' title="bbox 2663 2095 4209 2406">
    <p class='ocr_par' dir='ltr' id='par_1_16' title="bbox 2663 2095 4209 2406">
     <span class='ocr_line' id='line_1_55' title="bbox 2756 2095 4208 2181; baseline 0.001 -17"><span class='ocrx_word' id='word_1_319' title='bbox 2756 2096 3067 2166; x_wconf 70' lang='lat' dir='ltr'>Somno.</span> <span class='ocrx_word' id='word_1_320' title='bbox 3105 2096 3486 2166; x_wconf 82' lang='lat' dir='ltr'>Dieendum</span> <span class='ocrx_word' id='word_1_321' title='bbox 3516 2096 3603 2165; x_wconf 93' lang='lat' dir='ltr'>ad</span> <span class='ocrx_word' id='word_1_322' title='bbox 3641 2095 3799 2181; x_wconf 86' lang='lat' dir='ltr'>hoe,</span> <span class='ocrx_word' id='word_1_323' title='bbox 3822 2097 3997 2165; x_wconf 79' lang='lat' dir='ltr'>sicut</span> <span class='ocrx_word' id='word_1_324' title='bbox 4033 2096 4208 2166; x_wconf 74' lang='lat' dir='ltr'>infra</span> 
     </span>
     <span class='ocr_line' id='line_1_56' title="bbox 2663 2204 4209 2297; baseline 0 -24"><span class='ocrx_word' id='word_1_325' title='bbox 2663 2205 3085 2296; x_wconf 82' lang='lat' dir='ltr'>probabitur,</span> <span class='ocrx_word' id='word_1_326' title='bbox 3132 2206 3319 2297; x_wconf 90' lang='lat' dir='ltr'>quod</span> <span class='ocrx_word' id='word_1_327' title='bbox 3372 2206 3577 2274; x_wconf 85' lang='lat' dir='ltr'>Pater</span> <span class='ocrx_word' id='word_1_328' title='bbox 3615 2205 3805 2274; x_wconf 91' lang='lat' dir='ltr'>nullo</span> <span class='ocrx_word' id='word_1_329' title='bbox 3855 2204 4059 2275; x_wconf 88' lang='lat' dir='ltr'>modo</span> <span class='ocrx_word' id='word_1_330' title='bbox 4107 2214 4209 2275; x_wconf 88' lang='lat' dir='ltr'>est</span> 
     </span>
     <span class='ocr_line' id='line_1_57' title="bbox 2663 2315 4209 2406; baseline 0 -24"><span class='ocrx_word' id='word_1_331' title='bbox 2663 2318 2931 2406; x_wconf 86' lang='lat' dir='ltr'>sapiens</span> <span class='ocrx_word' id='word_1_332' title='bbox 2971 2315 3145 2383; x_wconf 87' lang='lat' dir='ltr'>Filio</span> <span class='ocrx_word' id='word_1_333' title='bbox 3179 2337 3195 2381; x_wconf 75' lang='grc' dir='ltr'>ε</span> <span class='ocrx_word' id='word_1_334' title='bbox 3232 2338 3371 2383; x_wconf 92' lang='lat' dir='ltr'>non</span> <span class='ocrx_word' id='word_1_335' title='bbox 3431 2325 3659 2383; x_wconf 88' lang='lat' dir='ltr'>tamen</span> <span class='ocrx_word' id='word_1_336' title='bbox 3702 2315 3880 2383; x_wconf 89' lang='lat' dir='ltr'>idem</span> <span class='ocrx_word' id='word_1_337' title='bbox 3930 2323 4026 2383; x_wconf 90' lang='lat' dir='ltr'>est</span> <span class='ocrx_word' id='word_1_338' title='bbox 4068 2336 4209 2382; x_wconf 92' lang='lat' dir='ltr'>non</span> 
     </span>
    </p>
   </div>
   <div class='ocr_carea' id='block_1_13' title="bbox 4257 441 4574 510">
    <p class='ocr_par' dir='ltr' id='par_1_17' title="bbox 4257 441 4574 510">
     <span class='ocr_line' id='line_1_58' title="bbox 4257 441 4574 510; baseline -0.009 0"><span class='ocrx_word' id='word_1_339' title='bbox 4257 441 4357 510; x_wconf 71' lang='lat' dir='ltr'>Sed</span> <span class='ocrx_word' id='word_1_340' title='bbox 4390 468 4574 510; x_wconf 83' lang='lat' dir='ltr'>contra.</span> 
     </span>
    </p>
   </div>
   <div class='ocr_carea' id='block_1_14' title="bbox 4289 2069 4528 2147">
    <p class='ocr_par' dir='ltr' id='par_1_18' title="bbox 4289 2069 4528 2147">
     <span class='ocr_line' id='line_1_59' title="bbox 4289 2069 4528 2147; baseline -0.004 0"><span class='ocrx_word' id='word_1_341' title='bbox 4289 2094 4497 2147; x_wconf 75' lang='lat' dir='ltr'>solutio.</span> <span class='ocrx_word' id='word_1_342' title='bbox 4523 2069 4528 2074; x_wconf 11' lang='grc' dir='ltr'><strong><em>ἡ</em></strong></span> 
     </span>
    </p>
   </div>
   <div class='ocr_carea' id='block_1_15' title="bbox 2663 2421 4268 2515">
    <p class='ocr_par' dir='ltr' id='par_1_19' title="bbox 2663 2421 4268 2515">
     <span class='ocr_line' id='line_1_60' title="bbox 2663 2421 4268 2515; baseline -0.001 -24"><span class='ocrx_word' id='word_1_343' title='bbox 2663 2445 2808 2492; x_wconf 86' lang='lat' dir='ltr'>esse</span> <span class='ocrx_word' id='word_1_344' title='bbox 2847 2425 3221 2514; x_wconf 84' lang='lat' dir='ltr'>sapientem</span> <span class='ocrx_word' id='word_1_345' title='bbox 3292 2422 3483 2502; x_wconf 69' lang='lat' dir='ltr'>Filio,</span> <span class='ocrx_word' id='word_1_346' title='bbox 3528 2431 3597 2492; x_wconf 89' lang='lat' dir='ltr'>et</span> <span class='ocrx_word' id='word_1_347' title='bbox 3652 2445 3791 2490; x_wconf 93' lang='lat' dir='ltr'>non</span> <span class='ocrx_word' id='word_1_348' title='bbox 3835 2421 4268 2515; x_wconf 60' lang='lat' dir='ltr'>intelligere3</span> 
     </span>
    </p>
   </div>
   <div class='ocr_carea' id='block_1_16' title="bbox 2655 2531 4215 5550">
    <p class='ocr_par' dir='ltr' id='par_1_20' title="bbox 2655 2531 4215 5550">
     <span class='ocr_line' id='line_1_61' title="bbox 2663 2531 4206 2624; baseline 0.003 -26"><span class='ocrx_word' id='word_1_349' title='bbox 2663 2531 2861 2602; x_wconf 86' lang='lat' dir='ltr'>Filio.</span> <span class='ocrx_word' id='word_1_350' title='bbox 2900 2531 3283 2624; x_wconf 84' lang='lat' dir='ltr'>Intelligere</span> <span class='ocrx_word' id='word_1_351' title='bbox 3339 2535 3524 2601; x_wconf 88' lang='lat' dir='ltr'>enim</span> <span class='ocrx_word' id='word_1_352' title='bbox 3581 2532 3752 2601; x_wconf 88' lang='lat' dir='ltr'>Filio</span> <span class='ocrx_word' id='word_1_353' title='bbox 3785 2539 4206 2624; x_wconf 87' lang='lat' dir='ltr'>potestesse,</span> 
     </span>
     <span class='ocr_line' id='line_1_62' title="bbox 2665 2639 4211 2733; baseline 0.001 -26"><span class='ocrx_word' id='word_1_354' title='bbox 2665 2641 2854 2732; x_wconf 87' lang='lat' dir='ltr'>quasi</span> <span class='ocrx_word' id='word_1_355' title='bbox 2895 2639 3273 2733; x_wconf 86' lang='lat' dir='ltr'>intelligere</span> <span class='ocrx_word' id='word_1_356' title='bbox 3305 2663 3345 2709; x_wconf 85' lang='lat' dir='ltr'>a</span> <span class='ocrx_word' id='word_1_357' title='bbox 3385 2640 3582 2719; x_wconf 83' lang='lat' dir='ltr'>Filio,</span> <span class='ocrx_word' id='word_1_358' title='bbox 3626 2649 3693 2710; x_wconf 89' lang='lat' dir='ltr'>et</span> <span class='ocrx_word' id='word_1_359' title='bbox 3731 2639 4108 2732; x_wconf 84' lang='lat' dir='ltr'>intelligere</span> <span class='ocrx_word' id='word_1_360' title='bbox 4140 2641 4211 2708; x_wconf 90' lang='lat' dir='ltr'>in</span> 
     </span>
     <span class='ocr_line' id='line_1_63' title="bbox 2664 2748 4204 2829; baseline 0 -13"><span class='ocrx_word' id='word_1_361' title='bbox 2664 2748 2857 2819; x_wconf 86' lang='lat' dir='ltr'>Filio.</span> <span class='ocrx_word' id='word_1_362' title='bbox 2905 2749 3139 2819; x_wconf 84' lang='lat' dir='ltr'>Primo</span> <span class='ocrx_word' id='word_1_363' title='bbox 3181 2750 3387 2819; x_wconf 87' lang='lat' dir='ltr'>modo</span> <span class='ocrx_word' id='word_1_364' title='bbox 3447 2773 3583 2818; x_wconf 91' lang='lat' dir='ltr'>non</span> <span class='ocrx_word' id='word_1_365' title='bbox 3639 2750 3965 2819; x_wconf 78' lang='lat' dir='ltr'>convenit</span> <span class='ocrx_word' id='word_1_366' title='bbox 3993 2749 4204 2829; x_wconf 86' lang='lat' dir='ltr'>Patri,</span> 
     </span>
     <span class='ocr_line' id='line_1_64' title="bbox 2662 2858 4213 2952; baseline -0.001 -24"><span class='ocrx_word' id='word_1_367' title='bbox 2662 2859 2779 2928; x_wconf 86' lang='lat' dir='ltr'>sed</span> <span class='ocrx_word' id='word_1_368' title='bbox 2805 2860 3102 2928; x_wconf 85' lang='lat' dir='ltr'>seeundo</span> <span class='ocrx_word' id='word_1_369' title='bbox 3133 2860 3366 2952; x_wconf 88' lang='lat' dir='ltr'>aliquo</span> <span class='ocrx_word' id='word_1_370' title='bbox 3401 2860 3608 2928; x_wconf 90' lang='lat' dir='ltr'>modo</span> <span class='ocrx_word' id='word_1_371' title='bbox 3649 2860 3974 2929; x_wconf 78' lang='lat' dir='ltr'>convenit</span> <span class='ocrx_word' id='word_1_372' title='bbox 4011 2859 4099 2939; x_wconf 87' lang='lat' dir='ltr'>ei,</span> <span class='ocrx_word' id='word_1_373' title='bbox 4133 2858 4213 2927; x_wconf 90' lang='lat' dir='ltr'>li·</span> 
     </span>
     <span class='ocr_line' id='line_1_65' title="bbox 2663 2966 4215 3058; baseline 0 -24"><span class='ocrx_word' id='word_1_374' title='bbox 2663 2975 2766 3035; x_wconf 83' lang='lat' dir='ltr'>eet</span> <span class='ocrx_word' id='word_1_375' title='bbox 2797 2990 2934 3035; x_wconf 94' lang='lat' dir='ltr'>non</span> <span class='ocrx_word' id='word_1_376' title='bbox 2991 2990 3114 3058; x_wconf 90' lang='lat' dir='ltr'>per</span> <span class='ocrx_word' id='word_1_377' title='bbox 3161 2966 3355 3035; x_wconf 89' lang='lat' dir='ltr'>illum</span> <span class='ocrx_word' id='word_1_378' title='bbox 3414 2967 3694 3035; x_wconf 88' lang='lat' dir='ltr'>modum</span> <span class='ocrx_word' id='word_1_379' title='bbox 3730 2991 3868 3058; x_wconf 90' lang='lat' dir='ltr'>quo</span> <span class='ocrx_word' id='word_1_380' title='bbox 3907 2966 4215 3058; x_wconf 79' lang='lat' dir='ltr'>procedit</span> 
     </span>
     <span class='ocr_line' id='line_1_66' title="bbox 2665 3074 4214 3168; baseline -0.001 -24"><span class='ocrx_word' id='word_1_381' title='bbox 2665 3074 2954 3165; x_wconf 82' lang='lat' dir='ltr'>objectio</span> <span class='ocrx_word' id='word_1_382' title='bbox 2985 3076 3181 3145; x_wconf 76' lang='lat' dir='ltr'>lacta.</span> <span class='ocrx_word' id='word_1_383' title='bbox 3213 3076 3296 3145; x_wconf 81' lang='lat' dir='ltr'>Et</span> <span class='ocrx_word' id='word_1_384' title='bbox 3333 3076 3418 3144; x_wconf 85' lang='lat' dir='ltr'>ad</span> <span class='ocrx_word' id='word_1_385' title='bbox 3449 3076 3579 3144; x_wconf 81' lang='lat' dir='ltr'>hoe</span> <span class='ocrx_word' id='word_1_386' title='bbox 3617 3076 3994 3156; x_wconf 86' lang='lat' dir='ltr'>sciendum,</span> <span class='ocrx_word' id='word_1_387' title='bbox 4030 3074 4214 3168; x_wconf 93' lang='lat' dir='ltr'>quod</span> 
     </span>
     <span class='ocr_line' id='line_1_67' title="bbox 2669 3185 4211 3281; baseline 0.001 -27"><span class='ocrx_word' id='word_1_388' title='bbox 2669 3186 2865 3257; x_wconf 84' lang='lat' dir='ltr'>l’ater</span> <span class='ocrx_word' id='word_1_389' title='bbox 2930 3185 3098 3255; x_wconf 85' lang='lat' dir='ltr'>nihil</span> <span class='ocrx_word' id='word_1_390' title='bbox 3139 3187 3384 3279; x_wconf 77' lang='lat' dir='ltr'>accipit</span> <span class='ocrx_word' id='word_1_391' title='bbox 3420 3210 3464 3281; x_wconf 84' lang='lat' dir='ltr'>a</span> <span class='ocrx_word' id='word_1_392' title='bbox 3515 3186 3713 3267; x_wconf 82' lang='lat' dir='ltr'>Filio,</span> <span class='ocrx_word' id='word_1_393' title='bbox 3767 3210 3892 3256; x_wconf 86' lang='lat' dir='ltr'>neo</span> <span class='ocrx_word' id='word_1_394' title='bbox 3947 3185 4211 3256; x_wconf 86' lang='lat' dir='ltr'>intelle-</span> 
     </span>
     <span class='ocr_line' id='line_1_68' title="bbox 2663 3293 4215 3387; baseline 0.001 -24"><span class='ocrx_word' id='word_1_395' title='bbox 2663 3303 2875 3377; x_wconf 85' lang='lat' dir='ltr'>ctum,</span> <span class='ocrx_word' id='word_1_396' title='bbox 2911 3318 3035 3364; x_wconf 84' lang='lat' dir='ltr'>nec</span> <span class='ocrx_word' id='word_1_397' title='bbox 3075 3294 3481 3386; x_wconf 87' lang='lat' dir='ltr'>intelligere,</span> <span class='ocrx_word' id='word_1_398' title='bbox 3517 3318 3641 3363; x_wconf 86' lang='lat' dir='ltr'>nee</span> <span class='ocrx_word' id='word_1_399' title='bbox 3682 3319 3821 3387; x_wconf 91' lang='lat' dir='ltr'>quo</span> <span class='ocrx_word' id='word_1_400' title='bbox 3853 3295 3927 3364; x_wconf 78' lang='lat' dir='ltr'>fit</span> <span class='ocrx_word' id='word_1_401' title='bbox 3955 3293 4215 3365; x_wconf 89' lang='lat' dir='ltr'>intelle·</span> 
     </span>
     <span class='ocr_line' id='line_1_69' title="bbox 2664 3403 4214 3496; baseline 0.002 -25"><span class='ocrx_word' id='word_1_402' title='bbox 2664 3410 2836 3486; x_wconf 85' lang='lat' dir='ltr'>ctus,</span> <span class='ocrx_word' id='word_1_403' title='bbox 2874 3426 2997 3472; x_wconf 88' lang='lat' dir='ltr'>nec</span> <span class='ocrx_word' id='word_1_404' title='bbox 3026 3404 3371 3494; x_wconf 84' lang='lat' dir='ltr'>objectum</span> <span class='ocrx_word' id='word_1_405' title='bbox 3407 3424 3424 3473; x_wconf 73' lang='grc' dir='ltr'>ε</span> <span class='ocrx_word' id='word_1_406' title='bbox 3458 3405 3575 3472; x_wconf 86' lang='lat' dir='ltr'>sed</span> <span class='ocrx_word' id='word_1_407' title='bbox 3607 3404 3844 3472; x_wconf 90' lang='lat' dir='ltr'>omnia</span> <span class='ocrx_word' id='word_1_408' title='bbox 3893 3427 4042 3496; x_wconf 81' lang='lat' dir='ltr'>quae</span> <span class='ocrx_word' id='word_1_409' title='bbox 4084 3403 4214 3474; x_wconf 75' lang='lat' dir='ltr'>lia·-</span> 
     </span>
     <span class='ocr_line' id='line_1_70' title="bbox 2666 3508 4208 3603; baseline 0.003 -28"><span class='ocrx_word' id='word_1_410' title='bbox 2666 3508 2776 3578; x_wconf 88' lang='lat' dir='ltr'>bet</span> <span class='ocrx_word' id='word_1_411' title='bbox 2842 3510 3053 3579; x_wconf 84' lang='lat' dir='ltr'>Filius</span> <span class='ocrx_word' id='word_1_412' title='bbox 3127 3512 3374 3602; x_wconf 81' lang='lat' dir='ltr'>accipit</span> <span class='ocrx_word' id='word_1_413' title='bbox 3427 3535 3466 3578; x_wconf 87' lang='lat' dir='ltr'>a</span> <span class='ocrx_word' id='word_1_414' title='bbox 3538 3511 3760 3580; x_wconf 83' lang='lat' dir='ltr'>l’atre.</span> <span class='ocrx_word' id='word_1_415' title='bbox 3825 3510 4208 3603; x_wconf 86' lang='lat' dir='ltr'>Intelligere</span> 
     </span>
     <span class='ocr_line' id='line_1_71' title="bbox 2662 3616 4211 3710; baseline 0.003 -27"><span class='ocrx_word' id='word_1_416' title='bbox 2662 3616 2867 3685; x_wconf 88' lang='lat' dir='ltr'>etiam</span> <span class='ocrx_word' id='word_1_417' title='bbox 2924 3628 2991 3685; x_wconf 88' lang='lat' dir='ltr'>et</span> <span class='ocrx_word' id='word_1_418' title='bbox 3046 3617 3268 3686; x_wconf 83' lang='lat' dir='ltr'>dicere</span> <span class='ocrx_word' id='word_1_419' title='bbox 3327 3618 3394 3685; x_wconf 89' lang='lat' dir='ltr'>in</span> <span class='ocrx_word' id='word_1_420' title='bbox 3463 3641 3738 3687; x_wconf 84' lang='lat' dir='ltr'>summo</span> <span class='ocrx_word' id='word_1_421' title='bbox 3808 3620 4049 3710; x_wconf 84' lang='lat' dir='ltr'>spiritu</span> <span class='ocrx_word' id='word_1_422' title='bbox 4109 3626 4211 3687; x_wconf 86' lang='lat' dir='ltr'>est</span> 
     </span>
     <span class='ocr_line' id='line_1_72' title="bbox 2661 3725 4207 3818; baseline 0.003 -26"><span class='ocrx_word' id='word_1_423' title='bbox 2661 3726 3089 3816; x_wconf 69' lang='lat' dir='ltr'>aequivocum</span> <span class='ocrx_word' id='word_1_424' title='bbox 3125 3748 3140 3793; x_wconf 91' lang='lat'>:</span> <span class='ocrx_word' id='word_1_425' title='bbox 3187 3726 3345 3817; x_wconf 82' lang='lat' dir='ltr'>quia</span> <span class='ocrx_word' id='word_1_426' title='bbox 3390 3736 3609 3818; x_wconf 83' lang='lat' dir='ltr'>potest</span> <span class='ocrx_word' id='word_1_427' title='bbox 3649 3749 3796 3795; x_wconf 87' lang='lat' dir='ltr'>esse</span> <span class='ocrx_word' id='word_1_428' title='bbox 3826 3725 4207 3809; x_wconf 80' lang='lat' dir='ltr'>essentiale,</span> 
     </span>
     <span class='ocr_line' id='line_1_73' title="bbox 2664 3833 4208 3925; baseline 0.003 -25"><span class='ocrx_word' id='word_1_429' title='bbox 2664 3841 2729 3901; x_wconf 87' lang='lat' dir='ltr'>et</span> <span class='ocrx_word' id='word_1_430' title='bbox 2761 3833 3165 3925; x_wconf 86' lang='lat' dir='ltr'>personale:</span> <span class='ocrx_word' id='word_1_431' title='bbox 3227 3856 3383 3902; x_wconf 89' lang='lat' dir='ltr'>cum</span> <span class='ocrx_word' id='word_1_432' title='bbox 3452 3834 3634 3902; x_wconf 87' lang='lat' dir='ltr'>enim</span> <span class='ocrx_word' id='word_1_433' title='bbox 3696 3834 3895 3903; x_wconf 83' lang='lat' dir='ltr'>Pater</span> <span class='ocrx_word' id='word_1_434' title='bbox 3922 3836 4084 3905; x_wconf 87' lang='lat' dir='ltr'>dicit</span> <span class='ocrx_word' id='word_1_435' title='bbox 4110 3860 4208 3917; x_wconf 90' lang='lat' dir='ltr'>se,</span> 
     </span>
     <span class='ocr_line' id='line_1_74' title="bbox 2662 3944 4208 4036; baseline 0.003 -27"><span class='ocrx_word' id='word_1_436' title='bbox 2662 3965 2799 4009; x_wconf 90' lang='lat' dir='ltr'>non</span> <span class='ocrx_word' id='word_1_437' title='bbox 2844 3951 3061 4032; x_wconf 85' lang='lat' dir='ltr'>potest</span> <span class='ocrx_word' id='word_1_438' title='bbox 3129 3967 3276 4012; x_wconf 88' lang='lat' dir='ltr'>esse</span> <span class='ocrx_word' id='word_1_439' title='bbox 3305 3944 3528 4011; x_wconf 84' lang='lat' dir='ltr'>dicere</span> <span class='ocrx_word' id='word_1_440' title='bbox 3570 3944 3749 4013; x_wconf 87' lang='lat' dir='ltr'>idem</span> <span class='ocrx_word' id='word_1_441' title='bbox 3781 3944 3964 4036; x_wconf 87' lang='lat' dir='ltr'>quod</span> <span class='ocrx_word' id='word_1_442' title='bbox 3993 3968 4208 4036; x_wconf 85' lang='lat' dir='ltr'>gene-</span> 
     </span>
     <span class='ocr_line' id='line_1_75' title="bbox 2661 4050 4211 4144; baseline 0.003 -28"><span class='ocrx_word' id='word_1_443' title='bbox 2661 4073 2833 4132; x_wconf 80' lang='lat' dir='ltr'>rare,</span> <span class='ocrx_word' id='word_1_444' title='bbox 2863 4050 2980 4118; x_wconf 79' lang='lat' dir='ltr'>sed</span> <span class='ocrx_word' id='word_1_445' title='bbox 3020 4059 3120 4118; x_wconf 87' lang='lat' dir='ltr'>est</span> <span class='ocrx_word' id='word_1_446' title='bbox 3178 4050 3561 4130; x_wconf 86' lang='lat' dir='ltr'>essentiale,</span> <span class='ocrx_word' id='word_1_447' title='bbox 3613 4061 3676 4119; x_wconf 87' lang='lat' dir='ltr'>et</span> <span class='ocrx_word' id='word_1_448' title='bbox 3714 4051 4008 4144; x_wconf 82' lang='lat' dir='ltr'>Spiritus</span> <span class='ocrx_word' id='word_1_449' title='bbox 4045 4076 4211 4121; x_wconf 87' lang='lat' dir='ltr'>san-</span> 
     </span>
     <span class='ocr_line' id='line_1_76' title="bbox 2658 4159 4205 4232; baseline 0.003 -5"><span class='ocrx_word' id='word_1_450' title='bbox 2658 4167 2808 4227; x_wconf 87' lang='lat' dir='ltr'>ctus</span> <span class='ocrx_word' id='word_1_451' title='bbox 2839 4159 2963 4228; x_wconf 75' lang='lat' dir='ltr'>lior</span> <span class='ocrx_word' id='word_1_452' title='bbox 2996 4160 3203 4229; x_wconf 81' lang='lat' dir='ltr'>modo</span> <span class='ocrx_word' id='word_1_453' title='bbox 3232 4162 3391 4229; x_wconf 90' lang='lat' dir='ltr'>dicit</span> <span class='ocrx_word' id='word_1_454' title='bbox 3413 4184 3485 4228; x_wconf 91' lang='lat' dir='ltr'>se</span> <span class='ocrx_word' id='word_1_455' title='bbox 3516 4170 3579 4228; x_wconf 88' lang='lat' dir='ltr'>et</span> <span class='ocrx_word' id='word_1_456' title='bbox 3618 4162 3822 4229; x_wconf 74' lang='lat' dir='ltr'>Filius</span> <span class='ocrx_word' id='word_1_457' title='bbox 3853 4185 3868 4230; x_wconf 76' lang='grc' dir='ltr'><strong><em>ε</em></strong></span> <span class='ocrx_word' id='word_1_458' title='bbox 3905 4172 3969 4232; x_wconf 89' lang='lat' dir='ltr'>et</span> <span class='ocrx_word' id='word_1_459' title='bbox 3991 4187 4205 4232; x_wconf 87' lang='lat' dir='ltr'>unum</span> 
     </span>
     <span class='ocr_line' id='line_1_77' title="bbox 2660 4268 4206 4346; baseline 0.003 -11"><span class='ocrx_word' id='word_1_460' title='bbox 2660 4276 2759 4335; x_wconf 88' lang='lat' dir='ltr'>est</span> <span class='ocrx_word' id='word_1_461' title='bbox 2789 4268 3008 4337; x_wconf 84' lang='lat' dir='ltr'>dicere</span> <span class='ocrx_word' id='word_1_462' title='bbox 3063 4268 3298 4346; x_wconf 85' lang='lat' dir='ltr'>trium,</span> <span class='ocrx_word' id='word_1_463' title='bbox 3343 4269 3515 4337; x_wconf 86' lang='lat' dir='ltr'>sicut</span> <span class='ocrx_word' id='word_1_464' title='bbox 3574 4292 3707 4337; x_wconf 83' lang='lat' dir='ltr'>una</span> <span class='ocrx_word' id='word_1_465' title='bbox 3776 4279 3872 4338; x_wconf 87' lang='lat' dir='ltr'>est</span> <span class='ocrx_word' id='word_1_466' title='bbox 3915 4273 4206 4340; x_wconf 79' lang='lat' dir='ltr'>essentia</span> 
     </span>
     <span class='ocr_line' id='line_1_78' title="bbox 2659 4376 4204 4471; baseline 0.004 -29"><span class='ocrx_word' id='word_1_467' title='bbox 2659 4378 2891 4444; x_wconf 86' lang='lat' dir='ltr'>trium.</span> <span class='ocrx_word' id='word_1_468' title='bbox 2920 4376 3054 4444; x_wconf 81' lang='lat' dir='ltr'>Sed</span> <span class='ocrx_word' id='word_1_469' title='bbox 3076 4400 3232 4444; x_wconf 76' lang='lat' dir='ltr'>euni</span> <span class='ocrx_word' id='word_1_470' title='bbox 3266 4377 3469 4445; x_wconf 82' lang='lat' dir='ltr'>Pater</span> <span class='ocrx_word' id='word_1_471' title='bbox 3500 4378 3659 4446; x_wconf 79' lang='lat' dir='ltr'>dicit</span> <span class='ocrx_word' id='word_1_472' title='bbox 3697 4377 3997 4448; x_wconf 74' lang='lat' dir='ltr'>Verbum</span> <span class='ocrx_word' id='word_1_473' title='bbox 4020 4379 4204 4471; x_wconf 88' lang='lat' dir='ltr'>quod</span> 
     </span>
     <span class='ocr_line' id='line_1_79' title="bbox 2660 4482 4209 4578; baseline 0.003 -28"><span class='ocrx_word' id='word_1_474' title='bbox 2660 4491 2760 4550; x_wconf 84' lang='lat' dir='ltr'>est</span> <span class='ocrx_word' id='word_1_475' title='bbox 2795 4482 3027 4567; x_wconf 76' lang='lat' dir='ltr'>Filius,</span> <span class='ocrx_word' id='word_1_476' title='bbox 3061 4491 3224 4552; x_wconf 84' lang='lat' dir='ltr'>tuno</span> <span class='ocrx_word' id='word_1_477' title='bbox 3255 4483 3476 4552; x_wconf 88' lang='lat' dir='ltr'>dicere</span> <span class='ocrx_word' id='word_1_478' title='bbox 3520 4484 3699 4553; x_wconf 85' lang='lat' dir='ltr'>idem</span> <span class='ocrx_word' id='word_1_479' title='bbox 3732 4495 3832 4554; x_wconf 88' lang='lat' dir='ltr'>est</span> <span class='ocrx_word' id='word_1_480' title='bbox 3871 4487 4053 4576; x_wconf 87' lang='lat' dir='ltr'>quod</span> <span class='ocrx_word' id='word_1_481' title='bbox 4084 4509 4209 4578; x_wconf 86' lang='lat' dir='ltr'>ge-</span> 
     </span>
     <span class='ocr_line' id='line_1_80' title="bbox 2659 4590 4202 4678; baseline 0.003 -20"><span class='ocrx_word' id='word_1_482' title='bbox 2659 4612 2894 4661; x_wconf 85' lang='lat' dir='ltr'>nerare</span> <span class='ocrx_word' id='word_1_483' title='bbox 2931 4613 2947 4663; x_wconf 89' lang='lat'>:</span> <span class='ocrx_word' id='word_1_484' title='bbox 2982 4599 3047 4660; x_wconf 89' lang='lat' dir='ltr'>et</span> <span class='ocrx_word' id='word_1_485' title='bbox 3078 4590 3209 4661; x_wconf 84' lang='lat' dir='ltr'>hoe</span> <span class='ocrx_word' id='word_1_486' title='bbox 3234 4591 3455 4662; x_wconf 83' lang='lat' dir='ltr'>dicere</span> <span class='ocrx_word' id='word_1_487' title='bbox 3486 4615 3625 4661; x_wconf 91' lang='lat' dir='ltr'>non</span> <span class='ocrx_word' id='word_1_488' title='bbox 3655 4595 3976 4664; x_wconf 74' lang='lat' dir='ltr'>convenit</span> <span class='ocrx_word' id='word_1_489' title='bbox 4007 4594 4202 4678; x_wconf 82' lang='lat' dir='ltr'>Filio,</span> 
     </span>
     <span class='ocr_line' id='line_1_81' title="bbox 2659 4700 4203 4794; baseline 0.004 -28"><span class='ocrx_word' id='word_1_490' title='bbox 2659 4722 2780 4768; x_wconf 86' lang='lat' dir='ltr'>nee</span> <span class='ocrx_word' id='word_1_491' title='bbox 2822 4700 3104 4791; x_wconf 73' lang='lat' dir='ltr'>Spiritui</span> <span class='ocrx_word' id='word_1_492' title='bbox 3144 4709 3407 4782; x_wconf 83' lang='lat' dir='ltr'>sancto,</span> <span class='ocrx_word' id='word_1_493' title='bbox 3477 4701 3650 4770; x_wconf 86' lang='lat' dir='ltr'>sicut</span> <span class='ocrx_word' id='word_1_494' title='bbox 3717 4724 3842 4771; x_wconf 86' lang='lat' dir='ltr'>nec</span> <span class='ocrx_word' id='word_1_495' title='bbox 3879 4726 4203 4794; x_wconf 87' lang='lat' dir='ltr'>generare</span> 
     </span>
     <span class='ocr_line' id='line_1_82' title="bbox 2656 4806 4206 4891; baseline 0.003 -16"><span class='ocrx_word' id='word_1_496' title='bbox 2656 4809 2971 4876; x_wconf 82' lang='lat' dir='ltr'>convenit</span> <span class='ocrx_word' id='word_1_497' title='bbox 3002 4808 3124 4877; x_wconf 68' lang='lat' dir='ltr'>eis».</span> <span class='ocrx_word' id='word_1_498' title='bbox 3161 4806 3299 4877; x_wconf 85' lang='lat' dir='ltr'>Sed</span> <span class='ocrx_word' id='word_1_499' title='bbox 3329 4832 3488 4877; x_wconf 84' lang='lat' dir='ltr'>cum</span> <span class='ocrx_word' id='word_1_500' title='bbox 3545 4809 3816 4891; x_wconf 87' lang='lat' dir='ltr'>dicitur,</span> <span class='ocrx_word' id='word_1_501' title='bbox 3861 4809 4062 4881; x_wconf 82' lang='lat' dir='ltr'>Pater</span> <span class='ocrx_word' id='word_1_502' title='bbox 4101 4814 4206 4880; x_wconf 90' lang='lat' dir='ltr'>in·</span> 
     </span>
     <span class='ocr_line' id='line_1_83' title="bbox 2656 4915 4204 5011; baseline 0.005 -28"><span class='ocrx_word' id='word_1_503' title='bbox 2656 4915 2898 5007; x_wconf 85' lang='lat' dir='ltr'>telligit</span> <span class='ocrx_word' id='word_1_504' title='bbox 2934 4916 3167 4985; x_wconf 82' lang='lat' dir='ltr'>omnia</span> <span class='ocrx_word' id='word_1_505' title='bbox 3209 4917 3276 4985; x_wconf 91' lang='lat' dir='ltr'>in</span> <span class='ocrx_word' id='word_1_506' title='bbox 3337 4916 3533 4995; x_wconf 83' lang='lat' dir='ltr'>Filio,</span> <span class='ocrx_word' id='word_1_507' title='bbox 3577 4941 3816 4987; x_wconf 85' lang='lat' dir='ltr'>sensus</span> <span class='ocrx_word' id='word_1_508' title='bbox 3854 4927 3955 4987; x_wconf 88' lang='lat' dir='ltr'>est</span> <span class='ocrx_word' id='word_1_509' title='bbox 4022 4920 4204 5011; x_wconf 88' lang='lat' dir='ltr'>quod</span> 
     </span>
     <span class='ocr_line' id='line_1_84' title="bbox 2659 5022 4204 5114; baseline 0.005 -24"><span class='ocrx_word' id='word_1_510' title='bbox 2659 5022 2859 5092; x_wconf 86' lang='lat' dir='ltr'>Pater</span> <span class='ocrx_word' id='word_1_511' title='bbox 2896 5022 3216 5114; x_wconf 86' lang='lat' dir='ltr'>intelligit</span> <span class='ocrx_word' id='word_1_512' title='bbox 3241 5023 3483 5092; x_wconf 77' lang='lat' dir='ltr'>Filium</span> <span class='ocrx_word' id='word_1_513' title='bbox 3516 5033 3591 5094; x_wconf 87' lang='lat' dir='ltr'>ut</span> <span class='ocrx_word' id='word_1_514' title='bbox 3624 5024 3833 5092; x_wconf 87' lang='lat' dir='ltr'>Filius</span> <span class='ocrx_word' id='word_1_515' title='bbox 3872 5035 3972 5093; x_wconf 85' lang='lat' dir='ltr'>est</span> <span class='ocrx_word' id='word_1_516' title='bbox 4001 5050 4108 5096; x_wconf 85' lang='lat' dir='ltr'>ars</span> <span class='ocrx_word' id='word_1_517' title='bbox 4137 5036 4204 5097; x_wconf 90' lang='lat' dir='ltr'>et</span> 
     </span>
     <span class='ocr_line' id='line_1_85' title="bbox 2658 5132 4201 5205; baseline 0.005 -7"><span class='ocrx_word' id='word_1_518' title='bbox 2658 5133 2828 5199; x_wconf 84' lang='lat' dir='ltr'>ratio</span> <span class='ocrx_word' id='word_1_519' title='bbox 2871 5134 3184 5200; x_wconf 86' lang='lat' dir='ltr'>omnium</span> <span class='ocrx_word' id='word_1_520' title='bbox 3206 5132 3589 5201; x_wconf 73' lang='lat' dir='ltr'>viventium</span> <span class='ocrx_word' id='word_1_521' title='bbox 3635 5156 3651 5201; x_wconf 74' lang='grc' dir='ltr'>ε</span> <span class='ocrx_word' id='word_1_522' title='bbox 3687 5132 3933 5201; x_wconf 83' lang='lat' dir='ltr'>Filium</span> <span class='ocrx_word' id='word_1_523' title='bbox 3972 5143 4201 5205; x_wconf 89' lang='lat' dir='ltr'>autem</span> 
     </span>
     <span class='ocr_line' id='line_1_86' title="bbox 2657 5223 4202 5333; baseline 0.004 -27"><span class='ocrx_word' id='word_1_524' title='bbox 2657 5235 2784 5307; x_wconf 83' lang='lat' dir='ltr'>hoe</span> <span class='ocrx_word' id='word_1_525' title='bbox 2827 5237 3029 5306; x_wconf 89' lang='lat' dir='ltr'>modo</span> <span class='ocrx_word' id='word_1_526' title='bbox 3075 5238 3394 5330; x_wconf 79' lang='lat' dir='ltr'>intelligit</span> <span class='ocrx_word' id='word_1_527' title='bbox 3441 5223 3921 5333; x_wconf 59' lang='lat' dir='ltr'>quo‘intelligit</span> <span class='ocrx_word' id='word_1_528' title='bbox 3956 5265 4028 5311; x_wconf 88' lang='lat' dir='ltr'>se</span> <span class='ocrx_word' id='word_1_529' title='bbox 4056 5265 4202 5312; x_wconf 89' lang='lat' dir='ltr'>esse</span> 
     </span>
     <span class='ocr_line' id='line_1_87' title="bbox 2655 5346 4204 5440; baseline 0.005 -27"><span class='ocrx_word' id='word_1_530' title='bbox 2655 5347 3061 5437; x_wconf 85' lang='lat' dir='ltr'>principium</span> <span class='ocrx_word' id='word_1_531' title='bbox 3096 5346 3247 5414; x_wconf 84' lang='lat' dir='ltr'>Filii</span> <span class='ocrx_word' id='word_1_532' title='bbox 3275 5348 3342 5414; x_wconf 93' lang='lat' dir='ltr'>in</span> <span class='ocrx_word' id='word_1_533' title='bbox 3383 5346 3510 5415; x_wconf 75' lang='lat' dir='ltr'>liae</span> <span class='ocrx_word' id='word_1_534' title='bbox 3543 5348 3848 5418; x_wconf 84' lang='lat' dir='ltr'>ratione:</span> <span class='ocrx_word' id='word_1_535' title='bbox 3884 5351 4042 5440; x_wconf 88' lang='lat' dir='ltr'>quia</span> <span class='ocrx_word' id='word_1_536' title='bbox 4064 5373 4204 5420; x_wconf 91' lang='lat' dir='ltr'>non</span> 
     </span>
     <span class='ocr_line' id='line_1_88' title="bbox 2655 5454 4195 5550; baseline 0.004 -27"><span class='ocrx_word' id='word_1_537' title='bbox 2655 5455 2857 5524; x_wconf 90' lang='lat' dir='ltr'>habet</span> <span class='ocrx_word' id='word_1_538' title='bbox 2899 5454 3109 5524; x_wconf 84' lang='lat' dir='ltr'>Filius</span> <span class='ocrx_word' id='word_1_539' title='bbox 3149 5457 3332 5550; x_wconf 87' lang='lat' dir='ltr'>quod</span> <span class='ocrx_word' id='word_1_540' title='bbox 3364 5478 3504 5524; x_wconf 92' lang='lat' dir='ltr'>non</span> <span class='ocrx_word' id='word_1_541' title='bbox 3535 5458 3871 5549; x_wconf 86' lang='lat' dir='ltr'>acceperit</span> <span class='ocrx_word' id='word_1_542' title='bbox 3899 5481 3939 5527; x_wconf 88' lang='lat' dir='ltr'>a</span> <span class='ocrx_word' id='word_1_543' title='bbox 3970 5458 4195 5529; x_wconf 88' lang='lat' dir='ltr'>Patre.</span> 
     </span>
    </p>
   </div>
  </div>
 </body>
</html>
