4897 6388
284 843 379 889 sea
404 848 587 888 contra.

367 3336 548 3394 Qun-t.

631 323 758 390 ωε
1610 326 1706 412 D„
1744 327 1942 394 ALB.
1996 326 2189 394 MAG

628 489 776 581 prio
816 511 1089 579 genere,
1116 497 1464 581 cognoscit
1488 495 1886 566 Trinitatem
1919 499 2179 565 increa-

633 604 770 663 tam
803 598 873 664 in
915 606 1226 667 creatura
1268 599 1679 673 irrationali:
1742 628 1904 695 ergo
1948 606 2182 694 Ange-

634 702 738 771 lus
770 708 982 775 utitur
1014 709 1403 798 cognitione
1433 739 1555 803 per
1584 715 1972 802 vestigium.

727 813 858 882 SED
905 838 1199 884 CONTRA:

728 924 786 987 1.
819 921 1194 1010 Apostolus
1260 921 1440 1004 dicit,
1512 925 1692 1017 quod
1747 949 1785 993 a
1878 934 2185 995 creatura

630 1028 867 1096 mundi
910 1028 1344 1117 cognoscitur
1388 1034 1562 1101 Deus
1600 1057 1722 1124 per
1759 1035 2125 1125 vestigium
2162 1056 2177 1099 :

629 1136 741 1203 sed
792 1144 1101 1203 creatura
1149 1139 1383 1207 mundi
1427 1152 1526 1211 est
1568 1142 1821 1211 homo:
1876 1165 2037 1232 ergo
2079 1143 2188 1208 vi-

629 1241 845 1321 detur,
901 1241 1085 1333 quod
1137 1241 1267 1311 hoc
1306 1233 1442 1316 non
1490 1252 1852 1317 conveniat
1887 1249 2180 1338 Angelo.

719 1353 783 1416 2.
820 1350 1019 1434 Item,
1054 1352 1441 1427 Bernardus
1474 1361 1541 1426 in
1599 1359 1774 1425 libro
1819 1358 1901 1427 de
1948 1358 2190 1426 Consi-

631 1457 980 1526 deratione
1011 1483 1033 1525 .·
1084 1458 1265 1536 Quid
1305 1487 1475 1554 opus
1522 1475 1623 1533 est
1663 1466 1862 1532 scalis
1902 1465 2046 1553 jam
2095 1473 2189 1530 te-

632 1565 817 1632 nenti
861 1565 1113 1632 solium
1151 1566 1224 1630 ¹?
1290 1579 1354 1636 et
1405 1571 1710 1663 loquitur
1764 1572 1847 1639 de
1905 1570 2189 1662 Angelis

632 1674 745 1763 qui
778 1695 916 1740 non
959 1672 1267 1764 indigent
1296 1681 1475 1747 scala
1504 1681 1772 1772 vestigii
1818 1688 1886 1749 et
1941 1681 2191 1770 imagi-

632 1781 738 1846 nis
768 1787 853 1846 ad
893 1783 1446 1870 cognoscendum
1490 1788 1736 1855 Deum.

722 1888 785 1952 3.
823 1886 1020 1966 Item,
1046 1886 1551 1986 Cujuscumque
1571 1896 1872 1986 cognitio
1896 1895 1980 1963 de
2010 1917 2192 1964 crea·

632 2003 785 2062 tura
822 1995 1057 2086 incipit
1087 1997 1158 2063 in
1196 1997 1333 2066 Deo
1368 2012 1433 2072 et
1462 2005 1865 2073 terminatur
1901 2005 1974 2073 in
2002 2027 2195 2075 crea-

634 2112 802 2172 turae
840 2106 1120 2195 proprio
1172 2128 1445 2197 genere,
1480 2114 1662 2181 illius
1702 2137 1842 2183 non
1898 2123 2000 2184 est
2029 2138 2193 2207 pro-

635 2211 780 2300 prie
846 2233 1260 2303 cognoscere
1318 2215 1534 2288 Deum
1601 2243 1722 2311 per
1777 2230 2184 2299 creaturam,

637 2318 752 2387 sed
797 2320 1027 2410 potius
1068 2343 1105 2389 e
1143 2345 1514 2398 converso:
1591 2330 2015 2422 Angelorum
2073 2353 2193 2399 eo-

640 2428 854 2517 gnitio
905 2427 1006 2518 (ut
1045 2428 1206 2498 dicit
1258 2431 1680 2527 Augustinus
1726 2440 1794 2505 in
1851 2437 1947 2505 lv
1992 2461 2195 2530 super

647 2534 986 2624 Genesim)
1028 2534 1110 2603 de
1151 2547 1454 2610 creatura
1511 2543 1974 2635 dignoscenda
2022 2546 2196 2614 inci-

641 2642 742 2731 pit
774 2642 840 2709 in
870 2642 1014 2711 Deo
1044 2642 1112 2710 in
1146 2666 1284 2734 quo
1305 2661 1706 2741 aeceperunt
1728 2654 2192 2744 cognitionem

643 2756 965 2869 creaturae
998 2749 1261 2828 fiendae,
1303 2764 1365 2821 et
1399 2768 1629 2847 postea
1661 2758 1907 2828 factam
1948 2761 2016 2827 in
2047 2784 2198 2852 pro·

643 2877 793 2945 prio
831 2879 1079 2946 genere
1111 2875 1621 2949 cognoverunt:
1665 2889 1829 2958 ergo
1890 2869 2191 2958 ipsorum

645 2985 782 3031 non
815 2972 1021 3032 estut
1084 2983 1496 3057 cognoscant
1536 2973 1757 3042 Deum
1815 2996 1937 3065 per
1990 2976 2194 3044 vesti·

644 3093 859 3163 gnum.

743 3288 1073 3358 {feremus
1135 3297 1458 3383 quaeritur
1505 3301 1696 3388 juxta
1742 3297 1897 3377 hoc,
1954 3299 2196 3368 Utrum

650 3403 847 3471 bruta
919 3400 1265 3470 sensibilia
1316 3418 1732 3498 cognoscant
1792 3409 2011 3478 Deum
2083 3397 2251 3501 per'

647 3508 1013 3600 vestigium
1038 3511 1074 3574 ἱ)

749 3619 801 3682 l.
849 3614 1156 3692 Videtur,
1193 3618 1370 3706 quod
1439 3624 1531 3690 sic
1574 3647 1692 3713 per
1738 3623 1903 3691 illud
1940 3621 2195 3692 Jerem.

645 3746 797 3804 vm,
827 3724 864 3789 'i
895 3744 910 3789 :
954 3722 1219 3791 Milvus
1251 3723 1318 3789 ιή
1357 3730 1521 3796 melo
1561 3733 1878 3819 coquoril
1932 3742 2199 3823 {empus

645 3855 847 3900 snum
880 3854 904 3898 .·
944 3840 1203 3908 ΙιινΙιιν,
1238 3840 1301 3896 el
1326 3834 1624 3904 lein-undo
1650 3847 1715 3904 et
1777 3839 2040 3905 ciconia
2078 3862 2201 3906 cee-

644 3935 1029 4005 seodierunt
1070 3943 1334 4026 tempus
1353 3940 1683 4010 adeenms
1715 3944 1850 4019 sui,
1896 3951 2022 4011 etc.
2054 3968 2069 4012 :
2104 3954 2196 4030 et,

650 4043 781 4111 Isa.
811 4066 856 4119 ι,
886 4044 926 4110 3
952 4065 969 4111 :
1001 4043 1333 4133 Coqnori!
1364 4046 1476 4114 hos
1489 4073 1936 4142 possessorem
1965 4074 2195 4127 samm,

649 4161 714 4217 e!
752 4151 989 4217 asinus
1009 4172 1314 4241 presepe
1342 4152 1606 4223 domini
1638 4159 1774 4224 sui.

741 4261 803 4327 2.
852 4258 1048 4343 Item,
1086 4258 1311 4344 Jonzr,
1356 4287 1444 4342 iv,
1477 4268 1544 4344 Ἰ,
1592 4265 1922 4357 Pru-cepit
1972 4268 2200 4335 Domi·

656 4390 782 4436 nus
813 4366 1026 4434 vermi
1070 4376 1144 4433 ut
1186 4381 1558 4458 percuteret
1606 4372 1967 4442 hederam:
2022 4399 2202 4465 prze-

656 4485 923 4568 ceptum
957 4484 1187 4543 autem
1241 4499 1375 4545 non
1419 4484 1722 4571 pervenit
1769 4482 1852 4549 ad
1885 4506 2042 4551 eum
2087 4487 2198 4574 qui

656 4592 1073 4676 praeceptum
1142 4605 1280 4650 non
1342 4590 1739 4679 cognoscit:
1796 4613 1962 4681 ergo
2019 4592 2204 4682 prius

659 4693 910 4760 vermis
941 4691 1053 4759 ille
1093 4696 1401 4784 concepit
1448 4722 1654 4789 quam
1695 4697 1966 4768 deberet
2008 4697 2204 4768 hede-

661 4822 804 4867 ram
834 4808 1211 4890 percutere.

750 4911 815 4975 3.
877 4909 1074 4988 Item,
1144 4911 1563 5001 Augustinus
1618 4941 1823 5008 super
1893 4920 2204 4987 Genesim

661 5014 843 5094 dicit,
888 5016 1070 5107 quod
1118 5019 1344 5084 omnis
1381 5025 1607 5092 anima
1654 5034 1970 5094 movetur
2014 5027 2203 5108 visis,

662 5134 729 5194 et
787 5125 1042 5194 inducit
1109 5129 1496 5218 exemplum
1546 5133 1626 5201 de
1673 5157 1904 5203 verme
1963 5158 2209 5226 percu-

663 5236 867 5354 tiente
898 5230 1222 5302 hederam
1262 5234 1457 5307 dona.⁸
1500 5241 1584 5308 ad
1622 5253 2034 5332 praeceptum
2066 5243 2208 5310 Do·

663 5364 859 5408 mini.

741 5696 760 5737 ¹
793 5694 849 5752 S.
881 5694 1236 5765 Eumaeus,
1267 5692 1346 5755 De
1373 5700 1872 5775 consideratione,
1902 5701 2009 5761 lib.
2040 5702 2104 5760 V.

2201 379 2211 389 .
2267 325 2474 394 olm.
2529 322 2823 391 PRAED.

2389 495 2521 561 San
2559 511 2849 561 comm:
2900 531 2942 542 ··
2985 572 2994 578 α

2389 602 2536 689 1.Ej
2546 624 2620 667 us
2646 622 2781 666 non
2804 605 2902 665 est
2923 598 3019 662 uti
3044 595 3329 684 vestigio
3356 594 3461 682 cuj
3475 615 3548 659 us
3570 613 3705 657 non
3737 597 3838 656 est

2295 711 2528 776 venire
2558 710 2625 774 in
2647 707 3105 796 cognitionem
3134 704 3477 770 Trinitatis
3500 703 3833 777 increatae,

2298 831 2447 908 quae
2511 816 2810 907 cognitio
2866 813 3159 881 esttinis
3223 812 3544 902 vestigii:
3600 808 3836 876 talium

2298 934 2526 993 autem
2594 946 2732 991 non
2780 929 2882 989 est
2925 919 3080 987 talis
3126 919 3467 1009 cognitio:
3505 940 3667 1009 ergo
3703 937 3848 982 non-

2297 1039 2720 1124 cognoseunt
2759 1052 2876 1120 per
2913 1027 3301 1115 vestigium.

2388 1143 2451 1207 2.
2515 1140 2709 1216 Item,
2761 1137 3144 1227 Vestigium
3217 1132 3473 1223 indiget
3539 1132 3842 1221 potentia

2298 1249 2725 1316 conferente:
2761 1245 2920 1312 talia
2959 1251 3186 1311 autem
3224 1263 3363 1309 non
3411 1238 3666 1306 habent
3717 1236 3840 1304 hu·

2291 1355 2592 1444 jusmodi
2628 1352 3003 1445 potentiam
3050 1349 3509 1418 conferentem
3557 1354 3624 1415 et
3658 1344 3846 1413 ordi-

2303 1472 2576 1530 nantem
2613 1485 2628 1529 :
2664 1483 2826 1551 ergo
2889 1481 3028 1527 non
3076 1456 3327 1524 habent
3371 1454 3842 1545 cognitionem

2298 1570 2591 1660 vestigii.
2650 1568 2878 1635 Prima
2933 1589 3055 1656 per
3108 1587 3177 1633 se
3243 1571 3451 1656 patet.
3533 1559 3870 1629 Secunda>

2300 1677 2628 1769 probatur
2666 1698 2785 1767 per
2832 1675 2962 1742 hoc
3010 1672 3194 1765 quod
3238 1670 3543 1763 potentia
3614 1667 3852 1737 confe-

2301 1807 2457 1853 rens
2494 1792 2561 1853 et
2621 1784 2943 1852 ordinans
2990 1803 3129 1848 non
3177 1787 3280 1847 est
3337 1777 3467 1845 nisi
3518 1778 3717 1856 ratio,
3781 1782 3849 1843 et

2300 1889 2500 1958 bruta
2525 1912 2662 1958 non
2691 1887 2945 1956 habent
2990 1888 3351 1955 rationem.

2400 2105 2459 2170 1.
2502 2101 2807 2170 Somno.
2870 2100 3272 2177 Dicendum,
3307 2097 3494 2189 quod
3540 2097 3839 2188 cognitio

2301 2212 2803 2304 pervestigium
2822 2209 3170 2278 habettria
3226 2206 3610 2276 essentialia
3657 2206 3834 2275 sibi:

2304 2342 2594 2413 quorum
2636 2320 2934 2411 primum
2972 2325 3177 2386 estut
3213 2315 3580 2407 vestigium
3619 2315 3690 2383 in
3731 2336 3844 2382 ra-

2302 2428 2488 2497 tione
2516 2426 2782 2517 vestigii
2811 2432 3282 2517 cognoscatur.
3320 2422 3712 2491 Secundum
3743 2429 3845 2489 est

2305 2544 2379 2603 ut
2398 2535 2483 2603 ab
2514 2536 2660 2626 ipso
2719 2534 3018 2625 cognitio
3068 2532 3461 2624 inquisitiva
3509 2528 3845 2599 Creatoris

2306 2643 2607 2734 incipiat.
2654 2641 2955 2709 Tertium
3005 2648 3106 2708 est
3154 2649 3228 2708 ut
3264 2646 3462 2707 utens
3528 2638 3841 2728 vestigio,

2305 2753 2715 2844 cognitionis
2772 2750 3110 2820 Creatoris
3181 2750 3268 2817 sit
3335 2747 3564 2840 aliquo
3641 2744 3844 2814 modo

2305 2885 2540 2954 capax.
2577 2862 2661 2930 Et
2690 2862 2786 2929 sic
2813 2861 3112 2952 cognitio
3153 2881 3271 2949 per
3299 2857 3663 2947 vestigium
3713 2876 3844 2923 non

2307 2970 2630 3061 competit
2669 2970 2796 3036 nisi
2845 2967 3133 3036 homini.

2395 3075 2742 3142 Dicexnmt
2774 3094 2936 3162 ergo
2968 3072 3051 3139 ad
3092 3070 3415 3162 primum,
3468 3065 3653 3160 quod
3708 3089 3845 3135 non

2308 3183 2627 3274 competit
2662 3180 2945 3272 Angelis
2985 3177 3247 3247 duabus
3292 3176 3694 3256 rationibuS,
3730 3176 3852 3244 sci·

2310 3290 2487 3371 licet,
2532 3290 2691 3381 quia
2763 3285 3006 3376 Augeli
3059 3309 3197 3353 non
3243 3284 3552 3376 indigent
3615 3283 3856 3374 cogni-

2310 3400 2495 3466 tione
2527 3397 2844 3466 collativa
2877 3418 3028 3486 quae
3064 3402 3163 3462 est
3202 3394 3394 3485 quasi
3435 3393 3857 3481 coniectura-

2311 3507 2418 3590 lis,
2452 3529 2534 3574 eo
2564 3503 2747 3596 quod
2807 3504 2932 3595 ipsi
2991 3503 3266 3571 videant
3318 3501 3664 3571 intellectu
3717 3501 3857 3568 dei-

2308 3614 2534 3682 formi.
2578 3612 2730 3680 Alia
2769 3620 2864 3679 est
2912 3612 3072 3702 quia
3135 3608 3558 3701 Angelorum
3616 3608 3853 3700 cogni·

2310 3722 2403 3788 tio
2440 3743 2578 3788 non
2607 3719 2841 3809 incipit
2871 3740 2909 3785 a
2934 3723 3265 3796 creatura,
3300 3725 3376 3785 ut
3414 3717 3512 3784 sic
3540 3714 3856 3784 deveniat

2311 3828 2378 3895 in
2409 3828 2844 3896 Creatorem:
2906 3823 3024 3893 sed
3088 3825 3313 3915 potius
3357 3847 3395 3892 e
3450 3831 3713 3907 contra,
3781 3830 3857 3890 ut

2308 3936 2555 4027 prohat
2583 3935 2901 4024 objectio.
2951 3933 3141 4001 Unde
3198 3933 3368 4001 ratio
3421 3932 3645 4023 prima
3695 3954 3857 4022 pro·

2308 4043 2483 4112 redit
2512 4043 2596 4109 ab
2638 4041 3095 4110 insufficienti.

2397 4264 2502 4331 An
2540 4285 2604 4330 m
2639 4261 2820 4353 quod
2873 4259 3150 4327 ulterius
3188 4257 3514 4348 quaeritur
3559 4255 3643 4324 de
3689 4255 3857 4323 bru·

2310 4376 2419 4452 tis,
2440 4371 2798 4440 dicendum
2818 4367 3002 4460 quod
3019 4369 3164 4458 ipsa
3187 4388 3323 4435 non
3352 4363 3602 4435 habent
3628 4366 3858 4455 cogni·

2311 4483 2567 4548 tionem
2599 4479 2862 4568 vestigii
2886 4474 3150 4544 duabus
3168 4474 3251 4542 de
3271 4474 3528 4544 causis:
3564 4495 3854 4564 quarum

2313 4611 2446 4655 una
2488 4595 2613 4668 est,
2656 4586 2815 4676 quia
2847 4606 2983 4651 non
3013 4589 3435 4673 cognoscunt
3486 4580 3856 4669 vestigium

2313 4705 2387 4763 ut
2441 4695 2835 4783 vestigium,
2898 4713 2979 4759 eo
3038 4688 3220 4782 quod
3269 4710 3407 4757 non
3467 4687 3853 4756 conserunt.

2315 4801 2652 4882 Secunda,
2695 4801 2855 4892 quia
2891 4798 3021 4868 tale
3051 4796 3303 4865 animal
3334 4817 3475 4864 non
3514 4804 3616 4863 est
3645 4816 3855 4885 capax

2313 4911 2725 5002 cognitionis
2774 4907 3137 4975 (IreatoriS.

2402 5020 2508 5085 An
2548 5041 2611 5085 m
2649 5015 2832 5107 quod
2861 5025 3097 5083 contra
3128 5011 3469 5101 objicitur,
3493 5008 3852 5078 dicendum

2316 5125 2498 5216 quod
2530 5129 2634 5213 (ut
2661 5124 2821 5190 dicit
2855 5121 3340 5203 Damascenus)
3372 5115 3534 5184 talia
3586 5115 3856 5185 anima-

2318 5232 2402 5299 lia
2433 5255 2470 5299 a
2504 5240 2744 5299 natura
2783 5229 3010 5320 potius
3040 5233 3359 5318 aguntur,
3405 5247 3612 5317 quam
3651 5233 3854 5315 agant

2314 5365 2434 5432 per
2465 5338 3100 5432 apprehensionem.
3143 5334 3327 5402 Licet
3380 5335 3563 5401 enim
3625 5353 3859 5423 appre-

2317 5448 2563 5517 hendat
2601 5448 2846 5515 milvus
2883 5447 3115 5513 venire
3158 5453 3421 5534 tempus
3460 5464 3687 5519 suum,
3746 5448 3857 5507 ta-

3866 518 3961 562 Sed
4000 521 4191 561 ‹tt-atra.
4230 499 4256 532 ⁸³

3923 2148 4038 2194 Solu
4059 2149 4106 2192 ἰο

3905 4299 3972 4342 Ad
4001 4307 4172 4355 queo·-

3967 5051 4041 5097 Ad
4078 5052 4111 5098 l.
