4897 6388
1975 315 2110 389 ¹IN
2159 319 2186 388 1
2241 317 2671 388 SENTEN'D.
2720 319 2942 388 uls'r.
3003 321 3228 400 XXV,
3285 321 3357 388 C.
4160 325 4288 391 623

1057 506 1150 570 fet
1183 495 1515 594 Spiritus
1546 506 1860 569 sanctus
1901 501 2083 567 sunt
2115 504 2269 567 tres
2303 515 2688 590 persome,
2734 491 2921 589 quid
2964 491 3279 565 nomine
3309 514 3666 588 pers-ome
3698 491 4286 587 significamus?

1072 657 1166 704 un
1215 631 1624 706 essentiam
1666 630 1706 702 ⁴?
1742 631 1886 703 hoc
1925 625 2135 703 enim
2175 627 2510 721 videtur,
2548 626 2611 701 si
2654 652 2892 725 supra
2935 627 3183 725 posita
3234 626 3473 701 verbu
3520 626 3921 723 .·lugustini
3957 624 4285 724 diligen-

1073 777 1183 838 ter
1220 775 1678 839 scrutemur.
1718 763 1972 861 Supra
2002 763 2207 838 enim
2253 761 2469 855 dixit,
2507 761 2715 859 quod
2751 761 2920 836 ideo
2963 771 3117 836 tres
3163 785 3532 858 personas
3583 761 3935 855 dicimus,
3982 762 4165 859 quia
4205 763 4278 835 id

1067 899 1273 996 quod
1314 922 1646 995 persona
1680 909 1822 993 est,
1870 917 2284 973 commune
2327 907 2442 970 est
2487 896 2754 970 tribus.
2805 898 2896 968 Et
2929 896 3139 989 item,
3186 895 3372 993 quia
3406 898 3628 970 Pater
3666 908 3781 971 est
3821 921 4171 994 persona,
4209 909 4282 972 et

1075 1033 1311 1108 Filius
1342 1042 1459 1109 est
1491 1051 1847 1132 persona,
1884 1037 1961 1108 et
2000 1028 2333 1130 Spiritus
2368 1040 2684 1106 sanctus
2725 1040 2841 1106 est
2909 1052 3269 1129 persona,
3317 1031 3483 1105 ideo
3550 1042 3698 1106 tres
3756 1056 4105 1130 personae
4161 1032 4278 1105 di-

1069 1177 1375 1240 cuntur.
1412 1161 1735 1242 Videtur
1773 1190 1959 1264 ergo
2003 1165 2350 1240 eamdem
2402 1177 2660 1239 tenere
2702 1163 3352 1260 significationem
3388 1165 3531 1238 hoc
3565 1190 3871 1259 nomen,
3911 1190 4269 1264 persona,

1070 1325 1244 1375 cuin
1278 1300 1584 1394 dicitur,
1629 1312 1781 1375 tres
1812 1323 2197 1399 perseum,
2234 1322 2465 1396 quam
2518 1298 2746 1373 habet
2777 1321 2955 1371 cum
2988 1299 3293 1389 dicitur,
3342 1299 3565 1372 Pater
3604 1310 3715 1372 est
3759 1325 4109 1397 persona,
4146 1300 4279 1372 Fi·-

1071 1435 1223 1509 lius
1254 1445 1753 1533 estpersona,
1787 1435 2122 1533 Spiritus
2154 1444 2470 1508 sanctus
2538 1442 2667 1529 est·
2696 1457 3051 1530 persona.
3103 1433 3328 1526 Quia,
3378 1444 3456 1507 ut
3512 1437 3841 1510 ostendit
3896 1436 4262 1531 Augusti-

1074 1589 1246 1658 nus,
1287 1570 1431 1642 hoc
1471 1568 1775 1664 dicitur,
1822 1568 1897 1641 id
1931 1579 2072 1662 est,
2121 1573 2273 1642 tres
2320 1589 2704 1665 pei-some,
2742 1577 3056 1665 propter
3104 1567 3322 1662 illud,
3368 1569 3549 1666 quia
3590 1569 3661 1641 id
3693 1571 3893 1667 quod
3940 1594 4266 1669 persona

1072 1712 1211 1792 est,
1250 1728 1662 1780 commune
1695 1708 1810 1780 est
1838 1694 1977 1779 eis.
2018 1695 2099 1777 Id
2131 1727 2319 1801 ergo
2353 1700 2560 1800 quod
2595 1726 3009 1778 commune
3043 1715 3155 1779 cst
3196 1704 3335 1799 eis,
3398 1705 3465 1778 id
3510 1717 3647 1799 est,
3714 1707 3915 1780 Patri
3950 1717 4023 1781 et
4082 1706 4273 1779 Filio

1072 1852 1148 1916 et
1180 1841 1499 1940 Spiritui
1542 1852 1837 1930 sancto,
1911 1841 2219 1916 videtur
2257 1838 2681 1936 significari
2739 1838 3052 1915 nomine
3086 1862 3476 1937 persona»,
3548 1864 3720 1916 cum
3791 1842 4091 1936 «licitur,
4130 1850 4283 1917 tres

1073 1999 1457 2074 personae.

1072 2424 1154 2497 C.
1208 2420 1465 2498 Aliter
1519 2423 1748 2497 etlam
1813 2419 2118 2495 videtur
2177 2443 2336 2494 esse
2385 2420 2712 2515 ostendi,
2784 2421 2994 2520 qnod
3034 2419 3456 2494 ser-undum
3534 2423 3934 2496 essentiam
3987 2424 4287 2498 dicatur

1907 2587 1914 2592 '
2012 2568 2239 2647 eliam
2283 2596 2457 2646 cum
2481 2567 2905 2671 pluraliter
2935 2574 3362 2672 profertur.

1167 2906 1407 2984 Aliter
1434 2901 1661 2985 etiam
1706 2905 2013 2985 videtur
2043 2933 2268 3008 posse
2308 2909 2641 2999 ostendi,
2686 2910 2892 3008 quod
2931 2910 3028 2984 ihi
3077 2911 3390 2985 nomine
3423 2935 3776 3009 pers-ome
3808 2911 4287 3006 significetur

1075 3043 1436 3133 essentia,
1482 3068 1658 3119 cuni
1716 3043 2026 3138 dieitur,
2072 3054 2226 3119 tres
2268 3068 2652 3141 personne.
2705 3042 2802 3117 Ut
2839 3044 3047 3118 enim
3100 3069 3335 3144 supra
3385 3046 3569 3119 dixit
3616 3049 4141 3140 Augustinus:
4182 3052 4283 3124 lin

1075 3176 1532 3255 necessitate
1562 3174 1894 3254 dicimus
1928 3189 2082 3254 tres
2111 3200 2507 3277 personas,
2557 3190 2633 3254 ut
2680 3178 3331 3279 responderemus
3355 3182 3881 3279 queen-entibus
3920 3182 4100 3281 quid
4133 3194 4282 3259 tres

1072 3314 1195 3388 vel
1239 3311 1424 3411 quid
1461 3310 1664 3388 tria?
1702 3311 1893 3388 Cum
1959 3332 2146 3409 ergo
2197 3312 2604 3412 qumiitur,
2641 3309 2825 3411 quid
2893 3322 3071 3407 tres,
3115 3311 3238 3389 vel
3285 3311 3467 3412 quid
3527 3315 3693 3410 trin,
3738 3316 4285 3394 ruiwenienter

1068 3450 1581 3548 respondetur
1618 3474 1795 3524 cum
1847 3447 2156 3544 dicitur,
2200 3460 2351 3524 tres
2392 3472 2778 3548 personne.
2839 3452 2934 3524 At
2986 3475 3165 3525 cuni
3218 3451 3623 3549 quieritur‚
3680 3452 3877 3539 Quid
3933 3465 4108 3542 tres,
4165 3457 4286 3529 vel

1064 3583 1249 3682 quid
1285 3583 1456 3676 tria,
1493 3609 1629 3683 per
1658 3583 1845 3684 quid
1894 3583 1991 3660 de
2043 3584 2385 3660 essentia
2416 3583 2825 3681 quaeritur.
2872 3583 3046 3658 Non
3094 3585 3302 3660 enim
3341 3584 3730 3661 invenitur
3766 3588 3948 3686 qnid
3987 3588 4090 3662 illi
4128 3600 4278 3664 tres

1064 3719 1215 3793 sint
1246 3718 1393 3793 nisi
1427 3718 1790 3794 essentia.
1837 3718 1919 3793 Si
1953 3740 2139 3814 ergo
2179 3716 2595 3817 quaeestioni
2635 3729 2836 3793 recte
2890 3719 3477 3817 respondemus,
3513 3731 3802 3820 npnrtet
3850 3730 3924 3795 ut
3972 3745 4272 3823 respun-

1068 3850 1319 3927 dendo
1382 3850 1801 3927 essentiam
1853 3847 2389 3947 significemus
2433 3875 2450 3927 2
2500 3850 2845 3949 alioquin
2914 3876 3065 3926 non
3108 3853 3606 3929 ostendemus
3645 3854 3825 3953 quid
3893 3865 4042 3930 tres
4096 3856 4276 3932 sint.

1065 3986 1144 4063 Si
1193 4012 1378 4063 vero
1435 3982 2020 4086 respondentes,
2079 3987 2492 4063 essentium
2542 3986 3106 4083 significamus,
3168 3989 3409 4087 ipsum
3465 3991 3871 4065 essentium
3936 4017 4279 4090 perseum

1068 4123 1384 4198 nmnine
1418 4120 1958 4216 intelligimus,
2002 4147 2179 4196 cum
2210 4120 2517 4205 dicitur,
2553 4133 2706 4197 tres
2749 4148 3135 4221 persona».

2738 4480 3100 4568 opiniones
3140 4481 3507 4549 dicentium
3545 4505 3898 4573 personam
3941 4485 4005 4550 in
4056 4482 4294 4574 singu-

2741 4586 2862 4654 luri
2891 4598 2952 4653 et
2999 4587 3240 4677 plurali
3265 4615 3533 4681 semper
3563 4592 4006 4659 substantiam
4041 4592 4296 4682 signiti-

1567 4715 1806 4763 mvisto
1854 4710 2125 4761 nexus
2740 4716 2918 4763 care.
2967 4695 3040 4763 ln
3071 4698 3370 4765 secunda
3393 4719 3552 4765 veru
3586 4701 3771 4789 ponit
3805 4721 3996 4767 suam
4036 4701 4298 4790 opinio·

1164 5049 1196 5089 ι
1227 5027 1570 5093 Praeterea
1593 5023 2166 5092 considerandum
2191 5030 2311 5107 est,
2334 5042 2488 5092 cnm
2508 5025 2637 5093 hoc

1068 5152 1335 5211 nomen,
1373 5155 1686 5223 persona,
1739 5140 1869 5202 etc.
1912 5157 1947 5195 n

1162 5238 1288 5306 llic
1320 5242 1554 5331 incipit
1584 5240 1880 5309 secunda
1909 5262 2067 5331 pars
2108 5240 2177 5306 in
2236 5261 2372 5330 qua
2424 5238 2639 5332 Magi-

1070 5350 1208 5412 ster
1231 5346 1486 5415 accedit
1531 5347 1614 5416 ad
1668 5345 2283 5416 considerationem
2327 5367 2636 5438 personae

1069 5471 1221 5539 quae
1255 5460 1652 5520 numeratur
1679 5452 2089 5522 dictionibus
2138 5453 2630 5522 numeralibus.

1066 5556 1150 5623 Et
1193 5559 1282 5625 ita
1326 5559 1651 5629 dividitur
1682 5563 1806 5629 ista
1824 5561 2168 5630 distinctio
2202 5563 2269 5628 in
2287 5561 2458 5631 duas
2486 5588 2629 5654 par·

1070 5674 1171 5732 tes
1212 5689 1227 5733 :
1266 5668 1331 5733 in
1368 5690 1654 5759 quarum
1692 5670 1911 5760 prima
1970 5669 2163 5760 ponit
2224 5672 2525 5740 rationes
2569 5682 2634 5741 et

2743 4824 2927 4882 nem,
2963 4804 3146 4894 quod
3182 4806 3250 4872 in
3281 4803 3522 4896 plurali
3565 4830 3644 4875 ex
3678 4816 3980 4899 tempore.
4014 4826 4294 4898 respon-

2740 4910 2957 4978 sionis
2990 4912 3292 4981 lidelium
3325 4912 3405 4981 nd
3432 4917 3901 5006 qum-tionem,
3927 4914 4086 5007 quid
4107 4922 4239 4982 tres
4259 4918 4296 4983 ἶ)

2741 5045 2882 5091 non
2910 5018 3391 5107 significaverit
3424 5023 3809 5101 essentiari»,
3842 5021 3957 5088 sed
3987 5020 4296 5087 substan·

2743 5135 2909 5199 tiam
2943 5152 3147 5221 quam
3191 5128 3424 5198 dicunt
3454 5131 3663 5197 (iraeci
3696 5146 4015 5209 ὑπόστασιν,
4050 5129 4164 5205 ilii,
4213 5124 4288 5206 Ε,

2746 5262 2780 5304 ι
2823 5236 3197 5307 Sciendum
3229 5244 3325 5303 est
3357 5238 3591 5327 qum,
3634 5236 3825 5328 quod
3848 5236 3971 5305 hoc
4022 5256 4286 5312 nomen,

2743 5369 3060 5442 persona,
3106 5355 3236 5415 etc.
3276 5374 3309 5408 n

2837 5456 2910 5523 ln
2943 5455 3163 5546 prima
3202 5461 3391 5544 parte
3423 5455 3607 5543 ponit
3642 5462 3933 5544 quatuor
3966 5451 4283 5542 capitula,

2748 5570 2817 5634 in
2856 5585 3151 5654 quorum
3185 5563 3406 5651 primo
3439 5571 3663 5629 movet
3704 5562 4172 5654 quaestionem.
4213 5560 4289 5626 ln

2743 5670 3069 5748 secundo,
3106 5670 3300 5759 ponit
3359 5672 3692 5739 rationem
3750 5691 3951 5761 supra
4004 5668 4292 5760 positam
