4897 6388
894 730 973 777 Ad
1001 734 1044 778 2.

892 3126 971 3172 Ad
997 3125 1041 3170 ⁸.

891 3771 970 3818 Ad
998 3777 1038 3820 4.

1953 321 2046 387 ΙΝ
2097 318 2598 417 1,8ΕΝΤΕΝΤ.
2651 316 2881 384 DIST.
2934 317 3023 396 Χ,
3077 318 3164 395 A,
3196 316 3415 384 ΛΒΤ.
3469 320 3533 386 2.

1150 494 1337 561 sonis
1373 502 1450 562 ut
1477 507 1786 583 personoe
1818 500 1975 559 sunt
2019 490 2497 582 procedentem
2550 511 2696 556 esse

1150 604 1515 694 perfectam
1541 605 1609 670 in
1640 597 2014 671 substantia
2043 620 2427 692 personam.

1239 711 1345 777 An
1400 725 1597 777 Amne
1664 710 2054 789 dicendum,
2133 708 2315 799 quod
2405 706 2702 797 Spiritus

1152 826 1424 888 sanctus
1463 816 1770 908 procedit
1800 819 1970 885 utin
2012 816 2218 895 aliud,
2256 825 2323 884 et
2362 823 2594 881 munet
2632 815 2701 879 in

1152 928 1374 1016 seipso
1418 924 1770 1022 distinctus
1798 939 1812 992 :
1858 924 2000 994 haec
2028 926 2210 993 enim
2234 943 2370 991 non
2398 931 2558 990 sunt
2586 944 2704 1011 op·

1153 1029 1373 1128 posita
1410 1060 1424 1104 :
1471 1037 1540 1104 in
1570 1043 1902 1128 quantum
1924 1038 2106 1105 enim
2137 1035 2419 1102 refertur
2450 1033 2535 1100 ad
2565 1033 2703 1099 Pn-

1153 1153 1330 1212 trem
1368 1151 1434 1213 et
1473 1144 1720 1212 Filium
1770 1152 1843 1211 ut
1890 1144 1972 1211 ad
2029 1161 2242 1210 unum
2292 1133 2701 1232 principium

1155 1253 1287 1330 sui,
1322 1254 1419 1321 sic
1448 1260 1677 1320 manet
1705 1252 1777 1318 in
1806 1269 1879 1319 se
1911 1250 2262 1318 distinctus
2293 1249 2379 1316 ab
2409 1256 2702 1338 utroque

1154 1376 1276 1451 per
1304 1359 1656 1428 relativam
1688 1359 2212 1449 oppositionem,
2245 1356 2364 1424 sed
2394 1358 2463 1422 in
2493 1372 2706 1445 quan·

1153 1467 1303 1534 tum
1342 1466 1415 1533 in
1457 1468 1720 1536 ratione
1769 1466 2021 1534 amoris
2060 1463 2431 1555 personalis
2470 1479 2705 1554 proce·-

1153 1573 1276 1656 dit,
1320 1572 1489 1642 nihil
1518 1573 1836 1666 prohibet
1866 1573 2048 1666 quod
2077 1596 2116 1640 a
2149 1573 2345 1640 Patre
2374 1569 2700 1662 procedet

1154 1684 1224 1750 in
1264 1674 1539 1764 Filium,
1573 1688 1639 1751 et
1681 1704 1717 1750 e
1766 1693 2094 1750 converso
2125 1697 2164 1748 a
2217 1677 2386 1746 Filio
2435 1679 2506 1745 in
2563 1677 2706 1744 Pe·-

1149 1799 1349 1872 trem‚
1383 1790 1718 1880 praecipue
1749 1809 1905 1857 cum
1945 1788 2088 1856 haec
2124 1790 2212 1855 sit
2248 1802 2434 1863 vera,
2498 1784 2704 1851 Pater

1150 1904 1217 1968 et
1263 1895 1473 1966 Filius
1529 1897 1823 1990 diligunt
1873 1918 1943 1965 se
2000 1895 2256 1987 Spiritu
2312 1903 2575 1972 sancto,
2634 1899 2702 1961 et

1149 2007 1356 2076 Pater
1404 2005 1624 2098 diligit
1691 2006 1935 2073 Filium
1995 2004 2251 2096 Spiritu
2302 2009 2565 2083 sancto,
2598 2009 2601 2014 ’
2634 2007 2702 2068 et

1149 2111 1364 2183 Filius
1404 2114 1624 2206 diligit
1672 2113 1946 2183 Patrem
1989 2106 2243 2204 Spiritu
2296 2119 2529 2179 sancto
2565 2126 2583 2178 t
2627 2109 2699 2175 in

1151 2222 1400 2313 quibus
1455 2223 1776 2290 omnibus
1832 2222 2158 2312 accipitur
2199 2219 2381 2310 quod
2421 2231 2699 2310 proces⁴

1151 2328 1362 2398 sionis
1392 2337 1517 2412 est,
1565 2334 1632 2398 et
1674 2328 1858 2421 quod
1888 2330 2139 2397 amoris
2195 2327 2309 2419 qui
2359 2324 2701 2417 specificat

1150 2439 1433 2509 modum
1464 2439 1868 2531 procedendi
1903 2462 1919 2507 z
1964 2446 2032 2508 et
2076 2439 2130 2507 si
2163 2437 2489 2527 accipitur
2533 2451 2700 2527 pro-

1150 2550 1365 2617 cessio
1394 2548 1467 2617 in
1497 2568 1592 2628 se,
1626 2563 1766 2616 non
1794 2543 2100 2617 causabit
2135 2546 2264 2614 nisi
2309 2540 2698 2614 distinctio-

1151 2677 1309 2726 nem
1347 2655 1772 2748 procedentis
1809 2655 1895 2725 ab
1950 2655 2056 2723 his
2095 2678 2134 2722 a
2173 2651 2418 2746 quibus
2466 2673 2700 2744 proce·

1149 2765 1289 2833 dit:
1333 2764 1390 2833 si
1421 2765 1748 2855 accipitur
1777 2758 2019 2832 modus
2058 2782 2193 2855 quo
2239 2763 2690 2854 specificatur,

1150 2875 1249 2944 sic
1274 2881 1591 2943 causatur
1627 2889 1845 2942 nexus
1877 2872 2093 2941 Patris
2130 2878 2198 2941 ct
2235 2871 2496 2957 Filiiin
2539 2870 2694 2937 vin·-

1149 2980 1305 3050 culo
1336 2982 1588 3049 amoris
1618 2979 1734 3071 qni
1775 2988 1875 3048 est
1906 2979 2198 3070 Spiritus
2234 2985 2532 3046 sanctus.

1241 3092 1345 3159 An
1391 3107 1588 3159 Auen
1673 3088 2057 3167 dicendum,
2117 3088 2299 3181 quod
2383 3086 2530 3156 haeo
2590 3093 2693 3156 est

1148 3198 1343 3280 falsa,
1402 3196 1629 3266 nullus
1666 3214 1862 3269 amor
1923 3194 2290 3267 secundum
2358 3188 2691 3264 rationem

1150 3306 1428 3383 amoris,
1463 3306 1591 3374 etc.
1622 3328 1638 3373 ε
1674 3303 1833 3397 quia
1873 3322 2067 3373 amor
2093 3316 2541 3395 personarum
2588 3300 2693 3369 di-

1146 3416 1462 3483 vinarum
1502 3412 1611 3482 cni
1649 3430 1789 3481 non
1845 3412 2162 3481 convenit
2201 3413 2327 3480 nisi
2369 3408 2691 3503 perfectio

1149 3521 1572 3607 substantia»,
1638 3529 1704 3590 et
1760 3540 1897 3590 non
1945 3519 2278 3600 accidens,
2340 3527 2438 3589 est
2497 3537 2695 3587 amor

1151 3630 1482 3721 perlectus
1521 3630 1589 3697 in
1628 3627 2002 3721 hypostasi.

1242 3737 1343 3805 Λυ
1390 3753 1587 3805 Aaron
1650 3736 2035 3813 dicendum,
2131 3736 2314 3827 quod
2394 3735 2690 3827 Spiritus

1149 3857 1422 3916 sanctus
1449 3851 1719 3915 amatur
1745 3866 1785 3916 a
1816 3846 2013 3915 Patre
2043 3853 2108 3914 et
2139 3844 2306 3914 Filio
2326 3845 2691 3915 dilectione

1147 3951 1512 4031 essentiali,
1555 3956 1621 4019 et
1652 3972 1790 4021 non
1821 3973 2052 4020 amore
2082 3952 2198 4043 qui
2233 3950 2692 4043 distinguatur

1146 4085 1183 4131 a
1227 4062 1488 4153 Spiritu
1516 4068 1749 4129 sancto
1786 4080 1802 4130 :
1838 4067 1903 4129 et
1943 4059 2072 4129 lnoc
2100 4068 2282 4153 patet
2322 4063 2390 4128 in
2422 4059 2629 4128 simili
2666 4077 2684 4127 t

1145 4168 1305 4257 quin
1343 4167 1486 4234 sive
1517 4164 1944 4234 attendamus
1976 4166 2039 4231 in
2079 4166 2397 4257 imagine,
2441 4166 2586 4232 sive
2619 4167 2690 4232 iu

1141 4276 1476 4345 distinctis
1544 4273 1962 4353 hominibus,
2052 4294 2421 4365 numquam
2494 4292 2693 4342 umor

1140 4391 1370 4453 causat
1401 4384 1610 4452 alium
1658 4402 1961 4452 autorem
2002 4405 2138 4474 quo
2185 4382 2508 4474 diligatur
2546 4382 2680 4450 ille.

1142 4493 1217 4561 ln
1260 4493 1554 4584 imagine
1602 4492 1903 4582 quidem.
1946 4492 2105 4582 quia
2135 4490 2305 4559 bene
2345 4490 2682 4568 videmus,

1140 4601 1326 4693 quod
1364 4622 1402 4668 a
1432 4605 1754 4668 noscente
1783 4608 1847 4667 et
1879 4601 2114 4667 notitia
2147 4609 2463 4668 causatur
2491 4615 2691 4668 amor

1141 4710 1289 4799 ejus
1319 4705 1498 4799 quod
1540 4711 1777 4774 notum
1811 4715 1955 4773 cst:
2007 4706 2124 4774 sed
2173 4706 2454 4774 ulterior
2491 4725 2690 4774 amor

1138 4839 1275 4886 non
1305 4825 1643 4897 causatur,
1679 4816 1792 4884 sed
1827 4814 1966 4907 ipse.
2004 4836 2197 4883 amor
2223 4814 2531 4907 diligitur
2557 4836 2684 4885 eo-

1135 4926 1291 4994 dem
1330 4946 1587 4992 amore.
1626 4923 1955 4992 Similiter
1994 4924 2165 4991 inter
2209 4922 2524 4991 homines
2574 4924 2684 4991 di-

1133 5055 1368 5101 versos
1436 5052 1808 5101 consensus
1872 5039 2098 5099 causat
2164 5051 2472 5100 amorem
2544 5047 2682 5123 quo

1135 5141 1524 5230 conspirant
1579 5148 1644 5208 et
1696 5136 2103 5208 concordant
2162 5134 2478 5207 homines
2512 5155 2528 5205 t
2562 5137 2682 5206 sed

1136 5270 1274 5316 non
1305 5246 1389 5315 ab
1421 5247 1549 5316 hoc
1577 5262 1810 5316 amore
1839 5252 2154 5315 causatur
2181 5244 2352 5314 alter
2387 5268 2526 5338 quo
2574 5246 2684 5314 di·-

1135 5355 1385 5446 ligatur
1412 5355 1547 5425 ille.
1614 5356 1685 5423 Si
1754 5356 1963 5436 dions,
2023 5348 2200 5446 quod
2269 5373 2404 5424 uon
2444 5363 2547 5424 est
2584 5358 2683 5423 si-

1134 5462 1296 5531 mile
1330 5483 1346 5530 t
1393 5466 1550 5554 quin
1591 5484 1785 5532 amor
1820 5466 1889 5533 in
1934 5463 2360 5534 interioribus
2398 5482 2540 5532 non
2580 5472 2679 5532 est

1135 5586 1425 5662 persona
1488 5570 1801 5641 distincta
1885 5572 2240 5641 amabilis:
2303 5571 2677 5642 secundum

4110 261 4113 264 ¹
4232 309 4354 374 311

2805 496 2908 557 est
2964 487 3134 556 alter
3212 511 3447 556 amors
3522 501 3807 576 persona
3879 484 4060 550 enim
4119 480 4235 548 illa
4291 483 4359 548 in

2805 596 2995 664 nullo
3038 597 3481 688 distinguitur
3528 595 3614 663 ab
3663 589 3815 660 aliis
3862 590 4172 682 personis
4228 588 4358 655 nisi

2806 704 2880 770 in
2937 705 3372 794 oppositione
3443 701 3765 770 relativa:
3849 698 3960 764 ille
4024 693 4359 763 secundus

2806 832 3003 878 amor
3025 818 3143 878 aut
3164 810 3604 901 distinguitur
3632 806 4062 898 oppositione
4084 801 4362 869 relativa

2807 941 2847 985 u
2885 921 3134 1008 primo,
3178 918 3495 986 autnon.
3546 914 3615 982 Si
3677 917 3812 982 sic:
3871 929 4033 1003 ergo
4087 905 4360 1000 speciali

2807 1026 3224 1116 proprietate
3253 1025 3576 1093 differunt
3637 1022 3723 1089 ab
3766 1042 3923 1088 ·eo:
3978 1039 4140 1108 ergo
4190 1018 4363 1084 sicut

2804 1132 3012 1201 Pater
3040 1142 3107 1201 et
3146 1133 3356 1200 Filius
3409 1134 3479 1199 in
3531 1137 3880 1222 quantum
3929 1132 4090 1192 sunt
4146 1147 4358 1191 unum

2804 1241 3220 1331 principium
3264 1238 3560 1330 Spiritus
3590 1235 3830 1313 saneti,
3875 1255 4015 1301 non
4044 1231 4363 1300 dicuntur

2804 1369 3001 1415 amor
3041 1347 3459 1438 personalis:
3504 1347 3599 1413 ita
3628 1343 3741 1412 ille
3797 1358 3992 1410 amor
4028 1329 4362 1408 secundus

2804 1471 2947 1523 non
2977 1456 3180 1523 debct
3204 1455 3339 1522 dici
3368 1472 3584 1534 amor,
3618 1451 3736 1521 §ed
3766 1451 3851 1519 ab
3883 1448 4017 1517 alia
4052 1447 4364 1539 proprie-

2805 1565 2940 1630 tate
2972 1563 3287 1653 opposita
3316 1547 3768 1635 denominari,
3805 1557 3978 1625 sicut
4023 1555 4099 1624 fit
4127 1556 4198 1622 in
4227 1554 4361 1621 Pae

2805 1679 2907 1738 tre
2937 1679 3006 1738 et
3033 1670 3235 1749 Filio,
3279 1669 3460 1762 quod
3512 1668 3758 1737 fulsum
3812 1673 3937 1734 est.
4000 1661 4073 1731 Si
4132 1670 4361 1733 autem

2805 1800 2945 1847 non
2976 1778 3226 1856 differt,
3282 1777 3505 1847 habeo
3546 1776 3973 1868 propositum
4022 1772 4207 1863 quod
4260 1779 4363 1838 est

2802 1886 2987 1955 idem
3025 1888 3164 1968 isti,
3224 1896 3294 1956 et
3344 1900 3483 1955 non
3528 1893 3710 1954 ,sunt
3773 1880 4119 1981 dum-sed
4180 1897 4359 1957 unus

2803 2010 3024 2062 amor.
3548 2053 3549 2058 ,
3622 2004 3683 2062 ’,
3766 2059 3771 2064 ,
3936 2052 3941 2064 ,
4028 2059 4080 2088 ·.
4321 2007 4356 2065 ·,·

2892 2121 2998 2187 An
3036 2134 3235 2188 Anum
3264 2114 3653 2199 dicendum,
3699 2117 3880 2209 quod
3918 2114 4211 2185 essentia
4245 2112 4357 2180 dt-

2802 2227 2968 2295 vtna
3005 2236 3108 2296 est
3137 2240 3333 2297 amor
3369 2226 3595 2294 Patris
3647 2233 3714 2294 et
3749 2218 3941 2302 Filii,'
3987 2221 4106 2291 sed
4162 2220 4357 2288 aliter

2801 2355 3010 2427 quam
3049 2348 3249 2403 amor
3274 2333 3678 2426 personalis.
3723 2330 3915 2399 Sicut
3960 2330 4144 2398 enim
4174 2326 4357 2396 dixi·

2800 2457 2982 2527 mus,
3010 2455 3263 2533 ponere
3302 2439 3487 2509 Patri
3518 2449 3587 2508 et
3607 2436 3777 2508 Filio
3808 2436 4354 2507 convenientiam

2798 2554 2871 2620 in
2910 2555 3204 2621 essentia
3235 2555 3527 2632 tantum,
3565 2545 3698 2618 hoe
3718 2556 4080 2638 estparum
4108 2549 4123 2613 t
4154 2546 4355 2636 quin·

2801 2661 2943 2727 imo
2992 2659 3050 2726 si
3106 2673 3449 2750 ponamus
3478 2671 3601 2748 pet·
3627 2649 4049 2746 impossibile
4081 2650 4353 2719 Putrem

2800 2773 2869 2837 ct
2906 2762 3158 2836 Filium
3216 2779 3356 2834 uon
3403 2782 3554 2835 esse
3606 2777 3824 2832 unum
3860 2760 4120 2839 Deum,
4179 2761 4356 2828 sicut

2798 2883 2984 2956 sunt,
3016 2876 3136 2945 sed
3174 2875 3348 2944 duos
3385 2883 3451 2944 et
3498 2874 3855 2966 perfectos,
3904 2863 4128 2939 adhue
4184 2889 4355 2938 eon-

2796 2985 3079 3053 venient
3127 2986 3197 3052 ln
3265 2998 3500 3051 amore
3557 2982 3675 3073 qui
3741 2977 4045 3072 procedit
4097 2977 4183 3046 ab
4256 2979 4354 3046 eis

2800 3093 3006 3162 ctiam
3047 3093 3408 3177 distinctis,
3442 3099 3509 3160 et
3566 3090 3636 3157 in
3676 3096 4010 3181 quantum
4046 3104 4356 3178 persono

2800 3207 2962 3270 sunt
2996 3222 3012 3270 ε
3047 3207 3116 3270 et
3144 3199 3259 3271 ille
3298 3216 3495 3268 amor
3523 3200 3640 3290 qui
3679 3200 3777 3265 sic
3816 3189 4116 3287 procedit
4141 3194 4227 3262 ab
4256 3197 4354 3263 eis

2800 3308 3136 3379 distinctis
3173 3328 3315 3377 non
3356 3308 3537 3378 unde
3572 3323 3790 3375 unum
3828 3302 3989 3373 sunt
4022 3305 4095 3372 in
4124 3322 4353 3373 essen-

2796 3416 2919 3503 tia,
2970 3416 3349 3510 personalis
3404 3422 3472 3484 et
3528 3407 4103 3484 notionalis'est:
4176 3410 4354 3480 unde

2799 3526 2988 3619 quod
3046 3525 3340 3595 essentia
3378 3539 3576 3593 amor
3619 3530 3723 3592 est
3776 3529 3845 3591 et
3895 3521 4164 3599 dicitur,
4226 3518 4358 3587 hoc

2798 3650 2941 3703 non
2998 3640 3100 3703 est
3157 3632 3382 3702 Patris
3419 3639 3489 3701 et
3528 3628 3678 3699 Filii
3720 3631 3787 3698 in
3827 3634 4357 3721 quantum·⁸unt

2798 3758 3109 3834 personae
3138 3740 3499 3819 distinctio.
3531 3738 3650 3808 sed
3679 3736 3907 3829 potius
3925 3738 3998 3806 in
4026 3744 4357 3829 quantum

2801 3866 2979 3919 unus
3019 3848 3207 3919 Deus
3240 3868 3259 3918 z
3300 3857 3370 3918 et
3396 3847 3551 3917 ideo
3583 3865 3724 3916 nou
3762 3852 3865 3915 est
3901 3859 4142 3915 eorum
4170 3853 4248 3913 ut
4271 3844 4358 3913 ab

2799 3960 2991 4051 ipsis,
3033 3958 3151 4029 sed
3192 3958 3421 4050 potius
3469 3964 3573 4025 est
3619 3972 3860 4024 eorum
3908 3963 3983 4023 ut
4033 3954 4176 4045 ipse
4212 3961 4356 4021 est:

2797 4067 2952 4137 idco
2991 4087 3132 4137 non
3173 4073 3273 4135 est
3314 4065 3675 4134 distinctus
3713 4061 3826 4132 ille
3860 4080 3879 4132 t
3939 4061 4059 4131 sed
4119 4081 4358 4153 perso·

2798 4174 2972 4244 nalis
3011 4177 3130 4268 qui
3160 4182 3260 4243 est
3299 4190 3568 4254 eorum,
3601 4190 3742 4241 non
3781 4167 3962 4239 unde
3992 4176 4153 4239 sunt
4179 4184 4357 4238 unus

2793 4281 3006 4365 Deus,
3031 4279 3148 4350 sed
3183 4281 3251 4348 in
3302 4287 3633 4371 quantum
3672 4293 3981 4369 personae
4017 4285 4177 4345 sunt
4204 4295 4364 4345 con·

2794 4389 3156 4480 spiranteS,
3199 4386 3313 4456 ille
3351 4394 3454 4455 est
3492 4404 3730 4455 eorum
3771 4393 3847 4453 ut
3885 4383 3970 4453 ab
4011 4384 4174 4476 ipsis
4212 4405 4229 4454 :
4290 4393 4355 4454 et

2795 4497 2950 4566 ideo
2979 4494 3424 4586 distinguitur
3452 4492 3565 4561 ille
3601 4490 3688 4562 ab
3721 4501 4033 4585 utroque.

2883 4606 2989 4672 An
3036 4624 3237 4672 mro
3271 4600 3662 4679 dicendum.
3709 4594 3894 4692 quod
3930 4607 4172 4669 natura
4207 4602 4351 4692 spi·

2795 4711 3058 4781 ritualis
3104 4708 3463 4800 multiplex
3509 4715 3651 4776 est:
3694 4706 4004 4798 quiedam
4035 4702 4216 4776 enlm
4248 4717 4350 4777 est

2794 4834 2946 4912 quae
2983 4818 3274 4887 retertur
3301 4816 3386 4884 ad
3423 4838 3672 4907 corpus
3709 4814 4076 4883 multarum
4108 4825 4172 4884 et
4210 4815 4348 4883 dis·

2791 4925 3123 4996 similium
3182 4925 3507 5016 partium,
3551 4917 3723 4992 slcu't
3769 4922 3998 4990 anime
4044 4924 4350 4991 rationa-

2792 5036 2875 5104 lis
2913 5036 2999 5104 ad
3054 5051 3304 5126 corpus
3354 5030 3807 5125 organicum:
3850 5040 3918 5100 et
3972 5030 4088 5100 illa
4143 5030 4349 5102 habet

2788 5145 3189 5212 varietatem
3231 5141 3527 5231 partium
3558 5138 3931 5207 multarum
3969 5138 4342 5207 secundum

2788 5250 3306 5343 proportionem
3366 5246 3452 5316 ad
3515 5255 3741 5338 partes
3787 5246 4116 5336 corporis,
4175 5267 4344 5337 quas

2790 5358 2931 5426 suis
2968 5356 3276 5449 partibus
3324 5353 3586 5447 perlicit
3626 5362 3693 5421 et
3723 5359 3991 5422 movet:
4027 5352 4340 5445 quaedam

2788 5481 2953 5534 vero
2993 5484 3131 5532 non
3162 5456 3370 5531 habet
3408 5460 3807 5530 relationem
3846 5457 4054 5530 talem
4083 5461 4168 5529 ad
4197 5482 4342 5531 cor·

2787 5594 2958 5664 pus:
3016 5578 3083 5639 et
3120 5568 3275 5638 ideo
3341 5583 3482 5638 non
3550 5576 3819 5661 oportet
3873 5567 4057 5660 quod
4093 5561 4343 5640 habeat

1139 5679 1272 5747 hoc
1299 5680 1559 5747 facilius
1599 5678 1814 5748 habeo
1839 5682 2288 5771 propositum,
2323 5680 2506 5773 quod
2537 5698 2679 5749 non
2784 5684 3013 5771 partes
3053 5669 3450 5765 hujusmodi
3482 5698 3498 5744 ε
3540 5674 3722 5744 unde
3759 5675 3919 5744 dicit
3969 5675 4341 5745 Commen-

4472 2137 4541 2181 Ad
4568 2138 4609 2181 ⁵.

4471 4630 4543 4676 Ad
4572 4635 4616 4685 0,
