4897 6388
377 854 456 901 Ad
485 854 526 900 1.

383 2684 534 2734 Adt-

351 5492 427 5543 Ad
454 5496 497 5543 8.

641 624 786 685 toto
819 624 981 696 tota,
1015 619 1111 684 ita
1169 615 1351 707 quod
1409 640 1544 685 non
1603 619 1675 683 in
1717 618 1943 707 aliqua
1988 625 2182 707 parte

642 732 810 793 tota.
1514 743 1518 748 ·

736 832 1080 899 Dicsnnuu
1108 855 1269 923 ergo
1294 833 1378 901 ad
1397 833 1720 923 primum,
1746 833 1928 923 quod
1956 834 2185 900 anima

644 938 850 1008 habet
874 939 1107 1007 multis
1144 941 1521 1009 rationibus
1556 933 1986 1033 totalitatem,
2057 940 2181 1008 sci-'

643 1047 811 1116 licet·
838 1048 1058 1138 quoad
1090 1049 1268 1116 vires
1307 1072 1543 1125 unam.
1594 1057 1670 1143 'et
1725 1049 1928 1117 aliam
1977 1070 2182 1138 quam

640 1159 859 1247 tangit
887 1156 1312 1248 Augustinus
1344 1161 1412 1224 in
1443 1157 1615 1224 libro
1656 1157 1754 1224 IX
1796 1145 1901 1226 'de
1958 1157 2186 1224 Triniss

581 1351 587 1359 .
641 1259 803 1347 tate,
838 1263 1065 1354 quoad
1084 1263 1404 1332 attributa
1425 1286 1549 1330 sua
1571 1263 1977 1345 essentialia,
2011 1263 2186 1329 sicut

640 1383 801 1442 sunt
834 1376 1000 1455 vita,
1042 1375 1356 1452 essentia,
1411 1373 1808 1467 substantia,
1871 1383 1935 1441 et
1980 1375 2185 1463 spiri·

638 1489 791 1550 tus:
825 1480 1052 1572 quoad
1082 1480 1229 1549 haec
1258 1482 1439 1549 enim
1468 1489 1613 1549 tota
1665 1481 2074 1571 potestesse
2114 1479 2184 1567 in

641 1593 787 1657 toto
812 1610 1151 1686 ,corporet
1186 1590 1346 1679 quia
1384 1588 1453 1655 in
1493 1587 1793 1679 qualibet
1829 1586 2018 1677 parte
2084 1595 2186 1654 est

639 1698 804 1779 vita,
851 1705 918 1763 et
946 1696 1347 1776 substantia,
1394 1705 1460 1765 et
1488 1696 1789 1792 spirituS‚
1823 1704 1889 1764 et
1927 1695 2182 1780 anima,

642 1813 709 1871 et
753 1803 1185 1895 principium,
1240 1812 1305 1871 et
1370 1803 1638 1871 forma:
1690 1811 1756 1871 et
1809 1801 2181 1871 secundum

637 1912 869 1979 omnia
895 1909 1042 1979 haec
1061 1913 1132 1978 in
1154 1920 1300 1979 esse
1331 1919 1433 1979 est
1460 1911 1530 1977 in
1550 1912 1808 1979 ratione
1830 1912 1935 2000 cuj
1944 1910 2181 1978 usdam

554 2105 555 2108 Ἴ
632 2015 986 2085 totalitatis
1024 2016 1097 2083 in
1136 2038 1307 2085 esse.
1367 2015 1633 2084 Dicitur
1687 2016 1891 2085 etiam
1928 2023 2180 2110 „totum

634 2120 812 2190 idem
844 2120 1029 2212 quod
1055 2121 1424 2212 perfectum
1454 2143 1470 2188 :
1516 2122 1709 2189 etsie
1752 2115 1993 2188 iterum
2034 2111 2181 2218 tota

630 2228 700 2295 in
740 2232 884 2297 toto
914 2236 1040 2310 est,
1081 2238 1149 2298 et
1184 2228 1254 2295 in
1312 2227 1614 2319 qualibet
1650 2235 1862 2318 parte.
1930 2226 2004 2296 Si
2052 2249 2181 2295 au-

628 2343 768 2403 tem
824 2333 1071 2403 dieitur
1104 2334 1404 2403 totalitas
1452 2331 1535 2403 ab
1584 2334 2023 2403 universitate
2070 2336 2182 2401 vi-

632 2441 835 2523 rium,
868 2442 993 2528 erit
1023 2441 1093 2510 in
1115 2450 1258 2511 toto
1278 2449 1446 2524 tota,
1480 2441 1598 2510 sed
1619 2443 1850 2510 nonin
1879 2441 2182 2533 qualibet

633 2558 822 2640 parte
842 2557 1007 2618 tota.
1694 2568 1705 2579 ·
1858 2537 1863 2584 :

726 2659 832 2727 An
876 2681 1074 2728 mun
1102 2658 1487 2736 dicendum.
1521 2659 1708 2750 quod
1747 2659 2022 2750 spiritus
2076 2666 2182 2728 est

641 2767 1166 2836 instrumentum
1203 2766 1447 2834 animae
1485 2760 1712 2857 quoad
1748 2768 2180 2858 operationes

640 2875 892 2965 primas
914 2874 1149 2964 ipsius,
1180 2896 1331 2965 quae
1359 2882 1518 2943 sunt
1536 2873 1788 2955 vitalis,
1822 2872 2175 2955 naturalis,

637 2993 704 3051 et
741 2979 1056 3050 animalis
1097 3003 1264 3072 :per
1289 2981 1603 3072 spiritum
1651 2981 1834 3050 enim
1898 2980 2178 3051 vitalem

635 3087 855 3157 inssuit
878 3087 1114 3165 vitam,
1148 3094 1215 3155 et
1256 3086 1574 3178 pulsum:
1626 3111 1748 3179 per
1795 3087 2177 3158 naturalem

633 3203 865 3264 autem
911 3217 1127 3287 opera
1158 3193 1516 3275 naturalia,
1583 3206 1658 3264 ut
1706 3197 1990 3281 nutrire,
2047 3219 2177 3265 au-

630 3325 816 3395 gere,
849 3312 916 3373 et
960 3325 1321 3394 generare:
1355 3325 1476 3394 per
1531 3303 1898 3374 animalem
1944 3311 2171 3373 autem

631 3409 978 3492 animalia,
1035 3418 1114 3479 ut
1160 3419 1316 3478 sunt
1361 3432 1624 3490 sensus,
1694 3419 1762 3480 et
1801 3419 2064 3481 motus:
2107 3419 2175 3479 et

630 3518 760 3586 ista
788 3526 947 3587 sunt
998 3517 1170 3607 ejus,
1240 3517 1613 3587 secundum
1653 3517 1835 3610 quod
1874 3527 1975 3588 est
2016 3541 2173 3587 mo-

629 3634 737 3694 tor
782 3626 1129 3716 corporis:
1190 3625 1306 3693 sed
1363 3626 1736 3696 secundum
1802 3625 1934 3696 hoc
1986 3626 2172 3718 quod

629 3733 746 3803 dat
780 3756 952 3813 esse,
996 3758 1134 3803 non
1167 3733 1369 3803 habet
1398 3735 1721 3804 medium.

717 3842 887 3912 Etsi
916 3843 1259 3933 objicitur,
1301 3844 1483 3936 quod
1523 3844 1895 3915 secundum
1926 3843 2173 3914 Philo-

626 3948 920 4041 sophum
951 3950 1181 4020 vivere
1221 3951 1608 4020 viventibus
1636 3959 1737 4021 est
1765 3974 1953 4022 esse:
2004 3975 2171 4045 ergo

626 4058 853 4127 vivere
899 4059 1092 4149 cujus
1150 4059 1678 4130 instrumentum
1732 4071 1834 4130 est
1890 4061 2171 4153 spiritus

624 4165 874 4246 vitalis,
916 4175 1242 4235 estesse:
1285 4176 1349 4235 et
1405 4168 1499 4236 ita
1547 4170 1756 4237 utitur
1802 4192 1886 4238 eo
1941 4178 2016 4239 ut
2054 4168 2171 4239 dat

622 4295 794 4342 esse.
851 4272 1255 4357 Dicendum,
1315 4274 1498 4367 quod
1558 4273 1688 4344 hoc
1744 4275 2168 4368 impossibile

624 4387 766 4448 est:
817 4379 978 4470 quia
1042 4402 1180 4448 non
1242 4380 1456 4448 utitur
1513 4380 1963 4451 instrumento
2030 4382 2159 4450 nisi

624 4486 807 4579 quod
845 4495 946 4557 est
979 4511 994 4557 ε
1030 4511 1194 4581 ergo
1231 4489 1458 4557 anima
1488 4498 1684 4559 utens
1715 4492 2167 4560 instrumento

621 4603 724 4664 est
762 4595 909 4684 jam
969 4596 1036 4664 in
1078 4618 1359 4686 corpore
1414 4606 1571 4666 ante
1638 4597 2165 4666 instrumentum

620 4725 743 4793 per
770 4703 1101 4772 rationem
1144 4704 1419 4773 sormae:
1466 4704 1730 4787 ethico,
1780 4729 1936 4774 cum
1992 4704 2169 4775 dici-

619 4817 760 4890 tur,
802 4809 987 4903 quod
1015 4811 1243 4881 vivere
1271 4811 1660 4881 viventibus
1698 4822 1800 4882 est
1846 4836 2018 4893 esse,
2072 4815 2168 4881 in·

619 4916 947 5010 telligitur
982 4918 1066 4987 de
1121 4927 1275 4987 actu
1330 4920 1493 4987 vitae
1554 4941 1706 5010 quae
1767 4928 1866 4988 est
1904 4921 2160 5002 anima,

618 5027 810 5116 cujus
847 5027 1125 5096 effectus
1163 5028 1275 5096 dat
1327 5050 1472 5096 esso
1528 5026 1845 5110 animale,
1916 5036 1983 5097 ct
2033 5027 2165 5098 hoc

618 5141 720 5202 est
749 5155 894 5203 esse
921 5136 1080 5203 vitae
1110 5142 1177 5204 ct
1216 5138 1486 5204 vivere:
1558 5135 1674 5205 sed
1723 5158 1859 5204 non
1909 5135 2165 5205 intelli-

617 5241 802 5332 gitur
827 5240 909 5310 de
939 5243 1166 5310 vivere
1196 5241 1376 5332 quod
1408 5251 1508 5310 est
1539 5266 1659 5333 per
1720 5242 2033 5334 spiritum
2098 5252 2165 5313 et

618 5346 918 5438 pulsum.

705 5454 808 5521 An
852 5477 1049 5524 amun
1122 5455 1508 5540 dicendum,
1575 5455 1761 5546 quod
1811 5479 1948 5525 non
1978 5434 2164 5526 'facit

619 5573 840 5653 partes
868 5587 1014 5634 esse
1043 5565 1386 5646 animalia,
1431 5567 1589 5657 quia
1631 5589 1769 5634 non
1799 5574 1900 5636 est
1953 5567 2023 5634 in
2063 5568 2161 5636 eis

616 5680 694 5739 ut
723 5672 976 5751 anima,
1009 5672 1129 5742 sed
1161 5680 1239 5741 ut
1267 5674 1567 5764 potentia
1593 5675 1839 5742 animae
1873 5696 1889 5741 :
1925 5681 2162 5764 poten·

619 5780 713 5846 tia
750 5788 975 5848 autem
1010 5803 1148 5848 non
1179 5779 1331 5849 lacit
1359 5778 1640 5862 animal,
1672 5781 1830 5871 quia
1870 5804 2007 5849 non
2058 5789 2161 5850 est

1470 513 1471 516 γ
1594 415 1952 534 uns.
2007 441 2481 519 mosem).
2536 449 2835 525 PssAEu.
2902 491 2919 524 2

2300 643 2417 710 per
2443 624 2795 711 proprium
2827 644 2976 690 esse
3008 622 3155 712 ipsa
3185 622 3516 711 potentia,
3560 620 3673 687 sed
3742 640 3862 708 per

2299 751 2442 797 esse
2466 732 2611 818 ejus
2642 732 2838 819 cujus
2895 732 3047 821 ipsa
3109 739 3209 799 est
3272 730 3621 821 potentia:
3686 729 3858 796 sicut

2296 836 2611 927 quaelibet
2644 861 2801 927 pars
2833 846 2933 906 est
2973 860 3095 928 per
3125 860 3270 906 esse
3301 838 3407 905 sui
3432 838 3642 905 totius
3672 835 3856 926 quod

2298 940 2500 1009 habet
2539 943 2607 1008 in
2660 944 2835 1033 ipso.
2899 941 3034 1011 Sed
3092 966 3334 1011 verum
3390 951 3514 1020 est,
3578 941 3760 1031 quod
3800 942 3854 1007 si

2295 1071 2450 1137 pars
2479 1059 2655 1117 esset
2683 1050 2928 1128 divisa,
2971 1057 3135 1118 tunc
3164 1050 3312 1139 ipsa
3333 1049 3639 1138 potentia
3679 1056 3854 1116 esset

2295 1155 2546 1233 anima,
2583 1163 2650 1222 et
2685 1154 3073 1223 membrum
3133 1163 3312 1222 esset
3340 1152 3639 1221 animal:
3680 1152 3855 1220 unde

2295 1262 2456 1330 dicit
2488 1261 2972 1352 PhilosophuS,
3035 1261 3222 1352 quod
3277 1262 3334 1329 si
3393 1259 3631 1330 oculus
3683 1268 3855 1329 esset

2297 1368 2573 1454 animal,
2618 1372 2806 1437 visus
2844 1379 3023 1438 esset
3059 1369 3292 1437 anima
3320 1370 3488 1458 ejus.

2381 1583 2485 1648 An
2524 1605 2721 1649 Amen
2751 1581 3144 1664 dicendum,
3200 1580 3388 1671 quod
3433 1582 3578 1670 ipsa
3625 1580 3850 1648 anima
3880 1607 3949 1653 aa
3967 1608 4193 1665 quaem.

2295 1688 2643 1757 rationalis
2697 1710 2836 1756 non
2910 1696 3013 1756 est
3088 1687 3448 1755 divisibilis
3518 1687 3851 1756 divisione

2291 1800 2642 1889 corporis:
2678 1800 2925 1867 dicitur
2962 1799 3147 1867 enim
3189 1797 3451 1888 aliquid
3498 1820 3647 1866 esse
3685 1797 3854 1865 divi-

2292 1904 2486 1973 sibile
2515 1905 2851 1975 divisione
2883 1906 3187 1973 materiae
3217 1905 3291 1971 in
3321 1926 3460 1995 qua
3507 1911 3633 1987 est,
3666 1904 3853 1972 soili-

2290 2021 2396 2081 eet
2423 2014 2585 2105 quia
2613 2014 2831 2083 divisa
2859 2014 3145 2082 materia
3178 2021 3279 2081 est
3317 2015 3543 2106 ipsum
3573 2014 3644 2081 in
3701 2036 3852 2082 ma-

2282 2120 2419 2209 jori
2459 2130 2650 2212 parte
2688 2123 2936 2211 majus,
2970 2131 3038 2190 et
3075 2122 3146 2189 in
3187 2121 3439 2190 minori
3477 2124 3731 2204 minuS,
3786 2130 3851 2189 et

2289 2229 2360 2297 in
2389 2229 2636 2321 oequali
2664 2228 2968 2321 aequale:
3003 2236 3072 2298 et
3100 2229 3198 2297 sie
3236 2228 3571 2297 divisione
3628 2236 3850 2297 mate-

2286 2336 2403 2403 riae
2434 2357 2573 2403 non
2611 2335 3011 2405 dividuntur
3051 2336 3185 2402 nisi
3231 2334 3475 2403 formae
3523 2333 3850 2402 habentes

2287 2445 2495 2512 situm
2528 2444 2599 2514 in
2636 2467 2965 2535 corpore:
3000 2452 3067 2513 et
3113 2442 3394 2513 situales
3442 2465 3564 2534 per
3610 2466 3682 2512 se
3737 2443 3847 2512 vel

2286 2574 2411 2642 per
2453 2552 2793 2634 accidens,
2869 2554 3046 2621 sicut
3109 2551 3383 2636 albedo,
3461 2551 3671 2620 color.
3720 2551 3850 2621 Se-

2285 2659 2513 2728 cundo
2555 2658 2761 2728 modo
2810 2660 3057 2728 dicitur
3120 2657 3383 2751 aliquid
3429 2657 3640 2750 dividi
3679 2658 3849 2726 divi·

2286 2768 2478 2836 sione
2499 2769 2828 2858 corporis,
2869 2766 3057 2859 quod
3085 2766 3463 2835 secundum
3497 2788 3705 2834 unam
3739 2791 3847 2834 ra-

2284 2876 2543 2944 tionem
2575 2882 2811 2944 manet
2866 2875 2938 2943 in
2986 2873 3295 2966 qualibet
3353 2881 3545 2964 parte
3601 2872 3840 2955 divisa,

2283 2981 2403 3051 sed
2434 3005 2574 3052 non
2606 2983 2929 3073 majus‘in
2960 2983 3234 3071 majori,
3267 2991 3337 3052 et
3364 2983 3593 3050 minus
3631 2983 3700 3050 in
3722 2984 3846 3050 mi·

2284 3089 2460 3168 nori,
2496 3097 2564 3159 et
2602 3089 2673 3156 in
2715 3087 2964 3181 aequali
3004 3087 3311 3180 aequale:
3349 3097 3417 3157 et
3453 3089 3550 3157 sie
3593 3088 3840 3157 dividi-

2282 3206 2396 3265 tur
2455 3196 2675 3265 forma
2721 3197 3188 3266 substantialis
3242 3197 3315 3266 in
3369 3194 3838 3289 homogeneiS‚

2281 3302 2388 3372 vel
2442 3298 2846 3395 propinquis
2895 3302 3494 3396 homogeneorum
3553 3313 3836 3381 naturae,

2280 3421 2354 3480 ut
2381 3411 2581 3503 lapis,
2614 3421 2683 3481 et
2711 3412 2977 3505 lignum
3005 3436 3022 3481 :
3066 3414 3135 3480 in
3168 3413 3403 3503 planta
3423 3414 3606 3482 enim
3626 3414 3841 3483 divisa

2282 3527 2469 3610 parte
2507 3517 2926 3590 convalescit
2959 3528 3250 3610 utraque
3300 3543 3459 3612 pars
3495 3542 3619 3610 per
3672 3522 3843 3591 insi-

2278 3627 2582 3694 tionem:
2628 3634 2694 3693 et
2726 3623 2857 3695 hoc
2893 3633 2999 3694 est
3039 3625 3248 3693 etiam
3307 3626 3377 3693 in
3435 3625 3839 3717 quibusdam

2277 3732 2691 3800 animalibus
2759 3730 3174 3801 habentibus
3252 3732 3565 3801 membra
3647 3736 3838 3825 quasi

2277 3841 2527 3910 similia
2564 3850 2928 3933 pertotum
2971 3864 3246 3932 corpus.
3297 3842 3552 3910 Anima
3609 3853 3839 3913 autem

2278 3949 2630 4018 rationalis
2662 3948 2852 4019 nullo
2883 3949 3162 4019 illorum
3193 3950 3559 4020 modorum
3603 3951 3840 4021 dividi·

2272 4063 2424 4124 tur:
2461 4065 2528 4125 et
2551 4055 2684 4126 boc
2727 4079 2866 4125 non
2898 4055 3106 4126 habet
3133 4057 3204 4124 in
3225 4067 3561 4149 quantum
3592 4059 3833 4138 forma,

2277 4163 2497 4230 necin
2538 4169 2868 4254 quantum
2911 4172 3015 4231 est
3065 4163 3286 4232 forma
3326 4164 3831 4234 substantialis:

2274 4268 2434 4360 quia
2465 4271 2562 4338 sic
2599 4269 2923 4361 quoelibet
2957 4270 3183 4339 forma
3221 4271 3693 4340 substantialis
3712 4272 3840 4341 ba-

2273 4373 2464 4444 beret
2506 4374 2638 4445 hoc
2674 4400 2692 4444 ε
2747 4375 2865 4445 scd
2925 4375 3134 4446 habet
3198 4379 3269 4445 in
3346 4388 3676 4470 quantum
3737 4390 3836 4449 est

2270 4481 2650 4553 substantia
2681 4483 3013 4554 distantes
3039 4488 3108 4554 in
3139 4510 3346 4577 opere
3377 4486 3641 4557 habens
3674 4514 3836 4582 par-

2272 4600 2396 4671 tes,
2429 4602 2499 4663 et
2537 4617 2622 4662 ex
2663 4591 2792 4662 hoc
2835 4616 3153 4685 quaerens
3222 4619 3546 4689 magnam
3605 4598 3834 4667 diver-

2270 4701 2541 4771 sitatem
2572 4725 2993 4794 organorum
3017 4704 3088 4773 in
3108 4728 3394 4795 corpore
3426 4706 3494 4773 in
3524 4731 3662 4799 quo
3684 4718 3826 4777 est:
3927 4722 3941 4735 ·

2270 4818 2336 4877 et
2371 4808 2505 4878 hoc
2551 4819 2654 4879 est
2692 4811 2950 4881 dictum
2999 4811 3580 4883 Commentatoris
3627 4840 3828 4908 supra

2269 4916 2678 5009 principium
2718 4917 2873 4986 libri
2918 4918 2974 4985 ΙΙ
3008 4919 3091 4988 de
3126 4919 3311 4989 Coelo
3338 4931 3403 4988 et
3444 4923 3733 4992 Mundo.

2355 5024 2462 5092 Ao
2507 5048 2705 5093 Amul)
2752 5024 3143 5107 dicendum,
3215 5028 3401 5119 quod
3479 5032 3825 5101 rationalis
3853 5070 3931 5116 Ad
3953 5072 4180 5128 φημὶ,

2267 5133 2495 5199 anima
2525 5132 2662 5201 duo
2692 5132 2878 5211 dicit,
2923 5134 3180 5204 scilicet
3228 5134 3415 5227 quod
3446 5145 3547 5206 est
3568 5140 3819 5218 anima,

2267 5248 2334 5308 et
2365 5239 2546 5331 quod
2599 5250 2699 5309 est
2756 5240 3111 5311 rationalis
3141 5244 3242 5310 :si
3319 5244 3692 5336 accipiatur
3753 5257 3829 5316 ut

2266 5350 2521 5428 anima,
2555 5358 2718 5418 tunc
2747 5359 2848 5419 est
2905 5359 3098 5418 actus
3136 5358 3469 5443 corporis,
3512 5362 3581 5423 et
3626 5354 3827 5425 habet

2265 5479 2305 5524 a
2325 5480 2396 5525 se
2425 5458 2765 5546 potentias
2786 5458 3166 5537 effluentes,
3193 5482 3485 5550 quarum
3515 5464 3826 5554 quaedam

2265 5565 2483 5633 aftixae
2521 5573 2682 5633 sunt
2708 5566 3013 5655 organis,
3058 5575 3125 5635 et
3180 5567 3496 5657 quaedam
3536 5594 3717 5640 non:
3762 5581 3829 5641 et

2264 5671 2351 5740 ab
2391 5671 2507 5740 illa
2534 5670 2746 5741 homo
2777 5680 2881 5741 est
2902 5670 3115 5743 homo
3142 5696 3158 5742 ε
3187 5682 3256 5743 et
3291 5677 3593 5747 concedo
3622 5679 3821 5761 bene,

2265 5780 2452 5871 quod
2511 5805 2550 5848 a
2623 5781 2931 5851 sensibili
2998 5781 3108 5850 vel
3192 5784 3559 5876 vegetabili
3616 5776 3845 5856 homo‘
