4897 6388
1753 372 1850 445 IN
1896 379 1926 446 1
1977 381 2400 449 SENTENT.
2460 381 2683 451 DIST.
2734 382 2988 461 XXIV,
3042 381 3381 469 K‚2ART.
3435 384 3497 449 8.

1424 863 1927 933 ARTICULUS
1994 866 2182 935 V111.

1021 1078 1131 1143 An
1164 1075 1327 1143 bene
1365 1077 1643 1144 dicatur
1676 1082 1858 1147 Deus
1888 1083 2111 1148 trinus
2149 1092 2213 1149 el
2252 1105 2427 1149 unus
2461 1107 2482 1150 .·
2514 1092 2577 1150 et

1111 1206 1203 1250 an
1235 1185 1516 1252 trinitas
1543 1187 1635 1253 sit
1674 1192 1888 1255 trium
1930 1192 2160 1257 unitas
2185 1189 2227 1256 ?

1110 1510 1373 1580 Deinde
1433 1513 1759 1602 quaeritur
1805 1511 1886 1581 de
1932 1511 2063 1582 hoe
2101 1515 2283 1604 quod
2313 1514 2571 1583 dieitin

1018 1616 1258 1685 ultima
1289 1629 1480 1708 parte
1519 1620 1609 1686 K:
1641 1648 1673 1684 α
1701 1623 1759 1689 T
1753 1630 2000 1689 rmitas
2022 1645 2173 1690 vero
2203 1623 2575 1715 multiplex

1013 1732 1112 1788 est
1170 1732 1234 1788 el
1299 1724 1759 1792 numerabilis
1815 1749 1839 1793 .·
1894 1727 2063 1816 quia
2138 1729 2411 1796 trinitas
2475 1738 2573 1795 est

898 1815 909 1826 ’
1016 1830 1232 1896 {rium
1262 1832 1519 1898 unitas.
1554 1857 1588 1896 »

1108 1939 1166 2003 1.
1212 1936 1471 2006 Contra
1500 1941 1689 2007 enim
1718 1940 1991 2009 videtur
2015 1964 2186 2021 esse,
2222 1944 2405 2034 quod
2435 1943 2572 2012 Pa-

1027 2051 1129 2111 ter
1185 2053 1288 2112 est
1342 2047 1548 2114 trium
1595 2049 1848 2131 unitaS,
1916 2050 2076 2140 quia
2122 2059 2226 2119 est
2279 2053 2570 2120 essentia

1008 2173 1164 2241 quae
1195 2161 1299 2220 est
1329 2154 1557 2222 unitas
1589 2156 1794 2223 trium
1830 2179 1845 2225 ε
1882 2180 2046 2249 ergo
2086 2158 2288 2226 Pater
2325 2161 2569 2227 esttri-

1009 2260 1212 2328 nitas,

1094 2370 1161 2434 2.
1199 2368 1559 2451 Praeterea,
1604 2371 1775 2440 Cum
1816 2372 2080 2443 dicatur
2117 2376 2380 2444 trinitas
2428 2399 2563 2445 nu-

1008 2475 1386 2563 nnerabiliS,
1443 2501 1654 2568 quare
1699 2503 1836 2547 non
1885 2481 2129 2551 dicitur
2179 2483 2361 2551 Deus
2412 2507 2558 2554 esse

1004 2591 1163 2662 tre5‚
1197 2583 1307 2652 vel
1330 2584 1467 2654 duo
1496 2607 1512 2654 ε
1546 2609 1703 2654 cum
1726 2610 1930 2656 omne
1987 2591 2407 2660 numerabile
2433 2615 2550 2660 se-

999 2689 1302 2757 eundum
1344 2690 1647 2783 aliquam
1678 2695 1973 2784 speciem
2023 2697 2289 2765 numeri
2322 2722 2558 2767 nume·

1006 2795 1218 2865 rabile
1250 2799 1362 2866 sit.

1087 2907 1154 2974 3.
1192 2905 1392 2989 Item,
1426 2906 1596 2977 Cum
1647 2909 1916 2992 dieitur,
1959 2913 2143 2986 Deus
2190 2925 2291 2984 est
2334 2917 2553 2985 trinus

1000 3019 1065 3080 et
1087 3035 1266 3081 unus
1300 3024 1460 3084 :aut
1490 3015 1557 3107 ly
1585 3019 1775 3087 Deus
1801 3022 2125 3111 supponit
2155 3025 2544 3103 essentiam,

995 3131 1111 3191 aut
1140 3146 1537 3215 personam.
1575 3125 1649 3196 Si
1681 3131 2045 3200 essentiam
2081 3153 2098 3201 ε
2132 3154 2295 3225 ergo
2324 3158 2549 3204 essen·

991 3232 1086 3298 tia
1116 3241 1219 3299 est
1255 3233 1457 3311 trina,
1521 3236 1706 3326 quod
1753 3235 1999 3306 falsum
2039 3249 2165 3311 est.
2215 3240 2287 3308 Si
2318 3265 2548 3333 perso-

990 3360 1150 3406 nam
1195 3361 1211 3406 :
1283 3363 1450 3432 ergo
1514 3342 1744 3435 aliqua
1783 3367 2075 3437 persona
2123 3359 2226 3417 est
2265 3350 2438 3417 trina
2479 3359 2547 3419 et

988 3469 1150 3527 una,
1186 3449 1369 3539 quod
1402 3448 1648 3519 falsum
1698 3461 1800 3522 est
1832 3476 1849 3522 z
1883 3478 2047 3546 ergo
2094 3456 2366 3526 videtur
2402 3482 2539 3526 non

987 3578 1135 3623 esse
1168 3555 1679 3627 concedendum
1728 3560 1947 3631 Deum
2005 3586 2151 3633 esse
2183 3566 2433 3634 trinum
2476 3578 2542 3635 et

987 3685 1232 3733 unum.

1056 3921 1072 3957 ¹
1110 3917 1310 3974 Ultimi
1364 3936 1566 3976 sensus
1598 3920 1804 3993 hymni
1837 3924 1944 3982 Iste
1984 3926 2272 3997 consessor
2303 3944 2323 3983 .·

1196 4033 1225 4060 «ι
1258 4009 1345 4065 Sit
1374 4009 1534 4066 salus
1561 4011 1670 4079 ini.
1699 4011 1881 4069 decus
1908 4021 2088 4087 atque
2119 4016 2320 4087 virtus,

1193 4100 1302 4166 Qui
1335 4117 1519 4175 super
1544 4101 1670 4158 cwli
1707 4104 1855 4160 sotio
1880 4121 2199 4163 coruscans

4117 379 4239 448 621

2784 552 2915 618 Snn
2962 575 3210 619 coNTnA
3246 575 3260 618 :
3297 552 3374 618 In
3421 551 3676 640 hymno
3718 558 4049 628 cantatur,
4100 550 4242 617 To-
4272 573 4369 620 Sed
4404 582 4590 624 contra.

2693 663 2825 727 tius
2858 661 3092 727 mundi
3130 658 3511 726 machinam
3550 657 3881 748 gubernat
3912 660 4126 725 trinus
4174 665 4241 724 et

2693 769 2949 834 unus¹.

2783 970 3088 1040 Somno.
3129 974 3502 1042 Dicendum
3547 974 3627 1041 ad
3670 976 3991 1064 primum,
4044 973 4227 1063 quod
4311 986 4513 1033 Sotuuo-

2692 1081 2762 1145 in
2793 1091 3196 1170 argumento
3229 1083 3460 1150 incidit
3514 1083 3777 1150 fallacia
3815 1082 4179 1150 accidentis
4208 1105 4222 1148 :

2691 1188 2864 1254 sicut
2894 1190 2945 1255 si
2978 1191 3073 1256 sie
3093 1191 3516 1278 procedatur,
3556 1191 3868 1256 Socrates
3898 1197 3999 1257 est
4027 1212 4230 1257 omne

2690 1293 2966 1373 animal,
3038 1298 3198 1386 quia
3251 1298 3500 1364 animal
3546 1307 3644 1364 est
3704 1320 3913 1364 unum
3980 1298 4051 1364 in
4092 1320 4228 1386 quo

2688 1403 3018 1469 uniuntur
3046 1405 3279 1471 omnia
3352 1405 3694 1472 animalia.
3753 1405 4009 1472 Tamen
4067 1407 4231 1495 qui-

2688 1508 2844 1576 dam
2892 1509 3148 1588 dicunt,
3212 1512 3395 1601 quod
3452 1536 3606 1580 eum
3648 1512 3913 1596 dicitur,
3966 1513 4230 1579 trinitas

2685 1619 2892 1684 trium
2923 1628 3023 1685 est
3045 1619 3290 1698 unitaS,
3326 1618 3741 1709 etymologia
3761 1619 4055 1686 nominis
4084 1628 4224 1687 est:

2686 1723 2803 1791 sed
2824 1725 2906 1792 de
2936 1723 3065 1792 hoe
3094 1749 3297 1815 supra
3335 1726 3654 1810 diximuS,
3725 1728 3883 1816 quia
3925 1724 4077 1792 licet
4115 1748 4227 1792 se-

2684 1831 2979 1899 cundum
3043 1856 3295 1901 nomen
3346 1835 3661 1923 importet
3720 1834 4092 1901 essentiam
4155 1833 4225 1899 in

2682 1946 2888 2022 recto,
2939 1947 3168 2008 tamen
3216 1941 3585 2008 secundum
3647 1939 4214 2031 significationem

2682 2048 2777 2115 rei
2827 2070 2863 2116 e
2915 2070 3245 2117 converso
3303 2057 3443 2117 est:
3490 2057 3556 2116 et
3601 2048 3753 2116 ideo
3803 2049 4065 2116 trinitas
4126 2047 4227 2116 est

2681 2163 2815 2222 tres
2845 2157 3016 2223 uniti
3061 2156 3132 2222 in
3180 2178 3315 2223 una
3369 2157 3682 2223 essentia.

2766 2265 2869 2331 An
2915 2286 3112 2331 amun
3161 2263 3545 2342 dicendum,
3590 2263 3775 2354 quod
3828 2264 4010 2332 Deus
4076 2287 4216 2333 non

2675 2379 2773 2439 est
2805 2371 3284 2440 numerabilis:
3313 2373 3448 2439 etsi
3483 2372 3745 2439 trinitas
3775 2370 4217 2439 numerabilis

2671 2479 2955 2563 dicatur,
2988 2476 3117 2546 hoc
3152 2477 3551 2569 intelligitur
3588 2479 3669 2545 de
3719 2500 4004 2545 numero
4038 2500 4218 2570 quo-

2671 2588 2854 2671 dam,
2913 2589 3166 2657 scilieet
3221 2591 3575 2658 notionum
3627 2597 3693 2657 et
3739 2612 4213 2680 personarum,

2670 2705 2737 2764 et
2774 2719 2911 2765 non
2943 2698 3342 2788 simpliciter
3376 2720 3391 2765 ε
3427 2720 3547 2765 nec
3580 2698 3700 2765 iste
3730 2718 4056 2765 numerus
4099 2720 4215 2765 ex-

2668 2802 2877 2873 cludit
2906 2804 3408 2894 simplicitatem
3447 2803 3553 2871 vel
3610 2807 3943 2871 unitatem
3984 2826 4213 2873 essen·

2666 2913 2801 2991 tiae,
2842 2912 2961 2980 sed
3000 2912 3228 3002 potius
3266 2910 3699 2980 solitudinem
3732 2921 3799 2980 et
3842 2911 4213 3004 singulari-

2666 3028 2899 3090 tatem.

2754 3128 2856 3194 An
2877 3149 3072 3194 amun
3101 3126 3486 3205 dicendum,
3521 3128 3703 3220 quod
3735 3126 3877 3198 ltaeo
3896 3137 3996 3197 est
4018 3150 4200 3214 vera,

2662 3235 2843 3303 Deus
2873 3245 2970 3303 est
3001 3236 3220 3303 trinus
3258 3244 3323 3303 et
3354 3258 3570 3305 unus:
3605 3245 3673 3304 et
3703 3234 3771 3326 ly
3816 3239 4002 3304 Deus
4040 3260 4208 3328 sup-

2660 3346 2850 3436 ponit
2871 3347 3235 3414 essentiam
3260 3346 3327 3413 in
3346 3347 3697 3437 supposito
3726 3346 3794 3416 in
3813 3347 4160 3414 communi
4181 3367 4199 3416 ε

2660 3466 2723 3524 et
2757 3458 2907 3525 ideo
2954 3459 3172 3547 gratia
3194 3459 3499 3526 essentia}
3538 3458 3857 3526 convenit
3896 3460 3957 3526 ei
4000 3480 4202 3542 unus,

2660 3577 2724 3635 et
2779 3569 2994 3659 gratia
3035 3570 3541 3659 suppositorum
3604 3570 3885 3651 trinum,
3937 3568 4200 3660 supple,

2656 3699 2801 3745 (⁸838
2812 3728 2826 3742 .

2865 3925 3065 3981 Totius
3115 3926 3319 3982 mundi
3351 3927 3563 3983 sen-iem
3598 3928 3886 4000 guiliernat

3007 4015 3241 4080 Trina-⁴,
3274 4022 3331 4070 et
3364 4033 3532 4073 unus.
3572 4040 3592 4064 ·

4347 1042 4418 1085 Ad
4451 1043 4487 1084 l.

4326 2310 4405 2354 Ad
4434 2309 4475 2356 2.

4324 3171 4397 3216 Ad
4423 3171 4466 3219 8.
