4897 6388
348 1348 428 1397 Ad
442 1341 643 1404 objecta
694 1319 701 1354 ³

692 377 828 459 ‘258
850 413 871 438 -·
920 433 923 436 -

696 567 1144 668 tem-aliquis
1201 571 1361 638 vult
1411 573 1768 649 sustinere,
1844 580 2063 662 potest
2118 571 2247 638 dici

697 673 880 763 quod
920 676 1147 743 anima
1181 685 1280 743 est
1308 678 1493 744 visus
1536 679 1602 743 in
1652 676 1879 754 oculo,
1916 679 2089 744 sicut
2138 684 2248 742 to-

692 790 838 849 tum
878 784 1168 851 virtuale
1200 785 1632 874 praedicatum
1670 784 1753 850 de
1793 792 1982 873 parte
2013 785 2082 850 in
2113 805 2248 871 qua

693 898 796 959 est
823 891 1081 983 aliquid
1102 915 1239 959 suae
1278 892 1658 982 potestatiS‚
1694 914 1773 959 eo
1806 891 1993 983 quod
2023 893 2242 981 ipsum

693 1007 914 1067 totum
946 998 1391 1067 essentialiter
1430 1000 1621 1067 adest
1650 1001 1824 1089 parti
1872 1000 1968 1067 illi
2001 1007 2067 1068 et
2094 1001 2247 1067 cui-

692 1106 859 1175 libet
898 1108 1013 1176 alii
1048 1131 1063 1176 :
1098 1106 1254 1175 licet
1292 1131 1430 1175 non
1480 1108 1655 1176 adsit
1702 1108 1959 1176 eisdem
2008 1130 2246 1176 secun·

695 1213 859 1300 dum
899 1212 1176 1306 omnem
1204 1224 1604 1308 potestatem
1638 1241 1856 1286 suam.

782 1326 886 1392 An
913 1321 1112 1393 Anno
1142 1324 1528 1402 dicendum,
1566 1323 1750 1414 quod
1790 1323 1937 1390 haec
1984 1330 2084 1391 est
2111 1323 2241 1391 fal·-

692 1454 790 1518 sa,
828 1431 1015 1499 Nihil
1056 1432 1511 1522 compositum
1561 1433 1631 1498 in
1679 1452 1778 1515 se,
1825 1438 1983 1511 etc.,
2027 1438 2093 1500 et
2139 1439 2241 1500 est

689 1541 1015 1610 instantia
1058 1541 1130 1607 in
1187 1562 1469 1629 corpore
1508 1538 1859 1631 organico.
1908 1537 2045 1607 Sed
2090 1538 2238 1608 haec

691 1656 793 1718 est
826 1670 990 1718 vera
1019 1646 1205 1739 quod
1233 1646 1401 1714 nihil
1454 1649 1912 1738 compositum
1954 1669 2234 1742 compo-

688 1761 934 1830 sitione
982 1759 1225 1826 ultima
1273 1765 1496 1849 potest
1543 1759 1953 1826 constituere
1997 1756 2229 1825 aliud:

688 1878 757 1940 et
807 1877 972 1936 tunc
1015 1889 1154 1964 non
1185 1876 1372 1937 tenet
1421 1867 1504 1934 de
1570 1865 1824 1944 anima,
1878 1887 2033 1956 quae
2080 1863 2238 1933 licet

686 1980 774 2047 s'it
820 1978 1225 2077 composita,
1271 1984 1500 2043 tamen
1545 1981 1771 2069 potest
1824 1995 2235 2065 componere

687 2075 869 2156 aliud
906 2108 922 2155 τ
957 2087 1121 2178 quia
1149 2109 1288 2155 non
1313 2095 1410 2155 est
1443 2085 1823 2180 composita
1852 2092 1929 2162 ut
1956 2081 2086 2153 hoc
2104 2081 2237 2151 ali-

465 2254 559 2289 .·*
687 2187 852 2287 quid
897 2183 1369 2290 constitutum,
1415 2190 1533 2260 sed
1571 2199 1672 2258 est
1727 2192 2112 2281 composita
2160 2197 2237 2257 ut

626 2333 629 2336 ¹
685 2302 906 2402 forma
934 2323 1086 2395 quae
1115 2308 1216 2369 est
1256 2298 1633 2368 substantia
1676 2298 1973 2389 perlecta
2012 2297 2239 2396 perfe-

340 2669 411 2716 Ad
428 2667 603 2726 object.
615 2664 659 2716 4.

335 3211 415 3258 Ad
434 3211 655 3270 oss-em.

688 2415 910 2486 ctione
949 2410 1261 2500 motoris,
1305 2432 1386 2478 eo
1417 2408 1602 2500 quod
1631 2406 1800 2475 nihil
1836 2414 2068 2476 movet
2102 2406 2233 2474 nisi

687 2507 758 2592 in
787 2545 860 2591 se
896 2519 1296 2620 perfectum.
1732 2525 1737 2534 '

777 2632 883 2699 An
937 2650 1137 2698 Anum
1183 2625 1569 2704 dicendum,
1622 2623 1808 2716 quod
1879 2621 2012 2692 hoc
2076 2622 2238 2691 dicit

687 2734 1177 2835 Philosophus,
1209 2731 1394 2834 quod
1423 2754 1563 2800 non
1603 2737 1705 2799 est
1740 2731 1971 2798 anima
2006 2751 2129 2822 per
2163 2751 2236 2798 se

684 2870 847 2931 una,
880 2845 1055 2914 sicut
1083 2842 1215 2914 hoc
1261 2837 1605 2932 singulare
1652 2836 1724 2906 in
1780 2845 2064 2907 natura:
2117 2836 2237 2905 sed

683 2954 832 3057 ipsa
855 2961 958 3023 est
981 2951 1203 3020 forma
1222 2956 1288 3018 et
1316 2948 1537 3042 prima
1576 2944 1956 3014 substantia
1993 2951 2235 3045 potens

684 3085 832 3133 esse
861 3062 1007 3156 sine
1037 3080 1346 3150 corpore.

771 3161 876 3246 An
920 3192 1120 3248 Anum
1157 3166 1543 3245 dicendum.
1577 3164 1762 3259 quod
1827 3162 2231 3258 compositio

682 3303 1047 3376 corporum
1084 3277 1305 3370 prima
1341 3282 1547 3345 estex
1577 3271 1860 3341 materia
1888 3278 1955 3340 et
1982 3268 2226 3350 formu.

678 3388 800 3458 sed
837 3384 991 3456 non'
1007 3382 1487 3477 spiritualium,
1527 3379 1647 3449 sed
1683 3378 1913 3474 potius
1962 3399 2047 3446 ex
2090 3400 2229 3469 quo

679 3503 877 3566 estet
905 3493 1093 3591 quod
1112 3499 1238 3573 est,
1270 3491 1412 3560 sive
1433 3512 1516 3559 ex
1557 3485 1742 3581 quod
1781 3492 1881 3555 est
1940 3492 2007 3556 et
2050 3506 2225 3569 esse,

676 3611 755 3677 ut
782 3601 943 3671 dicit
972 3599 1273 3677 Boetius,

1031 4125 1535 4211 ARTlCULUS
1603 4122 1863 4196 xxvl.

682 4350 931 4419 Utrum
959 4346 1306 4415 animosi!
1336 4345 1406 4411 in
1440 4353 1580 4411 loto
1618 4363 1899 4435 corpore
1946 4350 2114 4417 tota,
2158 4347 2223 4407 et

1034 4455 1103 4522 in
1133 4451 1442 4546 qualibet
1462 4459 1666 4544 parte
1693 4457 1838 4518 tota
1872 4447 1914 4516 ἶ)

763 4777 1021 4848 Deinde
1051 4775 1479 4869 quaeriturde
1511 4773 1641 4844 hoc
1671 4772 1855 4867 quod
1870 4772 2109 4842 dicitzoe
2132 4774 2224 4840 Ee

679 4891 749 4958 in
778 4896 918 4955 toto
966 4894 1110 4954 lota
1150 4885 1387 4953 anima
1461 4892 1584 4963 est,
1662 4894 1727 4951 et
1779 4883 1849 4951 in
1913 4879 2226 4974 qualibet

668 5003 869 5087 parte
895 4991 1053 5083 ejus
1088 5002 1233 5060 tola
1261 5000 1383 5071 est,
1433 4999 1560 5060 etc.
1607 5016 1643 5054 n

766 5108 828 5174 1.
849 5101 1137 5172 Videtur
1156 5100 1365 5179 enim,
1400 5098 1585 5192 quod
1612 5098 1840 5166 anima
1863 5120 2001 5166 non
2025 5098 2092 5164 in
2114 5105 2225 5166 to-

672 5226 741 5286 to
761 5236 778 5286 :
801 5209 1097 5281 totalitas
1128 5207 1573 5277 enimanimae
1597 5205 1825 5273 reterri
1846 5226 1983 5272 non
2006 5212 2227 5297 potest

674 5325 802 5392 nisi
842 5321 927 5390 ad
966 5316 1373 5389 totalitatem
1421 5315 1698 5394 virium,
1732 5337 1814 5383 eo
1857 5312 2039 5406 quod
2081 5305 2226 5403 ip'sa

675 5433 840 5502 alias
877 5438 1101 5529 partes
1138 5449 1275 5497 suae
1311 5426 1708 5520 quantitatis
1749 5447 1886 5493 non
1932 5422 2217 5491 habeat:

673 5567 828 5612 cuin
859 5564 1020 5633 ergo
1065 5562 1204 5607 non
1244 5537 1470 5628 quoad
1512 5559 1753 5606 omnes
1793 5538 1974 5603 vires
2029 5534 2118 5602 sit
2155 5532 2224 5600 in

677 5669 983 5741 corpore,
1016 5647 1164 5738 ipsa
1193 5667 1331 5713 non
1363 5645 1491 5712 erit
1531 5643 1601 5711 in
1643 5651 1787 5712 toto
1828 5651 1995 5711 tota.

760 5761 824 5825 2.
869 5755 1065 5837 Item,
1110 5753 1369 5822 Dicitur
1397 5774 1436 5819 a
1470 5748 1906 5841 philosophis
1938 5750 2225 5841 quibus-

1727 393 1810 462 D.
1860 392 2077 498 ALBj
2113 389 2333 495 MAG.
2386 390 2595 460 ORD.
2649 393 2948 462 PRAED.

2356 570 2512 637 dam
2556 572 2739 662 quod
2769 583 2872 640 est
2910 575 3434 640 instrumentum
3460 574 3733 664 spiritus
3758 571 3904 661 ‚ani-

2355 699 2483 744 mae
2523 702 2641 767 per
2680 679 2864 768 quod
2920 688 3238 768 operatur
3266 682 3519 750 vitam:
3554 704 3707 748 eum
3740 700 3899 768 ergo

2354 785 2628 872 spiritus
2658 786 2760 872 (ut
2799 784 2960 852 dicit
3008 784 3217 874 Isaac)
3277 787 3534 854 oriatur
3589 795 3771 854 totus
3819 808 3902 852 ex

2352 891 2577 966 corde,
2615 892 2845 958 anima
2874 899 3018 959 tota
3045 893 3312 960 videtur
3349 916 3494 961 esse
3546 896 3615 960 in
3671 891 3894 960 corde.

2441 1000 2504 1066 3.
2539 999 2901 1079 Praeterea,
2948 1000 3021 1069 Si
3055 1003 3124 1068 in
3164 1010 3307 1070 toto
3350 1010 3450 1070 est
3496 1006 3663 1082 tota,
3725 1011 3792 1069 et
3829 1003 3896 1067 in

2350 1106 2650 1198 qualibet
2689 1117 2918 1199 parte:
2969 1132 3130 1201 ergo
3171 1113 3240 1178 in
3297 1134 3505 1179 manu
3553 1119 3651 1178 est
3696 1119 3830 1177 tota
3875 1130 3890 1176 :

2347 1238 2510 1307 ergo
2541 1240 2695 1284 cum
2728 1218 2873 1307 ipsa
2913 1219 3209 1287 existens
3238 1226 3382 1286 tota
3402 1220 3473 1285 in
3493 1218 3719 1309 aliquo
3750 1240 3894 1285 cor-

2345 1346 2509 1413 pore
2530 1324 2731 1392 faciat
2767 1324 2933 1392 illud
2976 1325 3255 1411 animal,
3312 1350 3557 1395 manus
3588 1327 3714 1395 erit
3743 1327 3892 1392 ani-

2344 1430 2507 1510 mal,
2543 1441 2616 1499 ut
2653 1432 2943 1502 videtur.

2434 1536 2568 1605 St-:n
2613 1561 2864 1607 com-M
2897 1563 2911 1607 :

2438 1648 2496 1713 1.
2539 1647 2792 1714 Anima
2829 1648 3082 1741 ubique
3114 1658 3431 1739 operatur
3461 1659 3526 1717 et
3566 1641 3766 1717 sentit
3820 1648 3887 1714 in

2342 1774 2667 1842 corpore:
2719 1777 2882 1846 ergo
2921 1777 3044 1845 per
3092 1757 3412 1825 virtutem
3462 1764 3778 1848 operatur
3823 1761 3890 1822 et

2341 1861 2586 1928 sentit:
2623 1867 2740 1927 aut
2770 1883 2934 1953 ergo
2952 1861 3096 1930 haec
3124 1864 3339 1931 virtus
3366 1870 3466 1932 est
3490 1865 3557 1931 in
3580 1866 3747 1955 ipsa,
3772 1871 3889 1930 aut

2339 1989 2506 2035 non.
2543 1966 2616 2035 Si
2657 1990 2839 2037 non:
2875 1991 3038 2060 ergo
3115 1992 3254 2039 non
3309 1973 3743 2040 continuatur
3779 1972 3883 2039 ei:

2341 2098 2503 2166 ergo
2543 2098 2685 2143 non
2712 2077 2919 2145 sentit
2947 2079 3176 2146 statim
3206 2101 3330 2170 per
3346 2101 3524 2164 eam,
3553 2080 3735 2172 quod
3771 2078 3889 2146 sal-

2340 2205 2493 2251 sum
2524 2193 2625 2251 est
2651 2207 2666 2250 :
2692 2207 2857 2276 ergo
2881 2207 3020 2253 non
3050 2189 3255 2254 sentit
3278 2187 3404 2254 nisi
3428 2209 3549 2277 per
3566 2188 3882 2254 virtutem

2340 2313 2578 2359 suam:
2622 2291 2741 2359 sed
2767 2294 2984 2360 virtus
3023 2316 3162 2362 non
3209 2303 3312 2362 est
3346 2296 3492 2363 sine
3529 2294 3829 2382 subjecto
3867 2316 3881 2360 :

2340 2423 2505 2493 ergo
2533 2399 2912 2470 substantia
2959 2403 3204 2471 animae
3245 2412 3345 2472 est
3393 2403 3506 2471 ubi
3578 2412 3679 2472 est
3742 2404 3887 2470 vir-

2345 2520 2453 2580 tus
2491 2534 2654 2581 sua:
2690 2512 2809 2581 sed
2845 2513 3132 2582 virtutes
3171 2537 3310 2582 suae
3353 2499 3509 2582 sunt
3540 2515 3789 2606 ubique
3821 2516 3887 2581 in

2342 2642 2661 2713 corpore:
2735 2643 2901 2713 ergo
2975 2621 3120 2713 ipsa
3174 2622 3621 2691 essentialiter
3683 2632 3780 2690 est
3822 2622 3889 2688 in

2348 2736 2492 2797 toto
2514 2751 2824 2819 corpore.

2432 2837 2498 2903 2.
2534 2835 2732 2920 Item,
2768 2835 3016 2905 Forma
3056 2837 3233 2929 ignis
3283 2860 3420 2906 non
3473 2837 3756 2907 refertur
3807 2838 3891 2906 ad

2342 2953 2599 3036 partem
2643 2954 2904 3014 naturae
2945 2946 3147 3038 igni&
3182 2946 3299 3014 sed
3321 2946 3407 3015 ad
3434 2956 3696 3016 totum:
3732 2949 3890 3039 quia

2341 3052 2592 3144 ubique
2622 3053 2845 3122 forma
2879 3055 3140 3145 perlicit
3168 3056 3522 3124 materiam
3551 3079 3564 3123 ε
3592 3079 3753 3147 ergo
3794 3060 3893 3124 si-

2340 3160 2591 3230 militer
2627 3185 2781 3231 cum
2842 3163 3070 3231 anima
3129 3165 3215 3231 sit
3280 3162 3498 3233 forma
3555 3164 3885 3256 corporiS‚

2338 3271 2484 3361 ipsa
2523 3272 2609 3340 ad
2641 3280 2857 3341 totum
2901 3281 3042 3341 tota
3092 3273 3398 3343 refertur.

3917 1610 4013 1658 Sed
4033 1617 4219 1656 eontra.

2425 3484 2559 3553 Srzn
2603 3508 2770 3554 reue
2805 3485 3090 3555 ulterius
3129 3490 3455 3582 quoeritur
3479 3498 3704 3557 utrum
3737 3490 3877 3580 ipsa

2331 3593 2417 3661 sit
2446 3592 2806 3662 divisibilis
2835 3593 3168 3664 divisione
3212 3597 3570 3688 corporis?

2418 3699 2706 3769 Videtur
2731 3697 2915 3792 quod
2936 3701 3031 3769 sic
3056 3702 3258 3794 :Jquia
3281 3702 3500 3773 diviso
3531 3728 3611 3775 eo
3653 3706 3719 3773 in
3741 3729 3876 3796 quo

2330 3818 2432 3877 est
2461 3808 2743 3899 aliquid,
2775 3810 3047 3879 videtur
3103 3812 3288 3902 quod
3321 3836 3592 3883 necesse
3649 3817 3735 3882 sit
3773 3815 3878 3881 di-

2328 3917 2466 3985 vidi
2501 3916 2567 3985 id
2592 3916 2776 4010 quod
2816 3917 2989 3987 inest
3019 3937 3036 3988 ε
3071 3919 3186 3987 sed
3218 3920 3447 3988 anima
3477 3930 3573 3990 est
3617 3923 3684 3989 in
3722 3945 3877 3989 cor-

2328 4047 2493 4116 pore
2527 4047 2543 4093 ε
2580 4048 2769 4117 ergo,
2813 4035 2938 4094 ctc.

2448 4134 2582 4202 Ssn
2628 4158 2919 4204 cosma:
2954 4138 3154 4217 Quod
3193 4148 3293 4206 est
3353 4141 3419 4207 iu
3461 4150 3605 4208 toto
3653 4150 3866 4209 totuin

2329 4254 2394 4312 et
2428 4245 2494 4311 in
2537 4243 2837 4336 qualibet
2866 4254 3054 4335 parte
3098 4255 3342 4319 totuin.
3387 4248 3602 4317 divisa
3651 4248 3876 4341 quali-

2327 4352 2441 4419 bet
2469 4361 2658 4442 parte
2691 4360 2909 4419 totuin
2951 4361 3050 4420 est
3083 4354 3151 4420 in
3178 4353 3332 4422 illa:
3368 4354 3481 4423 sed
3537 4357 3716 4449 quod
3765 4367 3878 4424 to-

2330 4469 2474 4528 tum
2505 4469 2605 4528 est
2644 4460 2713 4527 in
2744 4460 3047 4552 qualibet
3096 4472 3314 4554 parte,
3374 4487 3506 4533 non
3555 4465 3879 4536 dividitur

3904 4197 3995 4243 sed
4019 4205 4204 4246 eontra.

2329 4567 2662 4636 divisione
2723 4571 3063 4659 partium:
3125 4594 3287 4663 ergo
3347 4572 3636 4653 videtur,
3693 4577 3875 4667 quod

2327 4677 2557 4744 anima
2598 4699 2735 4744 non
2776 4676 3120 4746 dividatur
3164 4679 3497 4749 divisione
3543 4686 3868 4775 corporis.

2422 4782 2749 4851 Uarenus
2814 4787 3166 4876 quaeritur‚
3233 4786 3472 4856 Utrum
3533 4792 3875 4859 rationalis
3927 4838 4110 4894 Quasi.
4139 4840 4177 4885 2·

2330 4892 2560 4959 anima
2589 4893 2674 4959 sit
2707 4893 2774 4959 in
2815 4901 2956 4961 toto
3000 4902 3138 4962 tota
3165 4900 3200 4962 ‘l

2417 4998 2706 5066 Videtur
2735 4999 2921 5091 quod
2953 5023 3087 5068 non
3119 5024 3133 5068 :
3169 5004 3324 5092 quia
3358 5003 3516 5072 dicit
3559 5005 3878 5077 Philoso-

2332 5103 2532 5196 phus.
2568 5105 2748 5197 quod
2781 5105 3159 5175 intellectus
3190 5108 3443 5179 nullius
3464 5116 3761 5205 corporis
3783 5127 3880 5184 est

2333 5220 2521 5279 actus
2560 5235 2574 5278 :
2638 5236 2800 5305 ergo
2890 5236 3030 5281 non
3103 5223 3202 5282 est
3269 5216 3337 5283 in
3386 5227 3554 5297 toto,
3616 5245 3741 5303 nec
3816 5225 3882 5290 in

2335 5326 2521 5410 parte
2563 5321 2731 5388 sicut
2775 5329 3002 5387 actus:
3041 5345 3365 5411 ergonec
3406 5325 3731 5396 dividitur
3779 5330 3888 5397 di-

2332 5427 2596 5494 visione
2630 5427 2801 5515 ejus,

2427 5533 2560 5601 San
2607 5557 2862 5603 coxrnA
2887 5555 2903 5604 ε
2931 5536 3213 5629 Aliquid
3245 5540 3507 5629 perlicit
3536 5541 3882 5613 hominem
3915 5589 4007 5635 Sed
4031 5595 4200 5636 cuum.

2334 5642 2707 5711 secundum
2766 5642 2949 5735 quod
2991 5643 3245 5714 homo:
3320 5671 3459 5718 non
3507 5652 3736 5721 anima
3764 5676 3888 5722 ve-

2335 5750 2678 5841 getabilis,
2715 5773 2856 5819 non
2886 5752 3224 5823 sensibilis
3252 5778 3267 5824 :
3304 5779 3464 5848 ergo
3495 5760 3880 5849 rationalis:
