4897 6388
1767 406 1863 473 IN
1910 406 1938 472 1
1988 343 2688 473 seuram-'msa
2742 400 2898 487 xv,
2948 401 3036 484 N,
3088 400 3170 484 ο,
3214 400 3409 469 ART.
3460 403 3568 470 21.
3763 414 3778 443 ·-
3964 419 3975 428 ·
4130 398 4260 467 439

1054 589 1255 654 ctam
1289 587 1730 653 ‘creaturam
1772 575 2176 650 visibiliter
2203 581 2653 673 appareret:
2691 570 3242 647 absurdissime
3276 582 3526 647 tamen
3552 581 3684 646 aut
3713 596 3759 646 a
3798 572 3987 646 Filio
4022 589 4255 669 quem

1047 713 1346 809 genuit,
1409 720 1615 786 auta
1654 708 1944 808 Spiritu
1980 717 2243 784 sancto
2276 707 2410 806 qui
2475 705 2567 782 de
2619 706 2749 781 illo
2809 701 3183 805 procedit,
3257 701 3535 780 missus
3593 705 3999 780 diceretur.
4055 705 4264 781 Con-

1045 865 1420 953 gruenter
1460 863 1721 929 autem
1764 853 1891 928 ille
1937 852 2217 927 missus
2256 850 2565 944 dicitur,
2610 847 2743 948 qui
2783 850 2863 922 in
2898 871 3130 924 carne
3190 849 3542 946 apparuit
3585 873 3601 924 ε
3665 846 3963 950 misisse
3996 857 4254 924 autem

1054 992 1211 1085 ille,
1257 989 1501 1088 quiin
1545 1012 1637 1064 ea
1691 1012 1845 1062 non
1880 987 2238 1086 apparuit
2269 988 2312 1059 ¹.

1343 1478 1430 1552 Ο.
1468 1475 1956 1551 Ριιίαυενιιηί
1991 1471 2303 1572 quidam.
2354 1470 2654 1548 Filium
2714 1479 2787 1547 et
2826 1458 3214 1571 Spiritum
3251 1478 3596 1548 sanctum
3626 1470 3963 1548 minores

1829 1609 1832 1614 ’
1931 1609 2179 1708 fuisse
2208 1612 2476 1707 Patre,
2510 1612 2694 1709 quia
2729 1610 2938 1686 missi
2983 1610 3372 1686 dicuntur.

1141 1953 1493 2052 Ideoque
1528 1960 1999 2053 putaverunt
2028 1950 2339 2050 quidam
2383 1951 2757 2047 haeretici‚
2800 1974 2981 2054 cum
3014 1950 3242 2026 Pater
3270 1974 3425 2026 non
3480 1951 3579 2027 sit
3618 1951 3922 2038 missus,
3962 1950 4096 2027 sed
4127 1946 4259 2025 Fi·-

1053 2089 1206 2166 lius
1245 2098 1323 2166 et
1350 2087 1687 2190 Spiritus
1727 2097 2068 2183 sanctus,
2102 2087 2406 2162 Patrem
2446 2068 2618 2162 esse
2656 2086 3054 2185 majorem,
3100 2108 3189 2160 ac
3240 2085 3513 2160 Filium
3557 2085 3932 2161 minorem
3971 2107 4140 2162 esse
4180 2092 4258 2161 et

1044 2221 1423 2322 Spiritum
1447 2227 1807 2298 sanctum
1846 2245 1863 2297 :
1900 2230 2129 2319 atque
2160 2219 2491 2306 Patrem,
2533 2219 2752 2317 quasi
2794 2217 3195 2318 majorem,
3235 2217 3531 2294 misisse
3574 2226 3986 2318 utrumque
4027 2216 4251 2319 quasi

1042 2333 1454 2436 minorem.
1487 2356 1708 2448 Quod
1739 2355 2218 2455 Augustinus
2243 2355 2726 2455 improbatin
2751 2355 2948 2431 libro
2981 2351 3079 2430 1v
3125 2356 3218 2432 de
3278 2354 3650 2432 Trinitate
3692 2354 3848 2432 illis
3872 2353 4259 2433 contradi·

1044 2517 1233 2571 cens
1269 2518 1286 2570 ε
1331 2493 1508 2569 Νοη
1552 2492 1749 2580 ideo,
1783 2491 2059 2589 inquit,
2094 2489 2622 2566 arbitrandum
2681 2500 2798 2567 est
2829 2491 3203 2566 minorem
3259 2513 3428 2567 esse
3471 2490 3780 2586 Filium,
3840 2490 4048 2590 quod
4082 2488 4261 2565 mis·

1050 2651 1187 2704 sus
1217 2636 1334 2704 est
1374 2651 1421 2704 a
1463 2627 1688 2703 Patre
1725 2651 1742 2703 ε
1789 2650 1932 2702 nec
1964 2625 2133 2700 ideo
2178 2625 2550 2703 minorem
2591 2625 2969 2726 Spiritum
3031 2636 3412 2721 sanctum,
3455 2625 3659 2726 quod
3700 2634 3777 2701 et
3813 2626 4044 2702 Pater
4071 2646 4253 2702 eum

1050 2763 1261 2840 misit
1297 2774 1375 2840 et
1417 2762 1676 2839 Filius.
1714 2761 1894 2838 Sive
1926 2761 2130 2838 enim
2164 2770 2475 2861 propter
2504 2760 2888 2837 visibilem
2930 2770 3390 2852 creaturam,
3433 2760 3596 2838 sive
3637 2759 3892 2860 potius
3943 2770 4257 2862 propter

1047 2897 1410 3000 principii
1461 2895 1991 2975 auctoritatem
2040 2895 2160 2970 vel
2202 2895 2982 2993 commendationem,
3054 2920 3206 2972 non
3272 2905 3584 2997 propter
3644 2895 4252 2996 inaequalitatem

958 3109 971 3121 ,
1039 3036 1160 3111 vel
1196 3032 1770 3135 imparilitatem
1803 3032 1924 3109 vel
1963 3030 2669 3108 dissimilitudinem
2709 3032 3192 3119 substantiae,
3229 3031 3303 3106 in
3338 3031 3756 3132 Scripturis
3788 3033 3954 3109 haec
3998 3031 4254 3133 posita

1046 3169 1614 3270 intelliguntur.
1669 3168 1845 3246 Non
1914 3191 2096 3265 ergo
2164 3166 2333 3243 ideo
2362 3165 2647 3243 dicitur
2711 3168 2942 3245 Pater
2991 3167 3288 3245 misisse
3349 3168 3625 3245 Filium
3682 3169 3805 3245 vel
3873 3167 4247 3270 Spiritum

1039 3315 1426 3401 sanctum,
1470 3305 1677 3404 quod
1723 3304 1849 3381 ille
1880 3312 2082 3381 esset
2112 3303 2376 3401 major,
2411 3312 2487 3379 et
2518 3302 2625 3378 illi
2661 3302 3003 3380 minores
3046 3328 3064 3380 ε
3098 3304 3231 3380 sed
3266 3304 3593 3381 maxime
3634 3313 3944 3405 propter
3970 3314 4245 3380 aucto-

1041 3442 1341 3518 ritatem
1371 3440 1731 3543 principii
1764 3437 2480 3534 commendandam,
2524 3448 2601 3515 et
2628 3439 2814 3539 quia
2845 3439 2922 3514 in
2945 3439 3232 3516 visibili
3274 3450 3625 3516 creatura
3673 3463 3828 3514 non
3869 3439 4068 3516 sicut
4109 3440 4239 3518 ille

1037 3571 1470 3680 apparuit¹.
2869 3664 2886 3679 ⁶

1142 3718 1333 3792 Ecce
1366 3726 1765 3789 ostensum
1798 3723 1909 3789 est
1950 3736 2125 3812 qum
2148 3710 2242 3787 sit
2275 3710 2539 3787 missio
2573 3710 2769 3804 Filii,
2806 3723 2878 3788 et
2919 3713 3206 3810 quibus
3238 3712 3484 3787 modis
3516 3712 3882 3788 mittatur.

1529 4286 1773 4334 utvtsto
1829 4285 2100 4334 Tutus·

3098 4375 3598 4444 ARTICULUS
3648 4373 3838 4448 xxl.

1120 4587 1386 4657 Deinde
1461 4588 1786 4679 quaerilur
1837 4585 1918 4654 de
2004 4586 2199 4653 tertia
2248 4593 2436 4677 parte
2477 4583 2588 4652 di-
2855 4592 2962 4661 Αη
2996 4601 3199 4682 paler
3224 4589 3338 4657 det
3370 4614 3463 4669 se,
3498 4589 3609 4658 vel
3633 4590 3835 4658 detur
3871 4616 3915 4658 α
3950 4613 4024 4658 se
4051 4592 4085 4662 Y

1034 4695 1419 4766 stinctionis
1458 4718 1609 4788 quae
1642 4695 1873 4785 incipit
1905 4693 2023 4773 ibi,
2057 4692 2142 4771 N,
2178 4721 2211 4757 α
2249 4694 2377 4761 llic
2403 4715 2586 4784 quae·

1034 4806 1241 4885 rilur,
1278 4805 1425 4874 Cur
1453 4804 1666 4871 I’aler
1716 4826 1851 4870 non
1880 4801 2136 4868 dicitur
2191 4801 2467 4870 missus.

1127 4910 1219 4980 Et
1258 4910 1587 4979 dividitur
1625 4910 1693 4978 in
1722 4909 1914 4978 duas,
1952 4909 2026 4977 ln
2047 4908 2263 4999 prima
2293 4907 2590 4977 ostendit
2794 4909 3091 4977 Dubium
3131 4918 3232 4977 est
3259 4907 3394 4993 hie,
3445 4908 3682 4977 Utrum
3736 4907 3937 4978 Pater
3991 4909 4103 4978 det
4141 4931 4238 4989 se,

1033 5020 1314 5087 Patrem
1377 5041 1516 5086 non
1589 5040 1736 5086 esse
1795 5017 2102 5085 missum.
2166 5016 2242 5084 ln
2286 5016 2586 5085 secunda
2695 5018 2805 5089 vel
2844 5020 3042 5089 detur
3069 5042 3108 5087 a
3138 5021 3261 5088 se?
3290 5017 3488 5099 Quod
3515 5019 3696 5088 enim
3729 5020 3904 5088 mitti
3934 5042 4075 5088 non
4094 5027 4244 5110 pot·

1031 5126 1354 5210 ostendit,
1382 5124 1566 5217 quod
1592 5148 1729 5193 non
1762 5123 1912 5192 ideo
1947 5122 2155 5191 Filius
2186 5132 2248 5191 et
2287 5122 2583 5215 Spiritus
2696 5139 2798 5200 est
2835 5130 2944 5201 vel
2986 5130 3370 5224 procedere,
3431 5132 3593 5200 satis
3630 5140 3893 5202 constat
3932 5154 4016 5201 ex
4063 5152 4244 5222 prae-

1032 5243 1311 5303 sanctus
1363 5242 1523 5302 sunt
1581 5235 1904 5317 minores,
1947 5231 2106 5322 quia
2150 5231 2336 5299 missi
2384 5239 2569 5311 sunt,
2695 5236 2956 5328 dictis3
2981 5235 3265 5305 Videtur
3308 5244 3560 5317 autem,
3623 5237 3805 5330 quod
3846 5260 4032 5308 non:
4076 5238 4241 5330 quia

1038 5346 1159 5428 ibi,
1218 5343 1303 5426 Ο,
1364 5374 1399 5408 α
1453 5344 1751 5435 Ideoque
1799 5350 2218 5434 putaverunt
2283 5341 2573 5432 quidam
2692 5343 3070 5413 seeundum
3109 5343 3706 5436 Magistrumssdare
3735 5367 3831 5428 se,
3863 5354 3966 5414 est
4002 5367 4238 5437 proce·

1033 5453 1362 5531 haeretici,
1401 5461 1529 5519 etc.
1568 5477 1602 5514 n
2692 5452 2852 5521 dere
2891 5476 2930 5521 a
2959 5475 3032 5521 se
3069 5452 3529 5543 temporaliter
3566 5461 3633 5522 et
3670 5453 3845 5522 mitti
3890 5477 3906 5521 ε
3957 5452 4075 5521 sed
4104 5451 4237 5523 hoc

2693 5582 2829 5627 non
2867 5559 3190 5629 convenit
3223 5558 3406 5628 Patri
3442 5583 3458 5628 :
3502 5582 3666 5652 ergo
3696 5582 3819 5629 nec
3857 5560 4041 5629 dare.

1101 5800 1116 5832 ¹
1153 5795 1209 5851 S.
1244 5796 1621 5855 Accusruxcs,
1662 5787 1785 5846 Lib.
1818 5788 1866 5844 ll
1914 5787 1987 5842 «le
2010 5787 2312 5853 Trinitate‚
2344 5804 2475 5860 cap.
2521 5790 2576 5844 3.
2758 5786 2780 5822 ²
2810 5786 2866 5846 S.
2900 5788 3269 5856 Auousnxus,
3302 5785 3424 5843 Lib.
3458 5786 3529 5843 lt·
3555 5788 3627 5842 «le
3656 5787 3962 5861 Trinitate,
3992 5788 4231 5860 cap.2l.
