4897 6388
705 2829 787 2876 Ad
816 2829 856 2878 4.

1943 271 2077 354 ·lN
2130 271 2155 337 Ι
2200 270 2628 338 SENTENT.
2688 272 2911 371 Dlsjr.
2961 273 3060 374 Y,
3091 273 3183 343 B.

888 437 891 440 ’
993 458 1202 526 quam
1244 439 1637 507 relationis:
1682 440 1799 508 sed
1839 440 2116 532 quando
2156 441 2336 509 circa
2365 440 2548 509 idem

989 544 1460 634 significantur
1498 548 1684 616 modi
1704 548 1974 617 illarum
1997 550 2547 640 oppositionum,

989 660 1154 721 tunc
1203 657 1498 746 oppositi
1533 669 1896 749 respectuS,
1931 658 2186 726 scilicet
2227 656 2553 724 relativo-

993 784 1171 841 rum,
1228 789 1365 835 non
1424 771 1828 859 permittunt
1864 768 1979 835 illa
2038 790 2184 835 esse
2245 766 2428 834 idem
2480 768 2550 832 in

991 872 1241 961 quibus
1316 876 1783 966 significantur
1843 877 1941 943 illi
1984 883 2379 965 respectus:
2429 873 2550 942 sed

991 979 1164 1049 nihil
1195 982 1508 1071 prohibet
1564 984 1649 1050 ab
1688 983 1929 1051 eodem
1975 982 2352 1051 secundum
2402 1005 2547 1050 rem

989 1086 1260 1156 diversa
1290 1089 1613 1156 affirmari
1651 1100 1719 1158 et
1756 1091 2012 1182 negari,
2067 1081 2175 1159 eo'
2210 1088 2396 1180 quod
2435 1090 2549 1179 ip-

987 1213 1141 1259 sum
1176 1195 1504 1282 accipitur
1548 1195 1616 1261 in
1665 1195 1935 1263 diversa
1969 1195 2232 1262 ratione
2278 1194 2549 1285 signifi-

984 1300 1236 1366 candi:
1291 1301 1481 1368 modi
1520 1311 1748 1369 autem
1796 1302 2351 1370 contradictionis
2401 1311 2547 1368 tan-

982 1412 1131 1473 tum
1163 1407 1660 1497 significantur,
1686 1432 1841 1478 cum
1871 1410 2143 1490 dicitur,
2168 1431 2276 1477 res
2309 1407 2548 1475 distin-

982 1521 1113 1589 cta,
1176 1523 1246 1581 et
1297 1536 1405 1583 res
1463 1539 1602 1584 non
1641 1517 1958 1585 distincta
2006 1539 2021 1583 :
2076 1514 2263 1607 quod
2328 1523 2541 1606 patet,

983 1622 1145 1709 quia
1182 1625 1686 1713 propositiones
1717 1647 1855 1692 non
1881 1633 2041 1692 sunt
2078 1622 2545 1691 contradicto-

980 1732 1123 1810 riae,
1168 1732 1288 1801 sed
1319 1733 1506 1802 modi
1559 1735 2117 1804 contradictionis
2156 1725 2547 1825 significan-

979 1847 1093 1907 tur
1132 1841 1200 1909 in
1240 1843 1629 1933 praedicatO.
1681 1845 1899 1914 Aliter
1942 1847 2147 1914 etiam
2180 1853 2408 1936 potest
2443 1844 2542 1912 di-

978 1950 1066 2029 ci,
1103 1951 1289 2040 quod
1317 1953 1761 2023 contradictio
1810 1977 1951 2023 non
2025 1960 2305 2021 notatur
2363 1954 2545 2021 circa

979 2056 1160 2126 idem
1193 2059 1434 2127 eodem
1476 2061 1682 2129 modo
1713 2070 2065 2153 acceptum
2100 2082 2121 2130 ε
2154 2083 2310 2129 cum
2352 2060 2539 2127 enim

977 2166 1168 2246 dicit,
1198 2171 1491 2236 essentia
1523 2179 1625 2237 est
1657 2193 1763 2239 res
1792 2193 1931 2239 non
1969 2170 2312 2248 distincta,
2347 2169 2417 2260 ly
2436 2193 2542 2236 res

975 2285 1245 2345 tenetur
1300 2281 1749 2348 essentialiter
1801 2304 1816 2349 ε
1887 2304 2041 2350 cum
2074 2290 2303 2348 autem
2345 2279 2534 2360 dicit,

976 2407 1271 2475 persona
1319 2395 1419 2455 est
1461 2411 1564 2456 res
1602 2388 1942 2471 distincta,
1986 2389 2053 2481 ly
2116 2412 2222 2457 res
2269 2397 2541 2458 tenetur

975 2492 1475 2582 personaliter:
1522 2503 1586 2562 et
1617 2494 1767 2564 ideo
1826 2497 1987 2587 quia
2046 2517 2185 2563 non
2244 2495 2541 2563 sumitur

978 2607 1056 2666 ut
1096 2598 1303 2681 idem,
1337 2624 1477 2669 non
1538 2612 1639 2671 est
1674 2603 2011 2694 oppositio
2059 2602 2545 2671 contradictio-

980 2729 1109 2775 nis.

1066 2818 1175 2884 An
1202 2841 1402 2888 Λιιυο
1431 2819 1820 2901 dicendum,
1863 2820 2049 2912 quod
2085 2819 2236 2889 hoec
2273 2831 2377 2888 est
2422 2842 2538 2890 ve·

977 2950 1079 3005 ra.
1124 2926 1433 2997 Essentia
1463 2939 1564 2998 est
1595 2929 1796 2999 Pater
1836 2953 1851 2998 z
1887 2940 1953 2999 et
1986 2929 2130 2999 hoec
2169 2952 2361 3010 vera,
2396 2929 2537 2998 Pa-

978 3040 1084 3100 ter
1109 3042 1213 3102 est
1234 3034 1437 3104 Pater
1468 3035 1663 3105 Filii:
1704 3036 1824 3105 sed
1869 3060 2025 3105 cum
2070 3036 2297 3118 infert,
2368 3059 2533 3129 ergo

974 3144 1270 3212 essentia
1300 3152 1403 3213 est
1432 3144 1635 3215 Pater
1656 3143 1832 3225 Filii,
1873 3145 2222 3216 conclusio
2263 3145 2378 3215 illa
2407 3146 2536 3215 du-

972 3249 1132 3342 plex
1166 3260 1380 3337 est,et
1411 3253 1481 3321 in
1518 3276 1658 3322 uno
1687 3276 1889 3323 sensu
1918 3256 2251 3345 sequitur,
2287 3254 2356 3322 in
2396 3250 2534 3323 alio

972 3381 1139 3429 non.
1180 3358 1255 3427 Si
1295 3363 1481 3429 enim
1513 3360 1582 3453 ly
1620 3363 1833 3431 Pater
1860 3364 1947 3431 sit
1988 3363 2431 3452 adjectivum,
2468 3361 2535 3430 id

969 3476 1097 3548 est,
1139 3469 1195 3536 si
1255 3469 1416 3537 dicit
1474 3470 1766 3540 formam
1806 3471 2154 3562 proedicati
2213 3470 2537 3563 praedica·

4082 221 4248 341 m·

2665 452 2810 510 tum
2842 443 2924 510 de
2966 425 3283 525 essentia,
3327 442 3580 511 locutio
3622 449 3722 510 est
3769 439 3982 508 falsa:
4046 439 4208 530 quia

2663 554 2759 618 sic
2799 573 2939 618 rem
2972 573 3164 617 suam
3198 559 3481 639 poneret
3508 550 3685 617 circa
3714 549 4099 627 essentiam,
4140 554 4210 615 et

2664 665 3013 724 notaretur
3078 659 3372 724 essentia
3429 679 3776 747 generare.
3851 655 3921 721 Si
3981 662 4207 723 autem

2663 772 2764 831 est
2802 761 3207 853 subjectum,
3252 762 3505 832 locutio
3539 771 3639 831 est
3665 784 3849 841 vera,
3892 771 3958 829 et
3985 762 4208 852 sequi-

2662 880 2772 938 tur
2802 895 2887 940 ex
2926 872 3293 963 praemissis
3327 894 3343 941 :
3380 880 3446 940 et
3485 881 3643 941 tunc
3692 893 3829 939 non
3876 871 4201 961 sequitur,

2660 980 2846 1070 quod
2876 983 3168 1049 essentia
3197 982 3285 1048 sit
3313 1002 3671 1071 generans,

2748 1089 2853 1155 An
2890 1111 3090 1156 Auno
3129 1087 3518 1168 dicendum,
3563 1086 3745 1176 quod
3775 1085 3916 1153 haec
3946 1091 4046 1153 est
4074 1082 4204 1150 du·
4248 1105 4330 1154 Aa
4350 1108 4377 1154 ε
4402 1113 4451 1153 οι
4476 1108 4523 1151 ο.

2659 1197 2812 1287 plex
2844 1198 3082 1268 eadem
3122 1197 3539 1289 duplicitate,
3593 1195 3898 1264 Essentia
3942 1204 4044 1262 est
4089 1192 4206 1260 Fi-

2659 1308 2789 1375 lius
2826 1308 3067 1388 Patris,
3124 1330 3207 1376 eo
3273 1306 3530 1376 scilicet
3588 1304 3768 1396 quod
3835 1303 3903 1395 ly
3975 1303 4204 1371 Filius

2656 1425 2881 1508 potest
2937 1418 3151 1486 teneri
3188 1417 3543 1506 adjective,
3595 1423 3663 1483 et
3697 1415 3792 1482 sic
3827 1413 3995 1482 falsa
4028 1435 4045 1481 ε
4095 1411 4204 1480 vel

2656 1523 3104 1605 substantive,
3140 1533 3207 1594 et
3234 1527 3332 1592 sic
3360 1545 3527 1592 vera
3560 1546 3575 1590 ε
3610 1523 3765 1589 etin
3796 1522 4012 1610 primo
4041 1526 4205 1588 sen-

2656 1655 2735 1699 su
2764 1631 3036 1701 caderet
3061 1631 3406 1701 distinctio
3446 1631 3625 1697 inter
3662 1628 3934 1697 Patrem
3973 1637 4040 1696 et
4094 1648 4205 1696 es-

2653 1742 2971 1828 sentiam,
3034 1750 3099 1810 et
3173 1764 3314 1809 non
3354 1743 3424 1808 in
3482 1738 3781 1808 secundo
3834 1759 4059 1806 sensu.
4122 1736 4202 1803 In

2610 1877 2614 1879 ’
2653 1850 2876 1939 primo
2916 1858 3143 1918 autem
3176 1872 3380 1918 sensu
3410 1849 3716 1940 sequitur
3745 1846 3928 1937 quod
3971 1845 4201 1937 genita

2654 1959 2740 2024 sit
2778 1979 2818 2026 a
2857 1957 3086 2038 Patre,
3130 1966 3199 2027 et
3238 1979 3379 2026 non
3417 1957 3489 2024 in
3518 1953 3839 2025 secundo.

2741 2066 2846 2132 Ao
2884 2089 3081 2134 Λιιυο
3111 2065 3502 2144 dicendum,
3545 2062 3728 2156 quod
3764 2061 3913 2131 haec
3949 2069 4050 2129 est
4077 2060 4198 2130 du-

2651 2172 2848 2263 plex:
2924 2173 3233 2242 Essentia
3291 2181 3396 2242 est
3453 2195 3560 2241 res
3626 2171 3855 2263 genita
3887 2192 3905 2239 ς
3973 2192 4056 2238 ex
4111 2192 4192 2239 eo

2650 2281 2833 2371 quod
2863 2280 2932 2372 ly
2959 2304 3064 2350 res
3110 2289 3336 2373 potest
3367 2281 3586 2349 teneri
3624 2301 3745 2369 pro
3785 2300 4097 2368 persona,
4130 2285 4200 2346 et

2651 2389 2748 2456 sic
2774 2411 2935 2457 vera
2966 2397 3112 2457 est:
3145 2389 3256 2458 vel
3300 2412 3423 2480 pro
3474 2386 3791 2470 essentia,
3837 2394 3901 2454 et
3957 2385 4055 2453 sic
4099 2392 4202 2454 est

2651 2496 2840 2564 [alsa.
2890 2494 3192 2588 Utroque
3231 2497 3416 2565 enim
3458 2495 3664 2564 modo
3695 2494 3904 2563 teneri
3952 2501 4196 2584 potest,

2652 2613 2726 2672 ut
2748 2612 2932 2694 patet
2960 2628 3042 2674 ex
3073 2604 3493 2696 praehabitis,
3545 2611 3612 2672 et
3685 2603 3756 2672 in
3821 2624 3958 2670 uno
3997 2621 4201 2670 sensu

2647 2713 2958 2803 sequitur
2995 2715 3509 2792 inconveniens»,
3542 2720 3619 2780 ut
3644 2733 3766 2803 per
3801 2733 3872 2779 se
3898 2718 4106 2801 patet.

2737 2822 2842 2886 Ao
2871 2842 3069 2888 aaron
3107 2819 3500 2901 dicendum,
3536 2818 3721 2911 quod
3765 2826 3866 2887 est
3911 2820 3981 2886 in
4034 2839 4199 2910 pro-

2648 2951 2842 2996 cessu
2891 2928 3156 2997 fallacia
3205 2927 3615 2999 accidentis:
3680 2927 3834 2997 licet
3872 2928 4053 2995 enim
4084 2925 4196 2994 ille

2647 3038 2763 3128 qui
2795 3039 3072 3128 genitus
3092 3046 3220 3116 est,
3248 3039 3336 3106 sit
3364 3037 3698 3106 terminus
3712 3034 4194 3127 generationiS,

2649 3156 3050 3218 nontamen
3090 3150 3384 3218 essentia
3441 3157 3542 3218 est
3596 3147 3966 3218 terminus:
4038 3146 4199 3238 quia

2651 3278 2790 3324 non
2831 3255 3166 3348 quidquid
3215 3256 3540 3325 convenit
3576 3256 3722 3338 uni,
3763 3254 4082 3323 convenit
4133 3262 4204 3324 et

2650 3366 2873 3451 alteri,
2926 3366 3083 3435 licet
3128 3390 3200 3437 re
3229 3366 3411 3436 idem
3450 3367 3609 3435 sint.

2140 4143 2229 4217 B.
2300 4140 2367 4216 S
2369 4141 2670 4218 ecunda
2730 4144 2955 4220 ratio.

1052 4607 1275 4704 Item,
1312 4634 1489 4684 cum
1555 4608 1763 4686 Deus
1823 4610 2049 4685 l‘ater
2114 4611 2214 4686 sit
2279 4611 2546 4687 divina
2586 4612 2953 4706 essentia,
3023 4612 3086 4686 si
3157 4612 3327 4711 ejus
3365 4623 3564 4690 esset
3605 4615 3941 4713 genitor,
3975 4628 4181 4694 esset

955 4742 1224 4842 utique
1278 4744 1585 4840 genitor
1610 4744 1780 4842 ejus
1815 4745 1920 4820 rei
1951 4769 2128 4844 qum
2162 4745 2327 4845 ipse
2370 4760 2539 4822 est:
2588 4757 2662 4824 et
2705 4748 2807 4823 ita
2846 4747 3115 4822 eadem
3159 4771 3282 4823 res
3348 4747 3682 4849 seipsam
3748 4751 4173 4850 genuisset,

956 4878 1165 4978 quod
1207 4879 1695 4977 Augustinus
1737 4891 1995 4976 negat,
2043 4892 2393 4981 utsupra
2432 4883 2919 4961 ostendimus
2949 4884 2996 4958 ¹.

1025 5253 1046 5290 ⁸
1077 5257 1164 5314 ct.
1192 5257 1403 5332 supra,
1434 5258 1580 5317 nist.
1604 5257 1696 5318 ιν.

1242 5792 1354 5834 ΧΧΫ

3820 5784 3887 5840 12

4301 2082 4374 2128 Ad
4397 2085 4439 2131 7.
