4897 6388
401 778 482 826 Ad
515 781 551 824 l.

403 2942 554 2992 Ad!-

402 5193 554 5243 ΑΔΒ,

678 347 801 414 114

670 509 822 588 fra:
867 524 1028 610 quia
1088 513 1345 589 omnis
1368 499 1807 586 similitudo
1793 551 1861 593 ln
1909 525 2216 617 pluribus

671 628 888 698 multo
922 630 1149 697 delicit
1187 649 1394 717 quam
1436 625 1813 700 conveniat

762 740 864 804 An
904 759 1162 805 rammi
1203 755 1363 822 ergo
1397 732 1783 817 dicendum,
1831 740 2012 828 quod
2070 739 2221 804 Ari-

671 844 946 911 stoteles
1024 863 1163 908 non
1238 837 1556 928 intelligit
1629 837 2019 911 Trinitatem
2089 844 2216 910 nisi

670 951 840 1018 forte
875 972 991 1038 per
1056 948 1539 1037 appropriata:
1609 946 1725 1016 sed
1781 953 1872 1019 ibi
1930 951 2220 1020 intendit

668 1057 1044 1125 secundum
1123 1062 1620 1131 commentum,
1696 1060 1876 1147 quod
1945 1069 2220 1150 propter

571 1188 577 1193 ·
670 1173 804 1232 tres
861 1163 1309 1253 perlectiones
1369 1163 1489 1237 rei,
1562 1159 1837 1246 scilicaet,
1901 1171 1971 1234 in
2010 1190 2080 1235 50
2120 1190 2219 1234 se-

667 1270 969 1338 cundum
995 1270 1179 1360 quod
1210 1289 1456 1356 corpus
1490 1267 1558 1331 in
1593 1266 1766 1339 trina
1796 1274 2218 1341 dimensione

668 1378 1038 1469 perfectum
1072 1384 1199 1453 est,
1236 1382 1303 1442 et
1339 1374 1522 1441 linea
1551 1380 1618 1439 et
1662 1382 2047 1471 superficies
2096 1381 2223 1445 im-

668 1485 988 1576 perfecta,
1031 1506 1112 1550 eo
1147 1480 1332 1572 quod
1364 1502 1499 1547 una
1532 1479 1863 1555 dimensio
1896 1487 2051 1554 addi
2074 1495 2222 1576 pot..

669 1600 771 1658 est
806 1614 821 1656 ε
857 1598 923 1657 et
967 1587 1344 1655 secundum
1378 1585 1687 1654 ordinem
1728 1592 1959 1661 circuli
1997 1595 2066 1659 in
2097 1615 2221 1683 ge..

671 1698 1021 1764 neratione
1054 1704 1120 1763 et
1153 1703 1343 1761 motu
1383 1691 1536 1761 coeli
1569 1701 1635 1759 et
1683 1695 1895 1791 ligura
1952 1699 2214 1777 mundi,

600 1826 604 1832 ·
672 1827 753 1873 eo
784 1804 968 1893 quod
1004 1802 1182 1869 linea
1233 1809 1416 1868 recta
1473 1800 1710 1890 recipit
1772 1807 2214 1891 additionem,

670 1911 791 1979 sed
829 1909 1121 1977 circulus
1151 1931 1320 1985 non,
1364 1930 1444 1975 eo
1477 1905 1659 1995 quod
1709 1922 1806 1981 ast
1853 1916 2000 1982 sine
2040 1915 2221 2003 prin-

670 2017 847 2106 cipio
881 2023 948 2082 et
982 2015 1112 2081 line
1146 2039 1163 2079 ε
1199 2020 1266 2081 et
1311 2013 1511 2080 tertio
1552 2012 2029 2102 perfectionem
2061 2021 2221 2086 uni..

670 2122 1075 2190 versalitatis
1106 2144 1256 2211 quae
1287 2127 1389 2188 est
1419 2143 1503 2187 ex
1532 2117 1666 2186 hoc
1694 2127 1874 2216 quod
1909 2127 2221 2216 impossi-

655 2230 804 2299 ·bile
837 2240 938 2298 est
967 2228 1215 2296 addere
1259 2226 1544 2304 mundo,
1578 2249 1731 2298 cuni
1762 2236 1849 2302 sit
1886 2257 1971 2303 ex
1999 2242 2217 2302 unate-

672 2338 774 2408 ria
805 2360 928 2405 sua
963 2345 1128 2413 tota,
1182 2343 1247 2403 et
1287 2333 1458 2402 nihil
1499 2333 1582 2402 de
1629 2343 1910 2410 materia
1946 2363 2071 2410 sua
2132 2341 2222 2408 sit

671 2457 863 2515 extra
904 2445 1237 2513 mundum
1275 2466 1291 2512 :
1354 2450 1657 2534 propter,
1700 2443 2002 2541 inquam,
2057 2452 2218 2518 istas

668 2563 805 2622 tres
873 2551 1320 2643 perfectiones
1393 2571 1620 2617 rerum
1698 2555 2221 2649 tnagnificabant

668 2660 929 2749 antiqui
975 2657 1193 2725 Deum
1240 2655 1458 2723 tribus
1522 2654 1863 2730 sacriticiis
1906 2685 1922 2730 :
1975 2674 2040 2730 et
2078 2685 2216 2730 non

670 2770 1171 2840 confitebantur
1198 2789 1356 2836 eum
1396 2788 1544 2834 esse
1583 2767 1832 2840 trinum
1864 2782 1929 2842 et
1972 2795 2211 2842 unum.

761 2879 866 2944 An
903 2900 1101 2944 Αιιυο
1140 2874 1502 2944 dicendum
1547 2880 1917 2948 secundum
1973 2885 2219 2971 Augu-

672 2987 928 3053 stinum
970 2986 1038 3052 in
1070 2983 1244 3051 libro
1275 2981 1358 3049 de
1417 2981 1749 3054 Doctrina
1792 2989 2210 3070 Christiana

670 3095 853 3187 quod
889 3092 1083 3161 l’lato
1115 3092 1421 3160 curiosus
1451 3091 1521 3157 in
1555 3091 1966 3180 inspectione
2005 3096 2218 3164 libro-

669 3226 821 3271 rum
858 3200 1203 3269 descendit
1248 3201 1317 3267 in
1359 3197 1736 3288 AEgyptum
1768 3214 1834 3272 et
1877 3204 2214 3286 Judaeam,

665 3319 755 3397 ut¹
779 3308 1035 3376 videret
1059 3305 1267 3375 libros
1292 3304 1543 3396 Moysi,
1577 3313 1645 3371 et
1684 3304 2211 3402 Prophetarum:

661 3426 730 3487 et
768 3416 860 3484 ibi
921 3414 1156 3482 didicit
1197 3413 1470 3479 Patrem
1521 3417 1587 3478 et
1640 3410 1909 3500 Filium,
1967 3426 2034 3486 et
2075 3438 2213 3484 non

659 3527 867 3595 ductu
903 3522 1236 3591 naturalis
1270 3520 1580 3589 rationis.
1616 3518 1737 3592 vel
1779 3526 1949 3595 torte
1979 3529 2035 3595 si
2064 3527 2215 3617 quis

663 3635 972 3723 inspiciat
1024 3638 1322 3699 mentem
1366 3626 1698 3708 Platonis,
1748 3634 2033 3704 intendit
2093 3655 2217 3725 pa..

661 3749 831 3807 trem
862 3760 1110 3806 vocare
1153 3735 1403 3813 ileum,
1436 3731 1748 3806 etlilium
1791 3739 1970 3809 hunc
2010 3763 2216 3808 mun-

661 3847 824 3916 dum
862 3869 878 3914 τ
912 3856 978 3913 et
1018 3845 1170 3912 ideo
1201 3846 1410 3911 etiam
1473 3839 1724 3912 ibidem
1791 3849 2095 3940 loquitur
2129 3847 2214 3914 «le

662 3965 878 4024 matre
942 3963 1009 4021 et
1071 3949 1410 4020 nutricula
1468 3969 1625 4040 quoe
1673 3964 1770 4023 eut
1812 3958 2092 4024 materia
2129 3978 2213 4023 ex

664 4087 802 4156 qua
839 4063 1056 4131 iactus
1087 4069 1187 4128 est
1228 4057 1552 4126 mundus.

750 4175 857 4238 An
927 4191 1083 4235 imm
1161 4164 1553 4237 dicendum.
1616 4170 1793 4253 quud
1859 4180 2208 4261 paternam

666 4287 962 4345 mentem
1002 4283 1200 4343 vocat
1233 4271 1651 4340 intellectum
1694 4271 1808 4345 llei
1865 4280 2010 4345 sine
2070 4277 2214 4343 dis-

660 4386 961 4455 cretione
999 4382 1348 4448 Trinitatis
1382 4400 1399 4447 :
1434 4387 1503 4447 et
1542 4386 1891 4467 paternum
1943 4383 2213 4452 intelle-

661 4501 845 4563 ctum
896 4498 1094 4557 vocat
1137 4487 1469 4555 mundum
1528 4483 1994 4584 archetypum,
2038 4491 2213 4560 sicut

661 4601 747 4671 de
783 4601 924 4668 Deo
955 4597 1121 4666 dicit
1153 4594 1437 4663 Boetius
1468 4612 1485 4661 ε

660 4826 942 4884 Mundum
967 4831 1166 4881 mente
1194 4838 1408 4897 gerens
1430 4817 1741 4893 pulchrum
1773 4825 2213 4900 pulcherrimus

2036 4914 2209 4988 [ipse.

752 5127 858 5195 An
904 5149 1102 5194 auen
1148 5123 1539 5201 dicendum,
1584 5129 1760 5212 quenl
1807 5132 1982 5197 sicut
2028 5126 2215 5218 prius

1653 331 1985 419 n.A1,'ss.
2038 329 2257 418 MAG.
2309 347 2514 416 om)
2545 316 2864 414 ‘PRAED'

3821 492 3880 518 ,ρ

2323 528 2508 611 patet
2562 543 2649 587 ex
2700 504 3087 608 Augustino
3145 513 3227 582 de
3283 507 3617 579 Doctrina
3671 504 3873 573 Chri-
3973 537 3991 565 -.

2319 628 2596 693 stiana:
2631 624 2795 691 sed
2768 646 2917 711 Jam
2954 622 3127 689 infra
3157 621 3361 689 aliam
3392 614 3706 685 dabimus
3772 632 3874 678 re·

2322 732 2786 821 sponsionem.

2411 838 2513 904 An
2559 857 2756 903 Αιιυυ
2795 809 3183 913 dicendum,
3227 832 3410 922 quod
3452 829 3677 898 nescio
3719 827 3872 917 quis

2321 946 2447 1013 fuit
2479 946 2602 1012 iste
2646 943 3183 1034 Trismegistus:
3221 949 3286 1007 et
3303 940 3539 1014 credo,
3572 935 3756 1028 quod
3784 933 3873 1000 li-

2321 1054 2441 1121 ber
2480 1052 2804 1120 confictus
2844 1059 2948 1119 est
2980 1073 2994 1116 :
3030 1049 3260 1117 omnia
3301 1049 3479 1114 enim
3523 1068 3672 1135 quae
3701 1043 3872 1111 dici-

2323 1169 2433 1227 tur
2477 1158 2724 1225 dixisse
2760 1156 3267 1248 TrisinegistuS,
3321 1154 3552 1220 inveni
3593 1152 3661 1217 in
3692 1173 3872 1240 quo-

2323 1266 2478 1334 dam
2525 1264 2699 1332 libro
2753 1263 3064 1354 Magistri
3107 1262 3307 1330 Alani
3358 1261 3472 1351 qui
3529 1257 3874 1327 confectus

2324 1382 2426 1441 est
2472 1371 2554 1439 de
2598 1369 3006 1461 quibusdam
3045 1367 3624 1459 propositionibus
3663 1387 3876 1455 gene-

2322 1478 2599 1556 ralibus,
2639 1485 2706 1544 et
2765 1476 3174 1566 supponitur
3219 1480 3684 1542 commentum
3751 1492 3878 1537 eo-

2323 1585 2635 1655 rumdem
2680 1607 2695 1652 :
2740 1587 2798 1652 si
2828 1594 3058 1652 tamen
3092 1581 3554 1673 Philosophus
3585 1581 3710 1648 fuit
3749 1600 3876 1645 an-

2322 1705 2386 1764 te
2417 1695 2982 1772 incarnationem,
3028 1702 3094 1761 et
3126 1715 3266 1760 non
3313 1691 3543 1758 didicit
3580 1691 3649 1755 in
3688 1687 3875 1754 libris

2321 1804 2588 1872 Veteris
2641 1802 3085 1880 Testamenti,
3146 1823 3270 1869 nec
3334 1822 3455 1889 per
3512 1795 3877 1865 revelatio-

2322 1935 2505 1989 nem,
2558 1920 2719 1979 tunc
2784 1910 2936 1979 dico
2991 1909 3176 2002 quod
3230 1908 3534 1999 loquitur
3588 1905 3672 1972 de
3735 1925 3873 1971 uno

2329 2021 2468 2114 Deo
2505 2028 2898 2110 generante,
2947 2019 3017 2086 id
3055 2026 3178 2094 est,
3215 2016 3629 2108 producente
3670 2035 3872 2080 suum

2323 2127 2737 2196 intellectum
2769 2128 2839 2193 in
2883 2109 3172 2208 mundo,
3207 2132 3273 2192 et
3317 2123 3548 2190 omnia
3577 2142 3728 2212 quae
3764 2118 3873 2187 fe-

2322 2237 2412 2304 cit
2451 2234 2771 2325 diligente
2800 2242 3077 2324 propter
3104 2234 3429 2322 seipsum.
3471 2223 3476 2228 ’

2412 2342 2514 2408 Αυ
2561 2364 2628 2407 ιι)
2657 2340 2842 2431 quod
2881 2340 3222 2431 objicitur,
3258 2335 3441 2428 quod
3479 2335 3870 2427 appropria-

2322 2457 2466 2516 tum
2501 2470 2638 2516 non
2677 2447 3112 2539 cognoscitur
3147 2446 3274 2514 nisi
3323 2444 3660 2513 mediante
3707 2465 3870 2533 pro-

2320 2557 2497 2647 pri0,
2530 2553 2889 2623 dicendum
2939 2553 3125 2644 quod
3179 2551 3311 2620 hoc
3365 2573 3603 2619 verum
3643 2559 3745 2617 est
3800 2551 3870 2616 in

2323 2671 2654 2751 quantum
2694 2660 3208 2752 appropriatum
3254 2682 3269 2726 ε
3312 2658 3429 2726 sed
3459 2656 3604 2725 haec
3632 2678 3876 2747 appro-

2322 2769 2566 2860 priatio
2607 2767 2691 2836 ad
2750 2767 3022 2859 propria
3077 2766 3248 2834 lacta
3303 2775 3406 2834 est
3456 2786 3576 2856 per
3613 2762 3868 2831 fideles.

2406 2989 2513 3056 An
2562 3010 2625 3055 m
2674 2988 2858 3078 quod
2913 2986 3196 3055 ulterius
3244 2985 3592 3076 quaeritur,
3635 2982 3875 3051 dicen-

2320 3093 2483 3162 dum
2513 3093 2698 3186 quod
2734 3095 2956 3186 magis
3006 3090 3646 3185 appropinquabant
3683 3088 3870 3158 Patri

2321 3211 2387 3270 et
2418 3201 2587 3270 Pilio
2632 3200 2759 3268 sub
2810 3202 3071 3270 ratione
3106 3201 3390 3269 dicentis
3440 3222 3559 3289 per
3601 3196 3872 3266 intelle-

2320 3316 2530 3386 ctum,
2570 3318 2634 3376 et
2667 3309 2794 3375 sub
2824 3309 3090 3377 ratione
3122 3308 3336 3386 verbi,
3374 3328 3578 3395 quam
3610 3303 3737 3372 sub
3768 3327 3873 3372 ra·

2321 3417 2505 3483 tione
2536 3415 2754 3484 Patris
2795 3428 2862 3484 et
2889 3415 3039 3483 Filii
3075 3437 3091 3482 ε
3123 3425 3187 3482 et
3218 3412 3350 3482 boc
3381 3414 3532 3482 ideo
3563 3413 3723 3504 quia
3762 3410 3873 3478 di-

2321 3547 2470 3592 cere
2526 3523 2992 3612 aequivocatur
3055 3522 3141 3592 ad
3213 3521 3436 3591 dicere
3510 3518 3868 3589 essentiale

2321 3630 2501 3720 quod
2542 3633 2864 3699 convenit
2902 3630 3146 3713 tribus,
3200 3639 3265 3698 et
3305 3629 3389 3697 ad
3446 3628 3666 3698 dicere
3716 3650 3870 3719 per·

2320 3738 2552 3806 sonale
2599 3737 2783 3828 quod
2830 3738 3150 3806 convenit
3208 3744 3473 3805 tantum
3533 3735 3743 3803 Patri.
3786 3733 3871 3801 Et

2320 3847 2541 3937 primo
2593 3844 2795 3913 modo
2843 3853 2946 3914 est
2994 3842 3462 3934 investigabile
3500 3865 3621 3932 per
3667 3843 3870 3911 ratio-

2322 3977 2506 4023 nem.
2542 3952 2858 4021 Secundo
2901 3952 3107 4021 modo
3147 3975 3311 4020 non.
3357 3950 3686 4020 Similiter
3712 3972 3871 4019 ver-

2319 4060 2486 4128 bum
2551 4070 2653 4128 est
2715 4061 3146 4152 aequivocum
3185 4058 3270 4127 ad
3317 4059 3604 4126 verbum
3645 4080 3872 4125 creare

2322 4167 2502 4258 quud
2566 4169 2999 4259 appropriate
3062 4166 3383 4235 convenit
3450 4164 3621 4233 Filio
3682 4188 3699 4233 ε
3751 4165 3869 4233 sed

2322 4274 2530 4342 Filius
2559 4274 2721 4342 dicit
2749 4273 3231 4343 subsistentem
3262 4295 3650 4365 personam,
3684 4272 3868 4364 quod

2321 4405 2460 4450 non
2526 4381 2679 4449 iacit
2735 4381 3023 4451 verbum
3087 4380 3459 4450 secundum
3537 4381 3868 4450 rationem

2320 4489 2509 4557 verbi
2542 4491 2610 4557 in
2639 4488 3021 4557 communi.

2407 4597 2514 4664 An
2580 4617 2875 4663 υιτηωκ
2941 4595 3332 4673 dicendum,
3412 4594 3597 4686 quod
3660 4594 3864 4664 dictio

2321 4701 2507 4771 verbi
2539 4709 2606 4769 et
2650 4700 2937 4770 dicentis
2979 4703 3144 4771 satis
3187 4701 3479 4771 offerunt
3518 4723 3588 4769 se
3640 4701 3708 4768 in
3757 4702 3869 4768 in-

2322 4809 2591 4879 tellectu
2648 4807 2906 4888 divion,
2950 4819 3017 4877 et
3062 4806 3317 4877 habent
3353 4807 3651 4898 aliquam
3693 4807 3866 4876 rela-

2322 4919 2578 4985 tionem
2633 4915 2717 4983 ad
2773 4916 3066 4985 invicem
3110 4913 3286 4984 :sed
3342 4915 3545 4983 dictio
3619 4917 3869 4983 amoris

2323 5045 2462 5091 non
2504 5023 2596 5090 ita
2643 5043 2717 5089 se
2755 5022 2954 5090 offert
2985 5043 3000 5089 ε
3037 5029 3105 5089 et
3135 5020 3286 5089 ideo
3335 5023 3676 5111 processio
3709 5022 3870 5112 Spi-

2326 5130 2491 5198 ritus
2519 5130 2734 5198 sancti
2765 5130 2986 5220 magis
3022 5126 3339 5219 elongata
3370 5136 3472 5197 est
3507 5150 3548 5197 a
3577 5129 3863 5197 ratione.

3982 893 4054 938 Ad
4080 894 4123 940 ⁴.

3921 2395 3992 2439 aa
4019 2393 4193 2453 obJect.

3899 3042 3982 3091 Ad
4001 3047 4180 3102 qamt.
4204 3045 4220 3090 l

3893 4650 4191 4708 adq-nou
