4897 6388
756 384 1038 466 'adis

827 964 908 1010 Ad
935 962 978 1013 2.

835 2143 906 2190 Ad
933 2144 975 2188 3.

804 3544 891 3591 Ad
919 3545 964 3593 4.

1909 235 2002 302 ΙΝ
2053 237 2078 304 1
2133 237 2561 309 SENTENT.
2614 242 2844 311 DIST.
2898 245 3021 327 XI,
3073 247 3160 326 A,
3214 247 3408 314 ΛΒΤ.
3468 250 3526 313 1.
3604 192 3610 198 ·

1198 405 1547 474 Dmssuuuu
1575 429 1736 497 ergo
1777 407 1860 474 ad
1908 408 2235 496 primum,
2279 398 2464 499 pu'od
2512 407 2669 478 licet
2782 438 2901 504 per
2929 418 3440 506 generationem
3470 441 3488 485 τ
3518 426 3585 485 et
3617 418 3896 485 refertur
3916 416 4047 484 hoc
4085 416 4171 483 ad
4200 415 4326 482 Pa-

1108 513 1502 582 indistantia
1558 515 1646 581 sit
1691 513 1783 579 ibi
1833 536 1956 603 per
2001 523 2315 582 naturam
2384 524 2448 584 et
2489 541 2661 595 esse,

1106 631 1207 688 est
1268 631 1497 690 tamen
1553 621 1644 687 ibi
1702 621 2044 690 distinctio
2073 609 2237 691 'loco
2297 624 2661 706 distantiae,

1104 730 1448 798 distinctio
1482 733 1813 821 (inquam)
1872 756 2184 823 personae
2235 736 2665 824 procedentis

1102 837 1186 904 ab
1220 841 1314 906 eis
1346 862 1385 906 a
1424 838 1673 929 quibus
1703 841 2031 930 procedit.

1191 947 1295 1013 An
1325 969 1522 1015 amun
1560 948 1948 1033 dicendum,
1992 950 2178 1041 quod
2219 954 2559 1040 processio
2593 954 2663 1020 in

1100 1062 1435 1144 quantum
1477 1061 1581 1124 est
1627 1064 1853 1123 motus
1893 1057 1975 1124 ad
2043 1057 2258 1124 alium
2320 1057 2550 1126 locum
2593 1060 2661 1126 in

1100 1184 1236 1252 quo
1269 1172 1368 1230 est
1416 1163 1897 1246 desideratum,
1940 1165 2104 1232 dicit
2144 1166 2601 1257 indigentiam
2638 1190 2652 1233 :

1097 1274 1216 1341 sed
1246 1275 1556 1366 quaedam
1588 1275 1929 1364 processio
1952 1284 2055 1344 est
2091 1279 2661 1346 communicatio-

1095 1383 1202 1450 nis
1231 1382 1363 1465 sui,
1407 1382 1490 1449 de
1522 1405 1657 1473 qua
1685 1382 1848 1450 dicit
1881 1383 2277 1475 Dionysius,
2324 1385 2512 1475 quod
2542 1385 2654 1453 bo·

1092 1511 1260 1557 num
1291 1490 1595 1579 procedit
1644 1492 1714 1557 in
1772 1493 2003 1558 omnia
2050 1492 2310 1561 bonum
2376 1495 2658 1583 partici-

1094 1597 1327 1686 pantia
1358 1620 1372 1665 :
1404 1606 1472 1665 et
1500 1596 1615 1666 illa
1644 1600 1985 1688 processio
2034 1600 2110 1667 fit
2167 1624 2253 1669 ex
2308 1600 2647 1692 largitate,

1093 1712 1159 1772 et
1187 1704 1303 1773 illa
1333 1707 1629 1774 maxime
1659 1708 1980 1775 convenit
2022 1709 2444 1799 processioni
2492 1732 2654 1799 per-

1091 1835 1441 1893 sonarum,
1486 1837 1638 1905 quae
1674 1837 1815 1883 non
1845 1816 2143 1885 ostendit
2170 1817 2647 1907 indigentiam,

1090 1921 1208 1989 sed
1230 1922 1920 1991 communicationem
1945 1932 2203 1993 naturae
2223 1946 2346 2015 per
2366 1925 2650 1993 modum

1091 2031 1371 2099 amoris.

1177 2138 1282 2206 Ao
1311 2133 1510 2206 amun
1541 2137 1928 2219 dicendum,
1962 2140 2149 2230 quod
2202 2141 2451 2236 modus
2491 2164 2648 2232 pro-

1087 2247 1413 2314 cessionis
1433 2269 1517 2315 ex
1546 2255 1735 2338 parte
1763 2246 1879 2315 illa
1907 2270 2042 2338 qua
2099 2248 2337 2318 localis
2369 2259 2436 2319 et
2474 2250 2647 2317 indi-

1085 2376 1277 2446 genS,
1322 2363 1425 2424 est
1453 2378 1537 2424 ex
1566 2355 1795 2446 aliquo
1838 2357 1904 2424 in
1951 2356 2141 2426 aliud
2175 2381 2192 2427 ε
2227 2358 2347 2428 sed
2375 2381 2517 2428 non
2556 2358 2643 2428 ab

1084 2461 1201 2530 illo
1234 2465 1715 2532 transsumitur
1744 2464 2144 2546 similitudo,
2174 2466 2297 2535 sed
2317 2469 2547 2558 potius
2571 2475 2646 2535 ut

1080 2590 1276 2639 amor
1303 2570 1611 2661 procedit
1636 2571 1722 2639 ab
1752 2572 1981 2663 aliquo
2025 2595 2234 2664 quem
2284 2576 2435 2643 unit
2483 2597 2641 2643 cum

1078 2700 1159 2746 eo
1199 2700 1405 2769 quem
1447 2677 1666 2770 diligit
1699 2703 1716 2748 ε
1751 2681 1924 2749 sicut
1959 2703 2157 2751 amor
2188 2683 2531 2774 appetitus
2568 2683 2640 2751 in

1078 2793 1270 2854 motu
1300 2789 1688 2876 processivo
1710 2787 2014 2878 procedit
2045 2790 2114 2858 in
2147 2789 2634 2876 desideratum,

1078 2902 1147 2962 et
1175 2895 1230 2961 si
1280 2892 1736 2964 desideratum
1767 2918 1994 2965 amare
2052 2907 2309 2988 posset,
2363 2922 2402 2967 e
2466 2921 2642 2967 con-

1076 3024 1276 3071 verso
1298 3004 1692 3094 procederet
1720 3027 1915 3074 amor
1943 3029 2108 3075 suus
2140 3007 2211 3075 in
2242 3015 2587 3076 amantem
2615 3031 2631 3075 :

1076 3110 1193 3178 sed
1232 3119 1464 3179 tamen
1515 3109 1738 3181 adhuc
1765 3109 1897 3181 hoc
1919 3136 2041 3204 per
2079 3116 2315 3183 omnia
2354 3138 2496 3184 non
2536 3123 2637 3184 est

1076 3218 1323 3298 simile,
1388 3220 1515 3288 nisi
1583 3244 1761 3289 unus
1831 3244 2027 3290 amor
2092 3225 2494 3315 procederet
2550 3223 2636 3293 ab

1077 3336 1346 3395 amante
1385 3334 1454 3397 et
1491 3336 1747 3409 amato,
1789 3336 1957 3399 etse
1998 3330 2113 3400 illa
2141 3331 2279 3401 duo
2324 3341 2639 3401 amarent

1077 3434 1196 3503 illo
1226 3457 1487 3504 amore.

1166 3542 1271 3609 An
1308 3566 1507 3612 amun
1569 3544 1957 3627 dicendum,
2002 3546 2189 3637 quod
2229 3547 2297 3614 in
2346 3547 2634 3617 veritate

1075 3650 1280 3719 Pater
1309 3650 1534 3743 diligit
1565 3651 1810 3720 Filium
1842 3675 2074 3723 amore
2105 3656 2220 3745 qui
2263 3663 2366 3723 est
2408 3653 2635 3745 Spiri-

1075 3766 1184 3827 tus
1223 3767 1521 3839 sanctus,
1561 3768 1626 3829 et
1655 3783 1691 3829 e
1731 3784 2061 3831 converso
2105 3761 2313 3830 Filius
2358 3762 2630 3832 Patrem

1073 3888 1306 3935 amore
1348 3869 1466 3958 qui
1515 3874 1615 3936 est
1673 3866 1967 3960 Spiritus
2013 3878 2332 3937 sanctus:
2400 3877 2633 3940 tamen

1071 3997 1212 4042 non
1242 3973 1513 4043 videtur
1548 3976 2084 4058 concedendum,
2119 3976 2299 4067 quod
2335 3977 2632 4068 Spiritus

1070 4090 1346 4151 sanctus
1386 4083 1691 4173 procedit
1745 4106 1786 4151 a
1843 4083 2043 4153 Patre
2074 4085 2145 4152 in
2179 4084 2453 4165 Filium,
2498 4092 2565 4155 et
2592 4109 2629 4155 e

1070 4212 1450 4259 converso:
1485 4190 1644 4281 quia
1672 4214 1828 4259 cum
1868 4190 2136 4270 dicitur,
2198 4190 2505 4283 procedit
2553 4194 2624 4262 in

1072 4296 1319 4366 Filium
1349 4296 1460 4367 vel
1499 4298 1569 4365 in
1588 4298 1888 4378 Patrem,
1922 4321 2042 4389 per
2067 4301 2622 4390 praepositionem

1070 4406 1142 4472 in
1183 4429 1322 4474 non
1387 4413 1667 4474 notatur
1702 4404 2032 4475 habitudo
2099 4408 2442 4499 principii,
2506 4409 2628 4479 sed

1068 4514 1297 4604 potius
1359 4516 1768 4606 recipientis·
1840 4515 2035 4586 Unde
2093 4540 2250 4585 cum
2311 4517 2515 4587 Pater
2559 4527 2627 4588 et

1070 4622 1283 4692 Filius
1334 4621 1627 4692 habeant
1673 4646 1744 4692 se
1803 4623 1888 4693 ad
1927 4624 2259 4716 Spiritum
2307 4636 2621 4695 sanetum

1067 4736 1144 4796 ut
1171 4728 1610 4820 principium,
1644 4751 1783 4797 non
1813 4730 2210 4799 conceditur
2255 4732 2407 4813 ista,
2462 4731 2627 4823 Spi-

1066 4837 1236 4904 ritus
1266 4845 1539 4905 sanctus
1567 4837 1873 4928 procedit
1895 4860 1936 4905 a
1974 4838 2177 4908 Patre
2225 4840 2291 4908 in
2343 4840 2620 4919 Filium,

1064 4951 1130 5012 et
1162 4946 1388 5012 minus
1438 4946 1566 5013 ista
1617 4944 2013 5015 conceditur
2056 4970 2095 5015 e
2136 4970 2514 5018 converso:
2558 4957 2627 5017 et

1066 5047 1295 5140 quoad
1332 5048 1467 5118 hoc
1493 5071 1633 5117 non
1666 5048 1872 5119 habet
1910 5049 2429 5121 similitudinem
2460 5075 2619 5122 cum

1061 5155 1318 5225 circulo
1350 5156 1421 5223 in
1444 5179 1580 5247 quo
1610 5156 1948 5226 clauditur
1985 5167 2216 5228 motus
2246 5160 2618 5251 processio·

1060 5264 1211 5332 nis:
1254 5262 1376 5332 sed
1416 5264 1644 5355 quoad
1675 5263 1807 5335 hoc
1845 5265 2032 5357 quod
2073 5267 2291 5337 virtus
2320 5268 2621 5359 spirandi

1060 5378 1126 5438 et
1149 5371 1542 5461 processiva
1573 5369 1869 5462 Spiritus
1899 5381 2002 5441 est
2031 5397 2070 5441 a
2101 5372 2305 5442 Patre
2336 5375 2406 5443 in
2447 5374 2623 5442 Filio

1132 5613 1150 5647 ¹
1182 5610 1268 5668 Ct'.
1305 5611 1515 5684 Supra,
1543 5611 1685 5669 nist.
1712 5613 1782 5685 Χ,
1813 5614 1856 5670 F
1883 5618 1945 5671 et
1963 5615 2028 5683 G,
2060 5614 2188 5671 Art.
2221 5615 2308 5674 10.

1287 5745 1403 5786 xxv

4197 244 4323 314 337

2776 531 2952 589 trem
2990 542 3005 590 :
3041 547 3161 613 per
3200 524 3706 593 denotationem
3737 525 3920 592 enim
3953 524 4323 591 auctorita-

2775 630 2861 696 tis
2897 631 2963 697 in
2996 631 3219 708 Patre,
3246 630 3451 699 habet
3479 631 3773 722 aliquam
3805 630 4316 698 similitudinem

2776 759 2932 804 cum
2966 738 3245 816 circulo,
3281 739 3437 807 licet
3468 748 3821 820 remotam,
3856 741 4028 806 sicut
4084 745 4184 805 est
4249 739 4316 803 in

2774 844 3097 912 omnibus
3171 845 3513 913 similibus
3569 848 3847 914 terrenis
3891 844 4161 936 quando
4230 843 4312 911 ad

2774 949 3009 1018 dIvina
3049 952 3454 1020 referuntur.

2859 1059 2964 1125 An
3004 1084 3201 1127 amun
3234 1061 3617 1142 dicendum,
3653 1060 3833 1151 quod
3872 1060 4072 1128 Pater
4109 1060 4180 1126 in
4236 1081 4307 1125 se

2772 1167 3056 1234 reflectit
3086 1169 3397 1236 ardorem
3432 1191 3549 1258 per
3602 1168 4132 1259 recognitionem
4185 1190 4305 1233 au-

2769 1277 3102 1344 ctoritatis
3131 1278 3456 1367 spirandi,
3501 1287 3574 1344 ut
3605 1277 3855 1344 dictum
3887 1284 4011 1345 est.

2859 1383 2965 1450 An
3004 1407 3203 1452 amun
3260 1385 3646 1470 dicendum,
3689 1385 3872 1476 quod
3936 1383 4306 1475 Dionysius

2765 1490 3072 1582 loquitur
3101 1493 3194 1560 ibi
3226 1493 3309 1561 de
3330 1516 3564 1562 amore
3594 1492 3956 1574 essentiali,
3999 1495 4114 1583 qui
4162 1513 4308 1558 mo-

2764 1609 2875 1667 vet
2916 1623 2988 1669 se
3027 1602 3113 1669 ad
3152 1601 3556 1670 effusionem
3596 1602 3930 1669 donorum
3963 1602 4031 1667 in
4096 1600 4309 1667 ratio-

2764 1704 2991 1774 nalem
3022 1715 3366 1789 naturam,
3396 1707 3794 1800 angelicam,
3812 1717 3878 1776 et
3905 1706 4303 1786 humanam,

2764 1823 2833 1882 et
2871 1816 3076 1883 etiam
3114 1817 3186 1884 in
3219 1817 3451 1884 omnia
3517 1816 3875 1898 naturalia,
3946 1823 4012 1884 et
4075 1821 4307 1881 movet

2760 1921 2881 1991 illa
2927 1923 3383 1992 reordinanda
3440 1925 3510 1990 in
3556 1923 3771 1992 Deum
3820 1946 3833 1989 :
3911 1931 3983 1990 ut
4022 1920 4308 2012 diligant

2757 2029 2869 2100 vel
2899 2030 3191 2099 naturali
3231 2033 3562 2122 appetitu,
3624 2030 3730 2099 vel
3797 2029 4132 2108 rationali,
4195 2027 4302 2097 vel

2761 2160 2881 2229 per
2906 2140 3227 2230 gratiam,
3268 2138 3379 2207 vel
3408 2139 3721 2230 gloriam.

2848 2247 2951 2313 An
2979 2270 3181 2314 Αιιυυ
3230 2245 3617 2327 dicendum,
3697 2246 3878 2336 quod
3932 2246 4296 2314 auctoritas

2753 2354 3159 2445 hieronymi
3201 2377 3342 2423 non
3395 2355 3699 2437 intendit,
3748 2354 3930 2444 quod
3993 2354 4297 2444 procedit

2753 2484 2791 2530 a
2832 2461 3034 2529 Patre
3065 2462 3135 2529 in
3187 2462 3461 2540 Filium,
3525 2471 3590 2529 et
3648 2485 3683 2530 e
3748 2484 4075 2530 converso
4120 2483 4135 2528 ε
4179 2462 4296 2530 sed

2753 2567 2940 2658 quod
3003 2570 3198 2636 uniat
3264 2568 3771 2660 quodammodo
3830 2591 3966 2637 non
4023 2570 4294 2660 proprie

2749 2677 3023 2748 Patrem
3064 2688 3131 2748 et
3166 2679 3449 2748 Filium:
3486 2688 3550 2749 et
3589 2679 3670 2748 de
3702 2679 3813 2747 illo
3848 2680 4050 2748 modo
4090 2681 4295 2748 unio-

2748 2786 2856 2855 nis
2884 2785 3144 2855 dictum
3184 2797 3287 2856 est
3314 2803 3361 2855 ¹.

2837 2894 2942 2962 An
2980 2918 3180 2963 amun
3209 2894 3601 2977 dicendum,
3645 2895 3826 2987 quod
3876 2894 4138 2963 nullum
4188 2905 4288 2964 est

2747 3001 3055 3071 debitum
3099 3002 3166 3070 in
3206 3002 3501 3071 divinis:
3537 3002 3836 3071 debitum
3868 3003 4052 3071 enim
4092 3012 4289 3072 sonat

2747 3107 3239 3201 obligationem
3277 3132 3292 3175 ε
3328 3109 3482 3183 licet
3521 3110 3701 3178 enim
3733 3111 3800 3177 in
3833 3132 3969 3177 una
4004 3132 4293 3201 persona

2746 3218 2835 3284 sit
2861 3216 3233 3285 auctoritas
3264 3226 3328 3285 et
3362 3217 3761 3308 principium
3811 3216 3895 3284 ad
3926 3216 4155 3296 aliam,
4198 3225 4297 3286 ta·

2746 3347 2907 3393 men
2958 3332 3118 3392 sunt
3158 3327 3362 3393 unius
3411 3322 3688 3393 honoris
3749 3333 3813 3393 et
3862 3324 4144 3416 aequalis
4190 3326 4297 3393 di-

2744 3430 3026 3521 gnitatis
3056 3438 3333 3521 propter
3366 3432 3694 3499 unitatem
3743 3429 4135 3499 substantiae
4174 3454 4193 3498 ε
4231 3437 4297 3498 et

2749 3537 2901 3607 ideo
2933 3538 3146 3607 Filius
3184 3538 3532 3631 profundit
3562 3562 3863 3608 amorem
3895 3539 4291 3631 gratuitum,

2747 3646 2924 3713 sicut
2962 3655 3026 3714 et
3060 3645 3287 3714 l’ater.

2838 3756 2943 3821 An
2971 3778 3171 3823 Αιιιτι)
3200 3755 3588 3834 dicendum,
3650 3754 3828 3846 quod
3897 3754 4118 3846 quoad
4160 3753 4290 3823 hoc

2748 3861 2934 3954 quod
3004 3864 3073 3929 in
3138 3861 3451 3931 circulari
3527 3871 3717 3931 motu
3784 3863 4164 3954 processivo
4222 3870 4287 3931 et

2743 3970 2950 4037 etiam
2989 3969 3139 4038 coeli
3172 3980 3270 4039 est
3306 3970 3613 4039 dextrum
3646 3978 3711 4038 et
3738 3971 4111 4049 sinistrum,
4146 3994 4282 4040 non

2743 4078 3038 4145 sumitur
3065 4077 3444 4146 similitudo
3486 4096 3503 4145 ε
3547 4078 3703 4168 quia
3740 4076 3869 4146 hoc
3903 4078 4047 4146 sine
4075 4077 4284 4150 dubio

2747 4210 2883 4255 non
2914 4187 3234 4255 convenit
3277 4209 3294 4254 ε
3332 4188 3490 4278 quia
3519 4186 3668 4255 licet
3713 4185 3917 4254 Filius
3965 4186 4208 4256 habeat
4246 4212 4285 4256 a

2745 4296 2950 4364 Patre
3004 4295 3187 4386 quod
3232 4296 3533 4386 procedit
3588 4295 3672 4363 ab
3728 4318 3833 4374 eo,
3877 4304 4104 4364 tamen
4145 4299 4285 4388 ipse

2742 4413 2843 4473 est
2876 4427 3033 4472 cum
3071 4407 3269 4473 Patre
3310 4427 3523 4473 unum
3556 4405 3956 4495 principium
3992 4403 4286 4496 Spiritus

2738 4514 2982 4590 sancti,
3028 4511 3118 4579 ita
3159 4511 3343 4603 quod
3379 4513 3445 4579 in
3508 4511 3672 4579 Filio
3722 4512 3791 4579 in
3829 4510 4020 4580 nullo
4059 4512 4284 4581 delicit

2736 4618 2845 4686 vis
2875 4616 3169 4709 spiratis.

4424 1077 4504 1123 Ad
4533 1079 4575 1127 ὓ.

4419 1402 4491 1446 Ad
4520 1405 4562 1448 0.

4407 2258 4487 2305 Ad
4522 2263 4561 2305 7.

4406 2905 4487 2951 Ad
4512 2903 4562 2954 8.

4410 3764 4536 3811 adv

2828 4728 2932 4793 Λυ
2961 4748 3160 4794 auen
3189 4725 3576 4805 dicendum,
3619 4735 3692 4793 ut
3754 4748 3956 4817 supra
4020 4726 4275 4795 dictum
4377 4735 4546 4784 Αάιο.

2737 4845 2873 4918 est,
2910 4836 3096 4930 quod
3136 4838 3206 4905 in
3245 4845 3435 4929 parte
3500 4837 4014 4906 similitudinem
4074 4836 4275 4908 habet

2740 4946 3084 5035 processio
3123 4945 3408 5022 causati,
3442 4950 3506 5012 et
3547 4945 3614 5012 in
3643 4952 3830 5034 parte
3856 4967 4017 5012 non.

2829 5053 2935 5131 An
2976 5075 3041 5121 ιο
3071 5049 3256 5143 quod
3287 5052 3529 5120 ultimo
3569 5051 3881 5141 objicitur
3908 5052 3989 5120 de
4030 5052 4279 5120 Dama·

2740 5185 2972 5240 sceno,
3017 5160 3381 5230 dicendum
3421 5160 3602 5251 quod
3644 5162 3780 5251 ipse
3820 5184 3959 5229 non
3999 5160 4284 5229 intendit

2741 5266 2965 5336 dicere
3009 5265 3344 5356 Spiritum
3378 5287 3514 5334 non
3545 5288 3691 5334 esse
3720 5264 3871 5333 Filii
3908 5288 3923 5333 ε
3959 5265 4119 5357 quia
4156 5264 4287 5334 hoc

2741 5375 2906 5444 dicit
2944 5375 3143 5453 infra,
3179 5374 3364 5465 quod
3394 5375 3680 5443 dicimus
3708 5396 3852 5443 esse
3889 5372 4033 5441 Filii
4077 5373 4288 5466 Spiri-

3996 5726 4064 5781 22

4389 5058 4459 5103 ad
4489 5058 4553 5103 n.
