4897 6388
682 25 696 186 *antus—B

1834 220 2477 322 mall-semem.
2538 221 2757 290 msr.
2813 221 2997 320 vm,
3051 222 3389 309 D,„A1z'r.
3444 224 3554 287 24.

1076 392 1530 478 compositum
1563 412 1646 455 ex
1679 387 1855 478 quod
1897 395 2029 479 ests
2060 395 2127 453 et
2162 408 2298 475 quo
2330 394 2471 453 est:
2508 394 2622 453 aut

1077 516 1237 585 ergo
1272 499 1492 586 ipsum
1548 490 1682 585 quo
1740 502 1863 569 est,
1942 502 2042 560 est
2114 493 2428 583 simplex,
2509 501 2625 561 aut

1077 600 1555 693 compositum.
1603 602 1674 668 Si
1714 601 2027 691 simplex,
2088 600 2308 669 habeo
2369 624 2625 693 propo-

1077 711 1309 786 situm,
1348 709 1529 799 quod
1578 731 1717 774 non
1747 707 1933 776 solus
1970 707 2145 776 Deus
2172 708 2461 799 simplex
2495 719 2619 778 est.

1079 812 1153 880 Si
1192 814 1673 902 compositum,
1717 835 1949 904 quaero
2007 813 2088 880 de
2146 814 2286 879 suis
2350 835 2627 903 compo-

1077 921 1434 988 nentibus:
1471 929 1588 987 aut
1642 929 1799 988 sunt
1850 919 2208 1009 simplicia,
2270 928 2386 986 aut
2441 943 2625 987 com·

962 1037 968 1042 ’
1038 1028 1333 1118 posita:
1379 1037 1497 1095 aut
1525 1028 1709 1096 enim
1746 1029 1872 1095 erit
1908 1035 2083 1095 stare
2148 1028 2218 1093 in
2300 1026 2618 1117 simplici,

1073 1142 1193 1202 aut
1233 1134 1613 1203 intellectus
1654 1134 1946 1202 resolvet
1975 1134 2043 1200 in
2104 1133 2473 1204 infinitum.
2549 1133 2623 1200 Si

1071 1244 1263 1326 dicis,
1302 1246 1486 1336 quod
1516 1269 1656 1313 non
1685 1255 1789 1313 est
1826 1246 2311 1313 inconveniens
2358 1243 2623 1312 intelle·

1069 1362 1258 1423 ctum
1284 1355 1701 1423 dividentem
1722 1355 1819 1423 ire
1841 1355 1910 1422 in
1929 1344 2296 1433 infinitum,
2330 1357 2625 1445 quiapo-

1067 1452 1299 1548 tentia·
1357 1471 1459 1531 est
1521 1462 1875 1531 divisionis
1917 1464 1987 1532 in
2049 1461 2433 1534 infinitum:
2492 1461 2624 1530 hoc

1071 1569 1436 1638 ridiculum
1468 1579 1609 1639 est:
1656 1572 1816 1662 quia
1852 1570 1984 1638 hoc
2020 1578 2123 1638 est
2175 1569 2258 1638 de
2315 1571 2624 1661 potentia

1070 1675 1427 1745 divisionis
1495 1678 1801 1746 continui
1859 1676 2229 1745 secundum
2307 1684 2621 1743 naturam

1074 1786 1422 1852 continui:
1491 1809 1615 1854 nos
1682 1794 1908 1853 autem
1973 1784 2321 1876 loquimur
2390 1784 2503 1852 hic
2540 1785 2622 1853 de

1032 1889 1037 1895 ’
1074 1889 1410 1960 divisione
1449 1900 1517 1960 et
1545 1890 1960 1960 resolutione
1991 1890 2084 1958 rei
2124 1891 2193 1957 in
2224 1913 2417 1958 suam
2477 1891 2625 1958 for-

1077 2021 1288 2067 mam.

1172 2213 1304 2282 San
1342 2237 1563 2282 annuc
1616 2214 1897 2284 ulterius
1979 2203 2345 2308 quaeritur,
2396 2212 2621 2294 Quare

1078 2326 1283 2408 dicat,
1315 2349 1466 2394 vere
1492 2336 1556 2393 et
1585 2327 1887 2419 proprie,
1919 2336 2269 2419 tamquam
2308 2325 2440 2394 alia
2470 2349 2622 2417 quae

1075 2435 1340 2524 possint
1379 2457 1525 2503 esse
1555 2434 1912 2525 simplicia,
1952 2458 2090 2504 non
2131 2458 2289 2504 vere
2349 2444 2415 2503 et
2468 2457 2624 2526 pro-

972 2545 975 2546 ’
1073 2541 1241 2632 prie.

789 3866 995 3914 solutio.

814 4289 886 4336 Ad
917 4292 957 4340 Ι.

1172 2653 1231 2718 1.
1275 2650 1541 2719 Cos-rna
1572 2650 1702 2720 hoc
1732 2654 1915 2721 enim
1946 2662 2071 2735 est,
2117 2653 2301 2745 quod
2356 2652 2624 2744 quodli-

1077 2757 1189 2826 bet
1244 2760 1619 2827 secundum
1677 2768 1777 2827 est
1840 2768 1995 2850 post
2075 2758 2436 2828 monadem
2487 2760 2624 2849 pri·

1076 2887 1313 2933 mum:
1349 2887 1512 2957 ergo
1581 2865 1951 2934 secundum
2018 2865 2450 2958 Dionysium,
2520 2873 2621 2934 est

1079 2971 1260 3041 duo:
1296 2994 1436 3041 non
1477 2995 1639 3064 ergo
1670 2972 1979 3064 simplex.
2272 3059 2275 3066 .

1169 3080 1234 3145 2.
1316 3069 1677 3158 I'raeterea,
1748 3078 1977 3169 Ipsum
2028 3088 2130 3148 est
2191 3077 2321 3148 hoc
2368 3089 2435 3148 et
2473 3089 2616 3148 est:

1075 3205 1239 3272 ergo
1280 3183 1650 3253 secundum
1683 3183 2023 3264 Boetium,
2072 3183 2156 3252 ab
2213 3183 2347 3253 alio
2414 3182 2621 3255 habet

1077 3290 1263 3382 quod
1293 3298 1419 3373 est,
1462 3298 1530 3358 et
1554 3289 1641 3359 ab
1669 3289 1805 3359 alio
1844 3290 2026 3382 quod
2055 3289 2187 3360 hoc
2226 3300 2350 3361 est.

1168 3397 1234 3465 3.
1278 3395 1639 3475 Praeterea,
1673 3397 1922 3466 Omnia
1950 3398 2016 3465 in
2062 3420 2378 3489 numero,
2440 3422 2622 3490 pon-

1077 3503 1263 3582 dere,
1290 3514 1352 3573 et
1380 3527 1695 3572 mensura
1716 3514 1936 3573 creata
1956 3515 2143 3573 sunt:
2170 3528 2334 3597 ergo
2358 3505 2623 3574 nullum

1078 3610 1503 3703 simpliciter.

1172 3812 1480 3881 Somno.
1522 3812 1927 3895 Dicendum,
1960 3816 2142 3907 quod
2188 3816 2375 3885 solus
2441 3816 2625 3886 Deus

1080 3943 1239 3989 vere
1269 3920 1559 4012 simplex
1584 3929 1707 4000 est,
1740 3921 1911 3990 sicut
1948 3924 2017 3990 in
2044 3924 2264 4015 primo
2296 3926 2626 4016 quaestio-

1082 4030 1189 4098 nis
1255 4030 1539 4098 articulo
1591 4030 1673 4098 de
1739 4033 2132 4101 necessitate
2223 4034 2620 4103 conclusum

1082 4147 1207 4210 est.

1170 4250 1275 4314 An
1306 4270 1559 4315 eninm
1592 4246 1771 4337 quod
1812 4249 2125 4337 objicitur
2164 4249 2245 4317 de
2292 4259 2473 4332 ente,
2524 4251 2624 4320 di-

1080 4354 1372 4423 cendum
1431 4353 1612 4446 quod
1690 4354 1755 4423 id
1829 4356 1897 4423 in
1953 4380 2090 4447 quo
2135 4366 2269 4425 stat
2299 4357 2622 4426 resolutio

1079 4463 1293 4530 nostri
1327 4461 1728 4539 intellectus,
1762 4471 1863 4530 est
1908 4463 2189 4554 simplex
2247 4465 2621 4533 secundum

1079 4566 1268 4659 quid,
1315 4577 1381 4635 et
1411 4568 1806 4658 simpliciter
1832 4571 2310 4661 compositum.
2359 4569 2625 4642 Intelle-

1078 4685 1227 4744 ctus
1256 4677 1437 4744 enim
1471 4677 1814 4745 resolvens
1864 4677 2191 4746 abstrahit
2237 4681 2621 4750 universale

1075 4809 1115 4854 a
1144 4788 1578 4876 particulari:
1624 4796 1688 4854 et
1744 4787 2021 4855 ulterius
2066 4790 2283 4880 magis
2341 4793 2620 4859 univer-

1074 4894 1214 4962 sale
1254 4918 1292 4963 a
1337 4895 1560 4962 minus
1592 4894 2004 4964 universali:
2039 4905 2102 4964 et
2126 4896 2276 4966 ideo
2315 4921 2454 4966 non
2495 4920 2621 4966 au-

1075 5002 1203 5070 fert
1232 5004 1363 5071 nisi
1404 5002 1816 5071 ‹lisserentias
1856 5014 2309 5074 coarctantes:
2354 5015 2420 5076 et
2496 5030 2619 5075 ve-

1075 5137 1226 5182 rum
1293 5124 1417 5191 est,
1481 5114 1662 5203 quod
1730 5115 2099 5182 secundum
2201 5115 2616 5185 ablationem

1075 5222 1345 5290 illarum
1377 5222 1905 5290 differentiarum
1949 5246 2067 5291 ens
2113 5224 2401 5315 simplex
2470 5234 2612 5293 est:

1072 5340 1141 5401 et
1171 5332 1323 5399 ideo
1354 5341 1487 5399 stat
1535 5332 1781 5421 inipso
1841 5331 2201 5404 resolutio:
2263 5334 2382 5400 sed
2439 5334 2617 5402 ulte-

1072 5442 1213 5509 rius
1252 5440 1707 5529 compositum
1757 5448 1858 5506 est
1911 5448 1976 5506 et
2042 5450 2429 5508 concretum
2491 5439 2618 5509 ha-

1069 5547 1491 5616 bitudinibus
1549 5545 2052 5637 potentialibus,
2112 5548 2366 5616 scilicet
2429 5549 2616 5639 quod

4160 221 4288 288 253

2730 389 2956 477 ipsum
2999 397 3099 455 cst
3130 399 3282 478 post
3313 389 3508 466 nihil,
3555 398 3620 455 et
3660 389 3808 454 ideo
3843 387 4166 454 variabile
4220 389 4285 451 in

2732 493 2948 561 nihil:
2985 503 3051 562 et
3084 495 3237 562 ideo
3283 494 3571 586 privatio
3605 504 3670 561 et
3736 494 4040 583 potentia
4105 492 4291 558 deci-

2730 600 2976 669 dentiae
3006 605 3199 669 estin
3225 626 3305 671 eo
3339 603 3468 669 nisi
3500 602 3927 670 contineatur
3951 593 4060 665 :et
4083 601 4288 665 etiam

2730 707 2938 776 habet
2976 708 3451 777 habitudinem
3520 708 3604 776 ad
3670 731 3749 775 ea
3815 730 3972 774 cum
4044 705 4291 795 quibus

2730 826 2833 883 est
2861 815 3347 906 componihile,
3393 838 3543 906 quae
3577 814 3906 883 habitudo
3939 837 4076 880 non
4121 811 4292 878 nihil

2733 925 2933 991 estin
2965 946 3071 1002 ee,
3131 925 3305 992 sicut
3361 947 3567 1014 supra
3624 923 3964 989 diximus:
4011 921 4127 989 sed
4194 929 4295 986 ta-

2734 1025 2891 1097 me'n
2934 1029 3067 1097 illae
3100 1029 3534 1098 habitudines
3557 1028 3854 1096 abstrahi
3886 1036 4173 1117 possunt
4206 1027 4291 1094 ab

2731 1160 2815 1205 eo
2857 1137 3232 1205 secundum
3267 1137 3732 1206 intellectum:
3793 1136 3909 1203 sed
3970 1135 4084 1201 illa
4142 1158 4293 1225 quae

2731 1251 2830 1310 est
2906 1245 3225 1333 potentiae
3320 1243 3749 1333 privationiS,
3838 1264 3976 1308 non
4073 1247 4294 1329 potest

2729 1351 3034 1419 abstrahi
3065 1353 3148 1420 ab
3181 1362 3337 1421 ente
3376 1360 3639 1421 creato:
3687 1354 3847 1441 quia
3892 1352 3961 1417 in
4031 1351 4293 1435 ratione

2731 1460 2878 1548 ejus
2916 1468 3019 1527 est
3049 1482 3171 1550 per
3200 1459 3332 1529 hoc
3393 1458 3574 1550 quod
3652 1459 3876 1548 ipsum
3930 1467 4031 1525 est
4103 1479 4292 1525 crea·

2729 1575 2901 1633 turn.
3415 1592 3420 1599 ·

2825 1674 2899 1742 Si
2929 1685 3158 1744 autem
3201 1676 3543 1765 objicitur,
3602 1676 3788 1767 quod
3853 1698 3974 1742 ens
4039 1674 4297 1741 abstra-

2734 1781 2836 1849 hit
2863 1781 2948 1849 ab
2975 1791 3129 1851 ente
3157 1793 3385 1851 creato
3418 1792 3481 1851 et
3543 1784 3868 1859 increato,
3929 1781 4291 1850 dicendum

2733 1889 2920 1980 quod
2951 1888 3082 1959 hoc
3120 1884 3442 1959 frivolu‘m
3484 1899 3626 1958 est:
3674 1892 3834 1982 quia
3865 1913 3951 1957 ex
3997 1888 4129 1958 hoc
4183 1913 4296 1957 se-

2731 1997 2988 2088 quitur,
3033 1997 3216 2088 quod
3260 2020 3380 2066 ens
3412 2000 3788 2066 increatum
3858 2005 4032 2065 esset
4096 2019 4294 2065 com-

2730 2104 3032 2194 positum
3064 2126 3082 2169 ε
3116 2104 3171 2172 si
3204 2107 3389 2174 enim
3423 2129 3544 2174 ens
3570 2129 3688 2196 per
3721 2128 3925 2172 unam
3958 2106 4292 2173 rationem

2730 2236 3170 2282 communem
3239 2218 3638 2284 conveniret
3716 2216 3776 2283 ei
3868 2223 3936 2283 et
4034 2220 4285 2290 creato,

2731 2327 3077 2408 oporteret
3102 2319 3291 2412 quod
3329 2342 3450 2387 ens
3480 2342 3848 2388 commune
3906 2327 4292 2387 coarctare-

2728 2424 2939 2491 turin
2972 2427 3117 2515 ipso
3150 2448 3274 2516 per
3310 2425 3610 2517 aliquam
3662 2423 4155 2493 differentiam:
4226 2432 4293 2491 et

2678 2579 2685 2585 -
2729 2535 2825 2602 sic
2853 2534 2938 2601 ab
2978 2533 3116 2602 alio
3156 2532 3439 2603 haberet
3470 2557 3643 2618 esse,
3689 2544 3757 2602 et
3805 2531 3935 2602 hoc
3992 2556 4180 2602 esse:
4226 2542 4294 2601 et

2728 2639 2861 2711 hoc
2889 2666 3097 2733 supra
3126 2644 3583 2734 improbatum
3625 2653 3730 2711 est
3768 2627 3977 2734 :ergo
4046 2665 4166 2710 ens
4222 2643 4290 2709 in

2727 2771 2865 2839 quo
2897 2760 3028 2819 stat
3059 2751 3408 2821 resolvens
3433 2752 3837 2837 intellectus,
3874 2776 4009 2820 non
4042 2761 4140 2820 est
4167 2774 4288 2820 ens

2731 2862 3151 2931 increatum:
3195 2861 3315 2931 sed
3353 2883 3476 2930 ens
3523 2862 3900 2930 increatum
3966 2871 4065 2929 est
4131 2870 4287 2929 ante

2730 2968 2955 3058 ipsum
2995 2969 3169 3062 sicut
3206 2990 3434 3041 causa.

2819 3075 2928 3142 Ad
2976 3074 3107 3144 hoc
3163 3082 3393 3144 autem
3454 3074 3641 3166 quod
3699 3075 4039 3164 objicitur,
4103 3074 4288 3166 quod

2728 3207 2974 3266 unum,
3005 3207 3276 3263 verum,
3311 3190 3374 3252 et
3406 3182 3693 3262 bonum,
3736 3192 3802 3251 et
3844 3181 4097 3275 aliquid
4130 3191 4289 3251 sunt

2730 3291 2814 3359 de
2851 3291 3093 3383 primis
3166 3289 3617 3381 simplicibus,
3688 3289 4048 3358 dicendum
4106 3289 4290 3381 quod

2732 3400 2864 3468 hoc
2893 3399 3216 3468 frivolum
3248 3410 3387 3468 est:
3424 3401 3584 3491 quia
3622 3422 3762 3467 non
3803 3409 4292 3467 convertuntur

2731 3532 2887 3577 cum
2930 3517 3084 3578 ente
3113 3509 3489 3578 secundum
3515 3530 3674 3576 suas
3707 3508 4139 3584 intentiones.
4174 3508 4291 3576 sed

2733 3614 3110 3684 secundum
3151 3639 3274 3684 sua
3304 3618 3658 3707 supposita
3687 3638 3701 3682 τ
3738 3624 3803 3684 et
3835 3615 3985 3684 ideo
4020 3639 4156 3685 non
4188 3624 4287 3684 est

2733 3722 3020 3791 dubium
3052 3723 3219 3813 quin
3249 3720 3365 3789 illa
3402 3724 3536 3789 sint
3567 3722 3970 3813 composita.

2820 3830 2927 3898 An
2955 3853 3155 3898 mun
3221 3827 3610 3908 dicendum,
3672 3829 3854 3921 quod
3911 3830 4287 3921 generalis-

2732 3939 2906 4006 sima
2935 3948 3092 4006 sunt
3127 3937 3462 4030 simplicia
3494 3938 3562 4004 in
3620 3938 3856 4005 ordine
3920 3936 4289 4029 generalis-

2735 4045 2919 4128 simi,
2962 4044 3029 4112 id
3063 4054 3192 4126 est,
3227 4044 3409 4136 quod
3443 4043 3710 4112 nullum
3742 4068 3957 4135 genus
3983 4055 4082 4113 est
4121 4048 4292 4113 sim-

2736 4151 2979 4241 plicius
3021 4150 3197 4221 illis:
3231 4151 3353 4219 sed
3391 4174 3610 4243 genus
3648 4174 3785 4220 non
3820 4151 3981 4220 dicit
4025 4152 4293 4244 simpli-

2736 4260 3091 4329 cissimum
3131 4258 3571 4351 simpliciter:
3610 4259 3793 4350 quod
3863 4271 4087 4352 patet:
4133 4262 4292 4352 quia

2739 4388 2859 4433 ens
2880 4373 2981 4433 est
3011 4363 3391 4456 simplicius
3420 4364 3726 4457 quolibet
3748 4367 4287 4457 generalissimo,

2735 4471 2891 4539 licet
2929 4493 3147 4562 genus
3186 4471 3780 4562 generalissimum
3830 4471 4092 4542 dicatur
4121 4475 4294 4540 sim-

2735 4578 3186 4669 plicissimum
3222 4580 3397 4646 inter
3426 4579 3785 4669 praedicata
3843 4581 4175 4651 univoce:
4230 4592 4295 4650 et

2735 4686 2887 4754 ideo
2918 4684 3172 4754 habent
3202 4685 3714 4779 generalissima
3770 4690 3835 4756 in
3889 4715 3959 4758 se
4015 4715 4161 4763 ens,
4230 4700 4292 4757 et

2732 4794 3187 4863 differentiam
3219 4818 3351 4887 qua
3396 4805 3783 4865 coarctatur
3824 4821 3944 4866 ens
3987 4800 4050 4865 in
4088 4801 4287 4889 ipsis:

2733 4908 2796 4968 et
2830 4899 2980 4966 ideo
3012 4909 3171 4968 sunt
3199 4902 3608 4991 composita.

2824 5017 2926 5083 Λι)
2966 5040 3163 5083 Auru
3212 5017 3601 5100 dicendum,
3646 5018 3827 5108 quod
3892 5020 4037 5086 sola
4111 5022 4290 5089 rela-

2732 5125 2828 5192 tio
2863 5122 2946 5191 ad
2977 5148 3252 5191 causam
3312 5123 3717 5192 efficientem
3790 5150 3926 5193 uon
3988 5127 4139 5196 facit
4219 5130 4290 5196 iu

2730 5231 2829 5296 eis
2869 5232 3466 5322 compositionem,
3501 5230 3617 5297 sed
3651 5229 3777 5298 hoc
3836 5235 4014 5323 quod
4079 5235 4289 5303 relin-

2730 5338 2962 5427 quitur
2993 5340 3060 5404 in
3109 5338 3206 5405 eis
3231 5361 3317 5405 ex
3342 5336 3458 5405 tali
3503 5339 3688 5405 exitu
3731 5340 3796 5405 in
3848 5364 3990 5407 esse
4029 5365 4044 5409 :
4106 5343 4291 5433 quod

2728 5466 2854 5533 per
2881 5444 3101 5512 simile
3130 5445 3346 5512 videri
3387 5453 3649 5535 potest:
3694 5447 3879 5537 quod
3929 5450 4111 5516 enim
4173 5471 4292 5539 per

2729 5553 3243 5642 generationem
3277 5554 3415 5620 exit
3451 5555 3519 5620 in
3549 5576 3694 5621 esse
3735 5564 3835 5622 est
3882 5580 3962 5623 ex
4008 5558 4289 5624 materia

4053 5837 4082 5854 ὀ

4412 3876 4482 3921 Λᾶ
4510 3877 4554 3923 2.

4413 5056 4490 5102 Ad
4517 5058 4559 5104 3.
