4897 6388
612 352 745 417 416

609 523 893 589 niuntur
923 487 1363 602 expresseset
1392 503 1511 570 hic
1549 524 1606 567 a⁶
1629 500 1956 590 Magistro
1996 515 2167 560 con-

609 627 965 703 ceduntur,
1001 615 1271 686 difficile
1302 612 1575 679 videtur
1605 607 1771 675 mihi
1823 603 2006 694 quod
2058 600 2169 667 di-

610 744 851 804 cantur
877 729 1083 797 falsae.
1123 722 1318 792 Unde
1352 719 1467 786 alii
1507 717 1763 795 dieunt,
1806 710 1990 802 quod
2023 709 2171 773 mit·

613 853 753 913 tere
819 850 886 909 et
950 833 1316 927 procedere
1383 824 1743 913 dupliciter
1826 820 2164 889 dicuntur,

614 955 871 1022 scilicet
924 945 1221 1037 proprie,
1267 948 1334 1004 et
1401 935 1794 1023 improprie.
1860 926 2164 1014 Proprie,

615 1059 889 1153 quando
957 1053 1118 1121 dicit
1208 1043 1715 1115 distinctionem
1782 1034 2029 1111 nuntii,
2107 1037 2172 1095 et

614 1165 994 1237 nuntiantis
1057 1184 1070 1227 :
1117 1169 1184 1226 et
1242 1157 1339 1222 sic
1394 1173 1537 1219 non
1592 1149 1884 1217 sumitur
1920 1145 1991 1209 in
2028 1140 2173 1206 istis

617 1272 1102 1345 locutionibus.
1158 1261 1589 1350 Quandoque
1638 1264 1868 1324 autem
1909 1251 2173 1318 mittere

617 1386 798 1454 idem
840 1391 941 1450 est
978 1375 1164 1468 quod
1194 1372 1356 1439 dare
1412 1390 1426 1434 ε
1475 1375 1542 1434 et
1578 1367 1674 1433 sic
1712 1362 2003 1431 sumitur
2041 1355 2175 1421 mi-

619 1514 745 1560 nus
785 1486 1056 1579 proprie
1090 1504 1106 1549 ε
1154 1488 1220 1546 et
1258 1480 1328 1544 in
1374 1474 1509 1541 hoc
1557 1493 1759 1538 sensu
1798 1464 2176 1536 concedunt

616 1604 918 1676 istas,·et
946 1595 1076 1662 hoc
1135 1588 1381 1656 volunt
1425 1580 1696 1651 trahere
1752 1601 1839 1647 ex
1884 1577 2171 1654 Littera,

617 1712 736 1779 ubi
765 1706 1093 1797 Magister
1128 1698 1317 1777 dicit,
1353 1690 1540 1783 quod
1571 1689 1867 1780 Spiritus
1906 1688 2175 1751 sanctus

619 1819 737 1886 dat
773 1838 870 1895 se,
933 1819 1000 1879 et
1038 1808 1238 1876 datur
1275 1825 1317 1869 a
1352 1822 1427 1868 se
1484 1821 1501 1865 :
1574 1795 1756 1885 quod
1812 1800 1913 1860 est
1951 1790 2176 1878 ipsum

619 1918 1089 2014 temporaliter
1115 1906 1485 2003 procedere
1515 1911 1580 1970 et
1623 1901 1824 1969 mitti.
1865 1896 2175 1965 Aliorum

621 2028 961 2101 sententia
987 2031 1111 2101 est,
1146 2017 1333 2110 quod
1371 2035 1514 2082 non
1562 2018 1665 2079 est
1703 2006 1985 2077 intentio
2033 2003 2182 2067 Au-

623 2138 879 2234 gustini
918 2142 987 2204 et
1023 2128 1330 2222 Magistri
1380 2125 1631 2201 dicere,
1673 2116 1855 2210 quod
1906 2101 1976 2183 et
2020 2112 2179 2179 dare

623 2248 735 2318 vel
778 2238 1045 2313 mittere
1082 2240 1219 2307 sint
1252 2227 1461 2316 idem,
1503 2228 1635 2298 nisi
1665 2224 2042 2296 secundum
2077 2242 2181 2287 ra·

627 2356 887 2424 tionem
919 2357 987 2417 et
1025 2341 1484 2436 suppositum,
1517 2358 1660 2403 non
1689 2342 1918 2403 autem
1949 2348 2185 2397 secun-

628 2465 795 2533 dum
852 2458 1300 2529 intentionem
1363 2471 1380 2516 :
1441 2455 1511 2515 et
1566 2444 1663 2512 illi
1701 2444 1960 2520 dicunt,
2002 2432 2185 2529 quod

631 2594 789 2642 cum
838 2569 1108 2645 dicitur,
1151 2560 1452 2652 Spiritus
1507 2560 1781 2622 sanctus
1833 2548 2040 2618 mittit
2086 2565 2183 2624 se,

632 2682 769 2749 duo
837 2678 1293 2767 importantur
1364 2666 1437 2732 in
1505 2660 1741 2730 verbo,
1816 2658 2041 2726 Unum
2105 2672 2189 2719 ex

631 2782 988 2881 principali
1036 2777 1424 2870 significato
1470 2768 1664 2838 verbi
1704 2790 1721 2837 ς
1774 2765 1936 2858 quia
1983 2760 2191 2829 mittit

613 2892 971 2988 ‚significat
1000 2888 1429 2958 missionem.
1470 2879 1645 2947 sicut
1692 2871 1997 2944 ambulat
2043 2889 2192 2937 am-

633 3004 1086 3074 bulationem.
1115 2992 1325 3064 Aliud
1352 2996 1458 3060 est
1487 2984 1674 3078 quod
1701 2991 1807 3054 est
1853 2984 1918 3050 in
1949 2975 2188 3053 verbo,

631 3113 890 3184 scilicet
937 3114 1128 3177 actus
1185 3099 1541 3172 effectivus
1579 3094 1764 3163 illius
1817 3083 2190 3165 connotati,

634 3220 820 3316 quod
849 3214 1196 3287 confertur
1221 3211 1297 3278 in
1337 3217 1649 3296 temporo
1676 3202 1740 3270 ei
1779 3201 1889 3269 cui
1934 3198 2008 3264 lit
2038 3193 2199 3262 mis·

635 3331 738 3399 sio
775 3349 791 3395 ε
827 3331 894 3394 et
943 3321 1096 3389 ideo
1135 3317 1398 3394 dicunt,
1458 3331 1617 3379 cum
1659 3307 1935 3386 dieitur,
1987 3298 2199 3391 Spiri-

638 3445 748 3504 tus
785 3435 1058 3500 sanctus
1089 3422 1297 3493 mittit
1324 3440 1425 3498 se.
1468 3412 1658 3508 quod
1686 3412 1984 3505 Spiritus
2048 3428 2200 3474 san·

642 3546 792 3610 ctus
862 3556 1002 3603 non
1061 3526 1279 3598 reddit
1333 3519 1767 3613 suppositum
1794 3513 2006 3585 verbo
2068 3508 2202 3578 nisi

645 3647 861 3741 gratia
927 3638 1232 3711 secundi.
1276 3633 1452 3703 Cum
1509 3634 1738 3697 autem
1795 3624 2066 3694 additur
2104 3640 2197 3697 se,

643 3752 885 3826 transit
913 3757 1106 3817 actus
1140 3743 1350 3833 hujus
1375 3735 1596 3813 verbi,
1637 3734 1877 3812 mittit,
1910 3731 1982 3799 in
2008 3728 2145 3796 duo
2181 3748 2198 3795 ε

646 3884 944 3958 quorum
1002 3877 1217 3925 unum
1275 3858 1380 3920 est
1416 3851 1490 3917 in
1545 3845 1761 3914 altero
1832 3865 1850 3912 ε
1918 3848 1988 3910 et
2051 3838 2204 3906 ideo

646 3977 806 4042 sunt
837 3974 913 4035 ut
951 3985 1163 4032 unum
1222 3956 1666 4046 conjunctum
1728 3973 1744 4018 ε
1796 3956 1987 4018 actus
2021 3944 2205 4012 enini

651 4076 1005 4149 effectivus
1033 4065 1387 4138 connotati
1415 4060 1661 4131 transit
1689 4082 1894 4150 super
1923 4053 1990 4124 id
2025 4050 2205 4145 quod

651 4184 943 4255 efficitur
982 4180 1050 4247 in
1091 4177 1238 4267 ipsa
1291 4168 1621 4240 missione
1679 4188 1698 4236 z
1743 4165 1860 4234 sed
1924 4162 2082 4255 quia
2142 4160 2212 4226 in

655 4293 774 4363 illo
807 4286 1282 4359 manifestatur
1330 4277 1659 4371 Spiritus,
1701 4283 1777 4343 ut
1823 4274 1893 4342 in
1933 4293 2015 4340 co
2054 4291 2214 4358 spe-

654 4399 807 4469 ciali
866 4394 1073 4464 modo
1123 4390 1449 4463 existens,
1493 4381 1646 4452 ideo
1711 4382 1917 4451 etiam
1974 4375 2212 4447 transit

656 4527 863 4598 super
900 4501 1231 4593 Spiritum
1277 4517 1419 4564 non
1476 4489 1899 4581 simpliciter,
1940 4484 2056 4553 sed
2104 4502 2215 4549 se-

658 4612 958 4684 cundum
1017 4604 1200 4699 quod
1258 4597 1644 4694 specialiter
1670 4597 1740 4666 in
1785 4595 1904 4664 illo
1932 4591 2210 4661 existit:

660 4727 737 4788 ut
765 4719 912 4809 ipsa
948 4711 1275 4781 missione
1315 4701 1674 4796 temporali
1714 4724 1853 4771 non
1899 4700 2016 4767 liat
2055 4694 2219 4786 Spi-

662 4827 834 4895 ritus
888 4817 1310 4909 simpliciter,
1350 4811 1471 4881 sed
1528 4809 1645 4877 fiat
1700 4817 1775 4876 ut
1825 4806 1917 4875 ibi
1973 4805 2216 4872 existat

662 4931 796 5000 hoc
824 4924 1030 4996 modo
1082 4944 1219 5014 quo
1259 4921 1448 5013 prius
1497 4915 1590 4985 ibi
1622 4937 1763 4984 non
1802 4913 1952 4990 tuit,
1983 4917 2051 4979 et
2088 4907 2220 4975 hoc

665 5062 788 5132 per
852 5036 1183 5104 rationem
1243 5028 1428 5098 illius
1485 5024 1706 5094 effecti
1760 5017 2214 5089 ostendatur:

667 5144 841 5213 sicut
888 5141 1092 5209 etiam
1131 5136 1423 5204 dicimus
1474 5128 1658 5222 quod
1719 5126 2024 5196 Verbum
2081 5143 2219 5189 non

670 5245 1078 5320 estfactum,
1119 5239 1238 5309 sed
1276 5248 1506 5306 tamen
1548 5240 1650 5302 est
1693 5233 1944 5301 factum
1984 5247 2224 5295 secun·

672 5357 837 5424 dum
877 5374 1175 5427 carnem,
1235 5349 1331 5417 ita
1401 5345 1513 5413 hic
1580 5341 1878 5433 Spiritus
1943 5358 2081 5404 non
2149 5334 2223 5401 fit

674 5463 1024 5535 missione.
1065 5458 1182 5527 sed
1221 5457 1296 5524 tit
1335 5455 1480 5545 ipsa
1530 5451 1853 5518 missione
1902 5442 2084 5537 quod
2123 5451 2224 5510 est

673 5574 745 5640 in
775 5573 903 5639 isto
931 5568 1124 5636 aliter
1161 5586 1369 5656 quam
1420 5561 1659 5652 prius:
1705 5565 1772 5626 et
1808 5555 1952 5624 liaec
1992 5550 2223 5642 opinio

674 5677 897 5767 magis
925 5671 1288 5742 concordat
1318 5689 1476 5737 cum
1517 5662 1714 5733 dictis
1760 5661 2166 5732 Sanctorum
2200 5676 2216 5721 ε

1509 365 1514 372 -
1600 329 1686 396 D.
1738 326 1939 393 ALB.
1986 318 2202 388 MAG.
2257 315 2463 396 ORD.
2513 311 2808 380 PRAED.

2270 496 2335 554 et
2364 477 2514 555 ide‘b
2546 483 2762 573 magis
2792 480 3012 571 placet
3064 476 3257 544 mihi.
3302 474 3421 540 Est
3459 495 3620 560 ergo
3661 493 3820 552 sen—

2271 585 2409 673 suS,
2447 594 2736 682 Spiritus
2774 595 3048 657 sanctus
3096 585 3303 651 mittit
3351 603 3447 662 se,
3499 579 3564 644 id
3614 585 3734 653 est,
3780 599 3818 640 a

2273 702 2629 769 collatione
2705 698 2995 788 Spiritus
3043 715 3176 784 qua
3224 714 3295 758 se
3334 690 3470 766 dat,
3516 694 3615 752 est
3654 683 3819 751 effe-

2273 818 2416 877 etus
2451 811 2518 874 in
2548 828 2682 895 quo
2713 802 3182 872 manifestatur
3214 798 3543 888 Spiritum
3572 814 3717 859 esse
3734 790 3816 856 ab

2275 915 2433 997 alie,
2477 923 2544 981 et
2581 916 2651 979 in
2682 913 2811 978 isto
2850 910 2957 977 cui
2989 908 3281 975 mittitur
3316 929 3332 969 ι
3379 905 3534 993 quia
3570 898 3821 989 princi-

2279 1023 2422 1113 pale
2464 1021 2914 1112 significatum
2954 1016 3144 1083 verbi
3177 1037 3261 1080 ex
3304 1015 3449 1102 ipsa
3500 1007 3820 1075 missione

2277 1129 2567 1196 ostendit
2625 1126 2707 1193 ab
2748 1125 2880 1192 alio
2921 1144 3069 1189 esse
3136 1143 3149 1186 ε
3211 1121 3371 1209 quia
3437 1114 3631 1181 aliter
3686 1133 3821 1176 non

2276 1240 2668 1307 conveniret
2696 1237 2756 1302 ei
2797 1234 2969 1301 mitti
3013 1256 3052 1298 a
3090 1254 3187 1297 se.

2364 1346 2471 1412 Ad
2509 1344 2773 1432 objecta
2831 1363 2992 1430 ergo
3034 1335 3393 1405 dicendum
3462 1354 3581 1421 per
3633 1328 3819 1395 ordi-

2278 1477 2457 1520 nem.

2363 1563 2467 1627 An
2514 1581 2791 1642 ramim,
2851 1553 3038 1646 quod
3077 1552 3369 1643 Spiritus
3418 1546 3623 1613 mittit
3678 1564 3749 1609 se
3788 1565 3805 1607 ε

2281 1680 2347 1738 et
2406 1671 2578 1738 bene
2615 1665 2938 1743 concedo,
3001 1660 3181 1752 quod
3249 1656 3482 1725 missio
3548 1653 3816 1743 passiva

2279 1775 2433 1842 facit
2463 1772 2779 1865 cognosci
2836 1766 3020 1860 quod
3077 1766 3326 1833 missus
3380 1762 3465 1828 ab
3514 1758 3647 1824 alio
3678 1756 3814 1823 sit:

2281 1885 2497 1951 activa
2534 1889 2788 1964 autem,
2844 1876 3029 1968 quod
3086 1875 3335 1941 missus
3402 1868 3487 1935 ab
3555 1866 3670 1932 illo
3738 1865 3825 1930 sit

2283 1992 2398 2082 qui
2428 1990 2719 2057 mittitur
2751 2009 2768 2055 ε
2804 1985 2922 2054 sed
2968 1984 3116 2073 jam
3173 1980 3428 2047 dictum
3468 1983 3593 2049 est,
3644 1971 3826 2063 quod

2281 2100 2497 2190 gratia
2533 2091 2918 2187 principalis
2974 2086 3332 2180 significati
3384 2105 3522 2151 non
3571 2079 3832 2171 egredi-

2285 2215 2392 2273 tur
2410 2212 2601 2273 actus
2630 2198 2971 2269 missionis
3001 2219 3041 2264 a
3069 2192 3421 2285 supposito
3440 2186 3825 2267 locutionis,

2285 2313 2401 2381 sed
2469 2305 2684 2403 gratia
2721 2316 2909 2376 actus
2963 2303 3307 2373 causantis
3364 2298 3639 2367 ess'ectus
3678 2292 3830 2361 illos

2289 2424 2355 2489 in
2396 2419 2643 2512 quibus
2680 2415 3114 2507 cognoscitur
3151 2409 3236 2476 ab
3293 2407 3427 2475 alio
3491 2428 3637 2472 esse
3689 2406 3834 2469 :'et

2290 2528 2438 2596 ideo
2479 2544 2856 2617 pronomen
2911 2516 3207 2589 ostendit
3263 2516 3482 2582 inesse
3550 2506 3830 2600 Spiritui

2288 2643 2521 2703 sancto
2560 2631 2950 2700 missionem
2983 2627 3351 2717 passivam,
3404 2618 3829 2709 suppositum

2289 2752 2515 2811 aut-em
2548 2763 2685 2809 non
2723 2736 3017 2807 ostendit
3043 2736 3263 2802 inesse
3304 2729 3700 2798 missionem
3732 2746 3837 2791 ac·

2293 2854 2563 2920 tivam:
2623 2857 2688 2916 et
2742 2845 2866 2914 sub
2932 2843 3064 2912 hoc
3133 2839 3339 2909 modo
3406 2858 3645 2904 sensus
3704 2842 3828 2905 est.

2296 2959 2592 3049 Spiritus
2630 2954 2833 3023 mittit
2869 2975 2965 3029 se,
3003 2949 3070 3017 id
3108 2957 3235 3027 est,
3277 2970 3317 3013 a
3349 2945 3648 3036 Spiritus
3689 2941 3837 3008 col-

3925 1606 4002 1650 Ad
4033 1607 4071 1651 1.

2297 3067 2546 3136 latione
2575 3065 2644 3132 in
2682 3084 2815 3154 qua
2847 3059 2960 3128 dat
2998 3081 3097 3134 se,
3138 3065 3242 3124 est
3280 3053 3557 3122 effectus
3599 3055 3664 3118 in
3705 3073 3841 3142 quo
3957 3139 3967 3148 .
4045 3070 4063 3083 ·

2295 3172 2727 3265 cognoscitur
2752 3166 2935 3261 quod
2967 3165 3052 3233 ab
3082 3164 3217 3232 alio
3256 3162 3343 3230 sit
3390 3183 3408 3231 t
3457 3170 3522 3230 ct
3563 3159 3692 3227 hoc
3734 3180 3845 3225 ve·

2297 3304 2447 3350 rum
2478 3288 2602 3349 est.

2385 3391 2490 3457 Ao
2526 3408 2722 3455 Αιωο
2750 3381 3137 3457 dicendum,
3179 3377 3363 3469 quod
3411 3376 3836 3466 suppositum

2301 3498 2368 3565 in
2408 3496 2525 3563 illo
2580 3503 2732 3562 actu
2787 3488 2982 3578 cujus
3039 3484 3468 3576 suppositum
3526 3490 3651 3561 est,
3701 3503 3838 3548 non

2303 3600 2541 3695 quaerit
2592 3595 3064 3668 auctoritatem
3113 3593 3179 3659 in
3229 3590 3539 3681 apposito
3606 3610 3623 3655 :
3684 3587 3841 3677 quia

2306 3712 2445 3780 lia-c
2484 3708 2717 3777 missio
2746 3711 2847 3773 est
2883 3724 2966 3772 ex
3007 3707 3339 3791 potestate
3376 3698 3657 3772 amoris,
3711 3717 3846 3761 non

2305 3844 2384 3889 ex
2416 3823 2743 3911 potestate
2780 3810 3203 3879 auctoritatis
3242 3805 3346 3873 vel
3403 3804 3714 3883 dominii,
3777 3810 3847 3869 ut

2306 3925 2615 4018 superius
2644 3922 2713 3989 in
2742 3917 2874 3986 alia
2902 3916 3274 4008 quaestione
3305 3912 3560 3979 dictum
3589 3918 3714 3977 est.

2397 4035 2501 4100 An
2538 4052 2734 4098 maun
2761 4022 3149 4097 dicendum,
3200 4019 3381 4112 quod
3423 4018 3554 4086 hoc
3592 4027 3691 4085 est
3729 4040 3853 4082 ve-

2314 4164 2488 4219 rum,
2522 4136 2704 4229 quod
2742 4135 3104 4202 mitterem
3144 4129 3319 4196 mitti
3352 4129 3566 4217 gratia
3598 4126 3851 4215 princi·

2316 4251 2483 4343 palis
2522 4245 2877 4337 significati
2909 4243 3193 4331 exigunt
3222 4236 3573 4303 distinctas
3623 4258 3856 4324 perso-

2316 4383 2436 4427 nas
2494 4381 2510 4425 :
2572 4354 2688 4423 sed
2727 4375 2863 4421 non
2919 4350 3139 4439 gratia
3178 4344 3454 4412 alterius
3493 4352 3682 4410 actus
3740 4344 3854 4433 qni

2319 4467 2406 4533 ibi
2447 4464 2651 4532 etiam
2697 4469 2798 4527 est
2843 4454 3230 4526 communis
3278 4452 3480 4517 trium
3535 4473 3863 4541 persona-

2319 4597 2494 4652 rum,
2549 4567 2801 4637 scilicet
2857 4559 3239 4632 collationis
3303 4557 3627 4625 effectiva}
3688 4556 3866 4623 illius

2318 4679 2477 4748 doni
2519 4678 2588 4744 in
2626 4695 2763 4765 quo
2794 4671 2867 4738 nt
2906 4677 2977 4736 ut
3010 4669 3171 4736 insit
3212 4665 3504 4755 Spiritus
3542 4673 3814 4731 sanctus
3845 4685 3860 4728 :

2318 4798 2383 4858 et
2403 4787 2552 4856 ideo
2573 4805 2713 4853 non
2741 4784 3033 4870 oportet,
3056 4773 3238 4867 quod
3273 4773 3566 4866 Spiritus
3595 4778 3867 4839 sanctus

2320 4896 2778 4981 distinguatur
2802 4909 2840 4953 a
2870 4907 2966 4954 se.

2409 5003 2511 5069 An
2559 5019 2752 5066 Auru
2790 4992 3177 5073 dicendum,
3212 4987 3394 5080 quod
3434 4988 3618 5056 aliud
3665 4996 3760 5055 est
3797 4988 3864 5054 in

2324 5112 2521 5177 l'atre
2565 5130 2579 5174 :
2616 5105 2772 5195 quia
2806 5103 2872 5168 in
2906 5100 3102 5168 Patre
3134 5094 3500 5188 principale
3530 5096 3865 5186 signitica-

2321 5229 2466 5289 tum
2521 5213 2708 5283 verbi
2768 5207 2949 5301 quod
3006 5216 3107 5275 est
3171 5207 3408 5274 missio
3474 5207 3740 5295 passiva
3797 5206 3865 5271 in

2321 5330 2652 5417 quantum
2701 5325 2878 5384 tenet
2923 5337 2994 5380 se
3032 5336 3118 5380 ex
3158 5320 3343 5402 parte
3382 5312 3700 5402 appositi,
3745 5334 3867 5378 nec

2323 5436 2630 5520 respectu
2660 5422 2789 5498 sui,
2824 5443 2946 5487 ncc
2971 5427 3274 5508 respectu
3305 5416 3589 5506 alicujus
3619 5417 3864 5483 salvari

2326 5544 2593 5630 potest:
2654 5531 2809 5622 quia
2866 5526 3054 5593 nullo
3115 5525 3319 5592 modo
3360 5535 3458 5593 cst
3503 5525 3589 5591 ab
3627 5525 3762 5592 alio
3795 5533 3870 5592 ut

2324 5648 2501 5720 mitti
2539 5640 2753 5735 possit
2793 5660 2810 5705 :
2862 5646 2928 5704 et
2965 5635 3119 5704 ideo
3169 5658 3304 5704 non
3339 5643 3566 5726 potest
3604 5635 3869 5727 signiti-

3950 3429 4018 3473 Ad
4041 3432 4083 3476 2.

3961 4068 4076 4113 Αά3

3972 5026 4039 5073 Ad
4066 5027 4108 5075 4.
