4897 6388
558 279 673 431 „io
763 310 771 315 ’
1624 339 1961 463 nque.
2011 338 2228 407 MAG.
2282 336 2485 406 ono.
2542 338 2834 413 PRAED.

586 497 758 587 Cum
826 525 1057 585 autem
1098 537 1239 583 non
1302 514 1503 606 plura
1566 510 2007 582 circumstent
2042 513 2140 580 in·

583 626 951 707 tellectum,
988 649 1130 695 non
1168 634 1329 695 sunt
1350 625 1581 717 plures
1630 647 1867 694 seusus
1912 622 2138 713 Scrip-

582 740 774 801 turae.

538 873 542 877 <
585 920 601 931 N
668 841 890 911 Penes
940 844 1253 933 exposita
1294 863 1626 908 numerus
1654 839 1783 906 iste
1815 838 2139 927 accipitur

583 948 715 1017 sic:
763 948 1115 1040 Scriptura
1134 955 1356 1038 potest
1389 944 1645 1013 attendi
1684 965 1892 1033 penes
1922 944 2139 1009 inten-

581 1063 730 1124 tum
795 1079 836 1123 a
898 1054 1261 1132 scribente,
1297 1050 1406 1119 vel
1474 1071 1683 1140 penes
1733 1050 2067 1115 intentum
2098 1067 2138 1113 a

583 1161 842 1253 Spiritu
872 1162 1252 1251 inspirante
1295 1166 1362 1226 et
1389 1156 1848 1226 illuminante.
1896 1153 1968 1221 Si
2005 1154 2136 1244 pri·

580 1294 694 1339 mo
753 1270 989 1355 mode,
1024 1270 1123 1337 sic
1160 1277 1263 1336 est
1329 1290 1572 1335 seusus
1620 1264 1986 1334 historicus
2020 1285 2036 1331 ε
2077 1263 2135 1331 si

575 1375 878 1446 secundo
929 1376 1164 1454 modo,
1212 1377 1554 1444 intentum
1603 1396 1644 1442 a
1701 1371 1982 1464 Spiritu,
2020 1377 2138 1438 aut

576 1490 677 1551 est
726 1492 1039 1575 respectu
1086 1484 1242 1563 viae,
1288 1491 1407 1551 aut
1462 1488 1774 1572 respectu
1838 1480 2128 1570 patriae:

574 1594 632 1660 si
659 1592 664 1596 ’
696 1600 1008 1684 respectu
1050 1594 1215 1673 viae,
1275 1600 1397 1660 aut
1431 1590 1828 1659 secundum
1892 1608 2133 1656 verum

582 1701 767 1782 fidei,
825 1710 894 1770 et
949 1703 1047 1771 sic
1086 1709 1188 1771 est
1241 1722 1483 1769 sensus
1516 1694 1920 1789 allegoricus
1964 1716 1981 1762 :
2017 1702 2136 1761 aut

577 1808 954 1878 secundum
986 1809 1249 1877 bonum
1279 1828 1594 1897 operum,
1637 1813 1707 1873 et
1741 1804 1838 1872 sic
1867 1810 1970 1871 est
1989 1824 2133 1871 mo-

574 1916 781 1985 ralis:
821 1916 877 1984 si
910 1923 1143 1985 autem
1174 1923 1276 1984 est
1308 1915 1649 1982 intentum
1680 1919 1990 2003 respectu
2017 1933 2133 2001 pa-

571 2026 745 2104 triae,
780 2033 946 2093 tunc
982 2034 1088 2094 est
1125 2024 1575 2115 anagogicus.

661 2130 742 2199 In
799 2138 1135 2223 quantum
1200 2138 1434 2198 autem
1488 2128 1646 2196 finis
1701 2134 1828 2209 est,
1878 2123 2131 2195 scilicet

444 2254 449 2258 ’
569 2236 1113 2307 contradicentes
1206 2236 1585 2313 revincere,
1635 2230 1840 2301 habet
1919 2231 2128 2299 alium

565 2334 879 2413 modum.
925 2342 1423 2412 Contradicens
1474 2341 1663 2409 enim
1701 2361 1842 2408 non
1894 2340 2125 2407 revin-

567 2448 744 2517 citur
771 2450 902 2517 nisi
934 2447 1231 2525 duobus,
1265 2446 1524 2515 scilicet
1562 2443 1966 2535 probatione
2002 2465 2128 2511 ve-

569 2556 817 2641 ritatis,
856 2565 926 2625 et
951 2555 1503 2625 manifestatione
1527 2553 1802 2622 erroris,
1835 2550 1986 2621 Hoc
2012 2574 2128 2618 au·

573 2679 712 2739 tem
758 2689 901 2736 non
955 2666 1035 2734 fit
1087 2665 1222 2734 nisi
1287 2686 1409 2754 per
1461 2661 2123 2754 argumentationem

572 2796 954 2867 congruam
984 2795 1026 2840 a
1064 2773 1331 2840 ratione
1369 2768 1821 2848 auctoritatis,
1851 2766 1960 2836 vel
2000 2788 2127 2834 na-

572 2882 811 2954 turalis
850 2882 1158 2962 rationis,
1191 2879 1302 2949 vel
1327 2877 1797 2947 similitudinis
1824 2899 2121 2966 congrue

568 2997 960 3081 sumptam:
994 2994 1063 3057 et
1090 2987 1189 3056 sic
1216 2984 1351 3055 hoc
1380 2985 1591 3053 modo
1619 2982 2120 3074 argumentatio

562 3097 719 3168 talis
740 3097 884 3165 ‘erit
921 3096 1457 3164 instrumentum
1489 3094 1664 3182 ejus,
1695 3099 1764 3160 et
1808 3090 1911 3179 (ut
1940 3094 2123 3180 patet

560 3205 633 3274 iu
660 3204 1024 3297 prooemio)
1080 3203 1209 3271 iste
1237 3201 1487 3271 modus
1536 3208 1640 3268 est
1692 3198 1994 3268 scientioe
2025 3197 2121 3266 is-

559 3312 696 3381 tius
724 3310 912 3392 libri,
931 3308 1071 3379 alii
1099 3317 1336 3379 autem
1365 3307 1552 3376 modi
1582 3313 1744 3375 sunt
1771 3303 2117 3375 observati

561 3418 636 3487 in
663 3416 915 3488 Biblia.

989 3840 1503 3912 ARTICULUS
1557 3839 1677 3909 vl.

640 4058 751 4125 An
780 4054 1031 4125 divisio
1064 4054 1244 4125 bona
1273 4057 1369 4124 sil
1397 4055 1470 4123 in
1503 4077 1634 4138 res,
1665 4063 1730 4122 et
1755 4053 1960 4143 siqua
1985 4051 2026 4119 ?

647 4387 785 4456 Sed
808 4385 1290 4458 revertendum
1344 4394 1450 4455 est
1502 4386 1750 4453 iterum
1793 4382 1878 4452 ad
1908 4384 2112 4451 Liue-

555 4519 734 4576 ram,
792 4494 881 4566 ad
933 4493 1067 4564 hoc
1121 4492 1309 4586 quod
1383 4493 1547 4561 dicit
1638 4491 2103 4582 Augustinus:

554 4628 592 4667 α
632 4601 875 4672 Omnis
913 4601 1228 4671 doctrina
1254 4598 1366 4668 vel
1411 4621 1638 4667 rerum
1679 4605 1806 4676 est,
1847 4595 1954 4665 vel
2014 4595 2111 4663 si-

555 4734 590 4774 «
630 4731 951 4802 gnorum,
994 4716 1101 4777 etc
1133 4707 1182 4778 ¹.
1220 4731 1254 4773 n

642 4818 705 4883 1.
740 4815 904 4884 llaec
938 4817 1124 4884 enim
1175 4813 1423 4883 divisio
1478 4835 1620 4882 non
1656 4812 1926 4880 videtur
1961 4833 2108 4879 esse

547 4944 670 5013 per
725 4920 1043 5013 opposita
1089 4944 1108 4990 ε
1173 4920 1361 5011 quia,
1418 4919 1596 4987 sicut
1650 4918 1826 4986 inira
1892 4917 2101 4986 dicit:

560 5059 594 5095 οι
632 5029 855 5098 Omne
928 5030 1205 5120 signum
1267 5050 1373 5095 res
1411 5025 1638 5117 aliqua
1683 5033 1826 5095 est:
1875 5049 1909 5091 n
1941 5045 2105 5115 ergo

551 5160 768 5206 unum
798 5135 1253 5206 dividentium
1283 5133 1693 5224 praedicatur
1740 5131 1823 5201 de
1862 5132 2100 5212 altero,

550 5248 621 5310 et
655 5242 748 5309 ita
785 5264 927 5309 non
956 5249 1061 5309 est
1090 5262 1213 5330 per
1252 5239 1591 5329 opposita.

639 5350 704 5416 2.
729 5348 1090 5426 Praeterea,
1105 5346 1280 5415 Cum
1295 5346 1456 5415 dicit
1474 5346 1927 5437 AugustinuS,
1945 5346 2103 5415 Om-

542 5459 663 5525 πίε·
680 5457 995 5525 doctrina
1022 5455 1203 5535 talis,
1236 5462 1355 5522 aut
1395 5453 1799 5545 intelligitur
1825 5452 1908 5522 de
1936 5454 2102 5523 doc-

599 5657 637 5723 ’ί
669 5686 726 5746 S.
747 5679 1124 5755 Accusas-us,
1148 5684 1274 5743 Lib.
1297 5684 1417 5742 lde
1439 5685 1720 5744 Doctrina
1751 5683 2095 5752 christiana,

2246 512 2424 578 trina
2481 512 2867 592 universali,
2930 491 3058 583 aut?
3093 516 3175 584 de
3215 517 3523 585 doctrina
3586 540 3790 585 sacrae

2246 616 2637 709 Scripturae.
2676 618 2750 686 Si
2793 620 3290 710 universaliter,
3334 634 3498 693 ωηο
3525 625 3793 692 videtur

2244 752 2390 798 esse
2419 729 2662 796 falsum
2709 752 2723 795 :
2777 731 2936 821 quia
2994 733 3155 800 dicit
3194 735 3569 814 Avicenua,
3607 735 3790 826 quod

2244 835 2554 926 quaedam
2602 836 2896 904 scientiae
2924 846 3084 905 sunt
3126 838 3208 905 de
3240 841 3442 908 rebus
3483 849 3780 909 naturae:

2242 941 2555 1030 quaedam
2587 952 2812 1011 autem
2843 943 2926 1012 de
2962 944 3069 1013 his
3103 967 3252 1035 quae
3285 945 3517 1014 fiunta
3545 947 3782 1017 nobis:

2247 1047 2559 1136 quaedam
2609 1059 2832 1117 autem
2864 1051 2946 1120 de
2985 1052 3092 1120 his
3131 1075 3281 1144 quae
3342 1053 3515 1120 liunt
3561 1055 3644 1121 ab
3684 1058 3787 1123 in-

2240 1152 2537 1233 tellectu,
2599 1156 2770 1223 sicut
2807 1159 2978 1225 scire
3036 1160 3115 1227 de
3182 1178 3548 1228 sermone:
3598 1185 3788 1252 quae-

2237 1258 2396 1327 dam
2435 1271 2660 1328 autem
2692 1262 2773 1330 de
2810 1262 2916 1331 his
2971 1287 3121 1355 quae
3155 1268 3326 1336 fiunt
3379 1292 3420 1335 a
3456 1290 3646 1336 mera
3670 1292 3789 1336 vo-

2238 1369 2521 1453 luntate,
2556 1381 2629 1439 ut
2668 1374 2961 1442 scientiae
3000 1376 3333 1445 morales:
3378 1386 3446 1446 et
3477 1380 3569 1447 ita
3606 1378 3788 1446 vide·

2236 1486 2375 1564 tur,
2412 1481 2595 1571 quod
2634 1505 2773 1551 non
2821 1486 3298 1554 universaliter
3334 1510 3442 1555 res
3487 1496 3554 1556 et
3591 1489 3785 1579 signa

2237 1604 2519 1651 omnem
2558 1584 2935 1657 doctrinam
2967 1590 3571 1682 comprehendant,
3604 1615 3783 1682 prae-

2236 1688 2433 1781 cipue
2462 1692 2835 1761 secundum
2866 1696 3051 1787 quod
3089 1698 3363 1789 signum
3403 1698 3514 1767 hic
3541 1701 3784 1789 accipi·

2236 1802 2348 1864 tur
2383 1818 2507 1886 pro
2529 1808 2951 1868 sacramento
2983 1800 3494 1872 demonstrante
3522 1813 3589 1872 et
3618 1827 3774 1872 cau-

2234 1914 2427 1972 sante
2463 1908 2773 1995 gratiam.
2811 1904 2887 1973 Si
2944 1914 3172 1977 autem
3228 1909 3649 2002 intelligatur
3694 1911 3776 1980 de

2233 2009 2544 2080 doctrina
2580 2014 2707 2081 ista
2737 2022 3027 2095 tantum,
3060 2023 3226 2085 tunc
3262 2016 3486 2087 adhuc
3509 2019 3776 2087 videtur

2232 2139 2380 2187 esse
2409 2118 2653 2187 falsum
2681 2143 2699 2188 ε
2732 2122 2894 2212 quia
2935 2122 3246 2213 quaedam
3275 2134 3436 2193 suut
3458 2148 3563 2194 res
3593 2135 3658 2194 et
3685 2128 3776 2193 si-

2231 2246 2391 2316 gna,
2434 2226 2605 2295 sicut
2650 2226 2998 2297 character
3035 2230 3485 2321 baptismalis,
3518 2241 3583 2301 et
3622 2256 3778 2302 cor·
3865 2244 3870 2251 '

2230 2353 2359 2422 pus
2386 2330 2634 2401 Christi
2664 2357 2927 2415 verum,
2962 2345 3029 2404 et
3056 2337 3476 2427 hujusmodi.

2321 2439 2386 2509 3.
2437 2438 2801 2523 Praeterea,
2867 2441 3214 2535 Quidquid
3283 2454 3384 2515 est
3449 2448 3519 2515 in
3585 2471 3776 2518 sacra

2233 2544 2605 2637 Scriptura,
2630 2550 2955 2640 accipitur
2975 2561 3048 2619 ut
3067 2553 3366 2644 signum.
3397 2554 3730 2624 Pnonuto
3753 2580 3769 2626 ι

2227 2656 2550 2748 Antiquis
2614 2659 2796 2726 enim
2845 2660 3077 2728 omnia
3154 2664 3645 2756 contingebant
3703 2668 3773 2734 in

2227 2760 2471 2854 figura.
2517 2763 2647 2832 Res
2704 2774 2932 2835 autem
2989 2769 3227 2837 mundi
3285 2793 3528 2839 omnes
3594 2774 3772 2841 acci-

2226 2870 2507 2959 piuntur
2535 2872 2604 2939 in
2663 2874 2922 2943 ratione
2969 2876 3287 2967 signandi
3318 2876 3766 2949 Creatorem:

2226 2997 2389 3069 ergo
2427 2987 2531 3046 est
2584 2980 2817 3048 eadem
2875 2977 3182 3051 doctrina
3222 2983 3305 3053 de
3351 2985 3553 3055 rebus
3591 2986 3767 3056 etde

2225 3084 2481 3177 signis:
2524 3111 2661 3155 non
2701 3112 2861 3181 ergo
2895 3090 3006 3159 vel
3044 3091 3129 3160 de
3159 3093 3386 3172 rebuS,
3421 3094 3527 3161 vel
3563 3094 3644 3164 de
3681 3098 3770 3164 si-

2223 3193 2380 3285 gnis
2407 3194 2532 3263 sub
2562 3198 3012 3287 oppositione,
3047 3201 3222 3268 sicut
3252 3200 3419 3270 dicit
3445 3203 3764 3295 Augusti·

2224 3323 2381 3370 nus.

2311 3529 2416 3596 An
2475 3554 2598 3598 noc
2668 3555 3020 3615 ηιοεκηωι,
3093 3537 3276 3627 quod
3332 3538 3579 3609 divisio
3638 3542 3763 3609 ista

2223 3658 2362 3705 non
2393 3646 2497 3705 est
2523 3660 2642 3728 per
2669 3642 3013 3731 oppositas
3054 3666 3184 3722 reS,
3229 3645 3346 3713 sed
3376 3669 3498 3738 per
3555 3672 3766 3740 oppo-

2222 3744 2386 3812 sitas
2416 3748 2733 3815 rationes.
2780 3747 3101 3818 Rationes
3151 3762 3380 3821 autem
3421 3755 3564 3824 istae
3605 3765 3763 3824 sunt

2222 3847 2637 3928 absolutum,
2669 3853 2777 3920 vel
2811 3854 2896 3922 ad
2942 3854 3128 3924 aliud
3169 3858 3456 3928 relatum
3515 3884 3763 3931 secun-

2221 3950 2387 4019 dum
2444 3956 2772 4023 rationem
2838 3959 3292 4048 significandi.
3347 3963 3760 4033 Absolutum

2222 4067 2450 4127 autem
2499 4070 2780 4129 vocatur
2807 4062 2916 4133 hic
2955 4087 3061 4133 res
3094 4088 3122 4158 :⁵
3146 4071 3445 4160 eo-quod
3476 4071 3759 4142 intentio

2222 4167 2522 4234 nominis
2551 4171 2642 4235 rei
2701 4193 2837 4238 non
2881 4171 3043 4242 dicit
3079 4174 3478 4245 relationem
3509 4178 3594 4245 ad
3634 4179 3762 4247 ali-

2221 4272 2410 4364 quid,
2460 4275 2931 4367 sicutsignum
2992 4279 3393 4350 relationem
3452 4284 3628 4376 signi
3676 4287 3759 4354 ad

2218 4381 2612 4471 signatum:
2658 4383 2842 4474 quod
2870 4385 3200 4476 probatur
3247 4413 3367 4479 per
3420 4394 3757 4462 rationem

2217 4488 2395 4579 signi
2446 4490 2739 4579 positam
2799 4493 2868 4560 in
2897 4494 3233 4588 principio
3288 4497 3440 4567 libri
3483 4504 3753 4592 quarti:

2222 4592 2511 4686 Signum
2565 4606 2666 4665 est
2704 4599 2886 4690 quod
2942 4612 3186 4692 praeter
3221 4607 3517 4696 speciem
3548 4632 3753 4699 quam

2219 4701 2467 4792 ingerit
2495 4705 2827 4789 sensibus,
2869 4706 3024 4776 facit
3063 4709 3320 4802 aliquid
3351 4714 3419 4779 in
3445 4716 3757 4784 notitiam

2215 4812 2473 4878 venire.
2509 4810 2638 4879 ltes
2666 4822 2890 4881 autem
2923 4815 3235 4885 absoluto
3268 4820 3612 4890 intellectu
3644 4844 3760 4891 ac-

2216 4918 2464 5006 cipitur
2490 4940 2530 4985 a
2586 4921 2843 4988 ratione
2882 4923 3087 5013 signi,
3129 4933 3194 4992 et
3233 4924 3389 4995 licet
3446 4930 3757 5019 quando-

2216 5047 2349 5116 que
2379 5029 2747 5115 accipiatur
2786 5030 2853 5096 in
2886 5034 3145 5099 ratione
3178 5033 3388 5117 utilis,
3433 5045 3496 5105 et
3525 5038 3623 5106 sic
3670 5038 3755 5106 ad

2215 5133 2473 5226 aliquid
2504 5137 2849 5221 referatur,
2884 5149 3045 5210 tunc
3100 5145 3309 5212 etiam
3367 5147 3607 5216 relatio
3639 5148 3752 5216 illa

2213 5264 2351 5312 non
2401 5242 2600 5312 habet
2654 5247 2984 5315 rationem
3025 5248 3374 5321 relationis
3404 5255 3581 5346 signi
3614 5278 3642 5322 -:
3687 5264 3749 5322 et

2212 5351 2308 5418 sic
2333 5359 2538 5441 patet,
2573 5351 2754 5443 quod
2774 5361 2873 5420 est
2903 5377 3021 5444 per
3050 5359 3394 5448 oppositas
3427 5362 3748 5446 rationeS,

2208 5455 2364 5525 licet
2392 5459 2737 5548 supposita
2775 5461 3183 5553 quandoque
3214 5466 3348 5532 sint
3377 5466 3640 5539 cadem.

2208 5703 2337 5762 cap.
2367 5691 2423 5744 2.

3859 3545 4043 3594 solutio

3881 3604 3959 3648 Ad
3989 3605 4031 3650 1.
4137 3671 4140 3674 Ι
