4897 6388
621 414 625 417 Α
723 320 866 384 mo

440 2863 635 2911 solutio.

494 4820 612 4871 dt.

727 487 985 552 ‘factum
1014 492 1118 554 est
1151 478 1437 552 materia
1482 495 1497 550 2
1534 499 1696 564 ergo
1743 475 1921 543 Deus
1962 482 2024 539 et
2077 479 2283 539 mate·

737 594 833 660 ria
864 589 970 662 vel
995 589 1293 678 potenti‘a
1327 582 1699 659 materialis
1734 605 1868 648 uon
1892 590 2048 650 suut
2074 579 2275 646 idem.

822 703 885 765 2.
934 697 1130 773 ltem,
1174 692 1638 782 Philosophus
1688 713 1703 760 2
1758 689 2064 758 Primum
2111 686 2281 776 regit

723 819 841 872 'res
874 812 1324 895 praeterquam
1359 800 1540 889 quod
1573 799 2094 869 commisceatur
2127 814 2279 859 cum

723 915 829 980 'eis
864 933 880 981 ε
924 911 1041 979 sed
1073 911 1355 978 materia
1402 907 1882 978 commiscetur
1922 923 2071 996 eum
2125 922 2281 966 om-

735 1022 934 1089 nibus
980 1040 1191 1107 :ergo
1245 1016 1523 1084 materia
1566 1037 1704 1082 non
1753 1020 1852 1079 est
1901 1011 2106 1084 DeuS,
2157 1029 2279 1074 nee

734 1128 1036 1218 potentia
1070 1123 1435 1194 materialis
1477 1121 1780 1210 potentia
1819 1119 2069 1185 divina.

717 1282 720 1285 >
822 1237 887 1303 3.
935 1234 1130 1314 Item,
1186 1229 1371 1297 Nihil
1429 1238 1531 1298 est
1584 1227 1752 1294 adeo
1812 1224 2278 1314 imperfectum

735 1345 907 1411 sieut
940 1343 1005 1409 id
1064 1339 1247 1430 quod
1296 1337 1643 1427 perficitur
1702 1333 2023 1402 omnibus
2071 1331 2280 1401 nilve-

734 1448 1076 1516 nientibus
1106 1446 1230 1513 sibi
1279 1469 1292 1510 ε
1349 1444 1633 1510 materia
1683 1443 1898 1531 prima
1940 1439 2282 1527 pei-licitur

735 1557 1054 1625 omnihus
1092 1551 1613 1622 advenientibus
1643 1550 1771 1621 sibi
1824 1571 1838 1614 :
1904 1570 2065 1636 ergo
2134 1546 2278 1634 ipsa

733 1674 835 1734 est
861 1661 1475 1752 imperfectissima.

721 1811 724 1814 >
822 1771 1022 1849 Item,
1086 1767 1268 1839 Nihil
1322 1776 1423 1835 est
1458 1765 1627 1862 adeo
1690 1764 2056 1854 perfeetum
2107 1760 2281 1826 sieut

733 1881 800 1947 id
831 1877 1013 1969 quod
1051 1875 1370 1944 omnibus
1428 1874 1736 1964 largitur,
1773 1880 1839 1940 et
1879 1869 2044 1939 nihil
2107 1866 2269 1935 reci·

719 1991 831 2079 pit
868 2010 883 2055 :
930 1989 1226 2079 primum
1258 1984 1559 2055 officiens
1607 1981 1927 2052 omuibus
1968 1977 2273 2066 largitur,

715 2105 802 2163 -et
838 2093 1008 2161 nibil
1066 2091 1348 2182 recipit:
1401 2111 1567 2180 ergo
1623 2087 1808 2156 Deus
1838 2094 1939 2154 est
1979 2085 2276 2151 maxime

729 2201 1088 2292 perfectus.
1153 2196 1316 2267 Inde
1361 2197 1459 2265 sie
1517 2215 1562 2266 ε·
1599 2192 2173 2264 Perfeetissimum
2211 2198 2278 2259 et

730 2308 1390 2401 imperfectissimum
1424 2305 1721 2375 maxime
1760 2303 2011 2374 distant
2043 2321 2058 2368 ε
2094 2300 2277 2369 Deus

729 2427 830 2487 est
897 2439 1165 2486 summe
1233 2414 1632 2507 perfeetum.
1701 2411 1984 2483 materia
2058 2409 2278 2501 prima

729 2546 999 2593 summe
1020 2521 1488 2615 imperfectum
1509 2518 1883 2589 seeundum
1917 2525 2230 2588 naturam
2255 2535 2270 2580 :

731 2653 893 2721 ergo
926 2630 1223 2699 maxime
1253 2628 1504 2698 distant
1543 2636 1611 2697 et
1640 2625 1983 2694 differunt.

823 2845 1130 2915 Somno.
1183 2841 1586 2922 Dicendum,
1628 2838 1813 2930 quod
1875 2838 1940 2904 in
1983 2835 2129 2903 Deo
2177 2842 2272 2902 est

731 2953 1034 3045 potentia
1066 2949 1538 3021 universaliter
1565 2947 1921 3019 efficientis
1957 2966 2179 3014 eausae
2214 2950 2278 3009 et

728 3061 1178 3132 substantiam
1208 3058 1534 3134 materiae.
1576 3064 1644 3127 et
1673 3054 1924 3126 formas
1955 3054 2021 3119 in
2050 3074 2154 3121 ea.
2201 3049 2274 3118 ln

727 3178 975 3238 natura
998 3175 1223 3237 autem
1256 3187 1392 3234 nnn
1442 3171 1547 3233 est
1595 3161 1896 3254 potentia
1944 3157 2272 3230 ellicieudi

728 3278 857 3346 nisi
897 3277 1215 3357 sormam,
1248 3282 1315 3343 et
1351 3272 1666 3343 similiter
1697 3272 1786 3340 iu
1809 3280 1975 3339 arte.
2020 3269 2278 3337 Poten-

724 3389 821 3457 tia
841 3396 1070 3456 autem
1095 3407 1314 3455 causae
1353 3380 1661 3454 fortunalis
1683 3379 2082 3464 intelligitur
2109 3377 2276 3446 duo·

727 3494 854 3563 bus
909 3493 1131 3562 modis
1195 3500 1355 3562 :est
1392 3491 1578 3559 enim
1634 3488 1856 3556 forma
1913 3487 2273 3555 intrinseca

724 3602 894 3670 dans
931 3625 1105 3682 esse,
1139 3609 1206 3669 et
1232 3600 1531 3669 existens
1561 3620 1717 3688 {iarn
1743 3596 1893 3682 ejus
1946 3596 2056 3664 cui
2095 3594 2210 3662 dat
2253 3616 2269 3661 ε

724 3720 792 3780 et
832 3711 977 3778 haee
1017 3732 1155 3778 non
1184 3718 1284 3776 est
1317 3708 1523 3777 Deus.
1570 3704 1688 3775 list
1724 3705 1928 3772 etiam
1971 3703 2275 3771 forinalis

724 3829 942 3897 extra,
975 3828 1041 3886 et
1072 3816 1420 3907 exemplar
1447 3815 1730 3883 formale
1769 3823 1868 3881 est
1920 3812 2005 3879 ad
2048 3834 2275 3879 ‹menn-

724 3928 1015 4019 platum‚
1050 3936 1123 3996 ut
1171 3926 1473 4013 ligneum
1504 3920 1767 3992 wtular
1821 3947 1892 3988 se
1930 3918 2131 3988 babet
2187 3920 2270 3987 ad

723 4035 1023 4103 calceum
1069 4056 1084 4100 ε
1121 4042 1188 4102 et
1217 4033 1312 4099 sie
1352 4031 1532 4099 Deus
1589 4037 1691 4098 eat
1721 4051 1928 4097 eausa
1969 4025 2274 4096 formalis·

725 4164 845 4231 per
909 4140 1153 4207 ideam.
1229 4137 1538 4205 Potentia
1604 4145 1833 4205 autem
1903 4134 2121 4203 linaiis
2174 4141 2271 4200 est

723 4251 865 4338 ipse
909 4270 924 4316 :
969 4249 1129 4338 quia
1167 4256 1441 4336 propter
1478 4247 1702 4335 ipsum
1751 4254 1933 4318 sunit,
1969 4245 2163 4318 liunt,
2207 4253 2266 4309 et

720 4366 1034 4425 constant
1086 4356 1345 4430 omnia,
1389 4355 1609 4443 ipsum
1666 4362 1990 4443 appetunt
2038 4374 2273 4419 seeun-

724 4465 884 4533 dum
927 4463 1111 4555 quod
1147 4470 1452 4552 possunt.
1499 4460 1810 4528 Potentia
1851 4469 2077 4527 autem
2118 4484 2272 4527 caii·

723 4595 816 4639 ⁸oe
848 4572 1216 4639 materialis
1245 4569 1432 4639 nullo
1463 4567 1697 4646 modo,
1748 4569 1922 4635 sicut
1962 4590 2274 4634 necessa-

727 4683 827 4747 rio
862 4680 1219 4769 probatum
1255 4688 1379 4755 est,
1421 4678 1740 4744 convenit
1778 4679 1866 4744 ui.

815 4789 916 4852 An
957 4810 1020 4852 m
1051 4786 1232 4876 quenl
1272 4785 1613 4871 anicitur,
1665 4783 2023 4851 dicendum
2086 4779 2268 4871 quenl

727 4895 939 4963 multa
984 4894 1294 4962 ditl'erunt
1332 4916 1480 4984 quaa
1529 4894 1770 4983 seipsis
1816 4891 2160 4969 differunt,
2205 4900 2264 4957 et

725 5012 822 5071 est
880 5004 1195 5072 instantia
1237 5002 1318 5069 ad
1369 5011 1876 5090 argumentum.
1940 4999 2148 5067 homo
2205 5010 2269 5066 et

723 5108 1606 5179 asinusdiss'eruutrationali
1631 5119 1695 5176 et
1720 5108 2084 5177 irrationali
2112 5131 2128 5176 ε
2160 5130 2270 5175 ra·

723 5218 974 5286 tionale
1005 5228 1229 5287 autem
1272 5228 1336 5285 et
1363 5216 1755 5285 irrationale
1784 5216 2101 5283 differunt
2128 5238 2266 5284 non

719 5350 841 5417 per
895 5327 1341 5393 differentiam
1412 5348 1618 5414 quam
1690 5333 1765 5393 ut
1831 5333 2086 5414 partem
2163 5323 2266 5391 sui

718 5432 1039 5500 claudunt
1082 5434 1149 5498 in
1190 5456 1284 5508 se,
1346 5431 1461 5498 sed
1518 5432 1784 5521 seipsis,
1837 5431 2029 5496 aliter
2084 5431 2264 5497 enim

799 5669 815 5703 ¹
847 5624 933 5721 Ci.
955 5666 1163 5736 Supra,
1204 5664 1349 5723 nist.
1383 5663 1526 5721 vm.

1560 331 1569 338 ·
1642 379 1647 385 ¹
1731 303 1821 372 u.
1874 300 2072 368 Am
2129 296 2345 368 MAG.
2399 296 2604 388 om).
2660 300 2959 392 rasae.

2390 481 2735 560 oporteret
2768 475 2833 539 in
2887 473 3225 541 infinitum
3276 476 3458 542 abire
3497 447 3572 541 'iu
3613 455 3936 541 differen-

2391 581 2523 648 tiis.
3168 665 3174 671 Α

2477 690 2579 755 An
2618 713 2815 756 Αιιυυ
2846 691 3231 769 dicendum,
3278 693 3462 782 quod
3513 717 3631 759 ens
3675 695 3934 758 increa-

2387 804 2531 861 tum
2590 821 2728 862 non
2787 798 3203 868 abstrahitur
3238 802 3322 870 ab
3363 810 3514 871 ente
3565 812 3635 867 ut
3679 798 3934 889 simpli·

2387 904 2530 969 eius
2569 928 2606 970 a
2648 907 2874 972 minus
2914 909 3200 996 simplici
3242 934 3255 975 :
3302 918 3364 976 et
3404 909 3534 977 hoc
3574 910 3929 999 probatum

2386 1019 2488 1077 est
2525 1035 2728 1100 supra
2761 1015 2777 1048 ¹
2826 1036 2840 1081 :
2879 1015 2995 1083 sed
3023 1015 3436 1084 abstrahitur
3466 1026 3537 1083 ut
3567 1039 3928 1084 commuue

2387 1117 2848 1203 proportionis
2880 1120 3063 1207 quod
3093 1143 3258 1188 vere
3298 1129 3364 1188 et
3395 1123 3662 1210 proprie
3712 1130 3814 1186 est
3862 1121 3928 1185 in

2388 1222 2531 1288 Deo
2564 1232 2628 1289 et
2656 1226 3079 1315 simpliciter,
3119 1230 3183 1294 iu
3216 1239 3522 1299 ereatura
3554 1238 3781 1296 autem
3826 1253 3933 1294 re-

2386 1339 2653 1418 ceptum
2698 1341 2765 1398 et
2796 1344 3188 1401 concretum
3242 1336 3772 1403 habitudinibus,
3830 1336 3932 1400 si-

2388 1436 2638 1502 militer
2674 1460 2795 1504 ens
2844 1439 2911 1504 in
2962 1443 3265 1529 potentia
3311 1465 3445 1508 nou
3497 1443 3770 1531 ponitur
3815 1465 3933 1530 per

2385 1565 2505 1610 ens
2545 1544 2729 1634 quod
2760 1555 2861 1617 est
2893 1550 3190 1637 primum
3237 1551 3645 1640 principium
3686 1549 3930 1616 sorma-

2385 1648 2447 1717 le
2503 1653 2676 1718 entis
2738 1677 2753 1719 :
2817 1653 3002 1742 quod
3040 1663 3223 1744 patet
3261 1678 3344 1725 ex
3405 1654 3534 1723 hoe
3577 1655 3756 1747 quod
3814 1677 3932 1722 eus

2388 1758 2571 1846 quod
2628 1767 2730 1830 est
2787 1762 3082 1849 primum
3145 1765 3212 1830 iu
3271 1762 3613 1832 intellectu
3670 1763 3929 1831 abstra-

2386 1863 2614 1944 hente,
2641 1865 2970 1938 dividitur
2998 1893 3117 1960 per
3145 1873 3542 1962 potentiam,
3585 1879 3650 1938 et
3678 1878 3926 1938 aetum.

2391 1972 2584 2042 Unde
2623 1976 2889 2045 etiamsi
2918 1978 3139 2068 prima
3170 1980 3338 2046 ratio
3369 2001 3507 2047 non
3546 1969 3926 2069 impediret,

2385 2090 2615 2150 tamen
2646 2082 2892 2154 salsum
2922 2090 3330 2177 supponitur
3358 2089 3428 2156 in
3458 2087 3859 2179 objectione.

4042 712 4111 753 Ad
4145 711 4185 754 2.

2475 2192 2578 2258 Au
2616 2216 2815 2261 Amen
2840 2195 3230 2280 dicendum,
3263 2199 3447 2288 quod
3478 2199 3758 2267 materia
3786 2221 3924 2266 uon
4036 2232 4115 2277 Λα
4152 2235 4195 2281 ³.

2387 2305 2939 2393 praesupponitur
2975 2313 3133 2374 ante
3172 2328 3375 2374 omne
3414 2305 3585 2386 lieri,
3626 2308 3754 2376 nisi
3785 2306 3927 2374 fieri

2385 2409 2611 2478 stricte
2649 2413 3019 2504 accipiatur
3048 2438 3170 2505 pro
3210 2423 3427 2496 motu.
3462 2414 3567 2484 vel
3601 2415 3924 2485 mutatio·

2387 2541 2470 2586 ne
2511 2543 2661 2610 quae
2703 2530 2804 2591 est
2831 2544 2990 2591 eum
3024 2531 3239 2592 motu.
3278 2522 3351 2590 Si
3380 2533 3607 2592 autem
3643 2526 3784 2593 fieri
3811 2547 3931 2591 su-

2388 2633 2611 2691 matur
2638 2626 3049 2717 generalitm·
3077 2629 3160 2695 ad
3192 2629 3426 2711 creari,
3464 2652 3600 2696 non
3641 2630 3932 2720 p‘raesup·

2386 2732 2664 2819 ponitur
2701 2734 3047 2803 materia:
3110 2733 3276 2803 illud
3332 2735 3709 2804 enimsieri
3776 2757 3929 2803 cum

2386 2859 2525 2906 non
2564 2839 2744 2909 dicat
2773 2842 2905 2911 nisi
2934 2865 3118 2912 nune
3167 2844 3384 2934 primo
3422 2843 3703 2912 existere
3751 2866 3934 2913 crea·

2388 2953 2533 3014 tum
2572 2955 2730 3018 ante
2788 2951 2973 3041 quod
3004 2950 3170 3019 nihil
3213 2951 3337 3019 suit
3375 2951 3457 3020 de
3499 2962 3750 3031 create,
3793 2975 3930 3020 non

2385 3056 2596 3144 exigit
2650 3055 3036 3146 subjectum
3108 3082 3125 3131 2
3186 3069 3252 3126 et
3305 3058 3420 3126 illo
3480 3059 3623 3128 fieri
3660 3060 3927 3129 ducitur

2389 3164 2671 3233 materia
2728 3166 2797 3233 in
2855 3188 3028 3235 esse.
3076 3165 3405 3236 Similiter
3458 3166 3613 3237 licet
3650 3169 3929 3238 materia

2389 3294 2766 3361 numquam
2808 3271 3124 3343 habitura
3145 3278 3228 3342 sit
3262 3277 3493 3356 linem,
3524 3286 3753 3346 tamen
3778 3301 3932 3369 pos-

2385 3387 2481 3445 set
2526 3380 2595 3446 iu
2635 3379 2802 3447 nihil
2844 3379 3177 3461 decidere,
3220 3385 3274 3452 si
3308 3406 3548 3453 manus
3594 3382 3969 3474 omnipo-'

2385 3489 2587 3557 tentis
2628 3511 2765 3557 non
2805 3491 3206 3560 eontinet-et.

2831 3917 3334 3987 Au‘rnjshus
3398 3919 3480 3987 ll.

2390 4131 2418 4194 I
2438 4131 2631 4197 ’lrmu
2655 4134 2969 4222 potentin
2989 4135 3319 4223 operandi
3349 4138 3417 4200 in
3454 4136 3636 4202 Filio
3652 4139 3935 4202 marm-u

2471 4241 2559 4303 sil
2578 4262 2732 4304 cnm
2750 4243 3060 4329 [uolentia
3079 4243 3452 4329 qum-randi
3488 4254 3550 4307 el
3568 4244 3883 4332 spirandi
3899 4244 3940 4309 ἶ)

2476 4566 2797 4634 Secundo
2882 4569 3237 4656 qumi-itur,
3324 4567 3562 4636 l'trum
3640 4570 3937 4658 potentia

2385 4675 2705 4765 operandi
2753 4678 2819 4743 in
2861 4676 3006 4743 Deo
3052 4678 3337 4743 univoca
3379 4679 3462 4744 sit
3511 4700 3664 4744 cum
3708 4688 3937 4768 poten·

2384 4785 2476 4850 tia
2504 4784 2872 4873 generandi
2918 4796 2982 4853 et
3013 4786 3365 4876 spirandi?

2468 4893 2751 4961 Videtur
2792 4894 2974 4984 quod
3018 4895 3115 4960 sie
3150 4915 3165 4962 t
3212 4895 3368 4985 quia
3411 4901 3691 4984 utraque
3722 4906 3821 4962 est
3860 4897 3927 4963 in

2389 5003 2527 5069 Deo
2564 5022 2580 5071 τ
2616 5013 2678 5070 et
2704 5025 2855 5092 qum
2877 5012 3036 5070 sunt
3070 5006 3139 5070 in
3184 5002 3351 5087 ileo,
3378 5014 3535 5071 suut
3577 5005 3774 5070 unius
3807 5026 3933 5072 na-

2383 5121 2548 5178 tura·
2581 5094 2909 5201 simplicis
2944 5136 3105 5203 ergo
3141 5114 3340 5179 unius
3381 5112 3661 5179 rationis
3688 5135 3933 5180 secun-

2381 5218 2544 5285 dum
2589 5227 2902 5286 naturam
2948 5242 2963 5285 ε
3020 5242 3183 5309 ergo
3232 5219 3533 5307 potentia
3578 5219 3926 5309 operandi,

2381 5338 2446 5397 et
2490 5328 2601 5395 illa
2635 5352 2769 5419 qua
2824 5328 3199 5418 procedunt
3227 5349 3554 5418 perseum,
3597 5335 3758 5396 sunt
3785 5329 3931 5396 uni·

2383 5460 2548 5504 voce
2585 5437 2649 5503 in
2684 5435 2854 5504 Deo.
