4897 6388
781 2840 984 2889 Solunte.

733 3266 819 3315 Ad
827 3266 1048 3326 objecti.

810 4013 881 4060 Ad
911 4016 955 4058 2.

809 4231 882 4275 Ad
910 4230 954 4278 ³.

804 4768 876 4812 Ad
906 4774 946 4813 4.

1882 317 2056 420 ιΝζῐ
2105 317 2528 385 SENTENT.
2581 290 2808 384 ms‘r.
2861 316 2983 402 111,
3037 318 3119 399 e,
3173 318 3370 410 aar,
3414 323 3522 386 21.

1092 485 1213 551 tia.
1259 486 1526 556 Com-na
1568 510 1584 554 :
1631 487 1861 555 Gratia
1890 497 2156 578 gratum
2197 487 2354 556 facit
2383 487 2644 556 haben-

1093 599 1258 671 tem,
1296 604 1360 662 et
1392 618 1531 662 non
1564 596 1833 684 respicit
1872 595 2046 664 hanc
2091 601 2491 688 potentiam,
2533 595 2641 664 vel

1091 699 1277 768 illam
1324 725 1341 768 τ
1390 703 1620 792 imago
1682 712 1911 772 autem
1950 707 2257 774 consistit
2297 709 2362 773 in
2394 715 2640 796 poten-

1088 809 1199 875 tiis
1240 808 1704 878 determinatis
1766 835 1782 880 :
1843 837 2004 905 ergo
2070 817 2296 905 imago
2354 837 2492 880 non
2538 822 2640 881 est

1086 916 1331 1004 gratia.
1379 917 1452 984 Si
1511 928 1789 1011 propter
1827 921 1955 990 hoc
1995 922 2278 999 dicatur,
2315 919 2497 1012 quod
2537 928 2638 988 est

1081 1023 1325 1107 virtus,
1374 1032 1537 1095 tunc
1583 1030 1933 1119 quaeritur,
1988 1028 2164 1109 Quid
2206 1032 2293 1097 sit
2348 1028 2462 1096 illa
2490 1031 2636 1096 vir-

1079 1136 1216 1210 tus,
1258 1131 1370 1199 vel
1401 1132 1582 1201 illae?
1626 1138 1680 1202 si
1724 1135 1985 1204 dicatur
2015 1137 2198 1228 quod
2245 1137 2634 1205 communi-

1078 1242 1184 1303 ter
1214 1237 1488 1318 dicitur,
1523 1242 1707 1330 quod
1747 1242 1936 1320 fides,
1980 1266 2157 1333 spes,
2211 1252 2273 1310 et
2313 1243 2625 1310 charitas.

1081 1341 1350 1412 CONTRA
1394 1367 1411 1409 ε
1447 1345 1650 1414 Nulla
1692 1348 1961 1417 illarum
1994 1352 2190 1418 estin
2238 1350 2573 1419 memoria
2609 1371 2623 1415 :

1076 1474 1242 1542 ergo
1299 1475 1442 1520 non
1498 1467 1835 1525 recreatur
1897 1457 2040 1526 haec
2093 1482 2249 1549 pars
2314 1459 2629 1548 imaginis

1077 1579 1235 1649 quae
1285 1569 1386 1627 est
1415 1565 1770 1632 memoria.
2034 1630 2042 1639 .

1166 1667 1229 1733 2.
1282 1667 1639 1751 Praeterea,
1718 1672 2105 1741 Bernardus
2183 1673 2365 1754 dicit,
2442 1671 2628 1761 quod

1073 1772 1263 1842 Deus
1301 1775 1570 1846 futurus
1607 1788 1709 1847 est
1749 1781 1993 1848 rationi
2048 1780 2476 1871 pulchritudo
2517 1780 2628 1848 lu-

1075 1883 1198 1964 cis,
1241 1884 1579 1955 voluntati
1618 1889 1981 1971 multitudo
2013 1892 2220 1982 pacis,
2255 1899 2322 1958 et
2359 1912 2627 1959 memo-

1076 1994 1193 2060 riae
1224 1995 1645 2065 continuatio
1660 2000 2054 2067 aeternitatis
2088 2022 2103 2068 :
2140 2023 2299 2092 ergo
2329 1999 2621 2083 videtur,

1075 2102 1261 2194 quod
1301 2101 1445 2184 lux,
1480 2128 1638 2197 pax,
1680 2110 2021 2177 aeternitas
2062 2093 2198 2178 sint
2250 2112 2478 2203 imago
2518 2132 2629 2177 re-

1078 2210 1469 2282 creationis.
2153 2219 2158 2224 ’

1174 2317 1553 2390 Pru-:raam
1589 2325 1939 2414 quaeritur,
1993 2325 2215 2406 Quare
2255 2349 2393 2395 non
2430 2326 2634 2417 poni-

995 2439 1013 2457 ·
1087 2432 1203 2493 tur
1240 2429 1468 2520 imago
1525 2432 1596 2498 in
1660 2432 2023 2501 virtutibus
2069 2434 2382 2526 politicis,
2460 2434 2634 2502 sicut

1090 2535 1161 2601 in
1191 2531 1509 2605 theoricis
1528 2539 1561 2605 Ἰ

1183 2752 1467 2822 δοιυτιο
1527 2755 1928 2836 Dicendum,
2000 2759 2179 2851 quod
2263 2761 2490 2851 imago
2566 2761 2635 2828 in

1088 2863 1377 2930 veritate
1424 2885 1564 2930 non
1621 2875 1724 2933 est
1768 2867 1897 2934 nisi
1945 2866 2316 2935 secundum
2370 2875 2634 2958 partem

1088 2969 1511 3057 superiorem
1534 2971 1806 3048 animm,
1836 2995 1986 3063 quae
2016 2995 2207 3042 mens
2221 2972 2329 3042 vel
2358 2973 2635 3064 spiritus

1083 3084 1368 3143 vocatur
1395 3075 1481 3144 ab
1512 3078 1918 3171 Augustino.

1175 3189 1282 3254 Au
1355 3209 1420 3254 ιο
1485 3198 1712 3257 autem
1769 3189 1953 3281 quod
1997 3198 2231 3258 contra
2285 3188 2626 3282 oincitur,

1083 3294 1446 3363 dicendum
1479 3296 1661 3387 quod
1700 3298 1769 3364 in
1798 3299 1947 3365 visu
1979 3299 2290 3366 exteriori
2341 3320 2478 3366 non
2529 3308 2631 3367 est

1084 3402 1342 3494 imago,
1376 3401 1496 3470 sed
1542 3402 1921 3472 similitudo
1961 3406 2270 3497 quaedam
2314 3406 2632 3497 imaginis

1081 3510 1151 3576 in
1195 3508 1324 3576 boc
1364 3508 1549 3600 quod
1579 3513 1705 3578 tria
1746 3511 2061 3602 quaedam
2102 3513 2430 3581 uniuntur
2470 3534 2486 3582 z
2522 3522 2631 3581 ta-

1082 3638 1243 3684 men
1293 3638 1434 3684 non
1496 3627 1596 3684 est
1657 3640 1820 3686 vera
1876 3621 2044 3687 ratio
2086 3621 2425 3712 imaginis,
2470 3622 2629 3712 quia

1081 3744 1218 3790 non
1257 3731 1417 3790 sunt
1448 3725 1650 3791 unius
1676 3722 2091 3805 substantia»,
2125 3727 2297 3793 sicut
2329 3725 2439 3794 illa
2479 3749 2628 3818 qum

1080 3836 1240 3896 sunt
1275 3830 1342 3896 in
1385 3836 1633 3897 mente.

1170 3934 1405 4003 anm
1482 3935 1687 4005 modo
1753 3938 2295 4028 respondendum
2370 3949 2470 4008 est
2543 3941 2628 4010 ad

1083 4042 1251 4111 illud
1281 4043 1466 4134 quod
1495 4042 1813 4132 objicitur
1838 4044 1921 4114 de
1951 4045 2328 4137 phantasia.

1174 4149 1277 4217 An
1349 4172 1548 4219 Αιιυι)
1628 4151 2015 4235 dicendum,
2115 4152 2299 4245 quod
2379 4153 2629 4222 Dama-

1080 4280 1325 4325 scenus
1363 4259 1734 4352 quam-libet
1779 4261 2318 4330 convenientiam
2377 4285 2460 4330 ex
2498 4285 2626 4331 na-

1080 4371 1231 4430 tura
1279 4374 1482 4433 vocat
1511 4366 1880 4457 imaginem
1923 4378 2038 4436 :et
2079 4370 2238 4459 quia
2285 4378 2384 4437 est
2430 4370 2625 4460 spiri·

1077 4470 1262 4539 tuale
1299 4471 1590 4540 liberum
1636 4471 2017 4552 arbitrium,
2063 4475 2214 4543 ideo
2262 4476 2422 4544 dicit
2475 4498 2623 4545 esse

1075 4580 1475 4672 imaginem.

1168 4689 1272 4756 An
1345 4711 1545 4756 Αιιυυ
1610 4687 1995 4771 dicendum,
2059 4690 2241 4781 quod
2277 4694 2451 4760 ratio
2498 4715 2619 4760 su-

1077 4798 1304 4886 perior
1360 4797 1630 4888 respicit
1684 4796 2079 4888 operabilia,
2147 4798 2298 4866 licet
2342 4822 2464 4889 per
2505 4824 2621 4868 ra-

1076 4906 1298 4971 tiones
1322 4903 1493 4992 juris
1522 4903 1731 4971 divini
1780 4927 1795 4971 :
1846 4903 1961 4972 sed
2013 4907 2325 4995 potentiae
2373 4907 2615 4997 imagi-

1074 5014 1181 5081 nis
1217 5012 1668 5104 simpliciores
1711 5023 1895 5098 sunt,
1938 5037 2019 5083 eo
2066 5015 2249 5105 quod
2292 5016 2617 5086 ordinatae

1070 5130 1234 5189 sunt
1296 5129 1565 5189 tantum
1630 5120 1715 5189 ad
1777 5123 2088 5191 notitiam
2139 5124 2275 5191 veri
2329 5134 2395 5192 et
2454 5123 2615 5193 boni

1071 5230 1256 5322 quod
1300 5229 1479 5298 neus
1508 5238 1633 5307 est.
1667 5241 1734 5300 et
1772 5234 1920 5320 ejus
1952 5235 2018 5300 in
2048 5256 2184 5324 quo
2217 5241 2286 5301 ut
2318 5234 2614 5325 imagine

1069 5362 1195 5406 sua
1241 5339 1571 5428 accipitur
1620 5337 1851 5407 Deus:
1896 5351 1963 5408 et
2009 5341 2166 5431 quia
2205 5342 2614 5434 quandoque

1067 5446 1415 5514 invenitur
1440 5445 1864 5536 Augustinus
1893 5447 2137 5526 dicere,
2172 5448 2354 5539 quod
2384 5450 2613 5541 imago

1069 5563 1174 5623 est
1199 5553 1432 5622 anima
1459 5552 1833 5624 secundum
1885 5559 2303 5648 superiorem
2349 5566 2613 5649 partem

1066 5662 1380 5742 rationis,
1450 5660 1807 5731 dicendum
1878 5665 2061 5757 quod
2150 5664 2337 5760 large
2405 5666 2616 5737 sumit

2747 496 2906 556 tunc
2945 489 3364 579 superiorem
3414 495 3672 578 partem
3720 494 3923 577 prout
3984 510 4300 579 compre-

2746 593 2982 664 hendit
3009 599 3349 687 potentias
3382 597 3724 686 imaginiS,
3758 605 3825 663 et
3862 594 4290 673 sinderesim,

2744 713 2811 770 et
2853 706 3055 772 etiam
3110 704 3293 772 illam
3360 715 3618 795 partem
3689 726 3872 793 quae
3915 702 4295 792 specialiter

2739 812 3054 900 superior
3090 820 3375 879 vocatur
3412 835 3605 902 pars.

3268 958 3304 980 Q

2828 1025 2932 1091 An
2961 1047 3160 1093 Amen
3207 1024 3590 1102 dicendum,
3637 1023 3819 1113 quod
3864 1025 3934 1089 in
3985 1024 4280 1115 imagine

2739 1133 3118 1222 specialiter
3159 1155 3295 1201 una
3352 1133 3808 1223 potentiarum
3862 1131 4060 1200 debet
4135 1155 4280 1200 esse

2736 1242 3106 1330 cognitiva,
3170 1264 3250 1308 eo
3318 1240 3501 1332 quod
3568 1241 3794 1330 imago
3858 1240 4287 1330 appropriate

2736 1350 3053 1417 convenit
3083 1348 3254 1416 Filio
3304 1351 3419 1439 qui
3453 1358 3548 1416 est
3574 1349 3803 1438 imago
3837 1348 4055 1415 Patris
4091 1371 4106 1415 ε
4142 1347 4289 1414 nul-

2735 1452 2799 1519 la
2828 1463 3058 1521 autem
3106 1454 3562 1545 potentiarum
3605 1455 3848 1519 animae
3886 1451 4286 1543 vegetabilis

2733 1568 2833 1627 est
2898 1562 3243 1651 cognitiva
3290 1583 3305 1626 ε
3351 1569 3415 1628 et
3472 1560 3623 1628 ideo
3672 1560 3767 1626 illi
3821 1559 4006 1627 nullo
4076 1558 4280 1626 modo

2731 1670 3050 1738 convenit
3078 1692 3223 1739 esse
3254 1671 3644 1761 imaginem.

2818 1885 2924 1951 An
2951 1907 3152 1953 Auen
3172 1884 3557 1965 dicendum,
3592 1886 3772 1977 quod
3806 1887 3872 1953 in
3905 1884 4016 1953 illa
4041 1884 4284 1953 Glossa

2732 1993 2903 2058 ratio
2943 1994 3223 2082 ponitur
3290 2016 3410 2083 pro
3468 2003 3656 2084 parte
3710 1994 4069 2086 superiori,
4128 1989 4282 2083 'quae

2734 2121 2950 2194 mens,
2997 2099 3107 2168 vel
3145 2101 3420 2192 spiritus
3459 2101 3701 2169 dicitur
3743 2123 3759 2167 :
3821 2109 3889 2169 et
3954 2110 4054 2169 est
4094 2101 4162 2166 in
4203 2123 4283 2168 ea

2733 2208 2965 2301 imago
2997 2209 3068 2277 in
3107 2213 3435 2301 potentia,
3486 2213 3659 2279 sicut
3714 2210 3785 2278 in
3850 2209 4156 2299 subjecto
4215 2210 4284 2276 in

2735 2340 2873 2410 quo
2914 2319 3205 2387 imitatio
3243 2318 3565 2409 distingui
3605 2326 3828 2409 potest
3857 2319 3926 2386 in
3956 2318 4097 2386 suis
4165 2340 4287 2407 po·

2735 2427 2986 2495 tentiis.

2825 2537 2930 2604 An
2962 2559 3028 2604 in
3059 2536 3242 2627 quod
3291 2538 3638 2629 quaeritur,
3689 2535 3929 2604 Utrum
3977 2534 4285 2626 Angelus

2737 2644 2823 2712 sit
2855 2643 2939 2712 ad
2970 2645 3391 2737 imaginem?
3418 2645 3804 2723 dicendum,
3838 2642 4023 2736 quod
4057 2645 4284 2733 imago

2740 2762 2960 2844 potest
3009 2761 3246 2822 notare
3287 2754 3831 2821 convenientiam
3876 2754 3943 2819 in
4003 2752 4290 2819 interio-

2741 2859 2928 2926 ribus
2958 2868 3250 2939 tantum,
3284 2858 3391 2927 vel
3431 2857 3632 2926 simul
3667 2860 3735 2926 in
3758 2858 4192 2926 interioribus
4224 2867 4290 2925 et

2737 2965 3210 3035 exterioribus.
3258 2964 3331 3034 Si
3378 2968 3597 3058 primo
3636 2964 3869 3042 modo,
3922 2975 4084 3033 tunc
4150 2987 4290 3032 non

2738 3073 2937 3141 video
2970 3095 3180 3164 quare
3243 3096 3397 3141 cum
3468 3072 3733 3140 Sanctis
3801 3094 3936 3138 non
3997 3071 4281 3151 dicatur,

2738 3180 2922 3272 quod
2953 3180 3258 3274 Angelus
3297 3189 3398 3249 est
3434 3181 3516 3249 ad
3559 3181 3955 3272 imaginem,
4006 3179 4179 3248 sicut
4219 3188 4287 3248 et

2737 3286 2947 3357 homo
2983 3310 3000 3356 ε
3035 3312 3190 3357 cum
3250 3289 3318 3355 in
3362 3311 3444 3356 eo
3492 3298 3627 3356 tres
3657 3287 3974 3379 potentiae
4031 3288 4167 3353 sint
4216 3286 4284 3353 in

2737 3420 2872 3465 una
2901 3398 3220 3481 essentia,
3260 3397 3430 3465 sicut
3466 3407 3531 3464 et
3572 3399 3640 3464 in
3686 3392 3986 3463 homine.
4043 3394 4117 3462 Si
4158 3417 4287 3462 au-

2735 3514 2872 3574 tem
2906 3516 3098 3574 notat
3125 3515 3483 3598 utramque
3514 3504 4086 3585 convenientiam,
4122 3514 4283 3570 tunc

2734 3636 2873 3681 non
2911 3623 3011 3683 est
3053 3615 3139 3683 ad
3180 3616 3545 3705 imaginem
3591 3636 3606 3680 ε
3650 3613 4123 3681 convenientia
4164 3634 4284 3679 au-

2734 3730 2870 3790 tem
2909 3723 2978 3790 in
3017 3722 3465 3792 exterioribus
3496 3732 3590 3789 est
3634 3722 3700 3789 in
3752 3721 3967 3789 tribus
4010 3743 4026 3787 ε
4089 3721 4155 3788 in
4198 3744 4280 3788 eo

2734 3828 2918 3919 quod
2948 3827 3034 3895 ab
3083 3850 3223 3896 uno
3272 3828 3549 3896 homine
3595 3837 3752 3895 sunt
3807 3849 4073 3906 omnes,
4106 3826 4283 3894 sicut

2736 3934 2937 4034 Pater
2987 3945 3086 4003 est
3137 3937 3540 4026 principium
3589 3936 3796 4003 totius
3841 3933 4111 4002 deitatis
4155 3957 4171 4000 z
4217 3942 4283 4002 et

2734 4045 2800 4112 in
2842 4067 2923 4113 eo
2956 4045 3140 4136 quod
3178 4048 3408 4113 anima
3451 4054 3550 4113 est
3595 4045 3847 4135 ubique
3889 4045 3957 4110 in
3995 4066 4280 4133 corpore

2731 4175 2857 4219 suo
2898 4161 3065 4229 tota,
3097 4163 3166 4220 ut
3211 4154 3379 4222 infra
3412 4153 3734 4239 (distinct.
3763 4156 3829 4238 8)
3860 4155 4273 4229 continetur,

2731 4261 2903 4328 sicut
2945 4259 3129 4328 Deus
3175 4271 3274 4329 est
3333 4262 3399 4328 in
3452 4260 3706 4329 mundo
3755 4259 4006 4351 ubique
4067 4271 4276 4345 totuS,

2731 4369 2914 4461 quod
2956 4393 3095 4439 non
3132 4373 3448 4439 convenit
3489 4369 4006 4462 Angelo.Tertia
4035 4382 4265 4439 autem

2728 4488 2828 4546 est
2898 4480 2968 4547 in
3007 4502 3091 4548 eo
3158 4478 3343 4571 quod
3399 4477 3607 4546 bomo
3647 4488 3747 4546 est
3787 4476 4067 4546 unibilis
4099 4477 4272 4559 Dee,

2726 4608 2865 4653 non
2893 4595 3123 4655 autem
3164 4587 3489 4678 Angelus.

4135 319 4295 386 -121
4362 406 4380 425 Δ

4310 1075 4572 1134 Adquoest.
4596 1073 4634 1118 1.

4311 1856 4390 1902 Ad
4403 1862 4580 1915 quent.
4601 1860 4627 1900 2

2814 4811 2918 4876 An
2958 4831 3022 4876 in
3061 4808 3244 4900 quod
3285 4809 3605 4900 quaeritur
3653 4806 3736 4875 de
3802 4807 4097 4896 imagine
4155 4829 4266 4873 re-
4293 4841 4618 4901 mquam,

2722 4917 3109 4997 creationis,
3181 4916 3536 4984 dicendum
3596 4914 3780 5006 quod
3822 4924 3923 4981 est
3992 4915 4267 5006 proprie

2720 5024 3067 5114 loquendo
3106 5024 3478 5093 secundum
3518 5032 3654 5090 tres
3680 5023 3963 5090 virtutes
3992 5021 4268 5090 theolo-

2720 5133 2932 5222 gicas,
2986 5132 3239 5201 scilicet
3289 5132 3514 5219 tidem,
3553 5155 3771 5222 spem,
3837 5131 4263 5203 charitatem.

2724 5238 2896 5329 Spes
2916 5240 3098 5308 enim
3124 5242 3191 5307 in
3212 5263 3294 5307 eo
3312 5238 3492 5329 quod
3509 5249 3850 5329 exspectat
3874 5241 4269 5310 indeficien-

2720 5346 2912 5423 tiam,
2955 5344 3119 5414 dicit
3147 5345 3215 5412 id
3246 5344 3428 5435 quod
3472 5348 3900 5436 appropriate
3947 5349 4270 5417 convenit

2721 5454 3095 5533 memorioe,
3175 5456 3334 5545 quia
3367 5457 3693 5524 retentiva
3738 5465 3840 5525 est
3874 5456 4269 5525 similitudi·

2719 5562 2828 5629 nis
2867 5561 3117 5631 divinae
3145 5559 3255 5631 vel
3308 5565 3687 5654 praesentiae
3750 5586 3766 5631 :
3825 5563 3985 5633 licet
4019 5587 4272 5635 secun-

2721 5668 2884 5739 dum
2916 5694 2989 5739 se
3017 5671 3105 5739 sit
3135 5670 3204 5738 in
3243 5668 3585 5739 irascibili.

4384 4950 4458 4996 Aa
4485 4954 4525 4997 ι.
4645 5011 4660 5023 ⁶
