4897 6388
280 2029 363 2078 Ad
379 2030 552 2088 object.
563 2026 605 2074 l.

622 320 751 387 288

620 489 704 556 Et
742 488 838 556 sie
876 496 1088 577 patet,
1127 471 1309 578 qaod
1338 457 1572 553 “imici-
1614 484 2051 574 intelligendo
2107 507 2176 550 se

1627 312 1712 378 D.
1762 311 1961 379 ALB.
2015 311 2228 379 MAG.
2262 310 2487 378 ORD.
2539 311 2848 420 PRAED.2
2906 392 2909 396 .
3029 349 3032 356 ·

620 599 717 666 sic
744 596 1065 688 intelligit
1100 597 1333 664 omnia
1374 595 1443 661 in
1511 593 1708 668 Filio,
1760 602 1828 660 et
1863 590 2033 658 nihil
2063 614 2179 658 ac-
2288 635 2291 638 ι

621 705 780 794 cipit
812 728 849 770 a
894 704 1090 786 Filio,
1132 705 1271 769 imo
1302 702 1427 769 -dat
1457 698 1654 766 Filio.

716 916 790 982 si
832 922 1057 982 autem
1112 887 1403 1002 quaeraS,
1454 910 1696 978 Utrum
1736 908 1803 975 id
1859 911 1946 974 sit
1974 905 2175 973 simul

620 1021 731 1089 vel
761 1022 1137 1089 successive
1173 1022 1208 1085 Ῥ
1972 1021 1975 1024 ’

718 1126 1102 1194 Dicendum
1174 1125 1359 1216 quod
1425 1147 1564 1191 non
1623 1121 1827 1191 simul
1883 1129 2172 1198 tantum,

628 1233 746 1303 sed
779 1233 1073 1324 simplex
1110 1242 1177 1300 et
1215 1254 1432 1298 unum
1478 1253 1494 1297 :
1529 1230 1689 1320 quia
1715 1226 1887 1295 nihil
1953 1225 2179 1293 multi-

623 1341 783 1431 plex
841 1349 943 1408 est
979 1342 1049 1407 in
1090 1339 1373 1407 scientia
1418 1346 1487 1405 et
1526 1334 1868 1403 intellectu
1929 1333 2172 1400 Patris,

629 1447 764 1516 Sed
823 1470 1063 1516 verum
1124 1455 1251 1528 est,
1313 1444 1498 1536 quod
1588 1446 1658 1510 in
1748 1439 2178 1509 inferioribus

627 1557 1093 1627 materialibus
1123 1555 1427 1647 procedit
1472 1553 1852 1623 intellectus
1883 1552 1953 1619 in
1981 1549 2178 1618 nobis

627 1691 667 1736 a
705 1667 969 1735 ratione
1006 1666 1322 1757 principii
1361 1666 1431 1731 in
1464 1663 1532 1731 id
1571 1660 1755 1753 quod
1789 1669 1893 1730 est
1922 1683 1961 1726 a
1988 1660 2179 1749 prin-

624 1775 834 1865 picio,
868 1782 935 1842 et
973 1772 1057 1841 ab
1126 1773 1245 1841 illo
1294 1773 1367 1839 in
1404 1769 1575 1838 illud
1628 1769 1935 1845 ulteriuS,
1987 1766 2176 1853 cujus

624 1879 795 1949 illud
824 1881 1036 1972 princi
1045 1882 1303 1969 piatum
1332 1887 1435 1946 est
1475 1875 1753 1944 ulterior
1779 1876 1978 1942 ratio.

721 1989 827 2056 An
873 2011 1132 2056 ramim
1197 2008 1361 2076 ergo
1429 1982 1615 2075 quod
1669 1981 2007 2071 objicitur,
2071 1979 2178 2046 di-

631 2096 926 2166 cendum
983 2095 1166 2187 quod
1227 2094 1439 2161 Filius
1484 2114 1627 2161 non
1689 2097 1791 2159 est
1835 2089 2175 2179 objectum

628 2204 1037 2285 intellectus,
1086 2202 1201 2272 vel
1267 2202 1439 2271 ratio
1509 2198 1886 2268 intellectus
1924 2196 2171 2276 Patris,

469 2310 523 2366 θ’
625 2310 737 2380 vel
767 2308 1103 2396 medium,
1137 2310 1246 2378 vel
1276 2309 1562 2399 speciest,
1595 2306 1707 2375 vel
1746 2295 2175 2396 quocumque

598 2420 907 2514 ‘nomine
946 2419 1344 2488 nominetur
1375 2440 1393 2487 ι
1427 2417 1591 2508 quia
1619 2415 1716 2484 sic
1752 2421 1929 2482 esset
1959 2411 2175 2480 Patris

622 2524 1017 2595 intellectus
1094 2521 1355 2614 aliquid
1411 2522 1749 2613 accipiens
1788 2542 1827 2586 a
1881 2516 2051 2586 Filio
2089 2515 2174 2584 ad

620 2632 755 2702 hoc
796 2631 980 2723 quod
1012 2630 1424 2723 intelligeret
1466 2650 1484 2699 t
1528 2627 1649 2698 sed
1706 2627 1913 2707 Pater
1948 2625 2169 2715 seipso

621 2741 945 2834 intelligit
982 2741 1259 2821 Filium,
1301 2748 1369 2808 et
1404 2738 1640 2807 omnia
1667 2757 1960 2830 quorum
2000 2734 2168 2802 ratio

620 2856 722 2917 est
761 2846 974 2916 Filius
1016 2848 1161 2916 sive
1187 2844 1524 2914 Verbum.

2727 817 3232 887 ARTlCULUS
3287 821 3370 888 X.

2286 1032 2394 1096 An
2422 1006 3003 1121 ratio'Auqustiui
3039 1053 3253 1121 quam
3309 1034 3641 1123 Alaqistet·
3689 1034 3824 1101 ad-

2376 1139 2587 1217 ducit,
2623 1140 2948 1230 procedat
2977 1141 3061 1208 de
3083 1143 3428 1232 sapientia
3463 1143 3696 1232 qenita
3721 1143 3831 1210 vel

2377 1246 2680 1336 inqenita
2714 1246 2755 1312 ?

2378 1561 2716 1639 Secundo,
2807 1561 2938 1631 hoc
3011 1568 3392 1656 supposito,
3473 1568 3821 1658 quaeritur,

2289 1667 2466 1747 Quid
2501 1667 2683 1737 valet
2731 1671 2900 1737 ratio
2949 1671 3384 1763 Augustini?

2377 1775 2663 1845 Videtur
2709 1777 2890 1868 quod
2922 1776 3092 1845 nihil
3127 1802 3143 1846 ε
3179 1789 3298 1848 aut
3361 1781 3544 1848 enim
3603 1781 3828 1873 arguit

2285 1884 2368 1952 de
2398 1886 2728 1975 sapientia
2755 1887 3022 1976 genita5
3054 1895 3171 1955 aut
3208 1887 3292 1958 de
3329 1890 3661 1979 sapientia
3711 1890 3825 1957 in-

2283 1994 2535 2081 genita.
2582 1992 2656 2061 Si
2687 1994 2768 2062 de
2809 1997 3064 2086 genita,
3113 2004 3277 2065 tunc
3318 1996 3589 2066 videtur
3644 1996 3828 2090 quod

2283 2095 2494 2165 Filius
2520 2098 2610 2166 sit
2636 2098 2964 2189 sapientia
2983 2098 3207 2169 Patris
3236 2105 3369 2194 qua
3397 2103 3666 2193 sapiens
3694 2109 3822 2190 est,

2285 2205 2668 2296 quodint'ra
2730 2206 3055 2298 Magister
3106 2209 3544 2300 improbabit.
3590 2210 3665 2280 Si
3694 2233 3828 2280 au-

2282 2321 2416 2380 tem
2450 2311 2533 2380 de
2579 2313 2951 2405 sapientia.
2982 2315 3292 2407 ingenita
3347 2319 3599 2409 arguit,
3661 2327 3827 2388 tunc
3961 2405 3965 2409 Δ

2283 2442 2421 2489 non
2459 2429 2682 2512 potest
2699 2444 2782 2491 ex
2818 2420 2951 2491 hoc
2980 2423 3211 2492 inferri
3242 2427 3668 2496 coaeternitas
3705 2427 3826 2496 Fi-

2282 2527 2353 2596 lii
2388 2551 2403 2596 :
2436 2551 2579 2599 non
2608 2531 2788 2600 enim
2838 2532 3171 2622 sequitur,
3203 2533 3262 2601 si
3313 2536 3604 2603 essentia
3640 2558 3827 2605 coae-

2278 2644 2472 2705 terna
2508 2645 2610 2706 est
2656 2637 2865 2720 Patri,
2908 2638 3095 2729 quod
3132 2650 3408 2732 propter
3445 2639 3576 2712 hoc
3614 2643 3822 2714 Filius

2276 2745 2365 2812 sit
2387 2743 2575 2813 Patri
2610 2754 3011 2835 coaeternus.
3467 2779 3472 2784 ·

2364 2964 2673 3033 Somno.
2711 2963 3112 3046 Dicendum,
3146 2964 3332 3055 quod
3384 2964 3808 3056 Augustinus
3884 3000 4104 3052 Sonam·

2273 3074 2499 3165 arguit
2554 3072 2638 3141 de
2704 3071 3034 3163 sapientia
3070 3071 3411 3163 ingenita,
3452 3082 3654 3164 prout
3707 3081 3809 3142 est

2271 3177 2786 3272 appropriabilis
2838 3179 3191 3271 sapientiae
3243 3181 3515 3272 genitae,
3579 3180 3643 3249 id
3681 3188 3803 3261 est,

2271 3286 2442 3357 Filio
2477 3310 2494 3356 ε
2526 3286 3040 3380 appropriatum
3084 3288 3267 3358 enim
3299 3288 3623 3380 supponit
3650 3312 3813 3379 pro-

2271 3398 2523 3489 prium,
2557 3419 2680 3467 nec
2716 3405 2939 3488 potest
2986 3397 3132 3466 fieri
3173 3396 3634 3489 appropriatio
3682 3398 3812 3466 nisi

2272 3501 2647 3572 secundum
2690 3501 3110 3572 intellectum
3157 3505 3635 3596 praeexistente
3663 3526 3818 3595 pro·

2274 3611 2472 3704 prio:
2534 3619 2602 3680 et
2655 3612 2753 3680 sic·
2815 3610 3148 3701 sapientia
3205 3610 3508 3702 ingenita
3566 3619 3818 3680 aeterna

2275 3718 2475 3788 infert
2509 3718 2912 3809 sapientiam
2941 3718 3246 3810 genitam
3287 3724 3719 3787 coaeternam.

1369 4286 1462 4354 (i.
1498 4282 1837 4357 [revectio
1874 4281 2273 4358 Ambrosii
2298 4287 2562 4358 contra
2597 4280 3074 4359 leaerelicum.

720 4621 909 4696 Item
939 4620 1091 4717 dic,
1128 4621 1477 4720 inquam,
1506 4620 1722 4713 mihi,
1760 4620 2145 4715 lna-retice,
2180 4620 2451 4696 Fuitne
2483 4620 2796 4719 quando
2827 4618 3323 4719 mnnipotens
3352 4618 3564 4693 Deus
3594 4616 3822 4692 Pater

626 4781 781 4831 non
823 4767 1011 4842 crat,
1042 4766 1116 4832 et
1146 4756 1358 4831 Deus
1386 4755 1605 4831 erat?
1642 4754 1834 4829 Nam
1875 4754 1939 4828 si
1981 4754 2208 4831 Pater
2235 4777 2403 4830 esse
2443 4754 2702 4855 cmpit,
2746 4754 2956 4830 Deus
2997 4779 3182 4850 ergo
3224 4754 3473 4854 primo
3512 4762 3700 4848 erat,
3747 4759 3824 4826 et

628 4902 892 4992 postea
938 4892 1165 4967 Pater
1197 4892 1439 4966 factus
1480 4900 1619 4966 ost.
1655 4890 2055 4979 Quomodo
2093 4914 2275 4988 ergo
2306 4889 2806 4968 immutabilis
2845 4892 3057 4968 Deus
3087 4891 3256 4967 cst?
3284 4889 3366 4966 Si
3407 4890 3614 4966 enim
3646 4900 3822 4967 ante

633 5029 874 5123 Deus,
922 5037 1181 5130 postea
1240 5026 1469 5101 Pater
1509 5026 1673 5121 fuit,
1722 5025 1982 5125 utique
2023 5026 2541 5122 generationis
2571 5027 3014 5103 accessione
3056 5036 3398 5105 mutatus
3450 5039 3618 5104 est:
3689 5029 3821 5106 sed

631 5173 928 5239 avertat
966 5163 1178 5239 Deus
1211 5163 1406 5236 lianc.
1446 5161 1860 5237 amentiam
1890 5162 1934 5235 ¹.

705 5506 721 5539 ¹
758 5501 815 5558 S.
855 5507 1186 5575 Annnosms,
1220 5502 1343 5558 Lib.
1378 5502 1495 5559 lde
1525 5502 1667 5560 Fide
1696 5501 1769 5559 ad
1806 5503 2170 5569 Gratianum,
2208 5520 2338 5576 cap.
2362 5508 2415 5561 zi.
