4897 6388
2031 341 2123 408 IN
2173 341 2200 407 I
2252 335 2960 421 SENTENJ.„DIST.
3012 337 3135 422 IX,
3187 338 3301 405 K..
3908 361 3911 364 >
4144 325 4270 426 227

1069 512 1442 604 spiritualis
1519 511 1720 578 unius
1803 508 2259 599 intelligentiae
2332 507 2400 572 in
2475 527 2613 573 uno
2704 548 2708 553 -
2811 506 3064 572 Omnes
3101 505 3282 572 enim
3340 504 3551 571 sancti
3607 501 3925 568 Doctores
3964 587 3965 590 Ἴ
3998 498 4271 566 scrutati

1066 619 1359 712 AngeIO,
1441 619 1813 708 applicatur
1897 616 2080 684 radio
2148 614 2607 705 intelligentiae
2722 621 2881 680 sunt
2918 613 3241 703 mysteria
3266 611 3612 678 Trinitatis
3660 616 3726 676 et
3764 591 4262 684 discusserunt:

1065 722 1655 814 Angelialterius:
1693 729 1754 788 et
1807 719 1936 788 hoc
1969 720 2171 788 modo
2230 721 2431 787 etiam
2492 741 2617 808 ap-
2724 741 2885 810 ergo
2932 719 3201 787 videtur
3266 717 3447 804 quod
3513 737 3752 784 omnes
3791 719 4263 804 peceaverunt.

1066 831 1410 921 plicantur
1476 827 1835 897 animabus
1901 829 1969 896 in
2017 826 2451 897 revelatione.
2511 826 2617 894 Ex
2811 830 2915 896 An
2947 851 3072 896 noo
3096 825 3641 917 respondendum
3662 830 3764 890 est
3783 844 3905 913 per
3930 818 4064 888 hoc
4085 817 4270 908 quod
4350 836 4546 882 somno.

1070 940 1205 1008 hoc
1234 940 1441 1007 etiam
1480 947 1690 1030 patet,
1752 939 1935 1030 quod
1987 961 2112 1006 nec
2165 939 2616 1007 communitas
2724 937 2886 1006 dicit
2917 935 3301 1026 Bernardus
3322 955 3526 1023 super
3559 931 3841 1001 Cantica
3860 928 3886 1012 ‚²
3920 950 3935 995 :
3976 926 4271 1016 Spiritus
4536 929 4539 934 ’

1076 1043 1456 1111 formarum
1487 1043 1770 1134 impedit
1805 1042 2243 1121 intellectum,
2301 1065 2457 1110 cum
2487 1042 2620 1110 for·
2725 1054 3063 1114 serutatur
3093 1066 3231 1112 non
3274 1041 3494 1111 solum
3536 1040 3894 1108 hominum
3944 1035 4150 1116 corda
4210 1042 4299 1102 et.

1071 1176 1187 1220 ma
1214 1177 1486 1245 semper
1515 1176 1638 1244 per
1666 1151 2105 1221 directionem
2153 1153 2236 1220 ad
2295 1175 2436 1221 rem
2496 1152 2620 1220 de-
2730 1176 2946 1231 reneS,
2981 1153 3096 1220 sed
3122 1152 3327 1220 etiam
3373 1147 3710 1241 profunda
3748 1145 3872 1213 Dei
3912 1151 3976 1212 ²:
4030 1151 4097 1211 et
4132 1142 4275 1228 sive

1066 1263 1525 1330 terminetur:
1561 1283 1684 1330 nec
1720 1261 1926 1328 etiam
1951 1258 2376 1351 decipiuntur
2402 1261 2621 1350 aequi-
2728 1261 2813 1330 ad
2865 1268 3121 1342 nostra,
3181 1261 3324 1327 sive
3379 1257 3464 1326 ad
3503 1256 3637 1325 alia
3687 1275 3966 1324 securus
4025 1271 4279 1341 sequor

1064 1369 1283 1450 vociS,
1318 1378 1387 1437 et
1414 1367 2017 1462 amphibologicis:
2054 1370 2212 1459 quia
2251 1390 2355 1436 res
2394 1367 2622 1436 deter-
2729 1392 2886 1439 eum
2927 1390 3361 1461 quocumque
3388 1367 3542 1435 ierit
3582 1387 3601 1435 ε
3634 1370 3902 1432 tantum
3933 1368 4009 1428 ut
4053 1366 4297 1427 custo-'

1069 1476 1334 1573 minata
1373 1475 1669 1544 excludit
1699 1476 1930 1542 omnia
1959 1474 2096 1543 illa.
2540 1503 2543 1506 ¹
2730 1479 2869 1546 diat
2887 1477 3092 1546 corda
3112 1485 3366 1561 nostra,
3392 1471 3957 1563 etintelligentias
3978 1474 4272 1550 nostras,

2730 1610 2814 1656 ne
2852 1586 3025 1654 forte
3075 1607 3231 1652 cum
3278 1604 3421 1650 non
3482 1579 3720 1664 aderit,
3790 1577 4036 1652 adesse,
4075 1581 4299 1667 pute-f

2732 1718 2908 1781 muS,
2972 1699 3412 1782 nostrumque
3466 1710 3589 1779 pro
3652 1689 3800 1777 ipso
3889 1706 4277 1781 sequemur

2730 1825 3007 1873 sensum
3048 1802 3422 1870 deviantes,
3457 1798 3655 1868 Unde
3683 1802 4062 1890 scrutantes
4093 1783 4279 1861 scru-

1457 1917 1963 1988 ARTICULUS
2012 1917 2236 1987 xvu.
2731 1914 2929 2008 tinia·
2963 1936 3088 1981 suo
3162 1933 3390 1992 sensu,
3457 1909 3525 1978 vi
3580 1905 3896 1976 'rationis
3938 1903 4293 1980 ,volentes

2730 2024 2957 2115 potius
3059 2022 3550 2111 interrumpere
3654 2016 3726 2083 in
3800 2021 4090 2084 secreta·
4150 2009 4279 2080 Dei

1160 2133 1271 2199 An
1302 2131 1460 2200 licet
1486 2134 1786 2200 scrutari
1811 2154 2105 2223 superna
2134 2133 2460 2221 mysteria
2495 2132 2536 2200 :⁷
2731 2153 2938 2222 quam
3013 2151 3134 2220 per
3209 2128 3589 2196 doctrinam
3686 2124 3966 2216 spiritus
4055 2122 4277 2187 intro-
4340 2195 4347 2200 ‚

2730 2238 2909 2317 duci,
2944 2236 3054 2305 hic
3084 2233 3692 2328 reprehenduntur,
3745 2233 3919 2301 sicut
3973 2226 4278 2297 infideles

2729 2345 2847 2436 qui
2878 2344 3205 2412 terminos
3262 2341 3707 2411 articulorum
3757 2336 3913 2406 ndei
3949 2358 4091 2404 non
4151 2355 4283 2402 cu·-

1152 2450 1418 2521 Deinde
1477 2455 1808 2545 quaeritur
1873 2453 1954 2523 de
1994 2452 2126 2522 hoc
2180 2453 2364 2547 quod
2407 2454 2619 2524 dicit:
2728 2453 3031 2523 stodiunt
3074 2476 3090 2520 ε
3144 2474 3285 2520 non
3377 2458 3607 2519 autem
3691 2442 4278 2538 reprehenduntur

1070 2583 1106 2623 ι
1148 2557 1473 2628 Scrutari
1509 2581 1646 2627 non
1701 2560 1856 2628 licet
1909 2583 2206 2652 superna
2263 2563 2618 2651 mysteria,
2729 2564 3080 2632 studentes
3108 2572 3176 2630 et
3214 2561 3630 2652 inquirentes
3657 2579 3816 2624 cum
3863 2556 4137 2647 pietate.

1065 2673 1196 2734 etc.
1252 2690 1287 2731 ι

1170 3228 1263 3302 Κ.
1319 3226 1594 3304 Utrum
1629 3224 1898 3301 debeat
1932 3224 2115 3317 dici,
2155 3248 2461 3325 semper
2483 3226 2852 3325 qiqnilur,
2880 3225 3009 3302 vel
3039 3248 3350 3323 semper
3381 3225 3685 3323 penitus
3715 3230 3828 3300 est
3851 3222 4110 3300 Filius
4135 3222 4184 3300 Ρ

1177 3565 1323 3640 Hic
1361 3565 1608 3663 quatri
1653 3576 1927 3665 potest,
1957 3568 2145 3641 Cum
2177 3568 2573 3663 generatio
2605 3569 2774 3644 Filii
2808 3593 2852 3644 a
2888 3570 3113 3643 Patre
3146 3591 3288 3644 nec
3319 3567 3781 3667 principium
3827 3565 4108 3643 habeat
4135 3588 4279 3641 nec

1074 3696 1339 3786 finem,
1381 3700 1568 3799 quia
1606 3710 1896 3776 {eterna
1958 3711 2099 3795 est,
2146 3712 2398 3777 utrum
2442 3703 2719 3779 debeat
2792 3703 2972 3798 dici,
3044 3703 3285 3778 Filius
3343 3724 3652 3801 semper
3723 3699 4096 3799 gignitur,
4152 3700 4277 3775 vel

1064 3853 1379 3931 semper
1421 3832 1733 3928 genitus
1762 3844 1904 3928 est,
1948 3834 2066 3909 vel
2099 3857 2406 3933 semper
2441 3834 2833 3934 gignetur.
2908 3836 3019 3911 De
3096 3836 3251 3925 hoc„
3318 3829 3736 3931 Gregorius
3796 3855 4036 3933 super
4094 3830 4275 3921 Job,

1069 3967 1177 4041 ait
1212 3990 1229 4042 ε
1276 3966 1659 4042 Dominus
1689 3969 1898 4044 Deus
1933 3969 2160 4045 Jesus
2187 3970 2259 4044 in
2304 3993 2396 4046 eo
2436 3971 2644 4070 quod
2684 3972 2935 4048 virtus
2963 3982 3040 4049 et
3078 3968 3455 4069 sapientia
3511 3968 3652 4044 Dei
3711 3977 3854 4062 est,
3907 3967 4001 4044 de
4051 3968 4280 4043 Patre

1070 4110 1252 4177 ante
1284 4111 1632 4202 tempora
1670 4113 1900 4178 natus
1938 4104 2096 4180 est'
2131 4128 2148 4181 ε
2185 4106 2305 4181 vel
2350 4106 2606 4205 potius
2635 4106 2821 4206 quia
2860 4129 3002 4182 nec
3043 4105 3276 4204 coepit
3305 4105 3547 4198 nasci,
3585 4127 3728 4180 nec
3765 4103 4020 4198 desiit,
4065 4103 4279 4177 dica-

1074 4259 1250 4311 mus
1277 4237 1570 4332 verim,
1615 4261 1921 4338 semper
1958 4250 2185 4314 natus
2230 4264 2247 4317 ε
2286 4265 2435 4315 non
2480 4252 2738 4318 autem
2786 4265 3198 4341 possumus
3228 4240 3510 4333 dicere,
3544 4261 3852 4338 semper
3902 4237 4274 4331 nascitur,

1070 4394 1168 4447 ne
1212 4371 1707 4471 imperfectus
1737 4397 1905 4450 esse
1949 4375 2319 4451 videatur.
2355 4382 2452 4453 At
2488 4400 2672 4453 vero
2715 4388 2796 4454 ut
2828 4389 3171 4454 internus
3209 4374 3597 4473 designari
3628 4375 3881 4451 valeat
3918 4383 3994 4448 et
4022 4372 4277 4472 perfe-

1074 4518 1273 4598 ctuS,
1319 4518 1394 4583 et
1421 4531 1725 4607 semper
1751 4509 2125 4606 dieamus,
2167 4523 2241 4587 et
2273 4521 2525 4607 natus,
2569 4524 2959 4613 quatenus
2999 4525 3069 4589 et
3104 4520 3329 4589 natus
3367 4511 3460 4587 ad
3492 4509 4072 4609 perfectionem·
4098 4531 4276 4606 per-

1073 4644 1341 4732 tineat,
1387 4655 1462 4720 et
1488 4667 1792 4742 semper
1819 4645 1914 4719 ad
1947 4647 2445 4723 {eternitatem
2496 4649 2907 4746 :quamvis
2936 4673 3073 4748 per
3113 4650 3256 4723 hoc
3297 4648 3549 4746 ipsum
3591 4643 3797 4745 quod
3848 4642 4270 4742 perfectum

1072 4778 1437 4875 dicimus,
1475 4781 1797 4854 muttum
1833 4781 1928 4856 ab
1962 4781 2165 4858 iltius
2200 4783 2548 4891 veritatis
2578 4783 3075 4884 expressione
3130 4782 3531 4858 deviamus
3574 4805 3592 4857 :
3662 4782 3847 4879 quia
3904 4779 4112 4879 quod
4183 4779 4282 4852 fa·

1072 4925 1283 4991 ctum
1317 4939 1472 4990 non
1517 4926 1657 5004 est,
1695 4940 1846 4990 non
1893 4927 2136 5016 potest
2188 4917 2337 4993 dici
2369 4917 2680 5018 proprie
2722 4919 3176 5018 perfectum,
3218 4917 3353 4993 sed
3404 4916 3902 4993 balbutiendo
3974 4925 4055 4991 ut
4112 4938 4282 5015 pos·

1079 5075 1383 5146 sumus,
1428 5054 1732 5131 excelsa
1761 5052 1897 5129 Dei
1941 5074 2417 5128 resonemus.
2455 5055 2549 5128 Et
2576 5052 2962 5128 Dominus
2993 5062 3276 5126 nostrae
3311 5049 3778 5126 infirmitatis
3808 5049 4067 5125 verbis
4106 5072 4282 5125 con·

1077 5186 1588 5285 descendens,
1622 5191 1917 5284 Estote,
1953 5189 2226 5288 inquit,
2252 5188 2613 5287 perfecti,
2645 5188 2847 5263 sicut
2883 5196 2956 5263 et
2990 5187 3235 5263 Pater
3260 5194 3506 5261 vester
3533 5185 3860 5263 coelestis
3888 5186 4283 5285 perfectus

1139 5511 1158 5547 ¹
1194 5514 1250 5571 S.
1278 5516 1632 5583 Bzaxaamss,
1665 5516 1854 5587 Super
1896 5514 2158 5581 Cantica,
2190 5516 2377 5572 Serm.
2412 5518 2501 5572 Π.

1140 5609 1210 5667 ²1
1238 5610 1314 5668 ad
1343 5609 1607 5667 Corinth.
1643 5625 1702 5673 u.
1739 5611 1842 5663 ¹0:
1872 5608 2179 5679 Spin-itm...
2211 5610 2397 5663 omnia
2424 5614 2729 5676 scrutatur,
2761 5609 2927 5663 etiam
2980 5606 3263 5677 protunda
3309 5608 3425 5665 Dei.

1133 5705 1156 5741 ⁸
1186 5702 1245 5758 S.
1267 5701 1600 5758 Caesonius.
1635 5698 1756 5754 Lib.
1789 5694 1963 5753 xxix
1997 5712 2176 5769 super
2197 5696 2326 5754 101».
2476 5702 2488 5712 '
