4897 6388
583 322 676 390 st
847 417 851 421 .
1236 338 1287 407 4
1424 316 1431 319 ‘
1575 320 1673 387 1),
1715 317 1913 386 Aba.
1956 314 2183 411 puts.
2239 313 2443 382 ono.
2503 312 2798 390 rnAEo.

2247 483 2599 573 dispositio
2668 486 3025 553 oculorum
3097 477 3653 572 vespertilionum
3713 469 3800 536 ad

2248 593 2480 663 lumen
2538 593 2727 677 solis,
2771 594 2862 659 ita
2901 599 3004 658 est
3042 589 3398 679 dispositio
3434 579 3645 651 nostri
3686 578 3796 643 in·-

1074 721 1313 768 Dlvlslo
1361 720 1632 765 TEXTUS.
2144 782 2151 787 ἶ
2248 703 2555 772 tellectus
2593 702 2678 768 ad
2719 695 3271 767 manifestissima
3301 700 3584 761 naturae.

689 943 721 975 «
752 915 896 981 Hoc
930 912 1164 1003 itaque
1207 936 1367 981 vera
1418 936 1498 980 ac
1539 914 1665 1003 pia
1717 913 1881 1000 fide,
1925 921 2057 979 010,
2109 935 2140 975 »
2341 898 2565 963 Prima
2605 904 2834 963 autem
2876 893 3122 959 harum
3159 888 3449 979 partium
3500 883 3800 952 continet
3828 917 4154 970 Quanam-ext·

595 1022 721 1089 Hic
794 1019 1030 1111 incipit
1083 1019 1407 1113 Magister
1498 1028 1857 1089 tractatum
1938 1017 2141 1106 hujus
2232 1014 2546 1096 'quatuor
2580 1013 2828 1092 parles·
2883 1002 2959 1068 ln
3015 999 3204 1066 Omni
3265 996 3446 1064 enim
3511 993 3624 1059 Via
3676 1012 3799 1057 ve·
3857 971 4119 1088 {2222}ss

596 1131 917 1200 doctrinae
956 1115 1147 1199 finita
1184 1140 1374 1221 parte
1423 1126 1832 1220 prooemiali,
1886 1128 1954 1192 in
2011 1147 2147 1216 qua
2254 1111 2485 1181 niendi
2536 1111 2604 1177 in
2653 1110 3120 1203 cognitionem
3170 1105 3456 1193 alicujus
3514 1096 3801 1168 difficilis
3829 1077 4137 1195 ‘’welleii’'

598 1238 1031 1330 investigavit
1051 1237 1133 1306 de
1164 1260 1299 1328 quo
1340 1235 1685 1328 agendum
1716 1241 1838 1301 est.
2256 1222 2621 1312 exiguntur
2671 1227 2964 1311 quatuor
3000 1240 3015 1285 :
3077 1213 3356 1290 seilicet,
3425 1219 3500 1277 ut
3554 1210 3803 1277 sciatur
3832 1184 4137 1283 ⁶¹²3¹t²1¹122¹¹⁵

240 1318 545 1431 'nivatam-
684 1345 772 1414 Et
826 1345 1150 1414 dividitur
1205 1343 1584 1414 secundum
1624 1345 1952 1410 rationem
1996 1342 2153 1409 sub·
2258 1330 2421 1421 quid
2452 1329 2974 1419 supponendum
3002 1332 3147 1393 est:
3195 1323 3353 1413 quia
3383 1320 3509 1387 nisi
3552 1338 3803 1408 suppo·

79 1432 87 1461 7
174 1480 177 1483 ,
254 1461 264 1471 .
295 1440 388 1483 tiu·
411 1436 517 1482 tion-i

288 1490 549 1538 semna..
593 1454 754 1543 jecti
793 1452 998 1542 hujus
1025 1455 1326 1520 scientiae
1357 1452 1429 1518 in
1468 1459 1692 1542 partes
1724 1450 1917 1531 duaS,
1969 1449 2155 1517 scili·
2259 1440 2403 1507 sitis
2459 1438 2809 1529 principiis
2865 1437 3190 1510 scientiae,
3244 1454 3385 1499 non
3440 1427 3808 1519 acquiritur

280 3737 579 3789 Dtvhtottbrt

343 1556 468 1590 '‘¹¹¹''
602 1568 706 1629 cet
733 1563 814 1652 in·
841 1567 1201 1627 tractatum
1228 1560 1311 1627 de
1351 1559 1578 1633 rebus,
1599 1565 1668 1625 et
1682 1564 2042 1625 tractatum
2071 1555 2153 1623 de

602 1669 837 1760 signis.
879 1668 1226 1737 Tractatus
1278 1667 1362 1736 de
1421 1667 1624 1735 rebus
1683 1666 1986 1734 continet
2021 1673 2156 1731 tres

603 1776 811 1846 libros
851 1777 1323 1845 antecedentes
1357 1798 1373 1844 :
1420 1781 1743 1843 tractatus
1798 1782 2029 1842 autem
2072 1773 2153 1843 de

604 1884 816 1976 signis
850 1883 1112 1952 obtinet
1139 1893 1485 1976 quartum.
1571 1941 1577 1947 .
1749 1937 1757 1943 .

690 1994 1041 2062 Tractatus
1080 2003 1309 2063 autem
1353 1994 1436 2063 de
1478 1992 1680 2062 rebus
1738 1990 1945 2060 habet
1980 1990 2159 2058 divi-

607 2105 869 2171 sionem
926 2101 1297 2170 secundum
1341 2099 1677 2170 rationem
1735 2120 1961 2167 rerum
2007 2095 2160 2164 illa-

610 2231 761 2290 rum
801 2206 1178 2276 secundum
1217 2209 1752 2300 quamveniunt
1788 2206 1857 2272 in
1913 2226 2160 2295 specu-

610 2317 934 2387 lationem
963 2316 1016 2383 T
1021 2314 1319 2409 heologi.
1356 2314 1537 2384 Sunt
1563 2317 1745 2384 enim
1777 2336 1884 2383 res
1915 2312 2161 2404 quibus

610 2425 971 2496 fruendum
994 2432 1095 2493 est
1122 2425 1265 2496 sive
1290 2423 1776 2507 beatificantes,
1809 2421 1892 2490 dc
1915 2419 2163 2512 quibus

615 2535 840 2626 agitur
872 2536 942 2603 in
980 2535 1201 2625 primo
1237 2533 1438 2605 libro.
1473 2532 1558 2600 Et
1596 2540 1754 2600 sunt
1785 2552 1891 2598 res
1914 2528 2164 2621 quibus

615 2644 942 2712 utendum
974 2652 1097 2723 est,
1131 2644 1257 2711 sub
1288 2643 1539 2735 quibus
1568 2642 1776 2711 etiam
1806 2641 2167 2708 continen-

616 2762 727 2821 tur
762 2774 869 2821 res
901 2774 1053 2843 quae
1099 2751 1417 2820 fruuntur
1447 2759 1515 2820 et
1551 2758 1836 2818 utuntur
1868 2770 1883 2816 :
1930 2756 1997 2815 et
2033 2746 2165 2814 itlae

619 2861 977 2930 dilectione
1006 2882 1170 2929 usus
1198 2869 1358 2929 sunt
1386 2856 1778 2950 diligendae,
1812 2856 1988 2924 sicut.
2019 2878 2169 2946 pro·

617 2969 852 3040 batum
892 2976 1004 3038 est
1040 2969 1108 3037 in
1139 2968 1575 3038 distinctione
1605 2963 2013 3057 praecedenti
2049 2985 2065 3031 :
2103 2972 2163 3031 et

619 3082 701 3152 de
763 3080 899 3149 illis
954 3078 1180 3171 agitur
1242 3079 1312 3145 in
1352 3075 1653 3147 secundo
1719 3073 1918 3142 libro.
1993 3071 2171 3140 Sunt

621 3191 824 3260 etiam
858 3210 963 3258 res
991 3187 1383 3256 ordinantes
1411 3186 1748 3255 fruentem
1771 3181 1853 3251 ad
1872 3179 2164 3259 fruibile‚

624 3298 869 3392 quibus
896 3296 1270 3367 secundum
1323 3294 1584 3387 aliquid
1639 3291 1746 3361 sui
1809 3291 2166 3360 fruendum

623 3415 748 3488 est,
789 3415 854 3475 et
892 3405 1266 3476 secundum
1298 3403 1557 3496 aliquid
1579 3400 1907 3471 utendum
1936 3422 1953 3468 :
1988 3408 2055 3468 et
2085 3399 2168 3469 de

627 3515 758 3584 illis
793 3515 1020 3608 agitur
1047 3514 1118 3582 in
1146 3515 1371 3583 tertio·

716 3716 977 3786 Fatuus
1012 3713 1184 3784 liber
1210 3714 1539 3784 dividitur
1575 3714 1644 3780 in
1686 3710 1853 3780 duas
1893 3716 2118 3802 partes
2148 3728 2166 3776 ι

628 3825 698 3893 in
728 3847 1018 3916 quarum
1047 3826 1266 3917 prima
1316 3822 1536 3915 tangit
1574 3822 1832 3890 Auctor
1885 3817 2168 3887 modum

630 3933 1019 4024 possibilem
1061 3932 1257 4002 nobis
1286 3929 1691 4002 deveniendi
1724 3928 1791 3995 in
1831 3926 2174 4015 cognitio-

630 4063 784 4109 nem
832 4065 1070 4113 eorum
1139 4042 1386 4133 quibus
1426 4037 1786 4109 fruendum
1847 4043 1967 4110 est,
2017 4054 2169 4126 quae

628 4155 782 4219 s'unt
816 4150 1040 4233 Pater,
1074 4158 1138 4219 et
1170 4150 1402 4232 Filius,
1439 4157 1505 4217 et
1544 4146 1840 4238 Spiritus
1869 4153 2164 4210 sanctus.

630 4259 723 4328 ln·
760 4258 1054 4341 secunda
1109 4268 1340 4328 autem
1416 4257 1609 4348 ponit
1674 4262 2031 4322 tractatum
2088 4249 2172 4318 de

626 4366 781 4444 illis.
823 4366 1076 4435 scilicet
1128 4368 1194 4434 in
1269 4373 1512 4458 quarta
1548 4360 2006 4437 distinctione,
2063 4357 2174 4424 in-

628 4476 751 4556 fra,
786 4475 906 4561 ibi,
930 4462 977 4539 ⁸«
1004 4475 1158 4568 *llic
1184 4476 1409 4544 oritur
1436 4473 1721 4566 quaestio
1750 4469 1922 4538 satis
1961 4489 2175 4536 ncces·

626 4588 837 4669 saria,
871 4593 1009 4655 etc.‘
1046 4611 1079 4651 ι

718 4693 793 4763 Si
842 4717 1056 4763 Amen
1098 4694 1450 4786 quaeritur,
1493 4692 1718 4770 Quare
1752 4711 1886 4755 non
1921 4687 1989 4755 in
2024 4684 2173 4753 aliis

630 4802 816 4884 libris
854 4803 1152 4895 tangitur
1186 4802 1450 4892 primus
1479 4797 1723 4866 modus
1771 4793 2169 4864 deveniendi

629 4914 696 4980 in
726 4899 1074 4980 scientiam
1117 4911 1446 5002 ipsorum,
1489 4909 1662 4976 sicut
1700 4905 1858 4974 hie?
1917 4906 2168 4973 Dicen-

627 5021 812 5102 dum,
858 5018 1040 5112 quod
1071 5018 1201 5088 hoc
1220 5018 1553 5109 contingit
1586 5023 1859 5107 propter
1888 5011 2170 5081 disticul-

627 5133 836 5198 tatem
867 5127 1069 5216 hujus
1090 5130 1415 5208 materiae,
1436 5148 1586 5219 quae
1607 5124 1762 5192 licet
1790 5125 1875 5189 sit
1903 5145 2171 5189 summa

627 5241 745 5307 lux
775 5246 838 5305 et
879 5236 1450 5316 manifestissima,
1494 5235 1692 5303 nobis
1736 5242 1964 5301 tamen
2007 5253 2167 5321 pro-

632 5356 777 5441 pter
813 5345 1391 5438 imperfectionem
1431 5345 1643 5413 nostri
1681 5340 1895 5411 occuli
1936 5350 2037 5409 est
2068 5363 2177 5408 oc-

631 5454 828 5525 culta.
878 5453 1095 5537 Unde,
1129 5453 1654 5530 l‘sal.cxxxv111,
1690 5455 1772 5520 6:
1826 5449 2177 5518 mirabilis

630 5566 821 5657 sacta
867 5574 963 5632 est
1007 5565 1290 5632 scientia
1318 5572 1442 5632 tua
1472 5587 1555 5631 ex
1593 5583 1700 5627 mc
1728 5584 1750 5628 .·
1780 5561 2174 5649 confortata

632 5686 754 5761 est,
790 5684 916 5743 etc.
968 5672 1077 5751 Et,
1122 5672 1188 5740 in
1221 5673 1279 5740 11
1302 5670 1832 5764 Metapkysicae:
1856 5665 2044 5736 Sicut
2076 5669 2179 5736 est

2260 1550 2536 1617 scientia
2574 1568 2590 1614 t
2626 1556 2694 1615 et
2723 1547 2853 1616 hoc
2884 1545 3100 1635 tangit
3133 1543 3201 1609 in
3232 1541 3452 1630 primo
3483 1536 3801 1628 capitulo.

2264 1657 2605 1736 Secund0‚
2643 1657 3009 1748 requiritur
3027 1650 3458 1742 praecognitio
3491 1645 3809 1714 intentio-

2263 1769 2420 1835 nis:
2465 1765 2627 1857 quia
2685 1764 2920 1855 ignoto
2972 1761 3107 1828 stne
3148 1760 3508 1849 ignoratur
3569 1773 3812 1821 consc-

2263 1873 2446 1941 cutio
2501 1871 2681 1947 finis,
2744 1879 2811 1937 et
2848 1865 2974 1936 e'rit
3035 1862 3390 1953 inquisitio
3447 1863 3701 1928 incerta
3747 1865 3813 1924 et

2265 1999 2489 2071 vaga:
2526 1986 2593 2046 et
2620 1975 2752 2046 hoc
2806 1975 2965 2044 facit
3012 1971 3335 2062 Magister
3394 1968 3464 2035 in
3515 1963 3809 2034 secundo

2266 2085 2589 2179 capitu10,
2620 2083 2742 2167 ibi,
2784 2083 2868 2167 B,
2909 2109 2939 2145 «
2984 2081 3499 2150 Omnes-autem
3555 2073 3811 2142 Catho-

2268 2199 2387 2266 lici
2415 2203 2839 2276 tractatores,
2873 2198 3000 2260 etc.
3039 2214 3072 2255 n
3122 2187 3424 2256 Tertium
3464 2183 3645 2274 quod
3700 2203 3814 2249 re-

2269 2308 2500 2398 quitur
2538 2311 2640 2372 est
2670 2302 2865 2378 ordo,
2917 2301 3091 2368 sicut
3149 2297 3311 2364 dicit
3356 2289 3813 2382 Philosophus

2267 2415 2336 2483 in
2375 2411 2472 2479 lv
2489 2410 2737 2503 primae
2765 2406 3229 2497 Pleilosoplzioe
3254 2425 3270 2473 :
3296 2402 3571 2470 Initium
3603 2401 3814 2466 scien-

2267 2525 2375 2591 tiae
2406 2542 2544 2588 non
2574 2539 2845 2607 semper
2882 2523 2981 2583 est
3003 2537 3041 2581 a
3073 2510 3412 2604 prioribus
3443 2505 3811 2575 secundum

2272 2650 2437 2706 rem,
2482 2624 2600 2694 sed
2655 2622 3066 2716 quandoque
3115 2642 3153 2686 a
3215 2615 3628 2685 facilioribus
3687 2634 3817 2681 au-

2270 2737 2504 2814 dienti,
2558 2756 2681 2824 per
2726 2755 2876 2825 quae
2959 2738 3060 2799 est
3117 2727 3333 2796 levior
3420 2724 3812 2792 instructio:

2273 2846 2683 2940 quandoque
2741 2850 2969 2910 autem
3012 2862 3047 2908 e
3104 2857 3461 2911 conversO,
3499 2841 3589 2901 et
3639 2831 3820 2899 hunc

2274 2954 2582 3024 ordinem
2637 2947 3050 3041 procedendi
3109 2946 3327 3037 tangit
3382 2942 3702 3031 Magister
3749 2940 3818 3006 in

2274 3061 2570 3132 secundo
2609 3058 2930 3151 capitu10,
2987 3056 3106 3135 ibi,
3161 3053 3235 3131 C,
3276 3081 3311 3117 α
3346 3053 3700 3127 caeterum,
3748 3057 3822 3115 u!

2276 3172 2345 3240 in
2397 3170 2573 3240 libro
2615 3171 2870 3262 prima,
2913 3175 3039 3235 etc.
3085 3194 3117 3228 ι»
3165 3163 3497 3244 Quartum
3552 3167 3619 3229 et
3658 3156 3821 3227 ulti-

2277 3303 2466 3349 mum
2510 3287 2613 3349 est
2666 3299 3021 3370 processus
3081 3269 3619 3362 investigationis
3684 3289 3819 3359 quo

2276 3388 2647 3481 acquiritur
2675 3386 2979 3459 scientia,
3015 3393 3078 3450 et
3137 3380 3318 3449 hunc
3354 3380 3544 3469 ponit
3602 3376 3820 3467 Magi-

2275 3508 2410 3567 ster
2440 3501 2507 3566 in
2539 3505 2781 3588 quarto
2820 3491 3142 3585 capitulo,
3180 3510 3392 3579 usque
3434 3485 3515 3553 ad
3567 3486 3821 3575 princi-

2274 3609 2464 3699 pium
2497 3614 2755 3698 quartae
2787 3598 3264 3679 distinctionis,
3302 3594 3418 3673 ibi,
3453 3593 3535 3672 D,
3574 3620 3606 3659 α
3653 3596 3819 3662 Pro-

2269 3739 2614 3809 ponamus
2651 3739 2812 3805 erqo
2855 3715 2923 3779 in
2957 3709 3289 3785 medium,
3331 3716 3461 3774 etc.
3505 3734 3533 3765 ι»

2368 3825 2577 3892 Primi
2618 3847 2781 3914 ergo
2812 3820 3084 3912 capituli
3118 3817 3449 3885 sententia
3507 3825 3606 3882 est
3661 3813 3818 3882 dare

2276 3934 2473 4002 nobis
2503 3933 3006 4022 suppositiones
3029 3951 3196 4017 quas
3220 3935 3446 3994 tenere
3468 3923 3817 4003 debemus,

2277 4049 2342 4110 et
2377 4063 2462 4109 ex
2500 4040 2747 4132 quibus
2777 4048 2845 4107 ut
2880 4037 3227 4130 principiis
3263 4032 3622 4125 procelere
3663 4054 3823 4121 pos-

2277 4172 2513 4218 sumus
2545 4151 2612 4215 in
2655 4156 2792 4214 tota
2834 4145 3116 4214 scientia
3158 4143 3348 4210 istius
3391 4141 3587 4232 primi
3641 4138 3814 4206 libri.

2367 4257 2446 4326 Et
2485 4257 2744 4325 Littera
2774 4252 2985 4322 facilis
3013 4261 3137 4321 est.

2748 4678 3248 4751 ARTICULUS
3300 4677 3352 4745 1.

2282 4905 2384 4972 An
2452 4900 2916 4969 convenienter
2999 4893 3401 4962 ordinentur
3463 4891 3601 4959 haec
3658 4892 3816 4965 tria,

2460 5009 2701 5085 dicere,
2754 5006 3045 5087 credere,
3078 5011 3141 5071 et
3195 5000 3576 5092 itztclliqere
3609 4998 3649 5066 ἶ)

2372 5326 2714 5406 Quaeritur
2750 5331 2975 5392 autem
3017 5320 3098 5388 dc
3138 5318 3268 5388 hoc
3307 5316 3492 5409 quod
3531 5318 3670 5407 ipse
3718 5315 3825 5382 'di-

2284 5441 2373 5506 cit
2422 5459 2437 5505 :
2492 5439 2651 5504 Ilaec
2729 5432 3025 5501 Trinitas
3101 5428 3306 5495 unius
3377 5424 3816 5517 ejusdemque

2282 5547 2681 5619 substantiae
2708 5544 2819 5614 ccl
2853 5541 3153 5613 essentiae
3181 5537 3459 5620 dicitur,
3490 5536 3816 5617 creditur,

2284 5670 2346 5728 et
2385 5655 2837 5747 itztellcqitur.
3456 5657 3465 5664 ”
