4897 6388
494 282 683 351 '56-

553 452 742 521 niam
774 467 980 516 omne
1025 447 1217 537 cujus
1281 446 1527 540 aliquis
1591 448 1921 539 terminus
1975 454 2097 524 est,

336 555 347 566 ’
553 550 826 641 finitum
879 564 1005 641 cst,
1078 556 1261 647 quod
1324 557 1594 624 videtur
1660 576 1805 621 esse
1871 563 2106 622 contra

557 664 1013 760 Symbolum:
1053 689 1086 728 α
1121 663 1502 731 immensus
1544 663 1765 739 Pater,
1811 656 2138 732 i1nmen-‘

554 800 671 845 sus
703 776 936 852 Filius,
972 781 1099 839 etc.
1137 796 1170 836 n
1235 770 1305 837 Si
1337 781 1564 838 autem
1614 780 1714 840 est
1759 796 2104 863 compara·

554 872 653 954 tio
696 908 814 975 per
847 900 1180 950 recessum
1218 901 1257 946 a
1303 881 1666 957 contrario,
1703 890 1863 949 tunc
1917 881 2104 949 vide·

552 1000 666 1057 tur
721 983 980 1078 aliquid
1037 1005 1183 1051 csse
1246 1007 1511 1054 summe
1571 986 1825 1053 malum
1884 1009 1922 1053 a
1972 1007 2105 1075 quo

558 1093 834 1172 recedit,
906 1088 1092 1183 quod
1165 1090 1409 1167 iterum
1465 1091 1710 1159 falsum
1760 1100 1900 1159 est:
1949 1093 2109 1181 quia

560 1223 832 1269 summe
876 1195 1134 1267 malum
1191 1207 1293 1266 est
1347 1197 1622 1287 quidem
1690 1198 1875 1290 quod
1940 1198 2108 1266 nihil

559 1307 766 1379 habet
818 1307 902 1378 de
964 1304 1191 1375 bono:
1254 1328 1409 1374 cum
1442 1308 1672 1375 autem
1708 1310 1887 1375 inter
1931 1307 2110 1376 bona

560 1410 824 1512 optima
851 1416 939 1486 sit
966 1436 1142 1498 esse,
1174 1436 1444 1484 summe
1477 1416 1736 1485 malum
1795 1440 1932 1486 non
1988 1416 2114 1486 ba-

561 1527 749 1616 bebit
774 1545 961 1595 esse:
998 1531 1064 1591 et
1093 1522 1274 1615 quod
1314 1546 1450 1592 non
1481 1523 1688 1593 habet
1739 1548 1913 1612 esse,
1974 1550 2114 1596 non

564 1643 709 1704 est:
744 1656 907 1725 ergo
947 1652 1214 1699 summe
1252 1631 1513 1699 malum
1542 1654 1681 1700 non
1721 1640 1844 1701 est.
1934 1706 1938 1710 ,

620 1846 989 1934 9Πιτῐιιιιυς»
1038 1842 1384 1933 quaeritur,
1416 1839 1662 1911 Utrum
1692 1863 1960 1909 summe
1988 1840 2118 1909 bo-

564 1979 732 2026 num
790 1954 879 2021 sit
934 1949 1248 2040 simplex,
1296 1946 1408 2016 vel
1452 1950 1959 2040 compositum?
1999 1948 2121 2017 Vi-
2198 1961 2207 1968 '

568 2063 767 2132 detur
818 2067 1075 2134 autem,
1147 2055 1330 2148 quod
1393 2058 1891 2147 compositum:
1962 2059 2121 2147 quia

568 2189 920 2239 summum
951 2170 1053 2232 est
1082 2164 1190 2231 cui
1233 2185 1370 2231 non
1410 2161 1601 2232 deest
1640 2161 1867 2255 aliqua
1929 2162 2123 2232 boni-

569 2287 713 2347 tas:
760 2273 1099 2344 bonitates
1129 2278 1355 2339 autem
1396 2279 1556 2339 sunt
1594 2271 1964 2339 multarum
2015 2295 2121 2338 ra·

448 2434 458 2442 -
573 2386 886 2457 tionum:
920 2402 1085 2472 ergo
1122 2380 1393 2448 videtur
1432 2379 1655 2470 ipsum
1723 2402 1869 2448 esse
1933 2402 2120 2448 com·

223 2674 531 2724 &deunita-

252 3214 509 3274 Qum&

574 2494 878 2584 positum
911 2509 996 2557 ex
1043 2484 1199 2557 illis.

670 2599 806 2668 Snn
852 2617 1149 2667 comm:
1202 2593 1386 2663 Inter
1413 2593 1871 2663 nobilissimas
1937 2592 2126 2661 boni·

579 2718 751 2780 tates
780 2714 884 2776 est
919 2704 1359 2795 simplicitas:
1401 2712 1523 2771 aut
1584 2701 1791 2795 igitur
1856 2700 2127 2770 habebit

579 2816 770 2886 illam
798 2823 1122 2884 autnon:
1156 2812 1212 2879 si
1257 2832 1421 2895 non,
1464 2811 1586 2880 erit
1617 2833 1961 2879 summum
2000 2807 2131 2877 bo-

579 2943 793 2991 num:
826 2921 885 2989 si
921 2919 1043 2994 sic,
1096 2938 1258 3006 ergo
1295 2937 1435 2983 non
1486 2923 1588 2984 est
1645 2915 2125 3006 compositum.

671 3137 1071 3209 Primnum,
1127 3128 1590 3223 Philosophus
1643 3137 1844 3199 vocat
1909 3130 2130 3222 ipsum

578 3247 984 3325 bonitatem,
1018 3250 1087 3309 et
1141 3262 1290 3311 esse
1350 3241 1421 3309 in
1471 3239 1607 3310 tine
1653 3237 2128 3331 simplicitatis.

578 3355 668 3449 Et
729 3352 1057 3449 quaeritur
1128 3350 1362 3441 inquo
1401 3347 1717 3418 differant
1771 3348 1898 3416 ista
1959 3347 2133 3416 circa

581 3484 933 3535 summum
972 3457 1288 3527 bonum?

608 3753 618 3758 ,
676 3678 1008 3749 Umentes
1102 3672 1448 3764 quaeritur,
1536 3670 1780 3741 Utrum
1870 3670 2132 3763 possint

583 3807 730 3866 esse
759 3784 925 3867 duo,
955 3778 1067 3848 vel
1094 3778 1288 3871 plura
1345 3800 1614 3846 summe
1643 3777 1822 3846 bona
1846 3779 1883 3847 ?
1916 3776 1996 3844 Et
2027 3777 2134 3844 vi·

581 3893 781 3963 detur
817 3886 1002 3984 quod
1045 3908 1211 3954 non.

678 4004 739 4071 l.
783 3994 963 4081 Quia
1009 3991 1194 4088 quod
1258 4016 1379 4086 per
1443 3991 2132 4086 superabundantiam

580 4108 851 4182 dicitur,
913 4100 1031 4171 uni
1079 4098 1208 4169 soli
1244 4100 1610 4169 convenit:
1638 4099 1754 4168 sed
1792 4120 2136 4166 summum

583 4238 706 4308 per
734 4206 1428 4306 superabundantiam
1490 4205 1771 4275 dicitur:
1816 4228 1975 4297 ergo
2023 4205 2138 4272 uni

586 4320 719 4391 soli
756 4313 1105 4389 convenit.

613 4412 620 4417 ⁸
674 4429 742 4497 2.
781 4423 1144 4497 Praeterea,
1181 4418 1522 4507 Objiciunt
1580 4421 1677 4488 sic
1732 4418 2034 4498 Boetius,
2078 4428 2140 4485 et

586 4513 1096 4605 Dam'escenus:
1129 4527 1305 4595 Dato
1334 4525 1519 4619 quod
1558 4526 1692 4594 sint
1714 4526 1850 4595 duo
1875 4547 2142 4594 summe

584 4643 814 4713 bona:
848 4627 968 4708 aut
998 4635 1329 4728 quidquid
1367 4635 1686 4703 bonitatis
1730 4635 1801 4701 in
1859 4656 2141 4702 numero

589 4751 797 4822 habet
854 4768 1098 4826 unum,
1159 4742 1362 4813 habet
1426 4742 1635 4819 uliud,
1679 4750 1794 4811 aut
1868 4764 2029 4810 non.
2070 4740 2140 4808 Si

591 4862 818 4956 primo
885 4852 1133 4925 modo:
1195 4874 1355 4944 ergo
1396 4874 1534 4920 non
1591 4849 1934 4928 disserunt,
1989 4851 2145 4941 quia

594 4969 776 5039 idem
808 4988 933 5059 per
971 4982 1334 5029 numerum
1366 4968 1524 5027 sunt
1546 4957 1886 5027 bonitates
1917 4957 2142 5036 unius,

595 5088 664 5149 et.
700 5075 1007 5145 alterius.
1048 5066 1121 5135 Si
1152 5067 1446 5136 secundo
1479 5065 1684 5135 modo
1714 5090 1729 5133 :
1762 5088 1925 5158 ergo
1965 5064 2145 5157 quod

594 5183 802 5256 habet
870 5197 1085 5247 unum
1136 5173 1236 5243 de
1317 5172 1645 5252 bonitate,
1729 5195 1869 5241 non
1948 5171 2148 5240 habet

596 5289 822 5377 aliud:
857 5306 1023 5377 ergo
1080 5304 1221 5349 non
1285 5290 1386 5350 est
1446 5303 1796 5350 summum
1860 5279 2143 5359 bonum,

597 5422 754 5468 cum
821 5392 1202 5486 uniquique
1265 5388 1532 5458 deficiat
1584 5388 1767 5482 quod
1832 5389 1894 5457 ei
1952 5386 2146 5477 adjici

595 5513 846 5600 potest.

1541 277 1625 346 D.
1677 277 1876 346 ΑΕΒ.
1930 277 2145 349 MAG.
2186 278 2404 347 om).
2457 280 2755 347 PRAED.

2267 449 2606 518 Somno.
2675 450 3097 532 Dicendum,
3167 452 3353 545 quod
3420 454 3766 518 summum

2208 553 2467 626 bonum
2508 567 2609 626 est
2648 557 3187 632 substantialiter
3226 568 3294 628 et
3324 556 3771 626 essentialiter

2211 664 2494 747 bonum,
2542 666 2647 734 cui
2717 675 2818 735 est
2883 666 3330 755 impossibilis
3388 665 3640 733 additio
3697 664 3767 730 in

2210 772 2538 843 bonitate.
2584 775 2666 842 Et
2701 775 2771 865 ly
2797 797 3178 849 summum,
3215 796 3355 842 non
3413 773 3599 840 addit
3654 794 3767 838 su-

2212 902 2333 969 pra
2365 881 2812 950 intentionem
2846 880 3037 961 boni,
3083 881 3212 947 nisi
3260 888 3639 971 respectum
3671 899 3772 945 se-

2213 985 2512 1055 cundum
2578 1008 2835 1055 nomen
2902 987 2988 1054 ad
3043 987 3177 1054 alia
3206 986 3390 1055 bona
3429 995 3673 1063 creata,
3708 991 3776 1051 et

2216 1114 2355 1161 non
2385 1093 2572 1162 addit
2598 1093 2979 1163 secundum
3016 1116 3185 1161 rem.

2305 1204 2435 1285 An„
2471 1225 2598 1270 noc
2645 1211 2876 1269 autem
2941 1200 3127 1294 quod
3187 1199 3530 1291 objicitur,
3598 1199 3785 1292 quod

2218 1310 2307 1378 sit
2362 1312 2785 1401 comparatio
2851 1331 2974 1400 per
3049 1329 3422 1386 accessum,
3493 1316 3620 1375 etc.
3677 1305 3787 1373 Di-

2218 1416 2537 1495 cendum,
2611 1414 2795 1507 quod
2835 1437 3147 1485 accessus
3217 1422 3285 1483 et
3309 1436 3632 1495 ‚recessus
3688 1421 3787 1481 est

2224 1527 2292 1594 in
2362 1523 2806 1617 qualitatibus
2865 1546 3018 1616 quae
3075 1523 3365 1608 intendi,
3421 1534 3488 1591 et
3535 1522 3787 1590 remitti

2221 1642 2509 1727 possunt
2557 1654 2573 1701 z
2633 1640 2705 1702 et
2767 1631 2901 1700 511ae
2960 1640 3120 1699 sunt
3184 1631 3548 1722 qualitates
3623 1632 3791 1699 acci-

2224 1739 2585 1811 dentaliter
2616 1742 3077 1834 participatae:
3123 1749 3191 1809 et
3219 1743 3318 1808 sic
3360 1761 3500 1809 non
3541 1748 3641 1808 est
3669 1737 3789 1805 bo-

2222 1853 2399 1921 nitas
2458 1853 2527 1920 in
2592 1873 2868 1920 summo
2908 1849 3120 1929 bone,
3182 1851 3345 1941 quia
3404 1851 3629 1940 ipsum
3687 1857 3789 1917 est

2222 1961 2494 2030 bonitas
2541 1983 2665 2029 sua
2695 1959 3193 2029 essentialiter:
3237 1959 3295 2026 si
3333 1966 3566 2026 tamen
3598 1957 3785 2048 large

2225 2075 2537 2136 sumatur
2606 2066 3056 2158 comparatio,
3147 2073 3313 2133 tunc
3394 2063 3786 2145 dicendum,

2227 2176 2411 2267 quod
2450 2177 2674 2265 ipsum
2708 2195 2849 2242 non
2877 2172 3162 2255 accedit,
3215 2172 3334 2240 sed
3390 2181 3492 2241 est
3548 2173 3793 2240 termi-

2228 2307 2357 2353 nus
2388 2284 2614 2353 omnis
2643 2281 2836 2350 boni.

2320 2393 2424 2462 An
2472 2414 2600 2461 noc
2664 2390 2852 2483 quod
2904 2389 3249 2481 objicitur,
3310 2388 3497 2480 quod
3570 2390 3793 2478 ipsum

2234 2497 2616 2569 secundum
2682 2496 2817 2567 hoc
2882 2497 2972 2566 sit
3056 2495 3355 2573 finitum,
3441 2516 3798 2586 possemus

2234 2609 2456 2679 dicere
2508 2630 2664 2677 cum
2719 2604 3176 2696 Philosopho,
3254 2604 3439 2697 quod
3468 2605 3798 2672 terminus

2235 2737 2457 2807 neque
2521 2713 2752 2781 linitus
2820 2732 3044 2803 neque
3104 2710 3414 2778 infinitus
3488 2719 3614 2789 est,
3682 2708 3799 2777 sed

2233 2825 2461 2913 potius
2519 2824 2762 2892 finiens
2844 2819 3032 2913 quod
3118 2820 3374 2889 linitur.
3436 2816 3509 2886 Si
3571 2828 3796 2887 tamen
3859 2822 3862 2827 ’

2235 2931 2520 3001 facimus
2594 2933 2665 2999 in
2721 2929 2855 2999 hoc
2903 2931 3073 3006 vim,
3108 2928 3414 2998 dicemus
3449 2927 3633 3019 quod
3700 2930 3801 2996 in-

2236 3039 2505 3108 linitum
2563 3040 2812 3109 dicitur
2875 3036 3265 3130 dupliciter,
3333 3036 3615 3117 scilicet,
3669 3036 3803 3126 pri-

2235 3148 2463 3218 vative
2533 3145 2718 3241 quod
2789 3154 3029 3215 natum
3086 3152 3186 3214 est
3243 3142 3497 3214 habere
3564 3144 3797 3228 tinem,

2239 3265 2304 3325 et
2343 3254 2765 3324 nonhabet:
2820 3261 2887 3324 et
2933 3256 3032 3323 sic
3101 3253 3444 3321 infinitum
3512 3261 3614 3321 est
3679 3251 3802 3320 im-

2238 3363 2640 3457 perfectum,
2709 3384 2868 3432 cum
2944 3362 3173 3430 omnis
3241 3360 3566 3451 perfectio
3625 3360 3711 3428 sit
3764 3383 3803 3428 a

2241 3471 2417 3541 tine:
2453 3469 2560 3541 vel
2591 3471 2940 3561 negative,
2975 3476 3043 3537 et
3088 3468 3184 3537 sic
3245 3467 3469 3535 adhuc
3524 3467 3807 3558 duplici·

2241 3584 2344 3646 ter
2398 3586 2504 3647 est
2561 3574 2935 3654 infinitum,
2998 3574 3257 3643 scilicet
3312 3574 3422 3642 cui
3498 3570 3806 3642 absolute

2243 3692 2463 3777 potest
2502 3682 2647 3753 tolli
2690 3691 2756 3752 et
2798 3683 3035 3772 negari
3089 3680 3271 3761 finis,
3313 3679 3570 3749 scilicet
3625 3676 3810 3770 quod

2246 3794 2471 3862 necin
2509 3814 2580 3860 se
2612 3792 2699 3860 sit
2739 3789 2896 3858 finis
2925 3787 3040 3857 vel
3098 3786 3349 3856 habeat
3409 3786 3642 3871 tinem,
3685 3809 3809 3855 nec

2243 3899 2472 3993 quoad
2535 3896 2717 3966 aliud
2778 3905 3015 3966 extra:
3052 3904 3117 3962 et
3177 3894 3275 3962 sic
3314 3892 3812 3984 adhucimper-

2244 4007 2490 4078 fectum
2522 4018 2622 4077 est
2682 4005 3055 4083 inlinitum,
3099 4003 3207 4072 vel
3240 4006 3444 4072 etiam
3483 4027 3620 4072 non
3661 4025 3805 4071 enS.

2246 4115 2320 4184 Si
2382 4140 2547 4186 vero
2605 4117 2874 4184 dicatur
2932 4114 3279 4182 infinitum
3312 4115 3382 4181 in
3423 4134 3672 4204 genere
3702 4134 3814 4180 cx·

2246 4227 2547 4308 trinseci,
2603 4225 2737 4296 hoc
2797 4233 2924 4304 est,
2989 4222 3171 4317 qnod
3240 4221 3413 4292 nihil
3468 4232 3571 4291 est
3626 4231 3815 4292 extra

2244 4335 2470 4425 ipsum
2538 4332 2724 4426 quod
2785 4332 2984 4400 liniat
3050 4333 3321 4422 ipsum:
3357 4332 3453 4399 sic
3491 4331 3676 4402 Deus
3714 4338 3814 4397 est

2247 4440 2597 4510 infinitus:
2658 4462 2740 4511 eo
2803 4438 2990 4531 quod
3046 4460 3172 4507 nec
3228 4436 3407 4516 loco,
3467 4461 3592 4507 nec
3646 4446 3817 4507 tem-

2249 4571 2436 4640 pore,
2511 4570 2639 4617 nec
2719 4545 3340 4638 comprehensione
3435 4544 3815 4615 intellectus

2249 4659 2509 4727 linitur.
2545 4658 2835 4749 Propter
2855 4655 3358 4726 calumniantes
3381 4663 3608 4723 autem
3633 4654 3810 4736 dico,

2250 4765 2434 4857 quod
2465 4765 2738 4858 proprie
2768 4762 3116 4855 loquendo
3147 4784 3354 4831 omno
3381 4762 3652 4830 linitum
3685 4760 3813 4832 line

2249 4872 2483 4941 finitur
2509 4874 2626 4965 qui
2659 4881 2760 4942 est
2793 4869 3118 4939 ultimum
3151 4870 3322 4959 ejus,
3355 4869 3467 4938 vel
3497 4868 3814 4938 ultimum

2252 4978 2664 5048 continentis
2695 4978 2955 5070 ipsum,
2987 4974 3098 5044 vel
3138 4983 3432 5067 utroque
3465 4974 3672 5044 modo
3714 4973 3817 5043 ul·

2251 5085 2496 5154 timum
2526 5086 2715 5175 ejus:
2752 5085 2929 5154 sicut
2953 5105 3202 5175 corpus
3242 5083 3330 5150 ad
3357 5083 3810 5176 superficiem,

2253 5201 2320 5260 et
2356 5201 2625 5283 tempus
2679 5189 2767 5259 ad
2834 5211 3019 5258 nunc
3067 5197 3426 5280 tamquam
3485 5189 3817 5258 delinien-

2252 5301 2347 5367 tia
2376 5300 2641 5390 ipsum:
2678 5306 2954 5391 propter
3003 5296 3187 5388 quod
3247 5297 3451 5365 etiam
3511 5296 3813 5367 delinitio

2164 5485 2169 5490 .
2253 5428 2378 5475 nec
2414 5405 2567 5497 plus
2604 5428 2731 5474 nec
2767 5407 2999 5473 minus
3039 5403 3398 5473 continens
3454 5427 3661 5495 quam
3702 5427 3814 5473 es-

2256 5514 2565 5585 sentialia
2621 5513 2910 5597 definiti,
2967 5512 3220 5581 dicitur
3294 5514 3650 5583 terminus.
3708 5514 3815 5583 Ad

2258 5629 2444 5691 extra
2484 5628 2711 5691 autem
2751 5618 2990 5689 finitur
3017 5618 3195 5688 sicut
3244 5618 3331 5688 ad
3388 5618 3615 5690 locum
3664 5643 3817 5690 cor-

3851 509 4051 562 Solutio.
4060 470 4071 479 ·

3891 1221 3970 1269 Ad
3998 1226 4039 1269 2.
