4897 6388
1776 208 1867 273 IN
1917 206 1944 272 1
1997 176 2419 273 SENTENT.
2474 204 2702 271 DIST.
2757 205 2949 310 XLXT,
3005 209 3087 283 A,
3136 207 3330 273 ART.
3390 209 3441 272 l.

1011 376 1362 466 aequalitas
1401 363 1868 467 personat-uni.
1910 378 1982 444 ln
2012 377 2304 444 secunda
2336 384 2569 442 autem

1013 481 1094 548 de
1161 483 1552 551 diversitate
1611 486 1967 551 nominum
2035 481 2571 548 substantialiter

1012 599 1078 658 et
1123 591 1566 679 personaliter
1605 591 1961 668 dictorum,
2024 602 2098 657 ut
2145 591 2571 679 accipiantur

1010 698 1387 766 notionalia
1441 707 1506 766 et
1558 699 1955 787 personalia,
2006 697 2086 765 dc
2137 697 2387 787 quibus
2465 698 2567 762 in-

1013 805 1228 872 tendit
1261 829 1274 871 ;
1312 813 1378 871 et
1409 804 1553 871 liceo
1594 806 1825 894 incipit
1872 805 2301 872 distinctione
2337 803 2563 882 XXll,

1015 914 1131 988 ibi,
1171 942 1202 973 «
1257 915 1423 981 Post
1472 913 1808 1002 praedicta
1859 914 2326 980 dis-serendum
2369 911 2569 978 nobis

1013 1021 1284 1088 videtur
1339 1021 1422 1087 cle
1468 1023 1822 1088 nominum
1892 1023 2305 1099 diversitate,
2351 1030 2481 1089 etc.
2535 1049 2564 1081 ι)

1018 1128 1094 1193 In
1138 1128 1332 1194 tertia
1373 1129 1513 1218 agit
1553 1128 1634 1195 de
1666 1128 2070 1196 dictionibus
2104 1128 2570 1196 numeralibus

1020 1258 1169 1326 qum
1227 1236 1506 1326 adjungi
1558 1235 1805 1303 habent
1860 1248 1925 1304 ct
1983 1237 2455 1305 essentialibus
2506 1245 2572 1303 et

1015 1346 1491 1434 personalibus
1532 1355 1596 1413 et
1628 1347 2087 1414 notionalilms
2123 1370 2136 1414 ε
2181 1357 2249 1414 et
2290 1345 2430 1413 haec
2461 1346 2568 1413 in·

1015 1453 1175 1542 cipit
1214 1453 1650 1550 distinctione
1697 1453 1950 1534 xxiv,
1999 1454 2113 1533 ibi,
2162 1483 2192 1515 «
2233 1455 2360 1521 llic
2400 1452 2568 1518 dila·-

1012 1571 1248 1652 (semer
1277 1562 1539 1651 inquiri
1587 1573 2046 1651 oportet,cum
2089 1563 2157 1629 ἱη
2215 1562 2566 1635 Τνίηἰίαίε,

1021 1678 1152 1736 ete.
1205 1695 1236 1732 ι)

1111 1775 1340 1841 l’rima
1380 1767 1621 1842 harum
1665 1775 1831 1841 duas
1873 1775 2074 1842 habet
2101 1785 2350 1864 parteS,
2395 1774 2574 1841 scili-

1013 1892 1119 1949 cet
1160 1882 1346 1950 illam
1378 1905 1532 1973 quae
1572 1892 1674 1951 est
1704 1884 1782 1949 de
1817 1884 1917 1949 liis
1962 1885 2027 1950 in
2059 1883 2306 1974 quibus
2341 1905 2570 1973 perso-

1015 2013 1116 2057 noe
1182 1991 1558 2058 attenditur
1617 1991 1990 2081 aequalitas,
2054 2002 2118 2058 et
2187 1991 2374 2059 illam
2418 2013 2572 2080 quae

1016 2097 1489 2164 occasionantur
1518 2121 1597 2165 ex
1672 2099 1816 2175 ista,
1853 2100 2102 2166 seilicet
2137 2098 2296 2188 quid
2340 2100 2427 2165 sit
2470 2096 2571 2163 di·

1019 2215 1227 2281 ctum,
1300 2230 1454 2273 cum
1511 2205 1778 2284 dicitur,
1848 2208 2038 2274 solus·
2109 2210 2341 2279 Pater,
2416 2230 2571 2273 cuni

1017 2315 1372 2404 aequalitas
1415 2325 1618 2404 ponat
1652 2315 2105 2404 pluralitatem
2152 2339 2165 2383 :
2203 2327 2268 2383 et
2300 2315 2382 2382 de
2421 2314 2573 2381 aliis

1017 2422 1630 2511 significationibus
1672 2424 2040 2490 dictionum
2067 2424 2572 2492 exclusivarum

1018 2553 1166 2620 quae
1209 2531 1443 2620 incipit
1492 2530 1920 2599 distinctione
1974 2531 2163 2609 xx1,
2212 2532 2329 2611 ibi,
2368 2559 2401 2596 α
2447 2534 2577 2600 llic

1015 2637 1237 2701 orilm·
1274 2636 1555 2726 querulo
1585 2637 1858 2703 irascens
1908 2638 2238 2724 ore'qc'nem
2280 2662 2365 2704 ιιι*
2389 2661 2577 2728 prie-

1020 2743 1246 2810 dicle'S.
1292 2770 1323 2807 a

1109 2851 1364 2919 llarum
1434 2854 1739 2921 anterior
1798 2854 2016 2921 adhuc
2076 2854 2406 2922 scinditur
2503 2854 2569 2922 in

1021 2958 1189 3026 duas
1225 2982 1239 3026 :
1279 2960 1343 3026 in
1380 2983 1669 3050 quarum
1714 2963 1924 3050 [trinua
1959 2961 2268 3027 venando
2303 2963 2367 3027 in
2412 2963 2573 3051 qui-

1023 3065 1148 3133 bus
1204 3067 1593 3133 attendatur
1654 3068 2026 3157 aequalitas,
2110 3068 2350 3158 probat
2437 3076 2572 3136 tres

1023 3198 1348 3265 personas
1380 3173 1678 3266 aequales
1724 3201 1868 3243 esse
1937 3176 2002 3243 in
2071 3175 2569 3267 magnitudine.

1024 3281 1098 3350 ln
1138 3282 1462 3363 secunda,
1496 3283 1735 3373 probat
1765 3284 2058 3373 zequriles
2103 3308 2249 3353 esse
2322 3287 2387 3352 in
2460 3309 2580 3374 po-

1024 3392 1261 3463 tentia,
1296 3391 1727 3458 distinctione
1764 3392 1913 3467 XX,
1953 3394 2066 3467 ibi,
2106 3420 2138 3458 α
2210 3395 2410 3462 Nunc
2468 3420 2581 3460 os·-

1027 3499 1296 3563 temlere
1336 3509 1568 3578 restat,
1611 3503 1948 3591 quonmelu
2024 3501 2268 3592 aliqua
2326 3503 2577 3569 harum

1019 3630 1473 3698 personarum
1489 3658 1503 3678 ,
1540 3618 1666 3674 etr.
1704 3634 1733 3670 ι

1121 3715 1277 3783 llaec
1310 3716 1654 3784 distinctio
1687 3718 2005 3785 dividitur
2041 3720 2104 3784 in
2140 3728 2273 3786 tres
2308 3730 2576 3810 partes:

1026 3828 1091 3892 in
1136 3849 1427 3916 quarum
1466 3828 1681 3916 priina
1717 3828 2002 3895 ostendit
2041 3830 2106 3896 in
2161 3830 2407 3918 quilius
2478 3839 2576 3895 est

1033 3934 1410 4023 zequalitas.
1461 3933 1530 3999 ln
1575 3936 1892 4007 sei-unda,
1938 3937 2225 4003 osl··ndit
2288 3936 2581 4026 ‹pisiliter

1025 4040 1321 4129 aequales
1352 4050 1508 4107 sunt
1534 4044 2027 4127 magnitudino,
2057 4044 2173 4114 ihi,
2199 4045 2274 4114 Γ..
2315 4074 2345 4103 «
2385 4045 2585 4111 Nunc

1029 4149 1247 4235 iqe'lur
1305 4160 1609 4238 superes!
1657 4152 2022 4220 ostendere.
2075 4162 2201 4218 etc.
2240 4180 2269 4213 ι
2331 4151 2402 4218 ln
2445 4160 2584 4216 ter-

1035 4256 1152 4324 tia.
1225 4259 1461 4347 repo-tit
1525 4269 1590 4325 ut
1649 4260 1954 4349 qna-dam
2023 4261 2248 4335 addat,
2333 4262 2447 4335 ilii,
2502 4263 2580 4339 ll,

1035 4393 1067 4430 α
1103 4369 1471 4434 Sre'ewdum
1504 4380 1600 4433 es!
1630 4396 1786 4457 rryn
1818 4382 2079 4436 Iamlam
2111 4372 2581 4462 :equalitatem

1032 4499 1169 4541 esse·
1201 4476 1268 4540 in
1309 4476 1663 4558 Triuilale,
1709 4490 1831 4543 etr.
1882 4508 1909 4539 η

1131 4583 1356 4651 l'rima
1399 4583 1639 4652 haruin
1675 4583 1870 4651 hala-t
1915 4589 2038 4653 tria
2097 4587 2387 4676 capitula
2433 4611 2448 4657 t
2519 4591 2582 4657 in

1033 4718 1324 4784 quorum
1358 4696 1579 4783 primo
1616 4708 1900 4763 venatur
1936 4723 2008 4763 ea
2063 4700 2124 4764 in
2186 4699 2433 4789 quibus
2487 4709 2584 4765 est

1033 4802 1410 4892 mqualitas.
1477 4803 1547 4871 ln
1615 4805 1907 4872 secundo
1985 4807 2304 4889 ostendit,
2399 4808 2587 4898 quod

1033 4912 1300 4978 realiter
1329 4912 1413 4977 ab
1456 4915 1747 4980 essentia
1782 4937 1915 4981 non
1948 4913 2297 4995 differunt,
2349 4918 2465 4993 ibi,
2509 4918 2586 4997 13,

1035 5046 1065 5082 α
1105 5021 1276 5088 Cum
1309 5033 1789 5090 mamm-entm-
1827 5026 1957 5089 ἰείη
2022 5026 2224 5113 qum-i
2283 5027 2586 5105 diversa,

1040 5138 1166 5196 etc.
1206 5157 1238 5195 »
1286 5130 1359 5197 ln
1394 5132 1592 5199 tortio
1623 5131 1807 5209 dicit,
1843 5134 2024 5223 quod
2056 5133 2138 5201 de
2200 5135 2590 5226 inqualitate

1036 5240 1433 5307 aeternitatis
1455 5241 1602 5329 jam
1646 5239 1948 5310 habitum
1983 5252 2083 5309 est
2121 5266 2134 5309 :
2175 5243 2351 5310 unde
2386 5253 2594 5312 restat

1032 5345 1254 5414 dicere
1295 5346 1376 5413 de
1412 5348 1903 5438 magnitudine,
1959 5350 2076 5432 ibi,
2128 5353 2192 5417 in
2238 5353 2368 5419 linc
2439 5376 2587 5443 cap.

1039 5452 1115 5529 B,
1155 5479 1188 5518 α
1227 5454 1433 5537 Quod
1457 5467 1684 5522 aedem
1725 5459 2121 5526 ‹·e!et·m'l‹1l‹’.
2167 5468 2294 5527 ele.
2346 5485 2377 5523 a

4106 211 4227 278 511

3166 589 3665 657 ARTICtJLtJS
3718 590 3767 655 1.

2774 802 2880 866 An
2915 802 2981 865 in
3015 801 3269 867 (livinis
3290 803 3506 890 possit
3546 824 3679 868 esse
3706 802 4070 892 “equalitas
4101 801 4140 867 ?

2779 1117 2904 1184 llic
2945 1119 3178 1184 incidit
3217 1117 3501 1184 dubium
3540 1126 3693 1184 ante
3722 1119 4075 1184 Litteram.
4151 1119 4223 1185 Si

2683 1226 3033 1317 oequalitas
3074 1236 3175 1293 est
3207 1229 3274 1293 in
3307 1226 3553 1292 divinis
3581 1228 3615 1292 ⁶?
3653 1226 3727 1292 [32
3765 1227 3819 1291 si
3878 1235 4002 1303 est,
4065 1236 4225 1294 tanc

2685 1336 3033 1424 quaeritur,
3072 1335 3243 1401 Cum
3276 1337 3479 1402 etiam
3521 1335 3587 1399 in
3627 1334 3874 1401 divinis
3910 1336 3997 1400 sit
4055 1335 4235 1402 iden·

2683 1445 2841 1510 titas
2882 1450 2948 1510 et
2975 1442 3377 1518 similitudo,
3422 1464 3629 1532 quare
3709 1442 4028 1527 Magister
4092 1465 4229 1511 non

2686 1551 2841 1618 facit
2882 1551 3245 1641 specialem
3289 1559 3648 1618 tractatum
3689 1549 3769 1616 de
3801 1550 3933 1616 illis
3959 1551 3990 1615 ?

2774 1769 2882 1835 Ad
2915 1769 3209 1858 primum
3246 1768 3632 1858 proceditur
3681 1770 3777 1836 sic
3820 1790 3835 1834 :

2789 1879 2842 1944 t.
2883 1879 2934 1943 A
2981 1900 3417 1967 quocumque
3464 1886 3851 1943 removetur
3915 1896 4117 1943 causa
4172 1882 4239 1942 et

2685 1995 3066 2062 causatum,
3113 1985 3337 2052 unitas
3387 1984 3781 2074 quantitatis
3836 1983 4233 2051 dimensivoe

2685 2118 2892 2162 causa
2921 2094 3328 2185 aequalitatis
3358 2105 3458 2161 est
3493 2116 3506 2159 :
3552 2105 3612 2161 et
3648 2093 3787 2159 haec
3819 2115 3953 2159 non
4012 2101 4112 2159 est
4169 2092 4237 2158 in

2685 2201 2936 2269 divinis
2982 2225 2995 2269 ε
3031 2226 3195 2291 ergo
3238 2201 3528 2276 videtur,
3566 2199 3748 2291 quod
3791 2223 3912 2267 nec
3949 2199 4237 2289 aequali-

2698 2319 2828 2378 tas,

2779 2420 2844 2486 2.
2895 2415 3087 2498 item,
3135 2417 3189 2482 A
3233 2439 3665 2506 quocumque
3700 2424 4087 2483 removetur
4115 2438 4240 2505 ge-

2688 2552 2843 2606 nuS,
2887 2538 2951 2595 et
2984 2528 3259 2617 speeies
3304 2547 3319 2595 :
3364 2526 3484 2594 sed
3549 2550 3764 2616 genus
3837 2525 4240 2616 aequalitatis

2687 2649 2788 2705 est
2820 2639 3201 2729 proportio,
3236 2646 3299 2703 et
3344 2636 3488 2703 liaec-
3530 2659 3664 2702 non
3707 2644 3803 2703 est
3840 2637 3906 2701 in
3936 2633 4183 2701 divinis
4220 2656 4234 2699 ε

2688 2770 2852 2838 ergo
2932 2770 3056 2814 nec
3110 2744 3489 2837 aeqnalitas.
3564 2743 3893 2810 l'aonario
3941 2764 4236 2809 musonis.

2693 2855 3054 2947 l’roportio
3142 2857 3324 2922 enim
3415 2862 3512 2921 est
3607 2850 4242 2919 commensuralitas

2689 2968 3149 3055 quantitatum
3198 2986 3212 3030 :
3261 2972 3323 3030 et
3357 2962 3499 3029 lia-c
3533 2982 3669 3027 non
3701 2960 4015 3028 convenii
4064 2958 4241 3025 divi-

2691 3075 2821 3142 nis.

2781 3186 2845 3249 3.
2885 3182 3080 3259 ltem,
3120 3179 3439 3271 AEqualia
3471 3189 3654 3256 sunt,
3698 3178 3867 3246 sieut
3926 3177 3992 3243 in
4070 3176 4241 3244 Geo-

2689 3293 2987 3358 melre'ce’s
3055 3290 3326 3371 dicitur,
3399 3311 3549 3379 qua·
3589 3285 3713 3353 sibi
3774 3286 4121 3375 supposita
4171 3305 4241 3349 se

2690 3424 2829 3468 non
2871 3400 3232 3473 excedunt,
3270 3422 3391 3465 nec
3422 3396 3841 3464 exceduntur
3881 3413 3898 3461 ε
3942 3415 4076 3459 una
4116 3415 4247 3458 au-

2693 3520 2827 3578 tem
2871 3533 3161 3600 persona
3195 3508 3306 3575 alii
3347 3530 3483 3574 non
3524 3505 3953 3595 supponitur,
3988 3524 4109 3568 nec
4139 3500 4247 3566 di-

2691 3622 2976 3707 gnitate,
3013 3642 3133 3685 nec
3175 3615 3626 3707 applicatione
3665 3633 3678 3678 :
3711 3634 3871 3701 ergo
3904 3632 4040 3676 non
4072 3630 4245 3675 con-

2691 3728 2874 3793 venit
2905 3729 3003 3793 eis
3041 3724 3339 3815 aequales
3373 3747 3543 3788 esse.

2798 3836 2851 3903 l.
2900 3835 2970 3899 Si
3042 3833 3212 3898 fort«-
3263 3833 3470 3898 diras.
3517 3828 3697 3919 quod
3751 3827 3881 3893 illa·
3954 3825 4251 3891 rationes

2695 3943 2920 4009 locum
2974 3940 3224 4009 liabent
3286 3943 3351 4008 in
3395 3939 3498 4007 liis
3556 3962 3705 4028 quw
3772 3935 3952 4002 mole
4001 3955 4245 4020 magna

2694 4059 2852 4117 sunt
2903 4073 2916 4116 :
2961 4050 3075 4115 sed
3127 4048 3479 4139 aequalitas
3523 4066 3963 4136 personarum
4024 4050 4251 4108 atten-

2694 4162 2881 4229 ditur
2922 4162 2988 4227 in
3023 4162 3402 4251 quantitate
3447 4157 3737 4223 virtutis.
3785 4157 4051 4221 (lomna
4088 4176 4101 4218 :
4139 4153 4254 4219 ln·

2697 4271 2888 4338 linito
2928 4268 3093 4336 nihil
3128 4278 3226 4335 est
3259 4265 3517 4358 aequale
3553 4290 3568 4332 ε
3624 4263 3736 4330 sed
3772 4265 3984 4330 virtus
4024 4262 4262 4348 cujus-

2698 4378 2859 4446 libet
2894 4400 3344 4468 personarum
3386 4384 3486 4442 est
3529 4374 3786 4441 inlinita
3837 4394 3850 4438 :
3914 4393 4079 4461 ergo
4119 4392 4256 4436 non

2699 4485 2900 4553 habet
2940 4488 3276 4553 ratium-m
3318 4483 3747 4575 aequalitatis.

2787 4597 2851 4659 53.
2904 4593 3102 4676 timu,
3137 4593 3338 4672 Quod
3371 4591 3656 4659 omnino
3702 4612 3914 4657 unum
3955 4596 4014 4655 et
4076 4587 4256 4654 idem

2697 4710 2822 4776 est,
2889 4724 3024 4768 non
3094 4710 3192 4767 est
3234 4699 3519 4789 wquale.
3572 4700 3727 4788 quia
3764 4694 4024 4785 :equale
4067 4694 4260 4784 ponit

2699 4807 2894 4898 plura
2931 4832 2945 4876 :
2982 4811 3201 4875 virtus
3230 4816 3457 4873 autem
3495 4826 3940 4896 personarum
3976 4803 4259 4868 omnino

2700 4939 2835 4984 una
2876 4925 2935 4982 et
2982 4916 3222 4983 eadem
3284 4925 3436 4981 est:
3502 4938 3665 5001 ergo
3730 4912 4021 4991 videtur,
4080 4906 4260 4999 quod

2702 5048 2841 5092 non
2885 5024 3127 5091 habeat
3175 5026 3509 5091 rationem
3541 5021 3971 5112 aequalitatis.

2791 5138 2856 5197 u.
2897 5132 3047 5198 Alia
3080 5132 3187 5198 via
3233 5133 3475 5198 itm-um
3517 5130 3832 5216 objicitur
3878 5128 3943 5193 in
3987 5134 4265 5191 eontra-

2705 5239 2886 5307 rium
2929 5240 3159 5332 :quod
3207 5241 3391 5306 enim
3454 5239 3735 5305 omnino
3792 5232 4079 5323 simplex
4137 5240 4265 5310 est,

2702 5346 2969 5415 nullam
3013 5347 3216 5417 babet
3258 5349 3705 5438 quantitatem
3744 5365 3758 5412 :
3815 5341 3999 5433 quod
4042 5348 4266 5406 autem

2707 5455 2972 5522 nullam
3018 5456 3217 5524 habet
3262 5457 3737 5546 quantitatem,
3782 5450 4037 5519 nullam
4072 5446 4273 5515 habet

2703 5565 3237 5654 aequalitatem:
3302 5587 3464 5655 ergo
3530 5586 3685 5630 eum
3754 5562 3823 5629 in
3892 5558 4140 5626 divinis
4189 5556 4275 5622 sit
