4897 6388
613 305 744 373 238
1588 305 1691 372 Ι).
1744 306 1943 376 ALB.
1996 306 2211 374 MAG.
2264 305 2471 373 ont).
2528 303 2823 371 PRAED.

614 474 799 573 quia
827 497 968 549 nec
998 476 1257 575 erepit,
1302 464 1444 550 rfee
1511 476 1760 570 desiit,
1825 500 1967 552 nee
2031 476 2327 551 desinet
2390 497 2583 549 esse.
2651 475 2762 549 De
2823 477 2970 549 hoe
3045 473 3527 571 Augustinus
3591 497 3822 571 super

613 610 1004 685 Joamzem
1048 617 1065 650 ¹
1111 611 1215 684 ita
1247 611 1354 685 ait
1399 635 1413 684 ε
1474 612 1662 684 Cum
1707 611 1800 684 de
1854 610 2321 708 sempiterna
2356 633 2431 684 re
2463 609 2768 707 proprie
2838 609 3137 682 dicatur
3169 615 3304 702 est,
3387 609 3817 684 secundum

615 769 757 820 nos
784 746 978 820 hene
1021 746 1304 819 dieitur
1332 744 1514 840 siclt,
1551 755 1625 819 et
1655 745 1800 819 eric
1827 771 1853 818 .·
1910 744 2074 834 suit,
2119 745 2301 841 qnia
2340 767 2767 841 numquam
2810 743 3080 819 desiit:
3131 743 3302 836 erit,
3358 745 3541 841 quia
3591 768 3821 817 num-

567 951 575 959 .
616 902 849 976 quam
884 879 1127 953 deerit
1161 903 1176 952 :
1217 889 1356 969 est,
1396 879 1579 975 quia
1610 902 1916 976 semper
1946 888 2060 954 est
2094 903 2110 953 ε
2150 902 2301 953 non
2337 879 2731 976 praeteriit‚
2780 879 3002 977 qnasi
3030 879 3239 975 qnod
3266 902 3418 953 non
3467 888 3812 953 maneat:

612 1037 768 1086 non
822 1012 992 1105 erit,
1041 1012 1264 1109 quasi
1300 1013 1506 1109 quod
1555 1036 1705 1087 non
1778 1024 1964 1088 erat.
2032 1017 2222 1087 Cum
2281 1036 2463 1109 ergo
2498 1005 2757 1086 nostra
2791 1012 3075 1087 loc-ulio
3137 1035 3273 1111 per
3303 1023 3649 1112 tempora
3681 1036 3817 1086 va·

613 1145 876 1232 rietur,
918 1146 1010 1220 de
1047 1169 1137 1220 eo
1176 1169 1351 1221 vere
1381 1146 1746 1219 dicuntur
1773 1147 2011 1221 verba
2041 1147 2451 1243 cujuslibet
2491 1145 2884 1244 temporis,
2913 1145 3046 1244 qui
3080 1146 3295 1219 nullo
3322 1155 3663 1244 ternpore
3695 1147 3818 1236 de·-

610 1281 777 1374 fuit,
822 1282 946 1355 vel
979 1281 1215 1366 deest,
1259 1282 1379 1355 vel
1422 1281 1716 1355 deerit:
1765 1292 1839 1355 et
1878 1280 2050 1355 ideo
2083 1305 2229 1354 non
2276 1291 2389 1355 est
2420 1280 2698 1354 mirum
2726 1280 2790 1355 si
2825 1281 2917 1355 de
2974 1279 3264 1378 Spiritu
3309 1280 3651 1356 veritatis
3681 1305 3818 1356 ve-

610 1414 796 1488 ritas
861 1415 1191 1510 loquens
1223 1412 1413 1486 dixit
1466 1436 1601 1510 per
1656 1413 2054 1487 futurum:
2124 1411 2623 1512 Quaececmque
2672 1412 2957 1506 audiet,
3032 1412 3384 1512 loquetur
3421 1410 3442 1444 ²
3479 1441 3505 1489 .·
3561 1415 3821 1489 audiet

608 1547 899 1623 scilieet
930 1548 1023 1621 ab
1057 1571 1147 1621 eo
1190 1571 1235 1622 a
1276 1571 1429 1645 quo
1464 1548 1831 1645 procedit.
1869 1548 2154 1624 Audire
2209 1548 2414 1622 illius
2482 1557 2597 1622 est
2653 1547 2877 1637 seire,
2952 1548 3154 1622 idern
3218 1548 3445 1623 etiam
3519 1572 3710 1625 esse.
3759 1554 3820 1624 A

610 1706 764 1782 quo
793 1705 977 1779 ergo
1019 1691 1133 1756 est
1166 1681 1276 1755 illi
1320 1681 1683 1776 essentia,
1728 1683 1822 1757 ab
1866 1681 1996 1757 illo
2037 1682 2455 1776 audientia,
2515 1682 2589 1754 id
2632 1693 2773 1776 est,
2847 1681 3197 1776 seientia,
3271 1706 3448 1780 quae
3504 1708 3656 1759 non
3712 1696 3824 1761 est

608 1816 816 1892 aliud
862 1840 1094 1915 qnam
1128 1815 1491 1901 essentia.
1539 1815 1833 1891 Audiet
1889 1840 2074 1914 ergo
2133 1815 2318 1890 dixit
2356 1817 2451 1891 de
2509 1838 2599 1891 eo
2649 1814 2856 1913 quod
2911 1814 3258 1891 audivit:
3324 1827 3399 1892 et
3462 1819 3698 1907 audit,
3744 1819 3821 1893 id

607 1961 749 2044 est,
785 1951 994 2049 quod
1037 1974 1349 2048 semper
1387 1949 1639 2042 seivit,
1704 1950 1871 2040 seit,
1944 1960 2020 2026 et
2083 1949 2294 2025 sciet.
2370 1952 2563 2024 Ecce
2623 1949 2747 2024 hie
2815 1949 2997 2023 dicit
3042 1951 3524 2046 Augustinus
3582 1955 3819 2030 verba

606 2085 1019 2184 cujuslibet
1061 2085 1432 2184 temporis
1471 2084 1620 2159 diei
1655 2085 1747 2160 de
1789 2086 1950 2161 Deo
1988 2108 2004 2159 :
2051 2083 2186 2160 sed
2225 2095 2478 2158 tamen
2541 2084 2849 2183 proprie
2890 2094 3030 2160 est.
3106 2085 3305 2159 Illud
3357 2110 3541 2185 ergo
3610 2089 3815 2187 quod

606 2222 1131 2320 Hieronymus
1172 2220 1383 2316 dicit,
1414 2220 1537 2320 ‘ita
1590 2219 2178 2316 intelligendum
2220 2217 2402 2295 'estt
2458 2219 2628 2293 Non
2699 2219 2915 2294 novit
2980 2219 3218 2296 fuisse
3278 2222 3402 2297 vel
3471 2223 3812 2298 futurum

602 2371 800 2442 esse,
846 2347 980 2423 sed
1014 2356 1319 2421 tantum
1353 2369 1552 2440 esse,
1599 2345 1675 2419 id
1716 2355 1859 2440 est,
1894 2369 2073 2419 cum
2102 2344 2379 2419 dieitur
2417 2345 2512 2421 de
2565 2345 2725 2421 Deo
2783 2345 2993 2443 quod
3063 2347 3204 2420 fuit
3254 2348 3374 2423 vel
3438 2348 3607 2444 erit,
3658 2373 3811 2423 non

599 2492 717 2558 est
745 2481 1337 2577 intelligendum
1375 2480 1582 2577 quod
1625 2478 2083 2577 praeterierit
2109 2480 2228 2555 vel
2286 2479 2597 2554 futurus
2630 2479 2757 2574 sit,
2802 2480 2937 2556 sed
2978 2481 3185 2578 quod
3225 2481 3501 2557 existat
3529 2482 3816 2581 simpli-

576 2616 789 2691 'citer
826 2614 994 2690 sine
1024 2614 1289 2711 aliquo
1330 2611 1731 2710 temporali
1789 2620 2024 2687 motu.
2062 2612 2271 2688 Licet
2301 2611 2508 2688 enim
2535 2613 2770 2688 verba
2797 2611 3284 2687 substantiva
3324 2614 3810 2691 diversorum

601 2761 1035 2848 temporum
1068 2748 1163 2823 de
1197 2747 1360 2821 Deo
1393 2745 1749 2821 dieantur
1785 2749 1897 2839 (ut
1934 2745 2101 2840 suit,
2158 2747 2325 2837 erit,
2370 2757 2511 2840 est,
2548 2754 2772 2841 erat,)
2818 2770 2969 2821 non
3026 2757 3286 2822 tamen
3343 2749 3808 2848 temporales

603 2895 857 2959 motus
895 2907 1066 2959 esse
1099 2882 1618 2978 distinguunt,
1664 2880 1957 2957 scilieet
1995 2882 2491 2982 praeteritum,
2526 2883 2644 2959 vel
2714 2881 3091 2977 futurum,
3143 2885 3267 2993 vel
3340 2883 3809 2983 pra-teritum

600 3018 1161 3117 imperfectum,
1199 3018 1320 3090 vel
1367 3015 1845 3114 proeteritnm
1914 3018 2355 3115 perfectum,
2423 3017 2546 3091 vel
2606 3017 3079 3114 praeteritum
3151 3017 3813 3117 plusquamperfe-

597 3162 803 3229 ctum
844 3175 861 3228 ε
897 3151 1031 3228 sed
1065 3148 1483 3226 essentiam
1527 3148 1690 3225 sive
1723 3149 2201 3226 existentiam
2237 3175 2399 3226 suae
2432 3149 2855 3227 divinitatis
2887 3149 3343 3248 simpliciter
3381 3151 3804 3228 insinuant.

595 3286 806 3362 Deus
859 3311 1043 3382 ergo
1098 3285 1315 3359 solus
1346 3283 1967 3383 propriedieitur
2003 3285 2334 3361 essentia
2367 3286 2487 3360 vel
2543 3308 2737 3361 esse.
2810 3283 3030 3360 Unde
3074 3284 3420 3361 Hilarius
3479 3287 3553 3360 in
3618 3286 3809 3361 libro

593 3412 731 3488 v11
773 3412 869 3489 de
908 3413 976 3488 T
970 3412 1285 3487 riuilale
1317 3410 1423 3484 ait
1458 3435 1474 3485 :
1515 3413 1699 3486 Esse
1736 3436 1886 3486 non
1957 3422 2067 3488 est
2136 3412 2494 3489 accidens
2572 3412 2759 3507 Deo,
2819 3412 2952 3487 sed
3008 3411 3439 3489 subsistens
3496 3414 3804 3505 verium,

589 3561 663 3627 et
703 3574 1027 3624 nnmens
1058 3574 1324 3641 causa,
1360 3558 1438 3623 et
1478 3547 1850 3623 naturalis
1888 3550 2196 3644 generis
2238 3548 2692 3647 proprietas,

2248 3922 2419 3988 cedit
2453 3921 2938 4009 objectionem,
2974 3929 3040 3988 et
3097 3920 3457 3987 conlirmat
3506 3921 3595 3987 ita
3653 3945 3799 3989 esse

2249 4055 2367 4122 per
2469 4032 2952 4122 Augustinum,
3024 4038 3086 4097 et
3186 4039 3427 4120 quarto
3485 4030 3798 4122 explanat

2251 4140 2664 4208 intellectum
2698 4139 3062 4207 verborum
3099 4137 3521 4228 Hieronymi.

2342 4246 2474 4315 Sed
2519 4246 2626 4315 hic
2672 4247 2903 4315 incidit
2943 4244 3253 4319 dubium,
3301 4244 3541 4312 Utrum
3614 4245 3790 4312 idem

998 4134 1502 4201 Att·t·tt:t·t„t·s
1551 4135 1739 4203 xttl.

599 4352 848 4417 Utrum
898 4349 1077 4415 idem
1126 4350 1216 4413 si!
1273 4372 1453 4415 timec
1524 4351 1948 4432 enlm-nitatis,
1988 4351 2138 4431 :et-i,

682 4468 744 4523 e!
784 4458 1107 4547 temporis
1139 4480 1160 4523 .·
1204 4468 1266 4522 e!
1320 4469 1549 4523 mrum
1601 4458 1928 4547 differant
1967 4481 2145 4524 nunc

681 4564 1085 4631 oeternilan's
1117 4574 1180 4629 el
1206 4566 1551 4630 «mentitas
1574 4562 1615 4630 ?

684 4902 715 4940 α
780 4880 910 4945 llic
989 4879 1359 4971 diliye2m¹r
1440 4882 1925 4950 advertendum
2020 4896 2138 4969 est,

592 4988 724 5051 ete.
764 5010 797 5047 ι»

684 5088 808 5157 llic
871 5092 1101 5183 incipit
1168 5116 1324 5182 pars
1382 5094 1494 5162 illa
1573 5099 1636 5162 in
1710 5119 1842 5186 qua
1911 5099 2140 5189 objicit

590 5204 826 5264 contra
903 5200 1229 5287 prendieta
1298 5210 1363 5268 et
1431 5203 1658 5269 solvit.
1704 5204 1787 5271 tit
1850 5212 2144 5296 quatuor

593 5299 748 5368 facit
785 5301 1107 5394 Magister
1158 5308 1222 5373 in
1265 5329 1343 5374 ea
1398 5330 1412 5375 ε
1456 5308 1681 5399 objicit
1726 5313 1932 5392 enim,
1975 5336 2143 5379 eon-

667 5550 682 5584 ¹
718 5548 775 5603 S.
816 5552 1192 5619 Auernum-s,
1232 5555 1295 5609 ln
1332 5562 1582 5614 tractatu
1632 5564 1700 5614 99
1749 5561 1821 5616 ad
1872 5578 1999 5634 rap.
2049 5580 2140 5619 xvi

592 5638 858 5695 «loannis.

2252 4358 2570 4423 situnne
2627 4356 3044 4438 internuntia
3115 4363 3179 4420 et
3263 4355 3414 4428 aevi,
3487 4365 3549 4421 et
3624 4366 3800 4420 tein-

2255 4466 2499 4555 poris?

2351 4574 2404 4638 l.
2444 4570 2525 4638 131
2582 4570 2849 4638 videtur
2887 4568 3073 4659 quod
3129 4569 3223 4635 sic
3268 4589 3283 4634 ε
3333 4570 3490 4659 quia
3523 4568 3576 4634 si
3617 4568 3793 4645 dice,

2251 4676 2434 4744 Deus
2471 4687 2569 4744 est
2621 4700 2825 4754 nnnc,
2886 4682 2951 4743 et
3010 4674 3319 4766 angelus,
3379 4684 3443 4742 et
3503 4673 3564 4740 id
3616 4672 3798 4764 quod

2251 4784 2459 4853 fertur
2506 4787 2575 4853 in
2633 4792 2820 4851 motu
2863 4785 3006 4852 sive
3055 4791 3321 4850 motum
3364 4783 3611 4872 ipsum,
3653 4782 3799 4849 vir-

2254 4902 2390 4960 tute
2442 4891 2803 4960 locutionis
2865 4914 3000 4958 non
3069 4892 3344 4979 ponitur
3402 4890 3529 4956 nisi
3581 4912 3795 4955 unum

2250 5024 2651 5069 mensurans
2713 4998 2854 5068 liaec
2921 4999 3050 5066 tria
3112 5020 3126 5063 ε
3180 5020 3336 5065 cum
3378 5020 3539 5086 ergo
3583 5020 3792 5064 unum

2252 5107 2521 5175 illorum
2562 5107 2649 5174 sit
2687 5114 3045 5184 aeternum,
3080 5112 3142 5171 et
3176 5102 3361 5169 alind
3392 5101 3790 5192 temporale,

2250 5215 2517 5283 videtur
2546 5213 2728 5304 quod
2767 5215 2849 5279 sit
2892 5234 3106 5278 unum
3151 5234 3331 5278 nune
3370 5211 3792 5303 aeternitatis,

2249 5330 2315 5389 et
2353 5322 2510 5399 aevi,
2553 5330 2618 5386 et
2649 5320 2998 5408 temporis.

2319 5567 2341 5602 ²
2368 5568 2532 5623 «ioan.
2563 5583 2673 5634 xvi,
2715 5568 2798 5621 ¹3.
