4897 6388
1830 355 1924 421 IN
1972 356 1998 420 1
2052 350 2471 439 SENTENT.
2523 349 2752 452 DlsT.
2795 353 2884 433 X,
2931 353 3014 434 G,
3058 350 3255 426 ΛΒΤ.
3306 362 3413 429 12.
4045 416 4049 419 >
4111 366 4239 434 332
4320 437 4325 443 .

1022 532 1308 601 dicendo
1358 554 1489 611 se,
1559 529 1719 596 dicit
1799 525 1966 593 illud
2028 523 2209 615 quo'd
2280 531 2380 591 est
2456 524 2569 590 in-
2677 525 2770 591 eis
2810 524 3166 608 distinctiS,
3202 531 3377 598 sicut
3414 539 3514 599 est
3535 555 3730 602 amor
3755 535 3864 603 vel
3895 536 4234 604 amicitia:

1024 648 1132 708 tra
1206 650 1536 708 ‘naturam
1614 661 1627 703 :
1700 636 1953 703 dictum
2021 641 2245 700 autem
2329 631 2566 698 distin·
2674 653 2835 722 ergo
2876 657 3032 702 cum
3075 635 3243 703 illud
3272 638 3343 705 in
3374 639 3624 708 divinis
3663 665 3806 710 non
3846 646 4060 733 possit
4092 667 4239 712 esse

1019 758 1208 816 ctum
1246 755 1345 816 est
1384 770 1422 813 a
1467 745 1729 813 dicente
1763 766 1778 812 ε
1816 765 1978 833 ergo
2035 752 2136 809 est
2199 740 2288 806 ibi
2328 740 2564 807 distin·
2673 741 2802 805 nisi
2832 742 3229 829 perfectum,
3265 747 3390 813 erit
3417 770 3709 837 persona
3741 751 3809 817 in
3851 751 4128 831 divinis,
4170 761 4239 820 et

1019 864 1206 923 ctum
1259 857 1327 922 in
1378 853 1750 945 hypostasi,
1788 860 1856 919 et
1897 874 2108 917 unum
2158 852 2224 915 in
2266 857 2507 914 natura
2542 868 2555 911 :
2674 846 2762 912 ita
2806 858 3002 917 erunt
3043 859 3175 918 tres
3222 876 3560 942 personae.

1023 970 1092 1029 et
1121 968 1474 1028 ostensum
1516 969 1616 1028 est
1652 981 1880 1048 supra,
1926 955 2106 1047 quod
2139 955 2357 1022 dicere
2394 973 2569 1020 sum·

1025 1089 1139 1134 ¹¹¹0
1171 1068 1440 1158 ⁸1²irimi
1471 1076 1571 1135 est
1619 1086 1941 1158 generare
1974 1071 2187 1154 ²3³ng
2230 1060 2564 1129 habemus
2762 1088 3075 1158 Somno.
3133 1090 3459 1175 DicimuS,
3522 1092 3707 1182 quod
3753 1101 4016 1161 tantum
4065 1103 4223 1162 sunt
4324 1123 4524 1172 Solutio.

1019 1198 1237 1243 unum
1307 1175 1591 1244 modum
1659 1174 1773 1264 qui
1833 1171 2141 1263 producit
2204 1169 2368 1236 duas
2406 1191 2566 1258 per-

1013 1308 1244 1366 sonaS,
1287 1285 1542 1354 scilicet
1598 1289 2034 1375 generantem
2085 1291 2148 1348 et
2203 1280 2556 1371 genitum:

1014 1400 1079 1471 et
1121 1393 1235 1462 ille
1302 1393 1547 1461 modus
1614 1414 1818 1482 supra
1878 1390 2195 1482 probatus
2260 1396 2358 1455 est
2399 1385 2458 1452 ¹:
2497 1394 2563 1454 et

1010 1501 1377 1593 probatum
1436 1510 1538 1572 est
1589 1501 1865 1579 ibidem,
1928 1498 2107 1590 quod
2159 1520 2295 1566 non
2339 1503 2563 1587 potest

1018 1636 1166 1682 esse
1198 1614 1327 1681 nisi
1369 1636 1546 1681 unus
1574 1633 1933 1704 generanS,
1960 1617 2025 1676 et
2064 1604 2244 1675 unus'
2265 1607 2554 1698 genitus.

1013 1721 1120 1789 Ex
1148 1730 1338 1811 parte
1370 1728 1597 1790 autem
1629 1716 2262 1788 communicationis
2293 1736 2409 1803 per
2436 1737 2562 1781 vo-

1009 1829 1373 1910 luntatem,
1409 1830 1477 1897 id
1517 1829 1701 1920 quod
1740 1826 2041 1919 procedit
2095 1826 2236 1912 jam
2279 1846 2559 1891 manens

1009 1939 1189 2005 intra
1229 1944 1541 2005 naturam
1583 1936 1728 2025 ejus
1757 1957 1797 2002 a
1835 1957 1970 2024 quo
2029 1933 2348 2024 procedit,
2419 1954 2558 1999 non

1013 2055 1116 2114 est
1155 2046 1282 2113 nisi
1319 2067 1553 2114 amor:
1599 2052 1847 2113 etcum
1878 2066 2016 2110 non
2065 2042 2304 2111 habeat
2335 2064 2557 2133 oppo-

1004 2157 1327 2225 sitionem
1358 2155 1695 2224 diversam
1735 2155 1819 2223 ad
1857 2154 2127 2221 Patrem
2169 2163 2231 2220 et
2281 2152 2552 2237 Filium,

1005 2250 1282 2334 necesse
1313 2273 1415 2334 est
1455 2259 1814 2356 procedere
1842 2258 1925 2331 ab
1959 2269 2265 2352 utroque,
2305 2268 2375 2328 ut
2405 2284 2559 2351 pro-

1008 2369 1287 2441 babitur
1341 2370 1411 2439 in
1470 2368 1774 2463 sequenti
1831 2365 2328 2438 distinctione¹.
2384 2368 2554 2436 Cum

1007 2490 1237 2550 autem
1268 2481 1339 2548 in
1372 2479 1621 2548 divinis
1661 2499 1798 2547 non
1837 2479 1926 2546 sit
1977 2476 2338 2545 multitudo
2395 2499 2554 2566 pro-

1009 2589 1382 2678 prietatum
1447 2612 1566 2679 per
1632 2588 2010 2671 materiam,
2078 2585 2191 2653 sed
2265 2586 2555 2676 speciem

1005 2702 1299 2774 tantum,
1345 2718 1483 2763 non
1558 2703 1777 2786 potest
1835 2717 1981 2763 esse
2034 2716 2224 2760 amor
2278 2692 2553 2772 amoriS,

1008 2800 1123 2870 vel
1152 2801 1324 2870 alius
1356 2826 1576 2887 amor,
1610 2802 1782 2870 sicut
1812 2823 2013 2892 supra
2043 2799 2397 2891 probatum
2457 2806 2556 2867 est

1008 2910 1194 3002 quod
1216 2931 1358 2978 non
1379 2915 1767 3001 potestesse
1798 2907 2007 2977 Filius
2029 2929 2221 2999 :ergo
2244 2929 2378 2976 non
2401 2929 2553 2998 pos·

1015 3027 1175 3085 sunt
1212 3038 1359 3085 esse
1386 3017 1514 3085 nisi
1554 3025 1690 3085 tres
1718 3035 2054 3106 personae.

1095 3128 1161 3193 2.
1200 3126 1396 3208 ltem.
1431 3126 1510 3196 ln
1550 3126 1844 3218 imagine
1876 3124 2155 3193 verbum
2206 3147 2336 3191 non
2392 3146 2558 3216 pro-

1009 3236 1197 3305 ducit
1217 3235 1530 3320 verbum,
1578 3257 1701 3302 nec
1722 3234 1948 3302 dicens
1978 3257 2048 3301 se
2072 3233 2249 3300 aliud
2272 3232 2554 3302 verbum

1013 3366 1220 3435 quam
1256 3367 1468 3413 unum
1508 3367 1524 3412 ε
1565 3366 1688 3412 nec
1729 3364 1924 3411 amor
1960 3339 2166 3410 alium
2225 3365 2553 3422 amorem,

1012 3473 1138 3521 nec
1162 3449 1451 3520 verbum
1489 3474 1504 3518 :
1541 3452 1700 3543 quia
1747 3455 1849 3518 est
1894 3471 2083 3518 amor
2145 3451 2355 3535 verbi,
2417 3469 2557 3519 non

1013 3560 1198 3652 quod
1225 3560 1513 3629 verbum
1538 3560 1623 3627 sit
1671 3560 1927 3628 dictum
1980 3559 2086 3628 vel
2126 3560 2426 3648 genitum
2474 3558 2558 3626 ab

1002 3691 1286 3739 amore:
1339 3669 1457 3739 sed
1509 3671 1606 3738 sic
1662 3669 1791 3737 erit
1845 3669 2047 3736 etiam
2130 3670 2193 3734 in
2254 3667 2549 3737 divinis:

1004 3800 1170 3869 ergo
1205 3801 1342 3845 non
1381 3786 1538 3845 sunt
1582 3778 1707 3844 nisi
1741 3785 1875 3845 tres
1912 3799 2239 3867 personae.

1091 3886 1156 3955 3.
1193 3885 1392 3963 Item,
1426 3882 1581 3955 Non
1614 3883 2084 3953 manifestatur
2132 3883 2383 3976 aliquid
2425 3883 2552 3952 nisi

998 3992 1268 4063 duobus
1299 3994 1520 4064 modis
1549 3991 1914 4070 distinctis,
1951 3991 2200 4061 scilicet
2239 4016 2358 4085 per
2407 4015 2553 4062 mo·

1001 4104 1166 4172 dum
1201 4105 1338 4173 veri
1379 4102 1569 4172 verbi
1614 4112 1679 4171 et
1747 4123 1866 4193 per
1912 4102 2191 4170 modum
2236 4102 2394 4170 boni
2432 4125 2448 4171 :
2495 4106 2549 4170 si

1000 4210 1184 4276 enim
1224 4207 1692 4279 manifestatur
1719 4215 1984 4287 natura,
2021 4229 2154 4274 non
2185 4216 2279 4273 est
2321 4206 2553 4275 distin·

998 4328 1149 4386 ctus
1173 4317 1416 4387 modus
1438 4317 2028 4386 manifestationis:
2054 4338 2212 4405 ergo
2238 4337 2390 4381 cum
2426 4314 2551 4383 l'a-

998 4432 1102 4493 ter
1132 4425 1245 4518 qui
1279 4434 1376 4494 est
1426 4426 1831 4517 principium
1877 4447 2012 4491 non
2059 4422 2139 4491 de
2190 4422 2544 4515 principi0,

1000 4534 1385 4602 manifestet
1416 4556 1487 4601 se
1518 4534 1583 4601 in
1617 4533 2044 4624 processione
2077 4551 2542 4623 personarum,

1000 4659 1141 4703 non
1176 4635 1634 4703 manifestabit
1663 4658 1733 4701 se
1775 4635 1902 4701 nisi
1925 4634 2067 4701 istis
2105 4634 2545 4702 duobusmo·

998 4746 1144 4814 dis:
1191 4745 1307 4813 sed
1358 4744 1611 4812 bonum
1655 4751 1753 4810 est
1810 4752 1960 4833 post
2028 4766 2288 4822 verum,
2332 4752 2392 4809 et
2455 4744 2544 4810 ita

1002 4854 1300 4946 Spiritus
1330 4861 1602 4921 sanctus
1623 4853 1743 4919 erit
1786 4874 1823 4917 a
1865 4850 2030 4918 Filio
2071 4852 2173 4918 cui
2225 4853 2540 4920 convenit

993 4988 1262 5033 verum.

1087 5077 1149 5143 1.
1196 5075 1392 5157 Item,
1439 5075 1739 5142 Perfecta
1760 5072 2147 5163 jucunditas
2186 5084 2280 5140 est
2315 5075 2380 5141 in
2417 5076 2542 5142 tri·

995 5182 1150 5263 buS,
1175 5206 1310 5249 non
1346 5184 1413 5249 in
1433 5182 1698 5250 duobus
1733 5203 1747 5249 :
1782 5181 1916 5249 «luo
1940 5181 2115 5247 enim
2142 5204 2275 5248 non
2301 5184 2541 5249 uniun-

997 5298 1108 5356 tur
1141 5290 1265 5357 nisi
1301 5313 1419 5381 per
1448 5298 1755 5357 naturam
1789 5298 1853 5357 et
1893 5287 2245 5371 naturalia,
2288 5296 2351 5355 et
2408 5287 2537 5358 hoc

994 5420 1133 5464 non
1175 5397 1471 5488 complet
1501 5397 1863 5489 perfectam
1886 5396 2374 5486 jucunditatem
2406 5398 2534 5464 nisi

2668 1206 2802 1266 tres
2859 1220 3192 1287 personae.

2757 1305 2866 1372 Ad
2912 1306 3143 1372 omnia
3202 1314 3429 1374 autem
3481 1330 3630 1398 quae
3684 1307 4100 1397 objiciuntur
4154 1309 4224 1376 in

2666 1414 3109 1496 contrarium,
3153 1414 3515 1483 dicendum
3582 1416 3765 1506 quod
3813 1438 4021 1506 penes
4079 1424 4224 1484 esse

2665 1516 2750 1584 ab
2782 1516 2944 1603 alio,
2988 1528 3054 1586 et
3109 1541 3248 1585 non
3287 1540 3433 1587 esse
3493 1520 3575 1586 ab
3630 1520 3793 1604 alio,
3865 1520 4052 1587 nulla
4106 1543 4225 1588 ac-

2665 1627 2910 1715 cipitur
2947 1649 3236 1716 persona
3275 1627 3406 1694 nisi
3446 1627 3598 1718 plus
3639 1628 3976 1696 addatur:
4049 1630 4225 1696 sicut

2666 1735 2868 1801 etiam
2936 1730 3179 1823 probat
3228 1730 3518 1825 objectio
3572 1735 3770 1804 facta.
3834 1736 4027 1805 Unde
4094 1737 4225 1813 tria

2662 1840 3152 1909 consideranda
3192 1850 3351 1909 sunt
3419 1843 3489 1908 in
3523 1865 3600 1910 eo
3669 1843 3854 1933 quod
3883 1841 4043 1911 facit
4071 1865 4225 1933 per-

2662 1970 2929 2030 sonam,
2987 1948 3240 2017 scilicet
3308 1950 3493 2040 quod
3542 1951 3629 2018 sit
3686 1951 4067 2042 proprietas
4149 1951 4221 2017 in

2661 2057 2886 2146 specie
2966 2055 3437 2134 determinata,
3510 2066 3575 2124 et
3664 2056 3849 2147 quod
3914 2057 4001 2124 sit
4068 2079 4223 2148 pro-

2659 2164 2910 2252 prietas
2967 2164 3273 2254 originiS,
3319 2172 3386 2232 et
3454 2163 3637 2255 quod
3692 2162 3944 2232 habeat
4008 2186 4225 2255 oppo-

2661 2268 2978 2338 sitionem
3019 2266 3371 2339 relativam
3394 2271 3477 2339 ad
3508 2294 3713 2339 omne
3746 2269 3812 2340 id
3843 2295 3881 2341 a
3912 2294 4050 2362 quo
4091 2269 4225 2340 dis·

2659 2376 2942 2468 tinguit:
2987 2374 3165 2446 unde
3196 2398 3351 2447 cum
3392 2399 3530 2447 non
3568 2397 3717 2447 esse
3761 2378 3847 2446 ab
3904 2376 4040 2447 alio
4078 2398 4222 2446 non

2660 2486 2854 2553 sitin
2893 2488 3115 2577 specie
3179 2488 3626 2556 determinata
3693 2489 4100 2578 proprietas,
4157 2495 4225 2555 et

2659 2592 2974 2662 similiter
3001 2616 3145 2663 esse
3195 2593 3280 2662 ab
3328 2595 3488 2680 alio,
3523 2594 3710 2663 nulla
3751 2596 4049 2664 sumitur
4078 2593 4222 2663 dis-

2661 2702 2897 2769 tinctio
2928 2725 3139 2793 penes
3170 2701 3310 2771 illa.
3346 2701 3483 2770 Sed
3521 2725 3660 2770 non
3692 2724 3839 2770 esse
3887 2701 3972 2769 ab
4004 2701 4137 2769 alio
4179 2723 4219 2769 a

2663 2831 2799 2901 quo
2830 2808 3004 2878 alius
3044 2831 3166 2899 per
3219 2812 3761 2901 generationem,
3804 2815 3868 2878 et
3893 2831 4030 2877 non
4071 2830 4217 2876 esse

2662 2914 2748 2983 ab
2777 2914 2911 2982 alio
2951 2934 2990 2982 a
3011 2934 3148 3004 quo
3179 2913 3349 2982 alius
3380 2934 3499 3005 per
3532 2916 3999 3006 spirationem,
4059 2922 4220 2983 sunt

2662 3022 2938 3114 quidem
2970 3023 3038 3089 in
3062 3024 3284 3113 specie
3332 3023 3801 3093 determinatae
3847 3024 4220 3116 proprieta-

2661 3138 2788 3210 tes,
2849 3130 2967 3199 sed
3044 3152 3183 3200 non
3256 3129 3511 3201 liabent
3558 3133 4061 3224 oppositionem
4098 3140 4219 3202 :et

2662 3241 2814 3310 ideo
2847 3264 2984 3310 non
3015 3243 3432 3310 constituunt
3501 3244 3799 3311 diversas
3863 3266 4212 3334 personas,

2661 3348 2779 3418 sed
2819 3372 3026 3418 unam
3057 3356 3351 3419 tantum.
3398 3348 3728 3420 Similiter
3766 3375 3913 3421 esse
3954 3351 4039 3419 ab
4078 3348 4215 3419 alio

2661 3478 2816 3525 cum
2841 3457 2927 3525 sit
2956 3457 3024 3525 in
3051 3479 3326 3549 genere,
3360 3456 3621 3526 nullam
3688 3457 3887 3529 facit:
3920 3456 4040 3528 sed
4068 3477 4214 3528 esse

2662 3564 2746 3633 ab
2777 3564 2911 3633 alio
2947 3587 3069 3656 per
3104 3567 3639 3657 generationem,
3674 3576 3741 3635 et
3795 3588 3943 3634 esse
3966 3567 4052 3635 ab
4079 3566 4216 3634 alio

2664 3696 2782 3763 per
2832 3674 3300 3764 spirationem,
3383 3674 3557 3742 inter
3628 3697 3701 3742 se
3758 3697 3897 3743 non
3962 3673 4217 3743 habent

2659 3780 3160 3871 oppositionem
3201 3789 3264 3847 et
3296 3780 3447 3849 ideo
3491 3781 3868 3849 necessario
3901 3781 4017 3848 uni
4065 3803 4219 3872 per-

2659 3908 2844 3954 sonae
2883 3886 3297 3956 conveniunt
3347 3888 3518 3956 sicut
3584 3895 3650 3955 et
3705 3886 4209 3978 praecedentes:

2658 3993 2764 4060 vel
2807 4000 3096 4085 oportet,
3129 3994 3312 4084 quod
3353 3994 3579 4085 aliqua
3627 3994 3969 4087 oppositio
4020 4014 4216 4086 quae-

2657 4109 2845 4168 ratur
2867 4101 3041 4169 inter
3069 4123 3182 4169 eas
3207 4124 3223 4168 z
3249 4111 3317 4169 et
3345 4101 3487 4169 hoec
3508 4112 3611 4170 est
3626 4103 3995 4194 oppositiO,
4028 4101 4215 4193 quod

2656 4230 2801 4275 esse
2835 4208 2919 4275 ab
2959 4207 3093 4276 alio
3150 4231 3271 4299 per
3307 4210 3749 4298 spirationem
3798 4211 3957 4278 dicit
3998 4232 4145 4279 esse
4176 4233 4216 4278 a

2657 4315 2857 4384 Patre
2881 4326 2944 4384 et
2992 4316 3186 4400 Filio,
3230 4327 3292 4385 et
3336 4317 3486 4385 ideo
3519 4342 3636 4409 per
3701 4321 4214 4411 generationem

2655 4448 2800 4491 esse
2827 4420 2912 4491 ab
2953 4423 3113 4502 ali0,
3157 4433 3220 4492 et
3282 4447 3401 4515 per
3456 4426 3897 4517 spirationem
3938 4449 4085 4496 esse
4126 4423 4213 4496 ab

2650 4528 2812 4608 alio,
2858 4534 2975 4600 uni
3025 4554 3163 4600 non
3194 4535 3635 4604 conveniunt.

2742 4643 2825 4711 Et
2855 4667 2938 4712 ex
2968 4642 3315 4735 lioc'patet
3343 4642 3593 4713 solutio
3624 4645 3708 4712 ad
3754 4647 3987 4714 omnia
4031 4645 4217 4735 obje-

2650 4760 2750 4819 cti·
2787 4775 2937 4842 quae
2980 4753 3240 4842 objecta
3282 4764 3437 4820 sunt
3487 4753 3570 4822 de
3613 4753 4077 4830 relationibus,
4148 4763 4216 4821 et

2650 4861 2732 4929 de
2765 4885 2860 4931 eo⁴
2906 4861 3088 4952 quod
3120 4870 3395 4931 estesse
3441 4862 3525 4930 ab
3575 4863 3733 4939 alio,
3781 4871 3846 4931 et
3883 4887 4023 4932 non
4064 4886 4211 4932 esse

2650 4971 2734 5037 ab
2765 4970 2899 5039 alio
2928 4994 2944 5040 z
2979 4975 3363 5065 patetenim
3396 4973 3579 5063 quod
3608 4982 3711 5041 est
3731 4996 4001 5042 necesse
4026 4974 4212 5065 quod

2648 5079 2968 5170 quaelibet
3012 5081 3245 5149 relatio
3277 5090 3484 5172 ponat
3518 5082 3653 5149 ‹luo
3702 5090 4005 5151 extrema
4059 5106 4210 5175 quae

2647 5190 2780 5257 sint
2813 5212 3123 5281 personat
3172 5189 3500 5257 diversae:
3539 5192 3699 5280 quia
3775 5214 3910 5257 una
3972 5190 4210 5260 relatio

2646 5323 2782 5367 non
2817 5300 3022 5367 habet
3054 5322 3258 5366 unam
3292 5299 3796 5390 oppositionem
3831 5299 3915 5366 ad
3946 5299 4151 5367 aliam
4190 5322 4205 5366 ε

2645 5417 2709 5476 et
2761 5408 2912 5477 ideo
2972 5407 3108 5475 duo
3162 5414 3504 5496 respectus
3561 5406 3781 5475 eidem
3842 5411 4209 5479 convenire

986 5508 1313 5573 uniantur
1352 5508 1554 5574 etiam
1588 5509 1653 5573 in
1695 5530 1775 5575 eo
1833 5507 2017 5598 quod
2073 5529 2280 5574 unum
2323 5515 2419 5573 est
2465 5507 2534 5572 in
2641 5524 2953 5605 possunt.

1054 5742 1074 5781 ¹
1106 5742 1190 5799 Cf.
1223 5743 1432 5825 Supra,
1458 5740 1599 5795 Dist.
1642 5741 1732 5809 IV,
1783 5741 1847 5807 V,
1879 5741 1948 5794 vl
1977 5745 2035 5795 et
2068 5739 2177 5803 vn.

2713 5739 2736 5776 ⁸
2765 5737 2851 5794 Cf.
2894 5737 3075 5808 Infra,
3134 5736 3280 5799 Dist.
3328 5737 3422 5799 XI.
