4897 6388
782 4682 978 4728 sot-atio.

798 4737 878 4782 Ad
927 4740 966 4786 1.

801 5584 870 5629 Ad
897 5583 940 5632 2.

1761 306 1859 374 IN
1907 309 1938 376 1
1989 273 2417 385 SENTENT.
2472 316 2697 385 msT.
2751 320 3355 404 xx11,1);.AaT.
3408 332 3448 395 4
3486 332 3595 397 ET
3631 335 3695 400 5.

1103 862 1196 935 D.
1240 863 1363 939 De
1401 865 1580 940 aliis
1636 871 2078 949 nominibus
2139 901 2311 974 quae
2370 881 2900 978 temporaliter
2945 882 3114 959 Deo
3155 898 3603 986 conssruunt,
3654 900 3728 969 et
3779 919 3932 969 non
3989 896 4308 974 relative

2519 1015 2909 1090 dicuntur.

1195 1337 1394 1412 Sunt
1432 1341 1660 1416 etiam
1694 1346 2051 1442 quaedam
2095 1348 2414 1425 nomina
2453 1373 2631 1449 quae
2669 1374 2763 1427 ex
2804 1362 3147 1455 tempore
3179 1360 3340 1436 Deo
3381 1364 3872 1454 conveniunt,
3910 1389 4052 1442 nec
4092 1370 4304 1444 rela-

1097 1471 1249 1548 tive
1290 1473 1681 1574 dicuntur,
1728 1490 1814 1555 ut
1853 1482 2351 1579 humanatuS,
2390 1484 2865 1584 incarnatu8‚
2901 1501 2972 1567 et
3017 1491 3494 1592 hujusmodi.

1195 1611 1387 1687 Ecce
1419 1636 1553 1689 sex
1594 1616 1999 1692 nominum
2042 1619 2512 1698 differentias
2569 1622 3168 1726 assignavimus,
3214 1633 3496 1730 quibus
3558 1636 3843 1713 utimur
3892 1640 4297 1738 loquentes

1096 1743 1190 1820 de
1219 1746 1383 1823 Deo
1431 1771 1449 1824 :
1495 1748 1589 1825 de
1630 1752 1918 1848 quibus
1958 1754 2287 1852 singulis
2326 1756 2717 1854 agendum
2748 1763 2903 1835 est.

1527 2299 2036 2371 ARTICULUS
2085 2304 2206 2373 lv,

1088 2520 1198 2585 An
1272 2517 1397 2586 lioc
1455 2541 1725 2597 nomen,
1787 2520 2203 2601 incarnatus»,
2281 2525 2639 2592 conveniat

1354 2628 1479 2694 uni
1501 2650 1834 2718 personae,
1860 2629 1970 2699 vel
1993 2629 2313 2700 omnibus
2333 2634 2373 2700 7

1175 2944 1434 3015 Deinde
1465 2947 1796 3037 quaeritur
1849 2945 1933 3015 de
1998 2945 2130 3016 hoe
2194 2949 2380 3040 quod
2411 2950 2575 3019 dicit
2613 2973 2633 3022 :

1090 3079 1124 3115 α
1164 3054 1344 3122 Sunt
1407 3054 1615 3122 etiam
1657 3053 1977 3145 quaedam
2041 3057 2322 3125 :iortiina
2360 3080 2515 3148 qua:
2550 3083 2637 3127 ea:

1082 3171 1405 3254 tempore,
1439 3169 1567 3231 etc.
1600 3189 1632 3227 n

1179 3273 1239 3338 1.
1273 3269 1425 3340 lloo
1451 3271 1635 3340 enim
1664 3271 1936 3341 videtur
1969 3271 2215 3341 falsum
2243 3296 2259 3341 :
2304 3275 2467 3366 quia
2525 3276 2637 3343 in-

1081 3388 1410 3447 carnatus
1446 3380 1502 3447 si
1544 3401 1679 3447 non
1709 3379 1874 3449 dicit
1900 3380 2027 3448 nisi
2060 3380 2366 3450 divinam
2395 3406 2636 3452 essen-

1084 3485 1250 3553 tiam
1271 3509 1428 3555 eum
1459 3485 1701 3555 ellectu
1742 3487 1813 3554 in
1842 3494 2175 3569 creatura,
2245 3497 2411 3559 tuno
2476 3513 2632 3559 con·

1082 3593 1269 3662 venit
1348 3593 1672 3663 omnibus
1748 3594 1952 3663 simul
2033 3598 2370 3686 personis,
2444 3598 2633 3690 quod

1081 3701 1458 3771 absurdum
1492 3711 1619 3772 est.

1170 3817 1232 3878 2.
1272 3810 1469 3896 ltem,
1498 3812 1720 3881 Omne
1752 3836 2003 3882 nomen
2035 3838 2115 3882 ex
2155 3824 2461 3908 tempore
2491 3817 2634 3887 Deo

1077 3921 1521 4003 convenienS,
1563 3920 1727 3990 dicit
1765 3921 2068 3991 divinam
2126 3927 2520 4005 essentiam,
2572 3936 2637 3994 et

1076 4037 1405 4097 connotat
1431 4027 1747 4097 ellectum
1791 4030 1860 4098 in
1889 4040 2194 4100 creatura
2227 4055 2244 4099 :
2293 4032 2424 4103 hoc
2467 4058 2633 4105 vero

1079 4160 1354 4216 nomen,
1394 4139 1816 4217 incarnatus,
1851 4148 1953 4208 est
1982 4139 2421 4229 hujusmodi:
2467 4167 2631 4235 ergo

1076 4248 1236 4316 dicit
1262 4247 1567 4316 divinam
1608 4250 1999 4329 essentiam,
2034 4260 2101 4319 et
2139 4261 2472 4321 connotat
2533 4255 2637 4322 ef-

1078 4356 1325 4424 lectum
1350 4356 1418 4423 in
1451 4366 1761 4426 ereatura
1793 4379 1810 4427 :
1844 4367 1911 4426 et
1950 4358 2045 4427 sic
2075 4363 2393 4430 convenit
2437 4386 2634 4430 com-

1079 4464 1377 4532 muniter
1405 4463 1754 4545 omnibus,
1788 4464 1971 4556 quod
2011 4463 2290 4535 liaeresis
2319 4476 2445 4537 est.

1173 4674 1481 4745 Somno.
1522 4675 1925 4763 Dicendum,
1977 4680 2160 4771 quod
2239 4683 2629 4754 incarnatus

1078 4794 1143 4853 et
1181 4785 1619 4865 humanatus,
1681 4808 1820 4855 non
1860 4786 2023 4856 dicit
2067 4790 2442 4859 secundum
2508 4818 2624 4862 no·

1073 4919 1229 4965 nien
1262 4895 1688 4979 relationem,
1721 4895 1837 4965 sed
1868 4897 1936 4963 in
1968 4920 2039 4965 se
2064 4895 2317 4968 claudit
2348 4900 2627 4972 relatio-

1074 5030 1231 5074 nem
1265 5007 1330 5073 in
1372 5005 1727 5096 supposito
1758 5025 1774 5074 :
1810 5005 1971 5096 quia
2008 5010 2444 5099 suppositum
2476 5014 2622 5104 ejus

2747 2113 2831 2183 de
2859 2115 2991 2184 illis
3021 2119 3418 2190 nominibus
3445 2146 3597 2213 quae
3628 2128 3843 2195 active
3875 2131 4296 2199 conveniunt

2750 2221 2922 2304 Deo,
2965 2233 3041 2293 ut
3068 2237 3354 2307 creator,
3399 2239 3464 2300 et
3493 2231 3934 2322 hujusmodi:
4005 2239 4124 2307 sed
4184 2240 4292 2307 in-

2746 2342 3091 2421 carnatus,
3141 2334 3580 2422 humanatus„
3630 2346 4048 2414 conveniunt
4096 2369 4291 2418 rece-

2746 2441 2932 2531 ptive
2993 2450 3062 2511 et
3105 2446 3366 2516 unitive
3409 2471 3426 2516 :
3489 2457 3554 2517 et
3609 2448 3741 2521 hoe
3793 2475 3930 2523 non
3969 2457 4289 2526 convenit

2747 2550 3095 2634 omnibus,
3136 2554 3256 2623 sed
3294 2559 3438 2644 uni,
3477 2558 3730 2629 scilicet
3768 2560 3962 2631 Filio.

3203 2975 3704 3050 AllTICULUS
3747 2980 3834 3051 V.

2744 3184 2855 3252 An
2891 3186 3175 3255 nomina
3202 3191 3527 3281 neyativa
3554 3203 3618 3261 et
3638 3194 3987 3286 privativa
4034 3197 4293 3266 cadant

2836 3293 2910 3361 in
2944 3318 3068 3363 ses
3093 3298 3453 3367 nominum
3481 3300 3906 3392 differentiis,
3947 3326 4122 3394 quas
4142 3306 4295 3373 Ma·

2830 3400 3047 3491 qister
3072 3406 3276 3496 ponit
3314 3407 3385 3474 in
3417 3417 3610 3476 textu
3633 3406 3675 3476 ?

2838 3714 3097 3785 Deinde
3135 3722 3459 3809 quaeritur
3520 3721 3603 3791 de
3661 3721 3791 3794 hoc
3839 3728 4021 3817 quod
4074 3730 4290 3802 dicit:

2749 3854 2781 3885 «ι
2818 3826 2996 3893 Ecce
3018 3850 3140 3895 sex
3157 3830 3515 3897 nominum
3532 3831 3951 3922 differentias
3980 3839 4294 3930 assiqua·

2747 3934 3003 4018 vimus,
3037 3943 3165 4004 etc.
3204 3966 3238 4001 n

2843 4042 2901 4109 l.
2947 4041 3237 4113 Videtur
3309 4049 3517 4127 enim,
3577 4050 3760 4140 quod
3810 4056 4129 4145 negativa
4178 4058 4287 4127 vel

2744 4152 3077 4240 privativa
3118 4176 3255 4223 non
3287 4157 3528 4227 cadant
3574 4159 3642 4227 in
3693 4162 3837 4229 istis
3884 4187 4001 4233 sex
4058 4168 4293 4235 nomi·
4408 4214 4416 4220 -

2744 4281 2910 4327 num
2950 4259 3370 4346 differentiis,
3391 4266 3564 4334 sicut
3593 4268 3995 4353 immensae,
4030 4273 4291 4345 increa-

2742 4374 2879 4447 tus,
2911 4374 2979 4434 et
3009 4366 3402 4459 hujusmodi
3435 4394 3454 4441 :
3499 4395 3647 4465 quae
3686 4383 3911 4446 tamen
3949 4383 4287 4473 praecipue

2738 4474 3157 4543 conveniunt
3200 4473 3372 4545 Deo.

2829 4581 2897 4647 2.
2935 4580 3007 4648 Si
3049 4581 3222 4651 sorte
3260 4583 3469 4671 dioaS,
3511 4587 3695 4678 quod
3742 4589 4063 4684 Magister
4120 4617 4288 4686 prae·

2736 4687 2948 4758 mittit
2985 4689 3395 4762 divisionem
3425 4694 3506 4764 de
3543 4695 3674 4775 his,
3717 4699 3799 4768 de
3836 4702 4083 4792 quibus
4118 4728 4287 4798 age-

2738 4819 2807 4864 re
2841 4796 3284 4870 intendebat:
3329 4811 3393 4870 et
3421 4826 3557 4871 non
3588 4807 3877 4877 intendit
3942 4832 4142 4903 agere
4198 4814 4282 4884 de

2734 4907 3111 4996 negativis:
3148 4916 3213 4976 et
3246 4909 3396 4979 ideo
3439 4935 3576 4982 non
3627 4917 3844 5007 tangit
3891 4918 4006 4988 illa
4049 4942 4067 4989 :
4119 4924 4279 5013 quia

2734 5015 2904 5085 nihil
2934 5019 3303 5110 praedicant
3352 5023 3418 5090 in
3476 5025 3618 5095 Deo
3673 5050 3690 5094 :
3752 5029 3867 5098 sed
3906 5033 4157 5123 potius„
4202 5045 4278 5106 ut

1069 5122 1169 5180 est
1213 5111 1422 5180 Filius
1462 5135 1583 5204 per
1612 5134 1725 5180 se:
1773 5119 1843 5180 et
1889 5113 2182 5182 essentia
2210 5114 2447 5185 divina
2481 5142 2621 5188 non
2730 5123 2894 5194 dicit
2920 5124 3414 5212 Damascenus,
3481 5132 3713 5203 dicunt
3770 5138 3936 5228 quid
3990 5163 4129 5210 non
4171 5151 4274 5212 est

1066 5229 1166 5289 est
1197 5221 1543 5289 incarnata
1576 5221 1644 5288 in
1673 5242 1770 5300 se,
1804 5226 1872 5289 et
1899 5244 2021 5311 per
2047 5244 2143 5302 se,
2180 5222 2298 5291 sed
2334 5224 2404 5292 in
2444 5225 2618 5298 Filio
2727 5230 2939 5303 Deus.
2977 5233 3371 5307 Secundum
3415 5237 3546 5310 hoc
3584 5243 3788 5312 etiam
3829 5268 3969 5316 non
4034 5249 4273 5320 debuit

1065 5339 1132 5397 et
1163 5351 1282 5420 per
1313 5327 1559 5396 Filium
1603 5350 1618 5396 ε
1663 5334 1732 5397 et
1788 5325 1922 5396 hoc
1969 5327 2334 5419 probatum
2377 5340 2483 5403 est
2546 5337 2616 5404 in
2725 5344 3139 5434 praemittere
3168 5345 3251 5416 de
3291 5348 3675 5421 translatis:
3716 5355 3875 5445 quia
3914 5356 4031 5426 illa
4059 5360 4268 5431 etiam

1067 5435 1159 5502 111
1201 5435 1377 5504 libro
1406 5436 1948 5505 Sententiarum.

1151 5546 1255 5611 Ao
1303 5543 1538 5636 Αιιυυ]
1557 5544 1949 5625 dicendum,
2008 5547 2196 5637 quod
2252 5573 2413 5621 eum
2454 5551 2623 5623 dici-

1063 5663 1195 5737 tur,
1238 5654 1420 5745 quod
1453 5677 1657 5723 omne
1699 5678 1979 5738 nomen,
2013 5663 2170 5738 etc..
2208 5658 2626 5756 intelligitur

2728 5475 2869 5521 non
2898 5453 3271 5545 praedicant
3299 5456 3556 5549 aliquid
3608 5461 3680 5529 in
3741 5463 3912 5548 Deo,
3975 5468 4092 5537 sed
4146 5493 4271 5562 per

2732 5562 3248 5634 translationem
3276 5566 3626 5640 dicuntur.

2830 5672 2898 5742 3.
2926 5669 3126 5753 Item,
3165 5671 3384 5742 Penes
3413 5675 3575 5766 quid
3604 5681 3891 5751 sumitur
3917 5684 4046 5753 ista
4097 5685 4268 5756 divi·
