4897 6388
640 311 776 380 354⁷
1625 312 1711 383 D.
1764 313 1962 383 ALB.
2018 312 2235 391 MAG.
2290 314 2490 385 ORD.
2548 319 2845 386 PRAED.

2288 485 2444 553 dere
2478 488 2865 555 immediate
2892 487 3207 573 aVerbo,
3240 497 3307 556 et
3326 488 3835 557 sicimmediate

2289 603 2392 661 est
2420 618 2459 661 a
2491 594 2685 663 Filio.

2381 703 2441 769 3.
2482 703 2675 781 Item,
2713 703 2789 769 ln
2831 705 3123 794 vestigio
3158 706 3253 774 sic
3311 714 3437 788 est,
3482 707 3665 795 quod
3703 705 3835 773 bo-

2289 831 2451 874 num
2520 819 2619 876 est
2677 812 3062 879 immediate
3127 820 3281 901 post
3335 835 3624 880 verum:
3674 836 3827 879 cum

2287 936 2445 1002 ergo
2486 938 2722 982 verum
2763 917 3168 984 attribuatur
3207 917 3405 997 Filio,
3468 928 3531 986 et
3571 919 3825 986 bonum

2288 1019 2566 1110 Spiritui
2616 1034 2873 1104 sancto,
2914 1024 3181 1092 videtur
3222 1023 3513 1114 Spiritus
3552 1036 3823 1093 sanctus

2285 1127 2738 1194 imniediatius
2767 1151 2911 1197 esse
2940 1152 2980 1196 a
3008 1129 3060 1195 F
3066 1129 3178 1197 ilio
3212 1152 3415 1220 quam
3442 1153 3481 1197 a
3510 1130 3732 1199 Patre.

2375 1233 2505 1300 Sim
2543 1258 2791 1302 CONTRA
2827 1258 2842 1304 ε

1115 838 1353 882 mvlslo
1410 838 1680 882 TEXTUS.

708 1166 743 1202 «
786 1140 958 1205 Item
1016 1140 1374 1229 quaeritur,
1436 1140 1613 1207 Cum
1655 1140 1961 1230 Spiritus
2011 1163 2178 1206 san-

615 1258 762 1315 ctus
801 1272 842 1313 α
900 1250 1112 1315 Patre
1160 1249 1494 1338 procedat
1523 1259 1588 1316 et
1625 1272 1668 1315 a
1728 1250 1936 1330 Filio,
1971 1257 2096 1315 etc.
2140 1275 2170 1310 υ

701 1356 829 1424 Hic
865 1357 1101 1450 incipit
1124 1377 1278 1447 pars
1312 1355 1426 1424 illa
1476 1358 1546 1423 in
1586 1380 1721 1446 qua
1751 1357 1993 1447 probat
2035 1358 2177 1425 Ma-

3858 1262 3947 1307 Sed
3974 1271 4160 1313 contra.

2377 1344 2434 1407 1.
2483 1341 2828 1433 Quidquid
2867 1347 3186 1413 convenit
3236 1344 3436 1413 alicui
3485 1347 3826 1436 principa-

2282 1448 2454 1528 liter,
2498 1450 2706 1518 etalii
2735 1475 2873 1520 non
2929 1451 3441 1544 principaliter,‘
3473 1455 3828 1523 immedia-

2282 1559 2416 1626 tius
2446 1560 2571 1626 erit
2601 1560 2951 1651 principali
2984 1583 3187 1651 quam
3219 1585 3359 1630 non
3401 1564 3755 1652 principali
3807 1588 3822 1632 ε

2280 1687 2319 1731 a
2377 1665 2577 1734 Patre
2626 1668 2729 1756 (ut
2775 1666 3006 1736 dicunt
3056 1669 3311 1758 Sancti)
3366 1672 3829 1761 principaliter

2282 1775 2584 1863 procedit
2644 1775 2937 1865 Spiritus
2980 1786 3280 1864 sanctuS,
3324 1802 3365 1846 a
3394 1779 3563 1847 Filio
3596 1789 3824 1848 autem

2281 1905 2416 1949 non
2437 1883 2899 1974 principaliter
2930 1908 2946 1953 z
2983 1909 3144 1978 ergo
3185 1887 3643 1956 immediatius
3671 1912 3827 1978 pro-

2280 1989 2452 2058 cedit
2484 2012 2520 2057 ει
2555 1989 2754 2060 Patro
2786 2016 2990 2083 quam
3021 2017 3061 2062 a
3099 1994 3298 2063 Filio.

2365 2098 2428 2163 2.
2472 2097 2668 2180 Item,
2704 2097 2903 2178 Quod
2934 2103 3254 2170 convenit
3290 2103 3491 2172 alicui
3519 2106 3817 2195 proprie,

2275 2213 2342 2272 et
2390 2204 2504 2272 alii
2560 2228 2699 2274 non
2737 2209 3031 2299 proprie,
3070 2209 3527 2280 immediatius
3572 2221 3671 2281 est
3722 2214 3821 2281 illi

2272 2313 2380 2379 cui
2410 2316 2730 2382 convenit
2767 2316 3039 2407 proprie
3080 2340 3286 2408 quam
3320 2319 3378 2386 ei
3420 2321 3528 2388 cui
3566 2342 3820 2389 conve-

2272 2419 2369 2486 nit
2398 2442 2535 2487 non
2567 2424 2836 2511 proprie
2870 2447 2885 2491 ε
2925 2424 3038 2492 sed
3088 2423 3321 2493 Sancti
3352 2425 3605 2510 dicunt,
3641 2428 3822 2518 quod

2273 2524 2563 2616 Spiritus
2586 2538 2857 2598 sanctus
2891 2534 3168 2622 proprie
3198 2535 3501 2624 procedit
3522 2556 3562 2603 a
3591 2535 3816 2615 Patre,

611 1464 843 1553 gister‚
897 1464 1085 1553 quod
1108 1486 1244 1530 non
1296 1465 1485 1554 prius
1517 1471 1586 1530 et
1614 1463 1885 1552 plenius
1917 1463 1999 1531 ab
2032 1486 2172 1531 uno

609 1570 915 1659 procedit
947 1591 1154 1660 quam
1188 1570 1270 1637 ab
1305 1570 1467 1639 alio.

698 1676 785 1743 Et
804 1676 1131 1745 dividitur
1165 1681 1232 1744 in
1263 1688 1488 1767 partes
1519 1678 1690 1745 duas
1726 1702 1741 1745 ε
1779 1680 1846 1745 in
1877 1701 2167 1769 quarum

608 1785 826 1874 prima
857 1784 1180 1863 ostendit,
1224 1786 1412 1875 quod
1463 1808 1605 1853 non
1647 1787 1831 1876 prius
1871 1808 1910 1853 a
1968 1785 2171 1852 Patre

605 1913 812 1982 quam
843 1914 881 1959 a
909 1891 1081 1959 Filio
1124 1891 1450 1984 procedit.
1488 1892 1567 1958 In
1598 1893 1899 1962 secunda
1937 1901 2166 1961 autem

602 1995 867 2091 probat,
904 1999 1090 2092 quod
1129 2025 1266 2070 non
1299 2001 1565 2094 plenius
1587 2001 1694 2070 vel
1726 2001 2167 2092 principalius

600 2107 904 2198 procedit
942 2104 1028 2177 ab
1060 2129 1199 2178 uno
1240 2131 1450 2199 quam
1498 2107 1584 2176 ab
1623 2107 1787 2188 alio,
1845 2116 1911 2178 et
1962 2108 2168 2177 solvit

600 2217 1041 2285 auctoritates
1102 2237 1254 2309 quae
1317 2216 1640 2285 videntur
1712 2237 1858 2285 esse
1926 2224 2164 2285 contra

595 2319 749 2409 hoc,
785 2322 904 2402 ibi,
941 2322 1020 2408 C,
1066 2352 1098 2386 «
1134 2325 1335 2393 Nunc
1364 2324 1808 2392 tractandum
1848 2335 1946 2391 est
1977 2324 2169 2415 quod

591 2433 890 2501 secundo
929 2434 1392 2526 quaerebatur.
1444 2462 1476 2497 ι)

681 2539 760 2607 In
788 2540 1016 2631 prim'a
1052 2545 1242 2631 parte
1271 2550 1433 2608 sunt
1461 2538 1626 2622 due,
1669 2542 1924 2611 scilicet
1961 2539 2160 2631 obje-

587 2648 745 2727 ctio,
788 2653 856 2716 et
892 2644 1142 2716 solutio
1184 2670 1335 2739 quse
1375 2649 1614 2740 incipit
1643 2648 1762 2730 ibi,
1804 2649 1886 2730 B,
1941 2676 1974 2713 «
2008 2651 2164 2718 Ilis-

587 2769 651 2826 et
684 2756 1102 2847 hujusmodi
1129 2757 1629 2849 quaestionibus
1675 2760 1901 2849 maqis
1958 2758 2158 2826 labo-

591 2867 793 2934 riosis
822 2888 1039 2957 quam
1068 2868 1472 2956 fructuosis,
1509 2894 1539 2930 n

677 2972 779 3040 Ex
807 2971 939 3042 hoc
968 2981 1152 3064 patet
1197 2974 1544 3042 sententia
1592 2973 1798 3063 primi
1842 2973 2150 3063 capituli.

2272 2659 2309 2701 a
2343 2634 2510 2703 Filio
2549 2645 2779 2704 nutem
2854 2662 2991 2707 non
3063 2640 3234 2709 adeo
3275 2644 3546 2733 proprie
3589 2665 3605 2710 ε
3657 2666 3818 2735 ergo

2270 2744 2724 2813 immediatius
2782 2747 3085 2836 procedit
3149 2771 3190 2817 a
3255 2750 3456 2819 Patre
3514 2773 3718 2841 quam
3778 2774 3819 2820 n

2268 2851 2319 2917 1³
2324 2850 2467 2919 ilio.

2353 2965 2414 3028 3.
2462 2965 2655 3042 Item,
2690 2961 2886 3042 Quod
2920 2965 3210 3055 Spiritus
3255 2975 3526 3037 sanctus
3573 2992 3814 3060 proce-

2264 3068 2374 3134 dat
2424 3091 2460 3132 a
2507 3067 2724 3144 Patre,
2771 3068 2898 3137 hoc
2954 3068 3156 3139 habet
3195 3072 3396 3141 Pater
3447 3097 3486 3141 a
3531 3076 3753 3166 seipso
3792 3099 3806 3142 ε

2264 3175 2442 3267 quod
2475 3186 2701 3244 autem
2749 3179 3052 3267 procedit
3100 3204 3139 3249 a
3196 3180 3393 3262 Filio,
3438 3180 3566 3252 hoc
3607 3181 3815 3251 habet

2265 3282 2473 3350 Filius
2504 3309 2541 3350 a
2575 3284 2818 3354 Patre:
2850 3295 2913 3355 et
2944 3288 3183 3378 quoda
3215 3290 3437 3380 seipso
3464 3293 3805 3370 convenit,

2267 3389 2726 3459 immediatius
2756 3396 3072 3461 convenit
3103 3418 3308 3486 quam
3340 3396 3521 3487 quod
3551 3397 3635 3465 ab
3674 3397 3808 3466 alio
3926 3392 3934 3398 ’

2259 3493 2545 3564 habetur
2579 3522 2593 3564 ε
2640 3521 2800 3590 ergo
2840 3523 2879 3567 a
2920 3501 3117 3571 Patre
3167 3504 3625 3574 immediatius
3657 3529 3809 3596 pro·

2257 3607 2429 3674 cedit
2474 3630 2678 3697 quam
2710 3634 2744 3676 a
2782 3609 2976 3678 Filio.

2346 3714 2408 3778 i.
2452 3713 2643 3798 ltem,
2695 3716 3038 3807 Quidquid
3081 3717 3283 3788 habet
3331 3720 3538 3789 Filius
3599 3724 3802 3790 etiam

2253 3818 2336 3885 de
2376 3818 2729 3897 absolutis,
2767 3822 2968 3890 refert
3004 3823 3089 3891 ad
3114 3824 3411 3906 Patrem,
3443 3828 3614 3896 sicut
3653 3850 3802 3895 mea

2254 3927 2564 3995 doctrina
2620 3952 2756 3997 mm
2831 3941 2928 4001 est
2965 3954 3116 4001 mea
3154 3931 3170 3966 ¹
3214 3958 3238 4002 .·
3288 3958 3450 4028 ergo
3492 3936 3808 4006 similiter

2255 4035 2456 4100 etiam
2490 4047 2586 4101 est
2623 4037 2687 4102 in
2742 4044 3070 4127 potestate
3111 4041 3412 4133 spirandi
3470 4041 3800 4134 Spiritum

2254 4149 2558 4209 sanctuni
2628 4164 2644 4208 ε
2707 4166 2868 4233 ergo
2945 4146 3402 4216 immediatius
3480 4151 3800 4219 convenit

2254 4248 2435 4316 Patri
2477 4273 2679 4340 quam
2715 4250 2908 4319 Filio.
3266 4265 3281 4275 ‘

2347 4358 2480 4424 Sco
2527 4382 2775 4426 cosma
2829 4368 3192 4452 utrumque
3250 4363 3539 4446 videtur,
3611 4366 3795 4458 quod
3828 4380 4118 4432 sedcontn.

2250 4463 2597 4554 {equaliter
2639 4488 2655 4533 ε
2700 4467 2860 4555 quia

1053 3498 1561 3571 ARTlCULUS
1631 3499 1683 3567 Ι.

676 3719 925 3788 Utrum
963 3716 1273 3809 Spiritus
1325 3724 1607 3783 sanctus
1666 3714 2060 3781 immediate

941 3823 1256 3917 procedit
1282 3821 1371 3891 ab
1414 3833 1704 3912 utroque
1747 3820 1787 3888 ?

677 4142 923 4213 Incidit
982 4152 1210 4212 autem
1275 4139 1562 4210 dubium
1622 4139 1842 4231 primo
1908 4138 2018 4209 hic
2075 4141 2142 4210 in

585 4252 871 4332 Littera,
927 4251 1175 4323 Utrum
1227 4249 1526 4341 Spiritus
1571 4253 1845 4318 sanctus
1902 4248 2141 4317 imme·

582 4357 760 4427 ‹linte
796 4359 1119 4450 procedat
1150 4358 1234 4426 ab
1268 4365 1557 4447 utroque
1587 4359 1623 4424 ⁰?

671 4464 978 4546 Videtur,
1014 4465 1198 4558 quod
1222 4488 1359 4534 non
1398 4488 1413 4533 ε
1446 4465 1607 4555 quin

671 4575 727 4643 1.
773 4572 852 4641 ln
882 4574 1132 4642 divinis
1156 4583 1257 4642 est
1288 4572 1457 4640 ordo
1499 4579 1760 4639 nnturoe
1802 4593 1937 4662 quo
1970 4570 2139 4639 alter

580 4680 667 4747 sit
706 4704 788 4749 ex
827 4679 1067 4759 altero,
1111 4689 1178 4750 et
1215 4677 1797 4748 secundumliunc
1828 4676 2134 4745 ordinem

580 4784 879 4854 Ecclesia
946 4785 1191 4854 Filium
1252 4785 1522 4854 ordinat
1597 4794 1750 4853 ante
1802 4785 2133 4875 Spiritum

577 4903 883 4964 sanctum
948 4915 963 4962 t
1034 4918 1198 4987 ergo
1265 4895 1560 4973 videtur,
1629 4892 1809 4984 quod
1868 4915 1907 4960 a
1960 4891 2132 4959 Filio

576 5000 891 5091 procedat
921 5002 1384 5070 immediatius
1407 5025 1612 5092 quam
1653 5023 1692 5067 a
1727 5000 1947 5067 l’atre.

664 5112 744 5196 2.
775 5108 972 5189 ltem,
1017 5109 1094 5177 ln
1134 5119 1361 5179 mente
1409 5111 1506 5177 sic
1555 5116 1680 5186 est,
1725 5107 1907 5199 quod
1938 5130 2134 5174 amor

575 5215 877 5306 procedit
906 5216 1298 5285 immediate
1349 5240 1387 5283 a
1429 5215 1668 5283 notitia
1716 5236 1918 5282 :cum
1968 5237 2129 5305 ergo

577 5347 768 5393 mens
813 5324 901 5392 sit
949 5326 1175 5414 imago
1214 5324 1589 5404 Trinitatis,
1631 5324 1902 5391 videtur
1949 5323 2106 5389 simi

571 5430 725 5499 liter
761 5432 831 5499 in
858 5432 1182 5500 Trinitate
1231 5432 1528 5522 Spiritus
1579 5442 1850 5499 sanctus
1881 5453 2124 5521 proce-

653 5670 669 5703 ¹
695 5667 862 5723 «loun.
894 5684 989 5737 vu,
1024 5670 1109 5723 ¹6.

2347 4574 2402 4636 Ι.
2450 4571 2792 4662 Quidquid
2821 4576 3120 4664 procedit
3152 4600 3190 4644 a
3223 4575 3515 4661 duobus,
3548 4605 3687 4650 non
3722 4592 3796 4651 ut

2251 4674 2411 4758 du0,
2447 4675 2560 4744 sed
2606 4687 2677 4747 ut
2723 4703 2933 4748 unum
2978 4692 3136 4752 sunt
3174 4685 3465 4776 simplex
3504 4696 3565 4757 et
3615 4690 3794 4757 indi-

2251 4785 2540 4866 visibile,
2575 4786 2703 4855 hoe
2740 4790 3089 4880 aequaliter
3116 4796 3420 4884 procedit
3472 4796 3557 4865 ab
3599 4809 3797 4867 utro-

2250 4919 2404 4986 que,
2432 4897 2722 4987 Spiritus
2756 4901 2841 4968 ita
2875 4904 3172 4991 procedit
3205 4929 3244 4972 a
3267 4906 3463 4976 Patre
3496 4918 3562 4976 et
3592 4908 3788 4991 Filio,

2246 5015 2318 5071 ut
2376 5004 2735 5094 probatum
2777 5017 2877 5076 est
2949 5010 3018 5077 in
3076 5012 3477 5101 praecedenti
3545 5015 3791 5086 distin-

2243 5114 2463 5180 ctioue
2533 5117 2552 5149 '
2615 5137 2630 5181 τ
2697 5138 2857 5205 ergo
2932 5118 3279 5208 aequaliter
3336 5123 3636 5211 procedit
3702 5124 3786 5193 ab

2247 5227 2559 5309 utroque.

2330 5329 2392 5393 2.
2441 5325 2634 5405 Item,
2673 5328 2885 5396 Detur
2917 5332 3099 5420 quod
3158 5334 3582 5425 inaequaliter
3625 5362 3789 5429 pro-

2242 5434 2426 5502 cedat
2476 5459 2489 5502 :
2539 5459 2702 5525 ergo
2753 5460 2889 5504 non
2922 5463 3112 5529 {eque
3157 5442 3537 5513 referuntur
3587 5447 3787 5515 l’ater

2308 5674 2331 5709 ²
2360 5673 2444 5731 Cf.
2477 5673 2621 5731 Dist.
2656 5673 2749 5730 x1.
