4897 6388
765 317 891 386 (510

764 494 986 557 ereata
1034 497 1141 555 :et
1190 479 1361 554 bene
1403 481 1728 565 concedo,
1785 477 1966 573 qu‘od
2023 489 2086 552 in
2156 487 2313 552 uni-

765 604 904 683 tate
946 608 1046 665 est
1101 595 1232 664 hoc
1288 605 1354 661 et
1411 587 1562 661 hoe.
1637 589 1996 660 Paeonio.
2075 597 2311 663 Unitas

764 710 946 774 enim
980 713 1078 773 est
1121 714 1183 771 et
1215 712 1315 772 est
1383 704 1788 794 principium
1857 695 2306 782 disex·eti0ni3‚

761 822 828 881 et
855 820 1112 882 constat
1150 837 1267 903 per
1295 835 1364 878 se
1398 805 1581 901 quod
1625 829 1760 876 non
1800 808 1882 874 ab
1925 811 2162 877 eodem
2197 810 2313 876 ha-

763 920 875 988 bet
921 945 1090 998 esse,
1130 927 1193 986 et
1226 915 1632 1009 principium
1665 917 2087 982 discretionis
2119 939 2306 984 esse:

765 1023 944 1095 unde
983 1027 1278 1103 Ιῖοοῑίυε,
1326 1024 1547 1091 Omne
1588 1022 1774 1112 quod
1824 1029 1948 1106 est,
2002 1024 2134 1090 alio
2167 1045 2311 1090 esse

765 1134 1121 1224 participat
1151 1139 1224 1198 ut
1262 1133 1373 1208 sit,
1428 1131 1562 1197 alie
1624 1151 1785 1197 vero
1848 1132 2201 1220 participat
2242 1138 2316 1196 ut

766 1241 892 1309 hoc
929 1244 1037 1310 sit.

854 1353 952 1417 An
985 1374 1107 1416 nec
1143 1358 1368 1417 autem
1412 1347 1591 1439 quod
1647 1347 1880 1415 eontra
1915 1347 2043 1416 hoe
2090 1359 2317 1439 posset

765 1452 992 1546 objici,
1028 1458 1208 1547 quod
1243 1481 1451 1523 unum
1486 1454 1906 1523 convertitur
1945 1481 2096 1523 eum
2131 1466 2308 1540 ente,

767 1565 936 1631 intra
996 1564 1323 1640 solvetur,
1385 1564 1546 1652 quia
1612 1562 1920 1628 hoe'non
1975 1562 2306 1654 impedit:

765 1673 922 1761 quia
978 1694 1113 1738 non
1192 1672 1517 1761 quaeritur
1571 1668 1679 1735 hie
1744 1668 1826 1735 de
1885 1691 2048 1749 une,
2084 1672 2199 1739 sed
2233 1672 2314 1739 de

765 1782 1019 1848 unitate
1052 1803 1199 1870 quae
1226 1802 1376 1847 cum
1404 1783 1557 1845 ante
1581 1776 1769 1844 nullo
1803 1778 2003 1846 modo
2035 1804 2316 1848 conver-

761 1888 949 1965 titur,
984 1886 1137 1955 licet
1174 1905 1387 1954 unum
1429 1892 1887 1953 convertatur.
1923 1885 2069 1955 lloe
2109 1890 2312 1956 etiam

763 1993 967 2062 modo
1025 1993 1349 2071 concedo,
1403 1991 1582 2084 quod
1617 1986 1849 2082 recipit
1896 2002 1970 2060 ut
2019 1994 2152 2064 duo
2193 2019 2314 2064 ens

763 2098 905 2191 ipsa
936 2101 1200 2168 unitas:
1249 2104 1312 2168 et
1350 2096 1481 2167 hoe
1507 2098 1713 2167 modo
1759 2101 2086 2186 concedo,
2129 2103 2315 2195 quod

762 2203 964 2276 habet
1007 2206 1312 2280 modum.
1356 2208 1675 2297 speeiem,
1722 2215 1787 2275 et
1836 2207 2170 2294 ordinem,
2239 2217 2314 2278 ut

763 2316 1286 2386 determinatum
1331 2325 1428 2386 est
1455 2340 1656 2408 supra
1685 2315 1728 2383 ⁸.

1754 309 1836 378 l).
1887 312 2086 383 Aen.
2144 315 2357 382 MAG.
2413 311 2617 382 (mn.
2676 315 2967 386 PllAEt).

2512 489 2613 553 An
2646 513 2705 556 u)
2733 489 2915 580 quod
2954 498 3188 558 eontra
3220 490 3557 578 objicitur,
3603 489 3960 558 dicendum
3994 517 4064 559 Ad
4082 515 4303 571 omnem.

2424 593 2606 683 quod
2635 619 2773 662 non
2819 606 2917 664 est
2968 601 3416 689 repugnantia
3445 595 3904 664 intellectuum
3944 620 3956 662 :

2425 708 2580 796 quia
2654 705 2823 773 ratio
2889 709 3168 774 unitatis
3244 717 3308 775 et
3367 707 3767 797 pluralitatis
3825 729 3961 773 non

2422 824 2771 902 ponuntur
2809 815 2985 882 cirea
3025 815 3205 882 idem
3240 817 3614 883 sec-undum
3656 814 3961 882 eamdem

2426 921 2803 988 rationem:
2840 923 3295 989 diciturenim
3367 927 3587 990 unitas
3627 944 3663 989 a
3705 923 3964 988 ratione

2423 1028 2850 1097 indivisibilis
2896 1031 2962 1097 in
2994 1038 3235 1097 natura
3257 1032 3541 1098 discreta
3570 1052 3967 1119 permanen-

2423 1140 2509 1205 tis
2551 1141 2617 1204 in
2657 1135 2983 1228 partibuS,
3045 1137 3159 1206 sed
3212 1140 3454 1205 dieitur
3491 1138 3624 1205 duo
3676 1138 3779 1205 vel
3832 1161 3960 1204 uu-

2426 1267 2651 1312 merus
2693 1245 2758 1310 in
2805 1246 3063 1313 ratione
3113 1247 3364 1312 causati
3409 1254 3472 1312 et
3520 1246 3864 1312 constituti
3897 1246 3961 1310 in

2425 1352 2643 1442 speeie
2683 1362 3028 1420 creaturae.
3112 1353 3349 1421 Differt
3415 1357 3595 1422 enim
3664 1355 3887 1421 unitas
3928 1376 3964 1419 a

2423 1469 2698 1550 puncto,
2728 1471 2792 1528 et
2830 1470 3072 1528 natura
3104 1463 3284 1528 illius
3337 1463 3730 1531 ditl'erentiae
3762 1470 3863 1530 est
3896 1461 3963 1527 in

2425 1569 2679 1634 unitate
2713 1582 2729 1634 2
2766 1576 2825 1634 et
2853 1566 3093 1635 iterum
3136 1575 3235 1637 est
3280 1570 3344 1635 in
3376 1593 3452 1638 ea
3519 1578 3755 1637 natura
3791 1570 3964 1637 reei-

2427 1671 2821 1763 piensillam
2879 1671 3354 1756 differentiam,
3425 1678 3600 1744 sieut
3662 1678 3956 1766 potentia

2427 1779 2659 1870 recipit
2710 1790 2974 1849 actum:
3019 1805 3180 1872 ergo
3231 1782 3499 1850 esthon
3548 1791 3610 1850 et
3667 1782 3816 1850 hoe.
3884 1782 3965 1849 Et

2422 1909 2542 1975 per
2570 1887 2699 1955 hoe
2733 1898 2911 1977 patet
2941 1887 3192 1956 solutio
3238 1891 3321 1956 ad
3371 1890 3506 1957 duo
3563 1891 3952 1980 sequentia:

2425 2016 2560 2061 non
2592 1995 2772 2062 enim
2803 2004 2905 2063 est.
2933 1997 3331 2087 simpliciter
3388 1997 3680 2087 simplex
3709 2000 3953 2076 unitaS,

2424 2097 2549 2171 nee
2586 2103 2983 2194 simpliciter
3024 2107 3342 2195 primum,
3378 2105 3497 2173 sed
3547 2105 3834 2196 simplex
3896 2115 3962 2173 et

2423 2211 2722 2301 primum
2755 2214 2820 2278 in
2862 2220 3101 2281 natura
3133 2212 3395 2282 discreti
3450 2212 3759 2281 habentis
3805 2236 3960 2303 per-

2424 2322 2837 2388 manentiam
2890 2322 2954 2388 in
2997 2323 3325 2412 partibus.

764 2797 850 2872 B.
896 2796 1151 2893 Mmst's
1191 2795 1329 2870 tua
1367 2795 1734 2868 dicuutur
1768 2792 1873 2867 ad
1899 2795 2468 2872 excludendam
2509 2824 2599 2875 ea
2638 2825 2809 2897 ‹111ae
2841 2828 2992 2877 non
3032 2813 3212 2877 suut
3241 2804 3321 2878 in
3368 2805 3551 2890 Dee,
3597 2829 3823 2901 quam
3864 2805 3968 2879 acl

1977 2931 2422 3028 ponendum
2455 2932 2739 3032 aliqua.

858 3273 937 3349 Si
979 3272 1388 3365 diligenter
1432 3267 1852 3368 przemissis
1893 3272 2419 3347 autc-toritatem
2457 3275 2712 3349 verbis
2745 3277 3244 3369 intendimus,
3293 3287 3374 3350 nt
3421 3278 3797 3351 dictorum
3841 3279 3964 3351 in-

768 3403 1725 3505 telligentiamcupiamus,
1768 3403 2010 3497 magis
2040 3406 2346 3482 videtur
2407 3411 2677 3482 luerunt
2738 3412 3150 3485 verborum
3218 3435 3403 3486 usns
3481 3411 3961 3486 introductus

764 3541 1054 3616 ratione
1122 3539 1564 3615 removendi
1630 3548 1861 3634 atque
1920 3542 2372 3619 excludendi
2436 3570 2479 3617 u
2545 3545 3027 3644 simplicitate
3071 3546 3372 3621 deitatis
3445 3572 3621 3645 qun·
3667 3545 3764 3621 ini
3811 3573 3959 3621 non

760 3686 968 3769 sunt,
1003 3699 1234 3773 qnam
1282 3672 1616 3775 ponendi
1660 3672 1947 3770 ntiqun.

1199 4354 1701 4424 ,tn‘t‘tct’t‘t's
1752 4357 1872 4426 111.

760 4566 863 4637 Λη
907 4572 1134 4636 mellus
1191 4571 1298 4636 rel
1335 4595 1545 4638 mmm
1605 4573 1888 4666 aliquid
1930 4593 2148 4669 [tumel
2205 4587 2309 4651 nel

849 4673 1055 4751 nihil,
1099 4685 1162 4741 v!
1208 4680 1550 4767 quennmlo
1583 4685 1958 4772 opponitur
2023 4690 2243 4756 mullo
2271 4691 2310 4758 ἶ)

851 4792 914 4848 e!
951 4784 1289 4873 quomodo
1322 4785 1651 4875 differem!
1683 4812 1895 4856 mmm
1934 4799 2122 4884 quod
2147 4825 2305 4865 cmc-

851 4892 1312 4959 1·1·r!e‘lm·{·nm
1355 4903 1524 4969 ente,
1600 4906 1663 4963 e!
1695 4920 1907 4965 mmm
1978 4904 2167 4994 quod
2215 4919 2311 4975 es!

848 4992 1266 5089 principiave
1311 5003 1581 5067 ›emneri
1605 5001 1647 5067 :⁹

853 5308 1106 5379 Deinde
1145 5317 1470 5403 quteritur
1508 5317 1588 5383 de
1624 5319 1748 5387 hoc
1792 5324 1971 5411 quod
2014 5327 2169 5395 dicit
2239 5332 2305 5399 in

759 5422 1055 5507 capitulo
1120 5424 1167 5488 n
1229 5428 1461 5515 primm
1515 5430 1745 5517 partis,
1819 5432 1934 5510 ibi,
2001 5469 2028 5496 «ι
2081 5443 2309 5530 Μαθὼ-

828 5646 844 5681 ¹
877 5645 958 5701 Cf.
999 5648 1208 5720 Supra.
1246 5653 1386 5707 nist.
1428 5653 1524 5707 ΙΙΙ.

2421 4045 2693 4110 vicit-Im·
2718 4044 2961 4111 horum
3005 4045 3359 4111 ret-borum
3426 4067 3586 4110 mus
3643 4044 3964 4110 introdu-

2416 4159 2562 4218 ctus
2620 4153 2884 4218 ratione
2915 4154 3329 4231 remen-omli,
3365 4161 3491 4219 ete.
3532 4178 3563 4214 ιι

2510 4259 2631 4325 llic
2699 4259 2966 4327 videtur
3020 4258 3250 4328 haberi
3310 4283 3392 4326 ex
3449 4261 3724 4330 Littera.
3768 4260 3950 4350 quod

2417 4367 2642 4433 unitas
2673 4365 2837 4433 nihil
2872 4368 3057 4456 ponit
3104 4387 3119 4433 t
3158 4377 3219 4434 et
3257 4366 3608 4433 lun-etiam
3640 4366 3962 4434 videntur

2418 4477 2689 4567 quidun·
2736 4477 3019 4566 probare
3057 4481 3148 4544 sic
3191 4501 3206 4546 2

2514 4586 2570 4651 l.
2617 4583 2840 4651 Unum
2896 4588 2995 4652 est
3055 4585 3422 4652 indivisum
3477 4589 3540 4653 in
3592 4608 3689 4663 se,
3753 4597 3815 4653 et
3856 4587 3965 4653 di-

2418 4694 2638 4757 visum
2683 4691 2766 4757 ab
2806 4690 2955 4758 aliis
2992 4714 3007 4760 t
3044 4696 3259 4781 gratia
3292 4695 3526 4782 prima²
3560 4695 3768 4782 partis
3807 4716 3967 4761 eon-

2417 4803 2570 4872 stat,
2608 4798 2786 4887 qnod
2820 4819 2955 4865 non
2982 4799 3162 4867 addit
3197 4823 3399 4889 supra
3424 4823 3541 4866 ens
3566 4801 3696 4865 nisi
3731 4821 3965 4890 quam-

2422 4904 2576 4970 dam
2648 4908 3086 4996 negationem
3152 4931 3166 4973 :
3228 4920 3289 4975 et
3369 4907 3680 4974 similiter
3750 4910 3964 4997 gratia

2422 5011 2733 5079 secunda*
2800 5017 3033 5103 partis,
3106 5017 3266 5106 qnia
3337 5015 3661 5082 dividitur
3710 5038 3966 5083 unum-

2422 5119 2738 5211 quodque
2787 5121 2871 5187 τὼ
2912 5120 3062 5189 aliis
3119 5146 3241 5214 per
3304 5120 3432 5189 hoe
3505 5122 3682 5213 quod
3745 5126 3965 5213 ipsum

2424 5250 2560 5294 nun
2604 5236 2703 5295 est
2760 5228 2944 5296 aliud
3007 5250 3222 5298 :cum
3295 5231 3499 5321 igitur
3565 5234 3965 5321 negationes

2423 5334 2589 5402 nihil
2630 5346 2911 5426 ponant,
2945 5337 3213 5406 videtur
3263 5361 3475 5405 unum
3519 5362 3637 5406 nec
3697 5341 3762 5406 in
3827 5338 3963 5408 Deo

2424 5465 2544 5511 nec
2585 5447 2649 5512 in
2683 5447 3008 5513 creaturis
3038 5446 3292 5539 aliquid
3330 5470 3605 5538 ponere.

4074 574 4097 611 2
4124 573 4228 617 etss.
