<?xml version="1.0" encoding="UTF-8"?>
<!DOCTYPE html PUBLIC "-//W3C//DTD XHTML 1.0 Transitional//EN"
    "http://www.w3.org/TR/xhtml1/DTD/xhtml1-transitional.dtd">
<html xmlns="http://www.w3.org/1999/xhtml" xml:lang="en" lang="en">
 <head>
  <title>
</title>
<meta http-equiv="Content-Type" content="text/html;charset=utf-8" />
  <meta name='ocr-system' content='tesseract 3.04.00' />
  <meta name='ocr-capabilities' content='ocr_page ocr_carea ocr_par ocr_line ocrx_word'/>
</head>
<body>
  <div class='ocr_page' id='page_1' title='image "balbertimagnira03chgoog_0534.png"; bbox 0 0 4897 6388; ppageno 0'>
   <div class='ocr_carea' id='block_1_1' title="bbox 698 271 2889 396">
    <p class='ocr_par' dir='ltr' id='par_1_1' title="bbox 698 271 2889 396">
     <span class='ocr_line' id='line_1_1' title="bbox 698 271 2889 396; baseline 0.003 -39"><span class='ocrx_word' id='word_1_1' title='bbox 698 300 828 366; x_wconf 68' lang='lat'>488</span> <span class='ocrx_word' id='word_1_2' title='bbox 1670 292 1754 361; x_wconf 89' lang='lat' dir='ltr'>D.</span> <span class='ocrx_word' id='word_1_3' title='bbox 1809 291 2004 396; x_wconf 55' lang='grc' dir='ltr'>ΑΕΒ.</span> <span class='ocrx_word' id='word_1_4' title='bbox 2058 271 2292 360; x_wconf 57' lang='lat' dir='ltr'>MAG(</span> <span class='ocrx_word' id='word_1_5' title='bbox 2330 292 2535 363; x_wconf 81' lang='lat' dir='ltr'>ono.</span> <span class='ocrx_word' id='word_1_6' title='bbox 2589 295 2889 365; x_wconf 80' lang='lat' dir='ltr'>PRAED.</span> 
     </span>
    </p>
   </div>
   <div class='ocr_carea' id='block_1_2' title="bbox 699 443 3925 4212">
    <p class='ocr_par' dir='ltr' id='par_1_2' title="bbox 699 443 3925 4212">
     <span class='ocr_line' id='line_1_2' title="bbox 701 443 3922 573; baseline 0.002 -30"><span class='ocrx_word' id='word_1_7' title='bbox 701 457 1192 543; x_wconf 80' lang='lat' dir='ltr'>caturrnotus</span> <span class='ocrx_word' id='word_1_8' title='bbox 1225 465 1548 541; x_wconf 88' lang='lat' dir='ltr'>mentis:</span> <span class='ocrx_word' id='word_1_9' title='bbox 1579 443 1999 540; x_wconf 75' lang='lat' dir='ltr'>cumetiam</span> <span class='ocrx_word' id='word_1_10' title='bbox 2045 464 2117 564; x_wconf 85' lang='lat' dir='ltr'>in</span> <span class='ocrx_word' id='word_1_11' title='bbox 2167 465 2359 539; x_wconf 89' lang='lat' dir='ltr'>libro</span> <span class='ocrx_word' id='word_1_12' title='bbox 2402 464 2822 564; x_wconf 76' lang='lat' dir='ltr'>Sapientiae</span> <span class='ocrx_word' id='word_1_13' title='bbox 2850 467 3157 542; x_wconf 87' lang='lat' dir='ltr'>dicatur</span> <span class='ocrx_word' id='word_1_14' title='bbox 3194 469 3593 570; x_wconf 77' lang='lat' dir='ltr'>despiritu</span> <span class='ocrx_word' id='word_1_15' title='bbox 3622 475 3922 573; x_wconf 87' lang='lat' dir='ltr'>sapien-</span> 
     </span>
     <span class='ocr_line' id='line_1_3' title="bbox 700 601 3917 705; baseline 0.003 -29"><span class='ocrx_word' id='word_1_16' title='bbox 700 604 849 690; x_wconf 76' lang='lat' dir='ltr'>tiae,</span> <span class='ocrx_word' id='word_1_17' title='bbox 881 603 1015 701; x_wconf 91' lang='lat' dir='ltr'>qui</span> <span class='ocrx_word' id='word_1_18' title='bbox 1048 601 1348 700; x_wconf 83' lang='lat' dir='ltr'>attingit</span> <span class='ocrx_word' id='word_1_19' title='bbox 1387 627 1432 677; x_wconf 89' lang='lat' dir='ltr'>a</span> <span class='ocrx_word' id='word_1_20' title='bbox 1473 602 1626 676; x_wconf 82' lang='lat' dir='ltr'>fine</span> <span class='ocrx_word' id='word_1_21' title='bbox 1670 624 1914 700; x_wconf 84' lang='lat' dir='ltr'>usque</span> <span class='ocrx_word' id='word_1_22' title='bbox 1954 602 2043 676; x_wconf 87' lang='lat' dir='ltr'>ad</span> <span class='ocrx_word' id='word_1_23' title='bbox 2094 601 2326 677; x_wconf 81' lang='lat' dir='ltr'>tinem</span> <span class='ocrx_word' id='word_1_24' title='bbox 2371 602 2417 697; x_wconf 85' lang='lat'>¹,</span> <span class='ocrx_word' id='word_1_25' title='bbox 2455 605 2587 701; x_wconf 88' lang='lat' dir='ltr'>qui</span> <span class='ocrx_word' id='word_1_26' title='bbox 2629 615 2745 679; x_wconf 92' lang='lat' dir='ltr'>est</span> <span class='ocrx_word' id='word_1_27' title='bbox 2783 613 3002 680; x_wconf 89' lang='lat' dir='ltr'>actus</span> <span class='ocrx_word' id='word_1_28' title='bbox 3034 607 3375 704; x_wconf 86' lang='lat' dir='ltr'>mobilis,</span> <span class='ocrx_word' id='word_1_29' title='bbox 3439 621 3722 705; x_wconf 88' lang='lat' dir='ltr'>certus,</span> <span class='ocrx_word' id='word_1_30' title='bbox 3795 613 3917 685; x_wconf 91' lang='lat' dir='ltr'>in-</span> 
     </span>
     <span class='ocr_line' id='line_1_4' title="bbox 699 736 3908 842; baseline 0.002 -30"><span class='ocrx_word' id='word_1_31' title='bbox 699 738 1269 836; x_wconf 79' lang='lat' dir='ltr'>coinquinatus.</span> <span class='ocrx_word' id='word_1_32' title='bbox 1338 737 1555 825; x_wconf 85' lang='lat' dir='ltr'>Quod</span> <span class='ocrx_word' id='word_1_33' title='bbox 1595 760 1750 811; x_wconf 90' lang='lat' dir='ltr'>non</span> <span class='ocrx_word' id='word_1_34' title='bbox 1796 737 1965 811; x_wconf 87' lang='lat' dir='ltr'>ideo</span> <span class='ocrx_word' id='word_1_35' title='bbox 1998 736 2305 831; x_wconf 85' lang='lat' dir='ltr'>dicitur,</span> <span class='ocrx_word' id='word_1_36' title='bbox 2343 738 2550 834; x_wconf 93' lang='lat' dir='ltr'>quod</span> <span class='ocrx_word' id='word_1_37' title='bbox 2583 738 2967 836; x_wconf 80' lang='lat' dir='ltr'>sapientia</span> <span class='ocrx_word' id='word_1_38' title='bbox 2998 740 3097 816; x_wconf 89' lang='lat' dir='ltr'>sit</span> <span class='ocrx_word' id='word_1_39' title='bbox 3138 742 3746 842; x_wconf 85' lang='lat' dir='ltr'>mobilealiquid</span> <span class='ocrx_word' id='word_1_40' title='bbox 3789 748 3908 821; x_wconf 85' lang='lat' dir='ltr'>vel</span> 
     </span>
     <span class='ocr_line' id='line_1_5' title="bbox 703 871 3910 975; baseline 0.002 -27"><span class='ocrx_word' id='word_1_41' title='bbox 703 884 918 949; x_wconf 91' lang='lat' dir='ltr'>actus</span> <span class='ocrx_word' id='word_1_42' title='bbox 950 875 1255 972; x_wconf 89' lang='lat' dir='ltr'>aliquis,</span> <span class='ocrx_word' id='word_1_43' title='bbox 1302 873 1435 947; x_wconf 89' lang='lat' dir='ltr'>sed</span> <span class='ocrx_word' id='word_1_44' title='bbox 1477 872 1661 970; x_wconf 86' lang='lat' dir='ltr'>quia</span> <span class='ocrx_word' id='word_1_45' title='bbox 1690 871 1809 946; x_wconf 90' lang='lat' dir='ltr'>sui</span> <span class='ocrx_word' id='word_1_46' title='bbox 1852 871 2385 946; x_wconf 81' lang='lat' dir='ltr'>immobilitate</span> <span class='ocrx_word' id='word_1_47' title='bbox 2426 873 2690 948; x_wconf 90' lang='lat' dir='ltr'>omnia</span> <span class='ocrx_word' id='word_1_48' title='bbox 2747 874 3081 973; x_wconf 84' lang='lat' dir='ltr'>attingit,</span> <span class='ocrx_word' id='word_1_49' title='bbox 3155 899 3313 951; x_wconf 92' lang='lat' dir='ltr'>non</span> <span class='ocrx_word' id='word_1_50' title='bbox 3370 879 3594 953; x_wconf 90' lang='lat' dir='ltr'>locali</span> <span class='ocrx_word' id='word_1_51' title='bbox 3674 891 3910 975; x_wconf 87' lang='lat' dir='ltr'>motu,</span> 
     </span>
     <span class='ocr_line' id='line_1_6' title="bbox 703 1006 3915 1110; baseline 0.002 -28"><span class='ocrx_word' id='word_1_52' title='bbox 703 1009 836 1084; x_wconf 92' lang='lat' dir='ltr'>sed</span> <span class='ocrx_word' id='word_1_53' title='bbox 883 1020 964 1083; x_wconf 88' lang='lat' dir='ltr'>ut</span> <span class='ocrx_word' id='word_1_54' title='bbox 996 1009 1279 1105; x_wconf 87' lang='lat' dir='ltr'>ubique</span> <span class='ocrx_word' id='word_1_55' title='bbox 1321 1030 1625 1105; x_wconf 82' lang='lat' dir='ltr'>semper</span> <span class='ocrx_word' id='word_1_56' title='bbox 1663 1007 1784 1095; x_wconf 91' lang='lat' dir='ltr'>sit,</span> <span class='ocrx_word' id='word_1_57' title='bbox 1830 1015 1901 1080; x_wconf 91' lang='lat' dir='ltr'>et</span> <span class='ocrx_word' id='word_1_58' title='bbox 1942 1029 2325 1104; x_wconf 89' lang='lat' dir='ltr'>nusquam</span> <span class='ocrx_word' id='word_1_59' title='bbox 2368 1006 2671 1083; x_wconf 88' lang='lat' dir='ltr'>inclusa</span> <span class='ocrx_word' id='word_1_60' title='bbox 2701 1017 3083 1085; x_wconf 89' lang='lat' dir='ltr'>teneatur.</span> <span class='ocrx_word' id='word_1_61' title='bbox 3151 1011 3280 1087; x_wconf 90' lang='lat' dir='ltr'>Sic</span> <span class='ocrx_word' id='word_1_62' title='bbox 3338 1036 3523 1110; x_wconf 86' lang='lat' dir='ltr'>ergo</span> <span class='ocrx_word' id='word_1_63' title='bbox 3583 1016 3915 1091; x_wconf 90' lang='lat' dir='ltr'>charitas</span> 
     </span>
     <span class='ocr_line' id='line_1_7' title="bbox 704 1141 3912 1243; baseline 0.002 -28"><span class='ocrx_word' id='word_1_64' title='bbox 704 1142 983 1217; x_wconf 88' lang='lat' dir='ltr'>dicitur</span> <span class='ocrx_word' id='word_1_65' title='bbox 1024 1152 1274 1216; x_wconf 90' lang='lat' dir='ltr'>motus</span> <span class='ocrx_word' id='word_1_66' title='bbox 1306 1141 1568 1229; x_wconf 87' lang='lat' dir='ltr'>animi,</span> <span class='ocrx_word' id='word_1_67' title='bbox 1607 1164 1762 1214; x_wconf 93' lang='lat' dir='ltr'>non</span> <span class='ocrx_word' id='word_1_68' title='bbox 1804 1141 2008 1238; x_wconf 91' lang='lat' dir='ltr'>quod</span> <span class='ocrx_word' id='word_1_69' title='bbox 2042 1141 2209 1239; x_wconf 89' lang='lat' dir='ltr'>ipsa</span> <span class='ocrx_word' id='word_1_70' title='bbox 2248 1141 2346 1216; x_wconf 92' lang='lat' dir='ltr'>sit</span> <span class='ocrx_word' id='word_1_71' title='bbox 2380 1151 2631 1217; x_wconf 90' lang='lat' dir='ltr'>motus</span> <span class='ocrx_word' id='word_1_72' title='bbox 2661 1144 2783 1218; x_wconf 88' lang='lat' dir='ltr'>vel</span> <span class='ocrx_word' id='word_1_73' title='bbox 2826 1143 3128 1220; x_wconf 85' lang='lat' dir='ltr'>affectio</span> <span class='ocrx_word' id='word_1_74' title='bbox 3159 1148 3289 1222; x_wconf 86' lang='lat' dir='ltr'>vel</span> <span class='ocrx_word' id='word_1_75' title='bbox 3340 1147 3590 1223; x_wconf 88' lang='lat' dir='ltr'>virtus</span> <span class='ocrx_word' id='word_1_76' title='bbox 3650 1149 3912 1243; x_wconf 89' lang='lat' dir='ltr'>animi,</span> 
     </span>
     <span class='ocr_line' id='line_1_8' title="bbox 703 1274 3916 1377; baseline 0.001 -23"><span class='ocrx_word' id='word_1_77' title='bbox 703 1279 838 1354; x_wconf 91' lang='lat' dir='ltr'>sed</span> <span class='ocrx_word' id='word_1_78' title='bbox 879 1279 1062 1377; x_wconf 89' lang='lat' dir='ltr'>quia</span> <span class='ocrx_word' id='word_1_79' title='bbox 1100 1300 1438 1377; x_wconf 89' lang='lat' dir='ltr'>peream</span> <span class='ocrx_word' id='word_1_80' title='bbox 1508 1276 1727 1374; x_wconf 88' lang='lat' dir='ltr'>quasi</span> <span class='ocrx_word' id='word_1_81' title='bbox 1805 1286 2006 1350; x_wconf 89' lang='lat' dir='ltr'>esset</span> <span class='ocrx_word' id='word_1_82' title='bbox 2070 1276 2342 1369; x_wconf 85' lang='lat' dir='ltr'>virtus,</span> <span class='ocrx_word' id='word_1_83' title='bbox 2412 1274 2746 1351; x_wconf 80' lang='lat' dir='ltr'>afficitur</span> <span class='ocrx_word' id='word_1_84' title='bbox 2787 1301 3009 1354; x_wconf 90' lang='lat' dir='ltr'>mens</span> <span class='ocrx_word' id='word_1_85' title='bbox 3077 1288 3153 1356; x_wconf 90' lang='lat' dir='ltr'>et</span> <span class='ocrx_word' id='word_1_86' title='bbox 3230 1291 3612 1358; x_wconf 86' lang='lat' dir='ltr'>movetur.</span> <span class='ocrx_word' id='word_1_87' title='bbox 3659 1283 3807 1358; x_wconf 86' lang='lat' dir='ltr'>Sed</span> <span class='ocrx_word' id='word_1_88' title='bbox 3852 1285 3916 1358; x_wconf 91' lang='lat' dir='ltr'>si</span> 
     </span>
     <span class='ocr_line' id='line_1_9' title="bbox 702 1410 3920 1516; baseline 0.001 -28"><span class='ocrx_word' id='word_1_89' title='bbox 702 1413 1036 1488; x_wconf 88' lang='lat' dir='ltr'>charitas</span> <span class='ocrx_word' id='word_1_90' title='bbox 1068 1411 1400 1510; x_wconf 83' lang='lat' dir='ltr'>Spiritus</span> <span class='ocrx_word' id='word_1_91' title='bbox 1439 1420 1750 1485; x_wconf 92' lang='lat' dir='ltr'>sanctus</span> <span class='ocrx_word' id='word_1_92' title='bbox 1791 1420 1930 1505; x_wconf 88' lang='lat' dir='ltr'>cst,</span> <span class='ocrx_word' id='word_1_93' title='bbox 1966 1410 2097 1508; x_wconf 89' lang='lat' dir='ltr'>qui</span> <span class='ocrx_word' id='word_1_94' title='bbox 2139 1420 2505 1508; x_wconf 83' lang='lat' dir='ltr'>operatur</span> <span class='ocrx_word' id='word_1_95' title='bbox 2535 1411 2613 1484; x_wconf 91' lang='lat' dir='ltr'>in</span> <span class='ocrx_word' id='word_1_96' title='bbox 2656 1412 2988 1510; x_wconf 84' lang='lat' dir='ltr'>singulis</span> <span class='ocrx_word' id='word_1_97' title='bbox 3027 1424 3262 1512; x_wconf 90' lang='lat' dir='ltr'>prout</span> <span class='ocrx_word' id='word_1_98' title='bbox 3289 1417 3461 1490; x_wconf 87' lang='lat' dir='ltr'>vult</span> <span class='ocrx_word' id='word_1_99' title='bbox 3486 1414 3536 1503; x_wconf 83' lang='lat'>²,</span> <span class='ocrx_word' id='word_1_100' title='bbox 3573 1440 3747 1491; x_wconf 88' lang='lat' dir='ltr'>cum</span> <span class='ocrx_word' id='word_1_101' title='bbox 3779 1440 3920 1516; x_wconf 90' lang='lat' dir='ltr'>per</span> 
     </span>
     <span class='ocr_line' id='line_1_10' title="bbox 709 1546 3915 1651; baseline 0.001 -26"><span class='ocrx_word' id='word_1_102' title='bbox 709 1572 884 1625; x_wconf 89' lang='lat' dir='ltr'>eum</span> <span class='ocrx_word' id='word_1_103' title='bbox 932 1571 1148 1623; x_wconf 91' lang='lat' dir='ltr'>mens</span> <span class='ocrx_word' id='word_1_104' title='bbox 1189 1547 1527 1622; x_wconf 88' lang='lat' dir='ltr'>hominis</span> <span class='ocrx_word' id='word_1_105' title='bbox 1558 1546 1936 1621; x_wconf 81' lang='lat' dir='ltr'>afliciatur</span> <span class='ocrx_word' id='word_1_106' title='bbox 1975 1556 2051 1620; x_wconf 90' lang='lat' dir='ltr'>et</span> <span class='ocrx_word' id='word_1_107' title='bbox 2092 1557 2497 1622; x_wconf 82' lang='lat' dir='ltr'>moveatur</span> <span class='ocrx_word' id='word_1_108' title='bbox 2526 1547 2623 1621; x_wconf 89' lang='lat' dir='ltr'>ad</span> <span class='ocrx_word' id='word_1_109' title='bbox 2650 1548 3157 1645; x_wconf 88' lang='lat' dir='ltr'>credendum,</span> <span class='ocrx_word' id='word_1_110' title='bbox 3220 1552 3346 1625; x_wconf 84' lang='lat' dir='ltr'>vel</span> <span class='ocrx_word' id='word_1_111' title='bbox 3413 1553 3915 1651; x_wconf 75' lang='lat' dir='ltr'>sperandum,</span> 
     </span>
     <span class='ocr_line' id='line_1_11' title="bbox 707 1678 3920 1780; baseline 0.001 -25"><span class='ocrx_word' id='word_1_112' title='bbox 707 1689 783 1755; x_wconf 90' lang='lat' dir='ltr'>et</span> <span class='ocrx_word' id='word_1_113' title='bbox 822 1680 1290 1778; x_wconf 84' lang='lat' dir='ltr'>hujusmodi,</span> <span class='ocrx_word' id='word_1_114' title='bbox 1327 1681 1526 1756; x_wconf 90' lang='lat' dir='ltr'>sicut</span> <span class='ocrx_word' id='word_1_115' title='bbox 1564 1680 1656 1755; x_wconf 92' lang='lat' dir='ltr'>ad</span> <span class='ocrx_word' id='word_1_116' title='bbox 1698 1679 2174 1776; x_wconf 85' lang='lat' dir='ltr'>diligendum</span> <span class='ocrx_word' id='word_1_117' title='bbox 2210 1678 2506 1780; x_wconf 60' lang='lat' dir='ltr'>:Jqu&#39;arc</span> <span class='ocrx_word' id='word_1_118' title='bbox 2538 1704 2694 1755; x_wconf 94' lang='lat' dir='ltr'>non</span> <span class='ocrx_word' id='word_1_119' title='bbox 2738 1681 2849 1757; x_wconf 90' lang='lat' dir='ltr'>sic</span> <span class='ocrx_word' id='word_1_120' title='bbox 2914 1681 3204 1758; x_wconf 90' lang='lat' dir='ltr'>dicitur</span> <span class='ocrx_word' id='word_1_121' title='bbox 3277 1684 3614 1760; x_wconf 82' lang='lat' dir='ltr'>charitas</span> <span class='ocrx_word' id='word_1_122' title='bbox 3668 1687 3920 1760; x_wconf 85' lang='lat' dir='ltr'>motus</span> 
     </span>
     <span class='ocr_line' id='line_1_12' title="bbox 706 1813 3917 1916; baseline 0.001 -29"><span class='ocrx_word' id='word_1_123' title='bbox 706 1816 824 1890; x_wconf 81' lang='lat' dir='ltr'>vcl</span> <span class='ocrx_word' id='word_1_124' title='bbox 867 1813 1162 1891; x_wconf 81' lang='lat' dir='ltr'>affectio</span> <span class='ocrx_word' id='word_1_125' title='bbox 1198 1813 1474 1889; x_wconf 84' lang='lat' dir='ltr'>montis</span> <span class='ocrx_word' id='word_1_126' title='bbox 1513 1813 1604 1887; x_wconf 90' lang='lat' dir='ltr'>ad</span> <span class='ocrx_word' id='word_1_127' title='bbox 1639 1813 2135 1909; x_wconf 85' lang='lat' dir='ltr'>credendum,</span> <span class='ocrx_word' id='word_1_128' title='bbox 2171 1816 2291 1888; x_wconf 80' lang='lat' dir='ltr'>vel</span> <span class='ocrx_word' id='word_1_129' title='bbox 2335 1815 2833 1914; x_wconf 83' lang='lat' dir='ltr'>sperandum,</span> <span class='ocrx_word' id='word_1_130' title='bbox 2868 1816 3072 1892; x_wconf 89' lang='lat' dir='ltr'>sicut</span> <span class='ocrx_word' id='word_1_131' title='bbox 3095 1816 3192 1891; x_wconf 92' lang='lat' dir='ltr'>ad</span> <span class='ocrx_word' id='word_1_132' title='bbox 3224 1816 3768 1916; x_wconf 83' lang='lat' dir='ltr'>diligendum?</span> <span class='ocrx_word' id='word_1_133' title='bbox 3802 1818 3917 1893; x_wconf 86' lang='lat' dir='ltr'>Ad</span> 
     </span>
     <span class='ocr_line' id='line_1_13' title="bbox 705 1949 3918 2051; baseline 0.001 -29"><span class='ocrx_word' id='word_1_134' title='bbox 705 1949 911 2045; x_wconf 90' lang='lat' dir='ltr'>quod</span> <span class='ocrx_word' id='word_1_135' title='bbox 951 1973 1134 2025; x_wconf 89' lang='lat' dir='ltr'>sane</span> <span class='ocrx_word' id='word_1_136' title='bbox 1165 1949 1312 2024; x_wconf 81' lang='lat' dir='ltr'>dici</span> <span class='ocrx_word' id='word_1_137' title='bbox 1357 1959 1630 2047; x_wconf 88' lang='lat' dir='ltr'>potest,</span> <span class='ocrx_word' id='word_1_138' title='bbox 1675 1951 1858 2047; x_wconf 88' lang='lat' dir='ltr'>quia</span> <span class='ocrx_word' id='word_1_139' title='bbox 1897 1950 2198 2047; x_wconf 86' lang='lat' dir='ltr'>aliquos</span> <span class='ocrx_word' id='word_1_140' title='bbox 2237 1960 2456 2024; x_wconf 90' lang='lat' dir='ltr'>actus</span> <span class='ocrx_word' id='word_1_141' title='bbox 2495 1961 2724 2048; x_wconf 90' lang='lat' dir='ltr'>atque</span> <span class='ocrx_word' id='word_1_142' title='bbox 2767 1959 3025 2026; x_wconf 89' lang='lat' dir='ltr'>motus</span> <span class='ocrx_word' id='word_1_143' title='bbox 3099 1951 3480 2026; x_wconf 87' lang='lat' dir='ltr'>virtutum</span> <span class='ocrx_word' id='word_1_144' title='bbox 3556 1962 3918 2051; x_wconf 90' lang='lat' dir='ltr'>operatur</span> 
     </span>
     <span class='ocr_line' id='line_1_14' title="bbox 705 2075 3910 2184; baseline 0.001 -27"><span class='ocrx_word' id='word_1_145' title='bbox 705 2083 1064 2178; x_wconf 88' lang='lat' dir='ltr'>charitas,</span> <span class='ocrx_word' id='word_1_146' title='bbox 1102 2083 1172 2157; x_wconf 88' lang='lat' dir='ltr'>id</span> <span class='ocrx_word' id='word_1_147' title='bbox 1215 2094 1355 2171; x_wconf 88' lang='lat' dir='ltr'>est,</span> <span class='ocrx_word' id='word_1_148' title='bbox 1388 2082 1718 2181; x_wconf 83' lang='lat' dir='ltr'>Spiritus</span> <span class='ocrx_word' id='word_1_149' title='bbox 1757 2075 2069 2159; x_wconf 75' lang='lat' dir='ltr'>sanc&#39;tus</span> <span class='ocrx_word' id='word_1_150' title='bbox 2103 2079 2619 2159; x_wconf 75' lang='lat' dir='ltr'>mediantibus</span> <span class='ocrx_word' id='word_1_151' title='bbox 2651 2084 3067 2160; x_wconf 88' lang='lat' dir='ltr'>virtutibus</span> <span class='ocrx_word' id='word_1_152' title='bbox 3092 2107 3428 2184; x_wconf 88' lang='lat' dir='ltr'>quarum</span> <span class='ocrx_word' id='word_1_153' title='bbox 3457 2095 3676 2160; x_wconf 81' lang='lat' dir='ltr'>actus</span> <span class='ocrx_word' id='word_1_154' title='bbox 3704 2097 3910 2180; x_wconf 87' lang='lat' dir='ltr'>sunt,</span> 
     </span>
     <span class='ocr_line' id='line_1_15' title="bbox 709 2217 3912 2320; baseline 0.001 -27"><span class='ocrx_word' id='word_1_155' title='bbox 709 2227 966 2317; x_wconf 89' lang='lat' dir='ltr'>utpote</span> <span class='ocrx_word' id='word_1_156' title='bbox 998 2228 1249 2293; x_wconf 87' lang='lat' dir='ltr'>actum</span> <span class='ocrx_word' id='word_1_157' title='bbox 1285 2217 1489 2313; x_wconf 78' lang='lat' dir='ltr'>fidei,</span> <span class='ocrx_word' id='word_1_158' title='bbox 1517 2218 1589 2292; x_wconf 86' lang='lat' dir='ltr'>id</span> <span class='ocrx_word' id='word_1_159' title='bbox 1622 2228 1762 2307; x_wconf 87' lang='lat' dir='ltr'>est,</span> <span class='ocrx_word' id='word_1_160' title='bbox 1792 2219 2102 2296; x_wconf 85' lang='lat' dir='ltr'>credere</span> <span class='ocrx_word' id='word_1_161' title='bbox 2134 2218 2283 2295; x_wconf 82' lang='lat' dir='ltr'>fide</span> <span class='ocrx_word' id='word_1_162' title='bbox 2319 2220 2596 2314; x_wconf 89' lang='lat' dir='ltr'>media,</span> <span class='ocrx_word' id='word_1_163' title='bbox 2623 2231 2698 2296; x_wconf 92' lang='lat' dir='ltr'>et</span> <span class='ocrx_word' id='word_1_164' title='bbox 2720 2231 2743 2268; x_wconf 82' lang='lat'>⁸</span> <span class='ocrx_word' id='word_1_165' title='bbox 2773 2229 3032 2296; x_wconf 89' lang='lat' dir='ltr'>actum</span> <span class='ocrx_word' id='word_1_166' title='bbox 3073 2218 3272 2319; x_wconf 90' lang='lat' dir='ltr'>spei,</span> <span class='ocrx_word' id='word_1_167' title='bbox 3309 2219 3382 2294; x_wconf 89' lang='lat' dir='ltr'>id</span> <span class='ocrx_word' id='word_1_168' title='bbox 3414 2229 3559 2315; x_wconf 90' lang='lat' dir='ltr'>est,</span> <span class='ocrx_word' id='word_1_169' title='bbox 3603 2243 3912 2320; x_wconf 88' lang='lat' dir='ltr'>sperare</span> 
     </span>
     <span class='ocr_line' id='line_1_16' title="bbox 711 2353 3916 2454; baseline -0 -26"><span class='ocrx_word' id='word_1_170' title='bbox 711 2355 963 2431; x_wconf 87' lang='lat' dir='ltr'>modia</span> <span class='ocrx_word' id='word_1_171' title='bbox 1001 2378 1161 2454; x_wconf 88' lang='lat' dir='ltr'>spe.</span> <span class='ocrx_word' id='word_1_172' title='bbox 1209 2355 1356 2428; x_wconf 82' lang='lat' dir='ltr'>Per</span> <span class='ocrx_word' id='word_1_173' title='bbox 1405 2353 1631 2431; x_wconf 82' lang='lat' dir='ltr'>fldem</span> <span class='ocrx_word' id='word_1_174' title='bbox 1696 2354 1900 2430; x_wconf 88' lang='lat' dir='ltr'>enim</span> <span class='ocrx_word' id='word_1_175' title='bbox 1952 2364 2027 2430; x_wconf 90' lang='lat' dir='ltr'>et</span> <span class='ocrx_word' id='word_1_176' title='bbox 2086 2378 2298 2453; x_wconf 88' lang='lat' dir='ltr'>spem</span> <span class='ocrx_word' id='word_1_177' title='bbox 2363 2354 2772 2453; x_wconf 79' lang='lat' dir='ltr'>proedictos</span> <span class='ocrx_word' id='word_1_178' title='bbox 2832 2363 3203 2454; x_wconf 87' lang='lat' dir='ltr'>operatur</span> <span class='ocrx_word' id='word_1_179' title='bbox 3240 2364 3513 2430; x_wconf 88' lang='lat' dir='ltr'>actus:</span> <span class='ocrx_word' id='word_1_180' title='bbox 3550 2353 3916 2452; x_wconf 85' lang='lat' dir='ltr'>diligendi</span> 
     </span>
     <span class='ocr_line' id='line_1_17' title="bbox 708 2488 3925 2590; baseline -0.001 -25"><span class='ocrx_word' id='word_1_181' title='bbox 708 2515 891 2567; x_wconf 83' lang='lat' dir='ltr'>vero</span> <span class='ocrx_word' id='word_1_182' title='bbox 921 2502 1172 2565; x_wconf 80' lang='lat' dir='ltr'>actum</span> <span class='ocrx_word' id='word_1_183' title='bbox 1216 2515 1354 2588; x_wconf 89' lang='lat' dir='ltr'>pcr</span> <span class='ocrx_word' id='word_1_184' title='bbox 1383 2515 1464 2566; x_wconf 87' lang='lat' dir='ltr'>se</span> <span class='ocrx_word' id='word_1_185' title='bbox 1510 2501 1832 2586; x_wconf 85' lang='lat' dir='ltr'>tantum,</span> <span class='ocrx_word' id='word_1_186' title='bbox 1867 2490 2036 2567; x_wconf 89' lang='lat' dir='ltr'>sine</span> <span class='ocrx_word' id='word_1_187' title='bbox 2076 2490 2407 2588; x_wconf 87' lang='lat' dir='ltr'>alicujus</span> <span class='ocrx_word' id='word_1_188' title='bbox 2447 2490 2759 2567; x_wconf 85' lang='lat' dir='ltr'>virtutis</span> <span class='ocrx_word' id='word_1_189' title='bbox 2798 2489 3053 2566; x_wconf 89' lang='lat' dir='ltr'>medio</span> <span class='ocrx_word' id='word_1_190' title='bbox 3096 2498 3494 2590; x_wconf 86' lang='lat' dir='ltr'>operatur,</span> <span class='ocrx_word' id='word_1_191' title='bbox 3532 2489 3602 2563; x_wconf 89' lang='lat' dir='ltr'>id</span> <span class='ocrx_word' id='word_1_192' title='bbox 3645 2498 3785 2583; x_wconf 88' lang='lat' dir='ltr'>est,</span> <span class='ocrx_word' id='word_1_193' title='bbox 3821 2488 3925 2562; x_wconf 91' lang='lat' dir='ltr'>di·</span> 
     </span>
     <span class='ocr_line' id='line_1_18' title="bbox 708 2623 3920 2723; baseline -0.002 -23"><span class='ocrx_word' id='word_1_194' title='bbox 708 2626 972 2723; x_wconf 77' lang='lat' dir='ltr'>ligere.</span> <span class='ocrx_word' id='word_1_195' title='bbox 1003 2624 1243 2700; x_wconf 80' lang='lat' dir='ltr'>Aliter</span> <span class='ocrx_word' id='word_1_196' title='bbox 1280 2649 1463 2722; x_wconf 79' lang='lat' dir='ltr'>ergo</span> <span class='ocrx_word' id='word_1_197' title='bbox 1506 2627 1711 2699; x_wconf 89' lang='lat' dir='ltr'>hunc</span> <span class='ocrx_word' id='word_1_198' title='bbox 1742 2634 1996 2699; x_wconf 91' lang='lat' dir='ltr'>actum</span> <span class='ocrx_word' id='word_1_199' title='bbox 2039 2635 2402 2722; x_wconf 79' lang='lat' dir='ltr'>operatur</span> <span class='ocrx_word' id='word_1_200' title='bbox 2432 2647 2667 2722; x_wconf 88' lang='lat' dir='ltr'>quam</span> <span class='ocrx_word' id='word_1_201' title='bbox 2715 2624 2911 2700; x_wconf 91' lang='lat' dir='ltr'>alios</span> <span class='ocrx_word' id='word_1_202' title='bbox 2950 2623 3327 2699; x_wconf 81' lang='lat' dir='ltr'>virtutum</span> <span class='ocrx_word' id='word_1_203' title='bbox 3395 2631 3641 2698; x_wconf 90' lang='lat' dir='ltr'>actus.</span> <span class='ocrx_word' id='word_1_204' title='bbox 3715 2623 3920 2698; x_wconf 89' lang='lat' dir='ltr'>Ideo·</span> 
     </span>
     <span class='ocr_line' id='line_1_19' title="bbox 710 2756 3916 2860; baseline -0.001 -26"><span class='ocrx_word' id='word_1_205' title='bbox 710 2785 860 2860; x_wconf 82' lang='lat' dir='ltr'>quc</span> <span class='ocrx_word' id='word_1_206' title='bbox 901 2760 1337 2836; x_wconf 81' lang='lat' dir='ltr'>differenter</span> <span class='ocrx_word' id='word_1_207' title='bbox 1365 2760 1458 2836; x_wconf 89' lang='lat' dir='ltr'>‹lc</span> <span class='ocrx_word' id='word_1_208' title='bbox 1503 2763 1645 2834; x_wconf 88' lang='lat' dir='ltr'>hoc</span> <span class='ocrx_word' id='word_1_209' title='bbox 1675 2771 1748 2835; x_wconf 89' lang='lat' dir='ltr'>et</span> <span class='ocrx_word' id='word_1_210' title='bbox 1785 2760 1879 2835; x_wconf 90' lang='lat' dir='ltr'>dc</span> <span class='ocrx_word' id='word_1_211' title='bbox 1919 2758 2092 2834; x_wconf 90' lang='lat' dir='ltr'>aliis</span> <span class='ocrx_word' id='word_1_212' title='bbox 2122 2759 2466 2858; x_wconf 90' lang='lat' dir='ltr'>loquitur</span> <span class='ocrx_word' id='word_1_213' title='bbox 2523 2759 2943 2859; x_wconf 72' lang='lat' dir='ltr'>Scriptura,</span> <span class='ocrx_word' id='word_1_214' title='bbox 2975 2783 3157 2859; x_wconf 80' lang='lat' dir='ltr'>quoe</span> <span class='ocrx_word' id='word_1_215' title='bbox 3218 2758 3451 2835; x_wconf 92' lang='lat' dir='ltr'>istum</span> <span class='ocrx_word' id='word_1_216' title='bbox 3483 2756 3916 2858; x_wconf 84' lang='lat' dir='ltr'>specialiter</span> 
     </span>
     <span class='ocr_line' id='line_1_20' title="bbox 712 2891 3923 2994; baseline -0.001 -24"><span class='ocrx_word' id='word_1_217' title='bbox 712 2895 1062 2972; x_wconf 88' lang='lat' dir='ltr'>charitati</span> <span class='ocrx_word' id='word_1_218' title='bbox 1108 2896 1393 2971; x_wconf 83' lang='lat' dir='ltr'>tribuit.</span> <span class='ocrx_word' id='word_1_219' title='bbox 1444 2897 1567 2971; x_wconf 78' lang='lat' dir='ltr'>Est</span> <span class='ocrx_word' id='word_1_220' title='bbox 1600 2918 1783 2992; x_wconf 81' lang='lat' dir='ltr'>crgo</span> <span class='ocrx_word' id='word_1_221' title='bbox 1813 2894 2146 2969; x_wconf 81' lang='lat' dir='ltr'>charitas</span> <span class='ocrx_word' id='word_1_222' title='bbox 2177 2918 2357 2970; x_wconf 81' lang='lat' dir='ltr'>vere</span> <span class='ocrx_word' id='word_1_223' title='bbox 2389 2894 2724 2994; x_wconf 88' lang='lat' dir='ltr'>Spiritus</span> <span class='ocrx_word' id='word_1_224' title='bbox 2753 2905 3095 2970; x_wconf 88' lang='lat' dir='ltr'>sanctus.</span> <span class='ocrx_word' id='word_1_225' title='bbox 3160 2892 3385 2969; x_wconf 89' lang='lat' dir='ltr'>Unde</span> <span class='ocrx_word' id='word_1_226' title='bbox 3439 2891 3923 2991; x_wconf 86' lang='lat' dir='ltr'>Augustinus</span> 
     </span>
     <span class='ocr_line' id='line_1_21' title="bbox 714 3025 3922 3131; baseline -0.002 -24"><span class='ocrx_word' id='word_1_227' title='bbox 714 3031 1197 3131; x_wconf 59' lang='lat' dir='ltr'>praemissum</span> <span class='ocrx_word' id='word_1_228' title='bbox 1228 3031 1547 3106; x_wconf 79' lang='lat' dir='ltr'>verbum</span> <span class='ocrx_word' id='word_1_229' title='bbox 1580 3029 1918 3130; x_wconf 78' lang='lat' dir='ltr'>Apostoli</span> <span class='ocrx_word' id='word_1_230' title='bbox 1967 3039 2299 3105; x_wconf 84' lang='lat' dir='ltr'>tractans</span> <span class='ocrx_word' id='word_1_231' title='bbox 2339 3029 2413 3103; x_wconf 89' lang='lat' dir='ltr'>in</span> <span class='ocrx_word' id='word_1_232' title='bbox 2459 3029 2728 3105; x_wconf 85' lang='lat' dir='ltr'>eodem</span> <span class='ocrx_word' id='word_1_233' title='bbox 2759 3029 2957 3105; x_wconf 90' lang='lat' dir='ltr'>libro</span> <span class='ocrx_word' id='word_1_234' title='bbox 2985 3031 3033 3116; x_wconf 79' lang='lat'>⁴,</span> <span class='ocrx_word' id='word_1_235' title='bbox 3065 3027 3519 3104; x_wconf 86' lang='lat' dir='ltr'>charitatem</span> <span class='ocrx_word' id='word_1_236' title='bbox 3546 3025 3730 3101; x_wconf 90' lang='lat' dir='ltr'>dicit</span> <span class='ocrx_word' id='word_1_237' title='bbox 3755 3049 3922 3101; x_wconf 88' lang='lat' dir='ltr'>esse</span> 
     </span>
     <span class='ocr_line' id='line_1_22' title="bbox 713 3159 3914 3267; baseline -0.001 -27"><span class='ocrx_word' id='word_1_238' title='bbox 713 3165 1031 3261; x_wconf 85' lang='lat' dir='ltr'>bonum,</span> <span class='ocrx_word' id='word_1_239' title='bbox 1075 3190 1228 3266; x_wconf 85' lang='lat' dir='ltr'>quo</span> <span class='ocrx_word' id='word_1_240' title='bbox 1272 3166 1375 3242; x_wconf 88' lang='lat' dir='ltr'>nil</span> <span class='ocrx_word' id='word_1_241' title='bbox 1420 3166 1698 3243; x_wconf 86' lang='lat' dir='ltr'>melius</span> <span class='ocrx_word' id='word_1_242' title='bbox 1734 3177 1897 3242; x_wconf 85' lang='lat' dir='ltr'>est:</span> <span class='ocrx_word' id='word_1_243' title='bbox 1942 3175 2016 3240; x_wconf 88' lang='lat' dir='ltr'>et</span> <span class='ocrx_word' id='word_1_244' title='bbox 2057 3188 2194 3267; x_wconf 86' lang='lat' dir='ltr'>por</span> <span class='ocrx_word' id='word_1_245' title='bbox 2234 3167 2377 3241; x_wconf 89' lang='lat' dir='ltr'>hoc</span> <span class='ocrx_word' id='word_1_246' title='bbox 2410 3164 2654 3266; x_wconf 87' lang='lat' dir='ltr'>ipsam</span> <span class='ocrx_word' id='word_1_247' title='bbox 2688 3187 2860 3242; x_wconf 88' lang='lat' dir='ltr'>esse</span> <span class='ocrx_word' id='word_1_248' title='bbox 2891 3164 3144 3241; x_wconf 90' lang='lat' dir='ltr'>Deum</span> <span class='ocrx_word' id='word_1_249' title='bbox 3177 3159 3567 3261; x_wconf 82' lang='lat' dir='ltr'>significat</span> <span class='ocrx_word' id='word_1_250' title='bbox 3603 3160 3914 3238; x_wconf 83' lang='lat' dir='ltr'>dicens:</span> 
     </span>
     <span class='ocr_line' id='line_1_23' title="bbox 715 3293 3913 3401; baseline -0.001 -27"><span class='ocrx_word' id='word_1_251' title='bbox 715 3300 794 3374; x_wconf 72' lang='lat' dir='ltr'>Si</span> <span class='ocrx_word' id='word_1_252' title='bbox 865 3302 1080 3376; x_wconf 92' lang='lat' dir='ltr'>nulla</span> <span class='ocrx_word' id='word_1_253' title='bbox 1114 3324 1232 3376; x_wconf 89' lang='lat' dir='ltr'>res</span> <span class='ocrx_word' id='word_1_254' title='bbox 1270 3302 1367 3376; x_wconf 89' lang='lat' dir='ltr'>ab</span> <span class='ocrx_word' id='word_1_255' title='bbox 1394 3302 1562 3398; x_wconf 85' lang='lat' dir='ltr'>ejus</span> <span class='ocrx_word' id='word_1_256' title='bbox 1591 3299 1957 3377; x_wconf 85' lang='lat' dir='ltr'>charitate</span> <span class='ocrx_word' id='word_1_257' title='bbox 1999 3325 2141 3376; x_wconf 94' lang='lat' dir='ltr'>nos</span> <span class='ocrx_word' id='word_1_258' title='bbox 2205 3311 2513 3401; x_wconf 85' lang='lat' dir='ltr'>separat</span> <span class='ocrx_word' id='word_1_259' title='bbox 2541 3293 2591 3393; x_wconf 78' lang='lat'>⁵,</span> <span class='ocrx_word' id='word_1_260' title='bbox 2626 3300 2814 3399; x_wconf 88' lang='lat' dir='ltr'>quid</span> <span class='ocrx_word' id='word_1_261' title='bbox 2882 3322 3053 3376; x_wconf 88' lang='lat' dir='ltr'>esse</span> <span class='ocrx_word' id='word_1_262' title='bbox 3087 3322 3246 3375; x_wconf 91' lang='lat' dir='ltr'>non</span> <span class='ocrx_word' id='word_1_263' title='bbox 3278 3298 3533 3373; x_wconf 87' lang='lat' dir='ltr'>solum</span> <span class='ocrx_word' id='word_1_264' title='bbox 3613 3296 3913 3390; x_wconf 77' lang='lat' dir='ltr'>meliuS,</span> 
     </span>
     <span class='ocr_line' id='line_1_24' title="bbox 711 3419 3919 3535; baseline -0.002 -25"><span class='ocrx_word' id='word_1_265' title='bbox 711 3436 843 3510; x_wconf 79' lang='lat' dir='ltr'>sed</span> <span class='ocrx_word' id='word_1_266' title='bbox 877 3419 1102 3512; x_wconf 81' lang='lat' dir='ltr'>ctiam</span> <span class='ocrx_word' id='word_1_267' title='bbox 1136 3436 1419 3511; x_wconf 86' lang='lat' dir='ltr'>certius</span> <span class='ocrx_word' id='word_1_268' title='bbox 1453 3436 1594 3511; x_wconf 91' lang='lat' dir='ltr'>hoc</span> <span class='ocrx_word' id='word_1_269' title='bbox 1633 3435 1835 3511; x_wconf 79' lang='lat' dir='ltr'>bono</span> <span class='ocrx_word' id='word_1_270' title='bbox 1864 3435 2174 3535; x_wconf 76' lang='lat' dir='ltr'>potest?</span> <span class='ocrx_word' id='word_1_271' title='bbox 2203 3437 2392 3511; x_wconf 81' lang='lat' dir='ltr'>Ecce</span> <span class='ocrx_word' id='word_1_272' title='bbox 2446 3434 2654 3530; x_wconf 87' lang='lat' dir='ltr'>dicit,</span> <span class='ocrx_word' id='word_1_273' title='bbox 2715 3433 2901 3535; x_wconf 87' lang='lat' dir='ltr'>quia</span> <span class='ocrx_word' id='word_1_274' title='bbox 2939 3431 3318 3509; x_wconf 85' lang='lat' dir='ltr'>charitate</span> <span class='ocrx_word' id='word_1_275' title='bbox 3385 3430 3577 3506; x_wconf 89' lang='lat' dir='ltr'>nihil</span> <span class='ocrx_word' id='word_1_276' title='bbox 3642 3430 3919 3507; x_wconf 89' lang='lat' dir='ltr'>melius</span> 
     </span>
     <span class='ocr_line' id='line_1_25' title="bbox 713 3566 3916 3671; baseline -0.002 -27"><span class='ocrx_word' id='word_1_277' title='bbox 713 3581 854 3645; x_wconf 82' lang='lat' dir='ltr'>cst.</span> <span class='ocrx_word' id='word_1_278' title='bbox 889 3571 1236 3646; x_wconf 82' lang='lat' dir='ltr'>Charitas</span> <span class='ocrx_word' id='word_1_279' title='bbox 1275 3596 1460 3668; x_wconf 73' lang='lat' dir='ltr'>crgo</span> <span class='ocrx_word' id='word_1_280' title='bbox 1498 3569 1830 3671; x_wconf 88' lang='lat' dir='ltr'>Spiritus</span> <span class='ocrx_word' id='word_1_281' title='bbox 1859 3580 1974 3645; x_wconf 88' lang='lat' dir='ltr'>cst</span> <span class='ocrx_word' id='word_1_282' title='bbox 2012 3570 2141 3671; x_wconf 87' lang='lat' dir='ltr'>qui</span> <span class='ocrx_word' id='word_1_283' title='bbox 2186 3569 2397 3647; x_wconf 85' lang='lat' dir='ltr'>Deus</span> <span class='ocrx_word' id='word_1_284' title='bbox 2427 3578 2571 3661; x_wconf 87' lang='lat' dir='ltr'>cst,</span> <span class='ocrx_word' id='word_1_285' title='bbox 2615 3580 2691 3645; x_wconf 88' lang='lat' dir='ltr'>et</span> <span class='ocrx_word' id='word_1_286' title='bbox 2718 3569 3012 3644; x_wconf 90' lang='lat' dir='ltr'>donum</span> <span class='ocrx_word' id='word_1_287' title='bbox 3044 3566 3186 3644; x_wconf 91' lang='lat' dir='ltr'>Dei</span> <span class='ocrx_word' id='word_1_288' title='bbox 3228 3566 3394 3643; x_wconf 82' lang='lat' dir='ltr'>sive</span> <span class='ocrx_word' id='word_1_289' title='bbox 3445 3566 3750 3642; x_wconf 87' lang='lat' dir='ltr'>datum:</span> <span class='ocrx_word' id='word_1_290' title='bbox 3787 3566 3916 3666; x_wconf 85' lang='lat' dir='ltr'>qui</span> 
     </span>
     <span class='ocr_line' id='line_1_26' title="bbox 714 3698 3924 3804; baseline -0.002 -25"><span class='ocrx_word' id='word_1_291' title='bbox 714 3706 984 3781; x_wconf 72' lang='lat' dir='ltr'>‹liviclit</span> <span class='ocrx_word' id='word_1_292' title='bbox 1025 3705 1353 3799; x_wconf 65' lang='lat' dir='ltr'>siugulis</span> <span class='ocrx_word' id='word_1_293' title='bbox 1388 3705 1743 3780; x_wconf 83' lang='lat' dir='ltr'>tidelihus</span> <span class='ocrx_word' id='word_1_294' title='bbox 1774 3705 2001 3795; x_wconf 81' lang='lat' dir='ltr'>dona,</span> <span class='ocrx_word' id='word_1_295' title='bbox 2037 3728 2178 3780; x_wconf 86' lang='lat' dir='ltr'>ner.</span> <span class='ocrx_word' id='word_1_296' title='bbox 2223 3704 2382 3804; x_wconf 88' lang='lat' dir='ltr'>ipso</span> <span class='ocrx_word' id='word_1_297' title='bbox 2441 3703 2840 3798; x_wconf 80' lang='lat' dir='ltr'>dividitur,</span> <span class='ocrx_word' id='word_1_298' title='bbox 2920 3701 3053 3778; x_wconf 88' lang='lat' dir='ltr'>sed</span> <span class='ocrx_word' id='word_1_299' title='bbox 3137 3700 3522 3777; x_wconf 84' lang='lat' dir='ltr'>indivisus</span> <span class='ocrx_word' id='word_1_300' title='bbox 3595 3698 3924 3796; x_wconf 73' lang='lat' dir='ltr'>singulis</span> 
     </span>
     <span class='ocr_line' id='line_1_27' title="bbox 712 3834 3915 3936; baseline -0.003 -21"><span class='ocrx_word' id='word_1_301' title='bbox 712 3845 962 3918; x_wconf 76' lang='lat' dir='ltr'>«latur.</span> <span class='ocrx_word' id='word_1_302' title='bbox 998 3842 1213 3916; x_wconf 67' lang='lat' dir='ltr'>Unde</span> <span class='ocrx_word' id='word_1_303' title='bbox 1256 3842 1733 3936; x_wconf 64' lang='lat' dir='ltr'>Augustinus</span> <span class='ocrx_word' id='word_1_304' title='bbox 1776 3842 1902 3916; x_wconf 86' lang='lat' dir='ltr'>ubi</span> <span class='ocrx_word' id='word_1_305' title='bbox 1941 3842 2283 3917; x_wconf 79' lang='lat' dir='ltr'>Joanncs</span> <span class='ocrx_word' id='word_1_306' title='bbox 2315 3841 2525 3934; x_wconf 86' lang='lat' dir='ltr'>dicit,</span> <span class='ocrx_word' id='word_1_307' title='bbox 2564 3863 2713 3913; x_wconf 85' lang='lat' dir='ltr'>non</span> <span class='ocrx_word' id='word_1_308' title='bbox 2749 3839 2843 3913; x_wconf 84' lang='lat' dir='ltr'>ad</span> <span class='ocrx_word' id='word_1_309' title='bbox 2891 3861 3336 3912; x_wconf 73' lang='lat' dir='ltr'>incnsuram</span> <span class='ocrx_word' id='word_1_310' title='bbox 3390 3835 3694 3909; x_wconf 78' lang='lat' dir='ltr'>Christo</span> <span class='ocrx_word' id='word_1_311' title='bbox 3754 3834 3915 3908; x_wconf 81' lang='lat' dir='ltr'>«lari</span> 
     </span>
     <span class='ocr_line' id='line_1_28' title="bbox 711 3969 3913 4078; baseline -0.003 -27"><span class='ocrx_word' id='word_1_312' title='bbox 711 3977 1094 4078; x_wconf 81' lang='lat' dir='ltr'>spiritum,</span> <span class='ocrx_word' id='word_1_313' title='bbox 1137 3977 1234 4050; x_wconf 82' lang='lat' dir='ltr'>ait</span> <span class='ocrx_word' id='word_1_314' title='bbox 1276 3976 1640 4051; x_wconf 76' lang='lat' dir='ltr'>:Ca-toris</span> <span class='ocrx_word' id='word_1_315' title='bbox 1681 4000 1862 4051; x_wconf 78' lang='lat' dir='ltr'>vero</span> <span class='ocrx_word' id='word_1_316' title='bbox 1892 3975 2281 4059; x_wconf 80' lang='lat' dir='ltr'>dividitur,</span> <span class='ocrx_word' id='word_1_317' title='bbox 2317 4000 2468 4049; x_wconf 83' lang='lat' dir='ltr'>non</span> <span class='ocrx_word' id='word_1_318' title='bbox 2512 3973 2824 4072; x_wconf 81' lang='lat' dir='ltr'>quidem</span> <span class='ocrx_word' id='word_1_319' title='bbox 2863 3970 3025 4070; x_wconf 77' lang='lat' dir='ltr'>ipsc</span> <span class='ocrx_word' id='word_1_320' title='bbox 3086 3969 3453 4070; x_wconf 62' lang='lat' dir='ltr'>Spiritum,</span> <span class='ocrx_word' id='word_1_321' title='bbox 3514 3970 3645 4042; x_wconf 74' lang='lat' dir='ltr'>sml</span> <span class='ocrx_word' id='word_1_322' title='bbox 3714 3969 3913 4043; x_wconf 81' lang='lat' dir='ltr'>dona</span> 
     </span>
     <span class='ocr_line' id='line_1_29' title="bbox 711 4114 959 4212; baseline -0.016 -22"><span class='ocrx_word' id='word_1_323' title='bbox 711 4114 880 4212; x_wconf 78' lang='lat' dir='ltr'>ejus</span> <span class='ocrx_word' id='word_1_324' title='bbox 908 4140 959 4187; x_wconf 76' lang='grc' dir='ltr'>ο.</span> 
     </span>
    </p>
   </div>
   <div class='ocr_carea' id='block_1_3' title="bbox 770 4449 3919 4973">
    <p class='ocr_par' dir='ltr' id='par_1_3' title="bbox 779 4449 2738 4523">
     <span class='ocr_line' id='line_1_30' title="bbox 779 4449 2738 4523; baseline -0.002 -16"><span class='ocrx_word' id='word_1_325' title='bbox 779 4452 794 4486; x_wconf 81' lang='lat'><strong>¹</strong></span> <span class='ocrx_word' id='word_1_326' title='bbox 825 4450 1088 4523; x_wconf 78' lang='lat' dir='ltr'>Sapient.</span> <span class='ocrx_word' id='word_1_327' title='bbox 1125 4465 1238 4513; x_wconf 74' lang='lat' dir='ltr'>vm.</span> <span class='ocrx_word' id='word_1_328' title='bbox 1279 4456 1294 4504; x_wconf 88' lang='lat' dir='ltr'>l</span> <span class='ocrx_word' id='word_1_329' title='bbox 1333 4467 1347 4504; x_wconf 74' lang='grc' dir='ltr'><em>τ</em></span> <span class='ocrx_word' id='word_1_330' title='bbox 1388 4453 1628 4520; x_wconf 55' lang='lat' dir='ltr'>Auium?</span> <span class='ocrx_word' id='word_1_331' title='bbox 1656 4467 1690 4504; x_wconf 81' lang='grc' dir='ltr'><em>α</em></span> <span class='ocrx_word' id='word_1_332' title='bbox 1718 4454 1827 4518; x_wconf 76' lang='lat' dir='ltr'>fine</span> <span class='ocrx_word' id='word_1_333' title='bbox 1865 4465 2034 4519; x_wconf 74' lang='lat' dir='ltr'>usque</span> <span class='ocrx_word' id='word_1_334' title='bbox 2061 4449 2134 4502; x_wconf 66' lang='lat' dir='ltr'>aa!</span> <span class='ocrx_word' id='word_1_335' title='bbox 2155 4451 2314 4516; x_wconf 77' lang='lat' dir='ltr'>finem</span> <span class='ocrx_word' id='word_1_336' title='bbox 2343 4449 2595 4518; x_wconf 68' lang='lat' dir='ltr'>sortiter.</span> <span class='ocrx_word' id='word_1_337' title='bbox 2625 4455 2738 4504; x_wconf 71' lang='lat' dir='ltr'>etr.</span> 
     </span>
    </p>

    <p class='ocr_par' dir='ltr' id='par_1_4' title="bbox 776 4530 3919 4696">
     <span class='ocr_line' id='line_1_31' title="bbox 776 4530 3919 4613; baseline -0.003 -16"><span class='ocrx_word' id='word_1_338' title='bbox 776 4544 798 4578; x_wconf 82' lang='lat'><strong>¹</strong></span> <span class='ocrx_word' id='word_1_339' title='bbox 829 4541 847 4597; x_wconf 88' lang='lat' dir='ltr'>l</span> <span class='ocrx_word' id='word_1_340' title='bbox 879 4540 953 4596; x_wconf 84' lang='lat' dir='ltr'>ad</span> <span class='ocrx_word' id='word_1_341' title='bbox 983 4540 1387 4613; x_wconf 49' lang='lat' dir='ltr'>Corinthffixu,</span> <span class='ocrx_word' id='word_1_342' title='bbox 1426 4546 1478 4595; x_wconf 82' lang='lat' dir='ltr'>tt</span> <span class='ocrx_word' id='word_1_343' title='bbox 1513 4558 1526 4595; x_wconf 95' lang='lat'><strong>:</strong></span> <span class='ocrx_word' id='word_1_344' title='bbox 1563 4543 1686 4596; x_wconf 76' lang='lat' dir='ltr'>lla-c</span> <span class='ocrx_word' id='word_1_345' title='bbox 1704 4541 1892 4594; x_wconf 79' lang='lat' dir='ltr'>omnia</span> <span class='ocrx_word' id='word_1_346' title='bbox 1921 4545 2181 4610; x_wconf 74' lang='lat' dir='ltr'>operatur</span> <span class='ocrx_word' id='word_1_347' title='bbox 2210 4555 2352 4594; x_wconf 71' lang='lat' dir='ltr'>utem</span> <span class='ocrx_word' id='word_1_348' title='bbox 2371 4547 2540 4608; x_wconf 73' lang='lat' dir='ltr'>atquc·</span> <span class='ocrx_word' id='word_1_349' title='bbox 2570 4537 2710 4593; x_wconf 76' lang='lat' dir='ltr'>ioh-m</span> <span class='ocrx_word' id='word_1_350' title='bbox 2744 4538 3008 4611; x_wconf 72' lang='lat' dir='ltr'>Spiritus,</span> <span class='ocrx_word' id='word_1_351' title='bbox 3038 4537 3296 4594; x_wconf 74' lang='lat' dir='ltr'>‹iit-idem</span> <span class='ocrx_word' id='word_1_352' title='bbox 3324 4533 3562 4602; x_wconf 62' lang='lat' dir='ltr'>sinuatis</span> <span class='ocrx_word' id='word_1_353' title='bbox 3587 4538 3754 4604; x_wconf 73' lang='lat' dir='ltr'>prout</span> <span class='ocrx_word' id='word_1_354' title='bbox 3784 4530 3919 4586; x_wconf 74' lang='lat' dir='ltr'>ruit.</span> 
     </span>
     <span class='ocr_line' id='line_1_32' title="bbox 781 4630 1632 4696; baseline -0.004 -9"><span class='ocrx_word' id='word_1_355' title='bbox 781 4631 805 4666; x_wconf 82' lang='lat'><strong>³</strong></span> <span class='ocrx_word' id='word_1_356' title='bbox 836 4630 987 4687; x_wconf 74' lang='lat' dir='ltr'>Edit.</span> <span class='ocrx_word' id='word_1_357' title='bbox 1017 4630 1184 4687; x_wconf 76' lang='lat' dir='ltr'>loau.</span> <span class='ocrx_word' id='word_1_358' title='bbox 1216 4630 1542 4696; x_wconf 73' lang='lat' dir='ltr'>Allenumc,</span> <span class='ocrx_word' id='word_1_359' title='bbox 1574 4638 1632 4685; x_wconf 76' lang='lat' dir='ltr'>ui</span> 
     </span>
    </p>

    <p class='ocr_par' dir='ltr' id='par_1_5' title="bbox 779 4716 2767 4789">
     <span class='ocr_line' id='line_1_33' title="bbox 779 4716 2767 4789; baseline -0.002 -15"><span class='ocrx_word' id='word_1_360' title='bbox 779 4721 803 4756; x_wconf 83' lang='lat'><strong>⁴</strong></span> <span class='ocrx_word' id='word_1_361' title='bbox 830 4722 888 4775; x_wconf 74' lang='lat' dir='ltr'>S.</span> <span class='ocrx_word' id='word_1_362' title='bbox 932 4723 1304 4788; x_wconf 61' lang='lat' dir='ltr'>annosum-s,</span> <span class='ocrx_word' id='word_1_363' title='bbox 1340 4720 1459 4775; x_wconf 86' lang='lat' dir='ltr'>l.ih.</span> <span class='ocrx_word' id='word_1_364' title='bbox 1492 4718 1564 4774; x_wconf 83' lang='lat' dir='ltr'>d··</span> <span class='ocrx_word' id='word_1_365' title='bbox 1593 4718 1847 4774; x_wconf 73' lang='lat' dir='ltr'>Moribus</span> <span class='ocrx_word' id='word_1_366' title='bbox 1878 4716 2153 4773; x_wconf 74' lang='lat' dir='ltr'>Ecclesia.-</span> <span class='ocrx_word' id='word_1_367' title='bbox 2185 4716 2678 4789; x_wconf 54' lang='lat' dir='ltr'>cautent-msam.</span> <span class='ocrx_word' id='word_1_368' title='bbox 2711 4718 2767 4771; x_wconf 82' lang='lat'>8.</span> 
     </span>
    </p>

    <p class='ocr_par' dir='ltr' id='par_1_6' title="bbox 777 4807 2898 4884">
     <span class='ocr_line' id='line_1_34' title="bbox 777 4807 2898 4884; baseline -0.003 -16"><span class='ocrx_word' id='word_1_369' title='bbox 777 4814 800 4849; x_wconf 88' lang='lat'>⁸</span> <span class='ocrx_word' id='word_1_370' title='bbox 831 4811 916 4868; x_wconf 71' lang='lat' dir='ltr'>Ad</span> <span class='ocrx_word' id='word_1_371' title='bbox 951 4813 1195 4867; x_wconf 77' lang='lat' dir='ltr'>Roman.</span> <span class='ocrx_word' id='word_1_372' title='bbox 1230 4827 1343 4877; x_wconf 75' lang='lat' dir='ltr'>vm,</span> <span class='ocrx_word' id='word_1_373' title='bbox 1376 4813 1476 4865; x_wconf 75' lang='lat'>3:52</span> <span class='ocrx_word' id='word_1_374' title='bbox 1518 4809 1808 4884; x_wconf 56' lang='lat' dir='ltr'>Quisjeruo</span> <span class='ocrx_word' id='word_1_375' title='bbox 1836 4825 1933 4864; x_wconf 74' lang='lat' dir='ltr'>nos</span> <span class='ocrx_word' id='word_1_376' title='bbox 1961 4808 2302 4883; x_wconf 56' lang='lat' dir='ltr'>“parabit-‘a</span> <span class='ocrx_word' id='word_1_377' title='bbox 2330 4809 2606 4866; x_wconf 74' lang='lat' dir='ltr'>charitate</span> <span class='ocrx_word' id='word_1_378' title='bbox 2632 4807 2840 4863; x_wconf 74' lang='lat' dir='ltr'>Christi</span> <span class='ocrx_word' id='word_1_379' title='bbox 2868 4807 2898 4863; x_wconf 62' lang='grc' dir='ltr'>ἱ)</span> 
     </span>
    </p>

    <p class='ocr_par' dir='ltr' id='par_1_7' title="bbox 770 4901 2194 4973">
     <span class='ocr_line' id='line_1_35' title="bbox 770 4901 2194 4973; baseline -0.002 -16"><span class='ocrx_word' id='word_1_380' title='bbox 770 4901 796 4938; x_wconf 76' lang='lat'>⁸</span> <span class='ocrx_word' id='word_1_381' title='bbox 832 4903 888 4957; x_wconf 91' lang='lat' dir='ltr'>S.</span> <span class='ocrx_word' id='word_1_382' title='bbox 923 4905 1293 4966; x_wconf 68' lang='lat' dir='ltr'>Acocsruxcs.</span> <span class='ocrx_word' id='word_1_383' title='bbox 1326 4904 1513 4973; x_wconf 64' lang='lat' dir='ltr'>Super</span> <span class='ocrx_word' id='word_1_384' title='bbox 1541 4901 1848 4967; x_wconf 71' lang='lat' dir='ltr'>Joannmn,</span> <span class='ocrx_word' id='word_1_385' title='bbox 1880 4901 2071 4955; x_wconf 84' lang='lat' dir='ltr'>Tract.</span> <span class='ocrx_word' id='word_1_386' title='bbox 2110 4901 2194 4954; x_wconf 68' lang='grc'>14.</span> 
     </span>
    </p>
   </div>
  </div>
 </body>
</html>
