4897 6388
1816 355 1913 423 IN
1967 355 2471 424 1-ssNT13NT.
2528 356 2756 426 DJST.
2813 356 3004 436 xm,
3056 338 3140 436 Αἵ
3193 358 3392 425 ΛΒΤ.
3449 361 3507 425 1.

1054 523 1524 593 determinant
1560 525 1989 615 Philosophi,
2028 525 2210 615 quod
2252 535 2480 593 motus
2519 535 2622 594 est

1054 631 1136 699 de
1167 632 1476 721 subjecto
1518 632 1603 698 ad
1660 632 2069 720 subjectum,
2116 655 2195 699 eo
2247 632 2427 723 quod
2482 655 2621 699 non

1049 747 1278 827 potest
1333 739 1594 818 moveri
1657 739 1889 829 aliqua
1928 741 2148 829 specie
2209 750 2438 807 motus
2489 741 2618 808 nisi

1053 855 1206 912 actu
1263 868 1383 912 ens
1425 853 1493 912 et
1530 845 1908 914 subsistens
1971 868 1987 915 ε
2044 850 2331 915 mutatio
2388 856 2618 915 autem

1055 954 1232 1020 inter
1259 952 1716 1020 substantiam
1757 962 1823 1021 et
1865 977 2006 1021 non
2045 955 2496 1022 substantiam
2542 955 2621 1020 fit

1051 1060 1454 1151 simpliciter
1515 1082 1530 1127 :
1596 1061 1884 1129 mutatio
1961 1071 2191 1131 autem
2250 1063 2615 1152 conjuncta

1055 1168 1274 1236 motui
1305 1178 1408 1236 est
1437 1170 1506 1236 in
1545 1171 1833 1238 materia
1879 1171 2182 1260 subjecta
2219 1171 2460 1237 formis
2490 1170 2615 1238 ha-

1050 1276 1952 1345 bentibus.contrarietatem
1997 1300 2012 1346 :
2067 1300 2243 1369 quae,
2300 1280 2608 1368 inquam,

1049 1385 1335 1452 materia
1369 1383 1675 1474 procedit
1704 1393 1771 1453 et
1790 1387 1931 1453 exit
1955 1386 2042 1453 ad
2067 1394 2293 1454 actum
2327 1385 2615 1474 alicujus

1050 1492 1315 1561 formae.
1367 1491 1624 1561 Omnes
1664 1503 1892 1562 autem
1940 1493 2335 1584 hujusmodi
2383 1501 2612 1561 motus

1054 1610 1122 1669 et
1207 1602 1623 1670 mutationes
1708 1602 2245 1671 determinantur
2317 1612 2385 1670 et
2470 1611 2614 1669 tra-

1054 1708 1314 1777 huntur
1367 1712 1438 1777 in
1504 1713 1764 1801 species
1819 1734 2029 1802 penes
2097 1714 2467 1780 terminum
2525 1711 2611 1780 ad

1052 1839 1258 1907 quem
1288 1826 1468 1886 sunt.
1503 1817 1686 1909 Ergo
1738 1818 1894 1887 licet
1933 1821 2004 1886 in
2051 1819 2300 1913 divinis
2340 1819 2512 1887 desit
2541 1820 2636 1887 id-

1048 1923 1233 2014 quod
1279 1932 1510 1992 motus
1558 1932 1627 1992 et
1673 1926 2072 1993 mutationis
2122 1933 2248 2005 est,
2291 1947 2374 1994 eo
2422 1925 2611 2017 quod

1045 2055 1187 2100 non
1224 2034 1313 2101 sit
1343 2033 1438 2100 ibi
1467 2034 1693 2102 exitus
1732 2033 1814 2102 de
1844 2035 2150 2125 potentia
2198 2034 2285 2102 ad
2322 2042 2550 2102 actum
2588 2054 2605 2102 ε

1047 2162 1206 2208 cum
1235 2146 1470 2208 tamen
1500 2162 1642 2208 non
1672 2140 1896 2209 desint
1915 2143 2193 2211 termini
2221 2141 2401 2210 inter
2437 2163 2610 2233 quos

1048 2255 1210 2315 sunt
1246 2249 1718 2317 emanationes
1768 2247 2047 2334 divinae,
2106 2249 2375 2316 videtur
2420 2249 2608 2340 quod

1043 2376 1254 2445 penes
1301 2355 1633 2424 terminos
1681 2355 2007 2448 distingui
2059 2356 2350 2425 debeant
2411 2378 2428 2424 z
2492 2355 2607 2426 hic

1046 2473 1275 2531 autem
1333 2464 1669 2532 terminus
1708 2464 2074 2556 utrobique
2131 2487 2269 2532 non
2326 2474 2428 2533 est
2473 2465 2603 2532 nisi

1044 2568 1427 2637 substantia
1472 2578 1540 2638 et
1569 2571 2002 2661 suppositum
2045 2592 2062 2638 ε
2098 2594 2260 2663 ergo
2305 2570 2602 2651 videtur,

1045 2675 1232 2767 quod
1260 2675 1480 2745 ambae
1509 2678 2005 2763 emanationes,
2039 2677 2297 2747 scilicet
2327 2677 2504 2757 Filii,
2540 2686 2607 2747 et

1047 2785 1347 2876 Spiritus
1383 2787 1627 2870 sancti,
1660 2787 1797 2856 sint
1830 2789 2034 2855 unius
2066 2789 2349 2856 rationis
2382 2810 2399 2855 :
2434 2809 2602 2878 ergo

1040 2892 1232 2960 nulla
1260 2892 1645 2962 diss'erentia
1681 2895 1859 2963 inter
1895 2916 2101 2963 unam
2132 2904 2199 2964 et
2233 2894 2464 2964 aliam.

1134 3003 1200 3069 8.
1245 2999 1446 3081 Item,
1496 3001 1577 3069 In
1624 3004 1817 3072 omni
1884 3011 2126 3071 natura
2182 3004 2251 3071 in
2309 3027 2445 3096 qua
2501 3012 2604 3072 est

1042 3110 1578 3180 communicatio
1607 3110 1985 3180 secundum
2026 3113 2287 3179 lluxum
2318 3113 2604 3204 originis

1046 3217 1525 3310 hypostasum.
1589 3228 1692 3289 est
1737 3244 1876 3289 una
1933 3224 2105 3289 ratio
2162 3224 2386 3290 exitus
2446 3245 2606 3290 om-

1047 3328 1240 3395 nium
1271 3326 1714 3420 hypostasum
1745 3329 1926 3399 illius
1952 3339 2233 3403 naturae.
2271 3331 2417 3401 lloc
2453 3355 2607 3422 pro·

1048 3432 1252 3503 batur
1281 3459 1401 3527 per
1438 3435 1906 3506 inductionem
1939 3439 2008 3505 in
2038 3438 2351 3530 singuliS,
2383 3438 2606 3509 homi·

1050 3564 1161 3620 ne,
1205 3545 1427 3622 asino.
1484 3543 1711 3627 leone,
1781 3554 1849 3614 et
1896 3548 1995 3617 sic
2031 3546 2113 3616 de
2163 3546 2316 3616 aliis
2374 3569 2392 3617 t
2437 3571 2603 3639 ergo

1047 3672 1204 3717 cum
1245 3651 1315 3717 in
1354 3650 1603 3719 divinis
1631 3674 1774 3722 non
1811 3653 1898 3721 sit
1935 3655 2467 3723 communicatio
2494 3677 2604 3723 na·

1048 3764 1217 3825 turae
1272 3756 1580 3847 pluribus
1639 3758 2123 3851 hypostasibus
2170 3764 2300 3831 nisi
2355 3786 2605 3832 secun-

1043 3861 1209 3930 dum
1239 3864 1502 3932 [luxum
1532 3866 1842 3957 originis,
1876 3866 2220 3936 videbitur
2256 3891 2391 3936 una
2428 3871 2601 3938 ratio

1042 3973 1688 4040 communicationis
1727 3983 1986 4042 naturai
2026 3998 2171 4044 esse
2205 3979 2274 4045 in
2324 3976 2495 4045 Filio
2535 3986 2603 4046 et

1046 4077 1304 4168 Spiritu
1344 4089 1579 4148 sancto
1613 4100 1630 4148 τ
1665 4103 1830 4172 ergo
1859 4080 2156 4162 videtur,
2188 4084 2371 4176 quod
2414 4084 2604 4152 nulla

1036 4188 1121 4254 sit
1162 4187 1548 4256 differentia
1580 4190 2098 4259 emanationum
2126 4193 2354 4269 unius,
2400 4203 2472 4262 et
2498 4192 2600 4260 al·

1039 4297 1277 4363 terius.

1126 4407 1192 4467 t).
1223 4400 1420 4483 item,
1444 4401 1520 4470 ln
1547 4407 1737 4472 omni
1767 4414 2007 4473 natura
2036 4407 2133 4474 sic
2154 4406 2382 4485 video,
2413 4405 2598 4500 quod

1037 4508 1155 4575 ubi
1186 4518 1287 4577 est
1315 4509 1554 4578 eadem
1596 4514 1765 4580 ratio
1815 4522 2077 4582 naturai
2124 4515 2193 4582 in
2235 4516 2485 4605 specie,
2528 4516 2598 4583 in

1037 4614 1170 4682 illis
1202 4624 1305 4684 est
1334 4617 1543 4685 etiam
1565 4618 1800 4687 eadem
1836 4621 2009 4687 ratio
2039 4623 2547 4713 suppositorum
2575 4644 2592 4692 ε

1036 4727 1198 4815 quia
1236 4727 1422 4794 enim
1483 4727 1797 4796 Socrates
1837 4739 1905 4799 et
1946 4730 2141 4799 l’lato
2200 4742 2360 4801 sunt
2390 4735 2595 4801 unius

1036 4834 1318 4902 rationis
1347 4834 1418 4901 in
1449 4833 1582 4903 hoc
1619 4838 1969 4905 communi
2010 4838 2195 4929 quod
2222 4848 2325 4908 est
2353 4838 2591 4921 hom0,

1031 4949 1191 5008 sunt
1220 4941 1426 5008 etiam
1468 4943 1672 5010 unius
1712 4945 1995 5012 rationis
2025 4946 2091 5013 in
2123 4945 2254 5015 hoc
2290 4970 2598 5016 commu-

1029 5046 1100 5112 ni
1130 5048 1442 5137 sequenti
1484 5047 1553 5116 id
1593 5049 1776 5140 quod
1806 5053 2236 5142 suppositum
2269 5063 2369 5122 est
2403 5074 2420 5123 :
2452 5077 2595 5123 non

1031 5150 1213 5218 enim
1236 5151 1368 5219 alia
1401 5154 1664 5222 ratione
1699 5155 2014 5224 Socrates
2038 5164 2141 5224 est
2160 5160 2593 5250 suppositum

1032 5253 1362 5337 hominis,
1395 5281 1605 5351 quam
1637 5260 1832 5330 Plato
1868 5283 1884 5329 ε
1920 5264 2080 5353 quia
2101 5271 2264 5332 tunc
2282 5266 2596 5356 supposi-

1033 5371 1179 5432 tum
1199 5368 1550 5457 aequivoce
1572 5370 1907 5438 diceretur
1928 5371 2010 5440 de
2033 5372 2205 5440 illis:
2240 5396 2404 5466 ergo
2434 5396 2593 5442 cum

1030 5481 1275 5542 natura
1304 5475 1539 5544 divina
1578 5501 1715 5547 non
1767 5480 1993 5549 solum
2026 5482 2228 5550 unius
2277 5482 2588 5566 rationis,

1109 5711 1125 5746 ¹
1158 5706 1243 5765 Cl’.
1279 5708 1490 5782 Supra,
1523 5708 1669 5767 nist.
1707 5711 1855 5780 xm,
1888 5714 2014 5768 Art.
2049 5715 2100 5769 ¹.

4152 357 4278 426 365

2728 526 2849 592 sed
2883 527 3087 594 etiam
3124 549 3409 594 numero
3441 527 3528 593 sit
3584 527 3653 592 in
3712 527 3879 594 Filio
3913 535 3978 594 et
4021 525 4277 616 Spiritu

2729 641 2989 711 sanct0,
3032 633 3301 700 videtur
3331 633 3514 724 quod
3552 633 3784 700 eadem
3821 634 3988 700 ratio
4019 657 4279 722 suppo-

2726 739 2839 808 siti
2871 741 2959 808 sit
2997 742 3065 807 in
3098 743 3193 809 eis
3230 765 3243 807 :
3281 763 3442 832 ergo
3483 743 3537 807 si
3589 765 3764 808 unus
3805 750 3904 808 est
3942 741 4174 821 Filius,
4211 751 4277 808 et

2726 848 2901 915 alius
2963 871 2978 916 ε
3038 849 3148 916 vel
3189 849 3243 915 si
3304 872 3481 915 unus
3521 872 3658 916 non
3712 857 3813 916 est
3872 848 4104 928 Filius,
4152 871 4275 915 nec

2726 954 2928 1023 alius.

2819 1065 2925 1130 10.
2971 1061 3167 1144 Item,
3222 1063 3441 1131 Omne
3482 1064 3666 1153 quod
3712 1065 4148 1153 distinguitur
4186 1064 4268 1130 ab

2722 1170 2882 1250 alio,
2926 1181 3045 1239 aut
3096 1172 3535 1263 distinguitur
3594 1172 4016 1240 substantiali
4074 1172 4276 1240 ‹liffe-

2720 1281 2965 1365 rentia,
3002 1290 3118 1348 aut
3165 1281 3560 1350 accidentali
3614 1305 3628 1348 :
3674 1281 4101 1349 accidentalis
4140 1305 4272 1349 au-

2718 1394 2857 1454 tem
2889 1387 3269 1456 differentia
3310 1391 3378 1455 in
3417 1389 3664 1456 divinis
3693 1389 3881 1456 nulla
3913 1397 4012 1455 est
4046 1408 4062 1456 ε
4107 1412 4267 1480 ergo

2717 1496 2777 1561 si
2806 1494 3127 1563 differunt
3158 1496 3367 1564 Filius
3399 1505 3464 1564 et
3496 1496 3791 1587 Spiritus
3821 1503 4116 1581 sanctus,
4152 1520 4271 1587 per

2717 1603 3169 1672 substantiam
3201 1605 3522 1673 differunt
3552 1628 3567 1673 :
3604 1614 3669 1673 et
3696 1602 3829 1673 hoc
3850 1613 3952 1674 est
3974 1605 4219 1672 falsum
4249 1625 4265 1673 ε

2719 1732 2884 1801 ergo
2915 1711 3207 1792 videtur,
3244 1712 3427 1803 quod
3457 1713 3512 1780 si
3557 1735 3729 1779 unus
3762 1711 4007 1780 dicitur
4054 1713 4265 1793 nasci,

2719 1826 2787 1885 et
2815 1816 2990 1887 alius
3024 1818 3285 1887 dicetur
3312 1820 3498 1887 nasci
3537 1842 3551 1886 ε
3584 1819 3692 1886 vel
3721 1820 3776 1887 si
3808 1840 3982 1885 unus
4003 1820 4059 1886 si
4091 1841 4267 1893 unus

2714 1926 3108 2015 procedere,
3142 1935 3208 1995 et
3235 1927 3408 1995 alius
3439 1926 3750 1995 similiter
3776 1925 4138 2017 procedere
4168 1925 4267 1994 di-

2715 2039 2931 2101 cetur.

2809 2142 2917 2208 11.
2961 2139 3160 2223 Item,
3206 2141 3430 2232 Supra
3486 2144 3502 2178 ¹
3546 2140 3853 2209 habitum
3905 2149 4031 2224 est,
4080 2140 4265 2231 quod

2714 2269 2856 2313 non
2887 2255 2990 2315 est
3026 2247 3098 2315 in
3138 2248 3387 2316 divinis
3434 2248 3563 2315 nisi
3613 2247 3846 2315 relatio
3903 2247 4186 2337 originis
4242 2269 4258 2314 ε

2713 2376 2853 2422 una
2881 2359 3112 2425 autem
3143 2365 3246 2424 est
3273 2355 3510 2425 relatio
3541 2355 3821 2445 originis
3843 2355 3912 2421 in
3941 2353 4261 2422 omnibus

2712 2460 3072 2553 originatis
3109 2464 3181 2530 in
3221 2473 3462 2531 natura
3518 2486 3675 2546 una,
3719 2462 3890 2530 sicut
3939 2459 4261 2551 probatur

2710 2570 3094 2639 inducendo
3126 2572 3198 2638 in
3235 2571 3521 2663 singulis
3555 2594 3571 2640 ε
3605 2593 3768 2662 ergo
3798 2569 4065 2638 videtur
4100 2592 4257 2638 cum

2712 2675 2943 2761 ambo,
2985 2678 3241 2747 scilicet
3279 2678 3488 2747 Filius
3535 2688 3600 2747 et
3651 2678 3943 2768 Spiritus
3983 2686 4256 2745 sanctus

2709 2786 3031 2876 originati
3070 2788 3232 2867 sint,
3275 2786 3459 2878 quod
3499 2785 3749 2854 habent
3791 2807 3997 2853 unam
4053 2785 4257 2875 origi-

2710 2893 2818 2961 nis
2843 2895 3203 2965 rationem.

2804 3004 2914 3070 12.
2951 3001 3316 3082 l’raeterea,
3352 2999 3618 3068 Similia
3647 3000 4253 3091 quaeinducuntur,

2709 3130 2849 3175 non
2882 3107 3198 3177 videntur
3225 3108 3450 3176 valere
3492 3130 3509 3177 z
3561 3131 3715 3175 cum
3755 3108 3935 3175 enim
3985 3107 4253 3189 dicitur,

2709 3215 2893 3307 quod
2938 3240 3023 3286 ex
3060 3217 3202 3286 sole
3241 3217 3541 3309 procedit
3591 3216 3846 3294 lumen,
3888 3225 3954 3284 et
4006 3214 4192 3282 calor
4234 3235 4252 3283 τ

2709 3347 3006 3417 quorum
3046 3350 3261 3394 unum
3290 3325 3680 3394 attribuitur
3728 3323 3923 3401 Filio.
3966 3322 4258 3391 alterum

2712 3433 2998 3525 Spiritui
3029 3442 3265 3503 sancto
3300 3457 3317 3503 ε
3352 3457 3490 3502 non
3520 3443 3621 3501 est
3649 3456 3809 3500 vera
3838 3430 4255 3499 similitudo:

2710 3541 2874 3633 quia
2908 3539 3065 3610 licet
3115 3551 3480 3632 utrumque
3537 3541 3621 3607 sit
3662 3562 3746 3607 ex
3802 3538 3972 3616 sole,
4034 3548 4260 3605 tamen

2708 3648 3000 3718 alterum
3038 3658 3303 3718 tantum
3342 3673 3423 3717 ex
3461 3670 3545 3717 eo
3584 3647 3767 3739 quod
3815 3657 3917 3716 est
3955 3644 4260 3714 naturale

2707 3756 2863 3836 soli,
2924 3765 2991 3825 et
3041 3756 3343 3847 disponit
3399 3757 3649 3847 ipsum,
3681 3754 3930 3822 seilicet
3971 3753 4201 3821 lumen
4240 3773 4257 3819 :

2707 3863 2899 3934 calor
2946 3873 3176 3932 autem
3222 3887 3358 3931 non
3420 3886 3435 3929 ;
3481 3863 3641 3952 quia
3690 3860 3791 3928 sol
3822 3883 3947 3928 nec
3974 3859 4257 3938 calidus,

2710 3997 2834 4043 nec
2864 3972 3149 4065 frigidus
3187 3973 3386 4041 estin
3427 3982 3666 4040 natura
3705 3971 3835 4045 sui.
3880 3978 3950 4035 ut
4001 3967 4257 4059 proba-

2708 4090 2857 4149 tum
2896 4081 3106 4149 estin
3160 4079 3447 4148 naturali
3518 4076 3956 4168 Philosophia
4016 4100 4033 4145 ε
4096 4099 4259 4166 ergo

2708 4187 3087 4258 secundum
3118 4186 3245 4255 hoe
3279 4188 3570 4278 Spiritus
3598 4196 3869 4253 sauctus
3899 4194 4072 4253 esset
4104 4184 4264 4252 ell'e-

2708 4306 2858 4365 ctus
2919 4295 3142 4363 l‘atris
3190 4296 3257 4363 in
3312 4304 3551 4363 natura
3598 4293 3843 4374 aliena,
3893 4303 3957 4360 et
4008 4314 4145 4359 non
4194 4293 4262 4359 in

2712 4410 2960 4469 natura
3011 4400 3244 4469 divina
3296 4399 3710 4492 procederet,
3781 4397 3964 4489 quod
4019 4396 4261 4465 falsum

2710 4517 2839 4578 est.

2800 4617 3167 4699 Praeterea,
3203 4618 3275 4683 Si
3308 4616 3407 4683 sol
3442 4618 3704 4684 emittat
3749 4616 3970 4683 radios
4002 4638 4120 4704 per
4147 4613 4264 4680 ad-

2706 4734 3015 4819 spectum
3058 4727 3140 4795 ad
3177 4728 3549 4794 Saturnum
3590 4725 3693 4792 vel
3728 4725 3929 4793 aliam
3961 4723 4255 4799 stellam,

2704 4857 3085 4927 numquam
3134 4835 3475 4904 calefaciet
3521 4859 3670 4903 eain
3714 4855 3732 4903 z
3776 4857 3939 4924 ergo
3988 4833 4043 4899 si
4082 4831 4264 4899 divi-

2704 4964 2837 5010 nus
2866 4941 2969 5010 sol
2998 4943 3266 5009 emittat
3304 4943 3534 5010 lumen
3568 4944 3635 5009 in
3665 4941 3732 5008 id
3763 4940 3943 5032 quod
3985 4950 4085 5007 est
4134 4963 4263 5007 na-

2703 5055 2873 5116 turae
2904 5048 3182 5125 divinae,
3231 5072 3316 5116 ex
3374 5048 3503 5116 hoc
3547 5070 3684 5115 non
3735 5046 4036 5138 procedit
4073 5044 4262 5113 calor

2703 5154 2978 5247 aliquis,
3012 5164 3087 5224 ut
3116 5155 3384 5225 videtur
3414 5180 3431 5224 ε
3467 5180 3629 5246 ergo
3660 5153 3826 5223 nihil
3851 5153 4027 5222 valet
4060 5155 4260 5221 simi-

2701 5263 2767 5332 le
2806 5286 2930 5354 per
2966 5263 3151 5355 quod
3191 5263 3629 5354 distinguitur
3660 5266 3831 5331 inter
3865 5264 4258 5355 generatio-

2703 5396 2866 5443 nem
2896 5384 2965 5443 et
2990 5375 3524 5464 processionem.

2798 5480 2873 5549 Si
2905 5482 3076 5550 l'orte
3107 5481 3317 5564 dicas,
3359 5481 3541 5573 quod
3599 5506 3680 5550 ex
3739 5480 3879 5550 sole
3937 5479 4255 5572 procedat
