<?xml version="1.0" encoding="UTF-8"?>
<!DOCTYPE html PUBLIC "-//W3C//DTD XHTML 1.0 Transitional//EN"
    "http://www.w3.org/TR/xhtml1/DTD/xhtml1-transitional.dtd">
<html xmlns="http://www.w3.org/1999/xhtml" xml:lang="en" lang="en">
 <head>
  <title>
</title>
<meta http-equiv="Content-Type" content="text/html;charset=utf-8" />
  <meta name='ocr-system' content='tesseract 3.04.00' />
  <meta name='ocr-capabilities' content='ocr_page ocr_carea ocr_par ocr_line ocrx_word'/>
</head>
<body>
  <div class='ocr_page' id='page_1' title='image "balbertimagnira03chgoog_0110.png"; bbox 0 0 4897 6388; ppageno 0'>
   <div class='ocr_carea' id='block_1_1' title="bbox 698 289 2918 444">
    <p class='ocr_par' dir='ltr' id='par_1_1' title="bbox 698 289 2918 444">
     <span class='ocr_line' id='line_1_1' title="bbox 698 289 2918 444; baseline -0.014 -13"><span class='ocrx_word' id='word_1_1' title='bbox 698 364 783 431; x_wconf 84' lang='lat'>98</span> <span class='ocrx_word' id='word_1_2' title='bbox 838 423 844 428; x_wconf 78' lang='grc'>,</span> <span class='ocrx_word' id='word_1_3' title='bbox 1078 327 1101 338; x_wconf 71' lang='grc'><strong>”</strong></span> <span class='ocrx_word' id='word_1_4' title='bbox 1675 350 1761 418; x_wconf 89' lang='lat' dir='ltr'>D.</span> <span class='ocrx_word' id='word_1_5' title='bbox 1811 338 2296 444; x_wconf 48' lang='lat' dir='ltr'>lamma</span> <span class='ocrx_word' id='word_1_6' title='bbox 2336 338 2546 406; x_wconf 84' lang='lat' dir='ltr'>onn.</span> <span class='ocrx_word' id='word_1_7' title='bbox 2598 289 2918 402; x_wconf 47' lang='lat' dir='ltr'>palen&lt;</span> 
     </span>
    </p>
   </div>
   <div class='ocr_carea' id='block_1_2' title="bbox 355 495 3915 632">
    <p class='ocr_par' dir='ltr' id='par_1_2' title="bbox 355 489 3915 632">
     <span class='ocr_line' id='line_1_2' title="bbox 355 495 3915 632; baseline -0.007 -30"><span class='ocrx_word' id='word_1_8' title='bbox 355 503 413 517; x_wconf 29' lang='grc' dir='ltr'><strong><em>Γ</em></strong></span> <span class='ocrx_word' id='word_1_9' title='bbox 574 567 584 574; x_wconf 90' lang='grc'>-</span> <span class='ocrx_word' id='word_1_10' title='bbox 632 505 645 561; x_wconf 59' lang='lat'>3·</span> <span class='ocrx_word' id='word_1_11' title='bbox 699 504 2029 632; x_wconf 20' lang='lat' dir='ltr'>pora&#39;transceuderuntquaer‘entes&#39;</span> <span class='ocrx_word' id='word_1_12' title='bbox 2067 513 2319 586; x_wconf 90' lang='lat' dir='ltr'>Deum</span> <span class='ocrx_word' id='word_1_13' title='bbox 2366 533 2382 583; x_wconf 89' lang='lat'>:</span> <span class='ocrx_word' id='word_1_14' title='bbox 2428 508 2797 583; x_wconf 75' lang='lat' dir='ltr'>viderunt</span> <span class='ocrx_word' id='word_1_15' title='bbox 2823 495 3066 581; x_wconf 77' lang='lat' dir='ltr'>,etiem</span> <span class='ocrx_word' id='word_1_16' title='bbox 3118 501 3500 602; x_wconf 89' lang='lat' dir='ltr'>quidquid</span> <span class='ocrx_word' id='word_1_17' title='bbox 3554 502 3915 577; x_wconf 80' lang='lat' dir='ltr'>mutabile</span> 
     </span>
    </p>
   </div>
   <div class='ocr_carea' id='block_1_3' title="bbox 697 636 3916 886">
    <p class='ocr_par' dir='ltr' id='par_1_3' title="bbox 697 636 3916 886">
     <span class='ocr_line' id='line_1_3' title="bbox 697 636 3913 764; baseline -0.012 -17"><span class='ocrx_word' id='word_1_18' title='bbox 697 679 838 764; x_wconf 84' lang='lat' dir='ltr'>est,</span> <span class='ocrx_word' id='word_1_19' title='bbox 902 689 1059 742; x_wconf 90' lang='lat' dir='ltr'>non</span> <span class='ocrx_word' id='word_1_20' title='bbox 1110 656 1728 739; x_wconf 79' lang='lat' dir='ltr'>essesummum</span> <span class='ocrx_word' id='word_1_21' title='bbox 1791 650 2070 741; x_wconf 88' lang='lat' dir='ltr'>Deum,</span> <span class='ocrx_word' id='word_1_22' title='bbox 2131 645 2642 742; x_wconf 85' lang='lat' dir='ltr'>omniumque</span> <span class='ocrx_word' id='word_1_23' title='bbox 2692 639 3164 741; x_wconf 84' lang='lat' dir='ltr'>principium</span> <span class='ocrx_word' id='word_1_24' title='bbox 3204 647 3335 713; x_wconf 88' lang='lat' dir='ltr'>:et</span> <span class='ocrx_word' id='word_1_25' title='bbox 3392 636 3564 711; x_wconf 91' lang='lat' dir='ltr'>ideo</span> <span class='ocrx_word' id='word_1_26' title='bbox 3607 659 3913 710; x_wconf 86' lang='lat' dir='ltr'>omnem</span> 
     </span>
     <span class='ocr_line' id='line_1_4' title="bbox 700 772 3916 886; baseline -0.011 -4"><span class='ocrx_word' id='word_1_27' title='bbox 700 806 1040 883; x_wconf 81' lang='lat' dir='ltr'>animam</span> <span class='ocrx_word' id='word_1_28' title='bbox 1109 792 1674 886; x_wconf 78' lang='lat' dir='ltr'>mutabilesque</span> <span class='ocrx_word' id='word_1_29' title='bbox 1741 785 2058 885; x_wconf 87' lang='lat' dir='ltr'>spiritus</span> <span class='ocrx_word' id='word_1_30' title='bbox 2132 779 2810 856; x_wconf 77' lang='lat' dir='ltr'>transcenderunt.</span> <span class='ocrx_word' id='word_1_31' title='bbox 2892 774 3191 850; x_wconf 83' lang='lat' dir='ltr'>Deinde</span> <span class='ocrx_word' id='word_1_32' title='bbox 3258 772 3626 847; x_wconf 86' lang='lat' dir='ltr'>viderunt</span> <span class='ocrx_word' id='word_1_33' title='bbox 3691 796 3916 847; x_wconf 86' lang='lat' dir='ltr'>omne</span> 
     </span>
    </p>
   </div>
   <div class='ocr_carea' id='block_1_4' title="bbox 602 907 3915 1174">
    <p class='ocr_par' dir='ltr' id='par_1_4' title="bbox 602 907 3915 1174">
     <span class='ocr_line' id='line_1_5' title="bbox 602 907 3915 1041; baseline -0.009 -33"><span class='ocrx_word' id='word_1_34' title='bbox 602 1005 603 1008; x_wconf 74' lang='grc'>,</span> <span class='ocrx_word' id='word_1_35' title='bbox 695 939 902 1041; x_wconf 91' lang='lat' dir='ltr'>quod</span> <span class='ocrx_word' id='word_1_36' title='bbox 944 928 1314 1008; x_wconf 80' lang='lat' dir='ltr'>mutabile</span> <span class='ocrx_word' id='word_1_37' title='bbox 1347 935 1486 1019; x_wconf 84' lang='lat' dir='ltr'>est,</span> <span class='ocrx_word' id='word_1_38' title='bbox 1524 948 1678 998; x_wconf 90' lang='lat' dir='ltr'>non</span> <span class='ocrx_word' id='word_1_39' title='bbox 1712 945 1937 1021; x_wconf 87' lang='lat' dir='ltr'>posse</span> <span class='ocrx_word' id='word_1_40' title='bbox 1970 942 2141 996; x_wconf 90' lang='lat' dir='ltr'>esse</span> <span class='ocrx_word' id='word_1_41' title='bbox 2172 916 2323 991; x_wconf 90' lang='lat' dir='ltr'>nisi</span> <span class='ocrx_word' id='word_1_42' title='bbox 2365 915 2462 990; x_wconf 77' lang='lat' dir='ltr'>ab</span> <span class='ocrx_word' id='word_1_43' title='bbox 2504 912 2812 1010; x_wconf 82' lang='lat' dir='ltr'>illo-qui</span> <span class='ocrx_word' id='word_1_44' title='bbox 2856 907 3596 985; x_wconf 77' lang='lat' dir='ltr'>incommutabiliter</span> <span class='ocrx_word' id='word_1_45' title='bbox 3634 917 3709 982; x_wconf 87' lang='lat' dir='ltr'>et</span> <span class='ocrx_word' id='word_1_46' title='bbox 3739 908 3915 982; x_wconf 87' lang='lat' dir='ltr'>sim-</span> 
     </span>
     <span class='ocr_line' id='line_1_6' title="bbox 696 1043 3912 1174; baseline -0.01 -26"><span class='ocrx_word' id='word_1_47' title='bbox 696 1073 998 1174; x_wconf 87' lang='lat' dir='ltr'>pliciter</span> <span class='ocrx_word' id='word_1_48' title='bbox 1036 1074 1175 1142; x_wconf 86' lang='lat' dir='ltr'>est.</span> <span class='ocrx_word' id='word_1_49' title='bbox 1225 1063 1777 1136; x_wconf 84' lang='lat' dir='ltr'>Intellexerunt</span> <span class='ocrx_word' id='word_1_50' title='bbox 1814 1079 1997 1153; x_wconf 86' lang='lat' dir='ltr'>ergo</span> <span class='ocrx_word' id='word_1_51' title='bbox 2042 1077 2222 1128; x_wconf 91' lang='lat' dir='ltr'>eum</span> <span class='ocrx_word' id='word_1_52' title='bbox 2267 1059 2342 1124; x_wconf 89' lang='lat' dir='ltr'>et</span> <span class='ocrx_word' id='word_1_53' title='bbox 2379 1048 2644 1122; x_wconf 78' lang='lat' dir='ltr'>omnia</span> <span class='ocrx_word' id='word_1_54' title='bbox 2697 1047 2844 1121; x_wconf 77' lang='lat' dir='ltr'>ista</span> <span class='ocrx_word' id='word_1_55' title='bbox 2911 1046 3210 1137; x_wconf 83' lang='lat' dir='ltr'>secisse,</span> <span class='ocrx_word' id='word_1_56' title='bbox 3257 1053 3332 1118; x_wconf 88' lang='lat' dir='ltr'>et</span> <span class='ocrx_word' id='word_1_57' title='bbox 3397 1066 3443 1116; x_wconf 83' lang='lat' dir='ltr'>a</span> <span class='ocrx_word' id='word_1_58' title='bbox 3482 1045 3697 1118; x_wconf 91' lang='lat' dir='ltr'>nullo</span> <span class='ocrx_word' id='word_1_59' title='bbox 3751 1043 3912 1118; x_wconf 84' lang='lat' dir='ltr'>sieri</span> 
     </span>
    </p>
   </div>
   <div class='ocr_carea' id='block_1_5' title="bbox 692 1205 1126 1309">
    <p class='ocr_par' dir='ltr' id='par_1_5' title="bbox 692 1205 1126 1309">
     <span class='ocr_line' id='line_1_7' title="bbox 692 1205 1126 1309; baseline -0.018 -27"><span class='ocrx_word' id='word_1_60' title='bbox 692 1205 1039 1309; x_wconf 88' lang='lat' dir='ltr'>potuisse</span> <span class='ocrx_word' id='word_1_61' title='bbox 1080 1228 1126 1274; x_wconf 88' lang='lat'>¹.</span> 
     </span>
    </p>
   </div>
   <div class='ocr_carea' id='block_1_6' title="bbox 1023 1637 1835 1731">
    <p class='ocr_par' dir='ltr' id='par_1_6' title="bbox 1023 1637 1835 1731">
     <span class='ocr_line' id='line_1_8' title="bbox 1023 1637 1835 1731; baseline -0.01 0"><span class='ocrx_word' id='word_1_62' title='bbox 1023 1637 1026 1640; x_wconf 72' lang='grc'>’</span> <span class='ocrx_word' id='word_1_63' title='bbox 1095 1657 1599 1731; x_wconf 74' lang='lat' dir='ltr'>An‘rlcuLus</span> <span class='ocrx_word' id='word_1_64' title='bbox 1652 1656 1835 1723; x_wconf 80' lang='lat' dir='ltr'>vlu.</span> 
     </span>
    </p>
   </div>
   <div class='ocr_carea' id='block_1_7' title="bbox 699 1871 2246 2047">
    <p class='ocr_par' dir='ltr' id='par_1_7' title="bbox 699 1871 2246 2047">
     <span class='ocr_line' id='line_1_9' title="bbox 699 1871 2246 1969; baseline -0.012 -18"><span class='ocrx_word' id='word_1_65' title='bbox 699 1881 901 1969; x_wconf 82' lang='lat' dir='ltr'>Quod</span> <span class='ocrx_word' id='word_1_66' title='bbox 933 1883 1122 1949; x_wconf 79' lang='lat' dir='ltr'>Deus</span> <span class='ocrx_word' id='word_1_67' title='bbox 1152 1885 1245 1944; x_wconf 79' lang='lat' dir='ltr'>est</span> <span class='ocrx_word' id='word_1_68' title='bbox 1299 1876 1753 1963; x_wconf 65' lang='lat' dir='ltr'>incorporeus,</span> <span class='ocrx_word' id='word_1_69' title='bbox 1809 1880 1871 1936; x_wconf 82' lang='lat' dir='ltr'>et</span> <span class='ocrx_word' id='word_1_70' title='bbox 1909 1871 2246 1936; x_wconf 82' lang='lat' dir='ltr'>immuta-</span> 
     </span>
     <span class='ocr_line' id='line_1_10' title="bbox 1372 1980 1559 2047; baseline -0.005 0"><span class='ocrx_word' id='word_1_71' title='bbox 1372 1980 1559 2047; x_wconf 78' lang='lat' dir='ltr'>bilis.</span> 
     </span>
    </p>
   </div>
   <div class='ocr_carea' id='block_1_8' title="bbox 700 2297 2267 4229">
    <p class='ocr_par' dir='ltr' id='par_1_8' title="bbox 795 2297 2067 2376">
     <span class='ocr_line' id='line_1_11' title="bbox 795 2297 2067 2376; baseline -0.006 -8"><span class='ocrx_word' id='word_1_72' title='bbox 795 2313 829 2368; x_wconf 74' lang='lat' dir='ltr'>dt</span> <span class='ocrx_word' id='word_1_73' title='bbox 870 2301 1035 2371; x_wconf 81' lang='lat' dir='ltr'>Alio</span> <span class='ocrx_word' id='word_1_74' title='bbox 1076 2297 1279 2365; x_wconf 85' lang='lat' dir='ltr'>modo</span> <span class='ocrx_word' id='word_1_75' title='bbox 1308 2299 1439 2366; x_wconf 78' lang='lat' dir='ltr'>Dei</span> <span class='ocrx_word' id='word_1_76' title='bbox 1465 2297 1842 2376; x_wconf 79' lang='lat' dir='ltr'>veritatem,</span> <span class='ocrx_word' id='word_1_77' title='bbox 1867 2304 1994 2364; x_wconf 82' lang='lat' dir='ltr'>eto.</span> <span class='ocrx_word' id='word_1_78' title='bbox 2033 2319 2067 2361; x_wconf 67' lang='grc' dir='ltr'><strong>ι</strong></span> 
     </span>
    </p>

    <p class='ocr_par' dir='ltr' id='par_1_9' title="bbox 701 2401 2256 3144">
     <span class='ocr_line' id='line_1_12' title="bbox 785 2401 2252 2494; baseline -0.007 -17"><span class='ocrx_word' id='word_1_79' title='bbox 785 2407 952 2476; x_wconf 80' lang='lat' dir='ltr'>Haee</span> <span class='ocrx_word' id='word_1_80' title='bbox 979 2413 1081 2476; x_wconf 89' lang='lat' dir='ltr'>est</span> <span class='ocrx_word' id='word_1_81' title='bbox 1110 2403 1410 2472; x_wconf 81' lang='lat' dir='ltr'>secunda</span> <span class='ocrx_word' id='word_1_82' title='bbox 1437 2403 1610 2470; x_wconf 82' lang='lat' dir='ltr'>ratio</span> <span class='ocrx_word' id='word_1_83' title='bbox 1641 2402 1713 2470; x_wconf 90' lang='lat' dir='ltr'>in</span> <span class='ocrx_word' id='word_1_84' title='bbox 1743 2425 1878 2494; x_wconf 84' lang='lat' dir='ltr'>qua</span> <span class='ocrx_word' id='word_1_85' title='bbox 1915 2401 2124 2470; x_wconf 88' lang='lat' dir='ltr'>ductu</span> <span class='ocrx_word' id='word_1_86' title='bbox 2147 2422 2252 2467; x_wconf 82' lang='lat' dir='ltr'>ra-</span> 
     </span>
     <span class='ocr_line' id='line_1_13' title="bbox 701 2512 2250 2611; baseline -0.005 -24"><span class='ocrx_word' id='word_1_87' title='bbox 701 2517 906 2587; x_wconf 78' lang='lat' dir='ltr'>tionis</span> <span class='ocrx_word' id='word_1_88' title='bbox 943 2539 1066 2608; x_wconf 89' lang='lat' dir='ltr'>per</span> <span class='ocrx_word' id='word_1_89' title='bbox 1095 2513 1576 2603; x_wconf 88' lang='lat' dir='ltr'>dispositiones</span> <span class='ocrx_word' id='word_1_90' title='bbox 1615 2513 1925 2581; x_wconf 82' lang='lat' dir='ltr'>inventas</span> <span class='ocrx_word' id='word_1_91' title='bbox 1958 2512 2027 2580; x_wconf 91' lang='lat' dir='ltr'>in</span> <span class='ocrx_word' id='word_1_92' title='bbox 2064 2533 2250 2611; x_wconf 83' lang='lat' dir='ltr'>crea·</span> 
     </span>
     <span class='ocr_line' id='line_1_14' title="bbox 705 2620 2255 2715; baseline -0.005 -22"><span class='ocrx_word' id='word_1_93' title='bbox 705 2626 875 2693; x_wconf 90' lang='lat' dir='ltr'>turis</span> <span class='ocrx_word' id='word_1_94' title='bbox 903 2621 1235 2715; x_wconf 79' lang='lat' dir='ltr'>probatur</span> <span class='ocrx_word' id='word_1_95' title='bbox 1263 2620 1447 2688; x_wconf 89' lang='lat' dir='ltr'>Deus</span> <span class='ocrx_word' id='word_1_96' title='bbox 1477 2620 1546 2686; x_wconf 91' lang='lat' dir='ltr'>in</span> <span class='ocrx_word' id='word_1_97' title='bbox 1576 2642 1966 2712; x_wconf 88' lang='lat' dir='ltr'>corporeus,</span> <span class='ocrx_word' id='word_1_98' title='bbox 2009 2629 2078 2689; x_wconf 91' lang='lat' dir='ltr'>et</span> <span class='ocrx_word' id='word_1_99' title='bbox 2121 2620 2255 2686; x_wconf 89' lang='lat' dir='ltr'>im-</span> 
     </span>
     <span class='ocr_line' id='line_1_15' title="bbox 710 2727 2256 2822; baseline -0.004 -20"><span class='ocrx_word' id='word_1_100' title='bbox 710 2730 1082 2802; x_wconf 78' lang='lat' dir='ltr'>mutabilis,</span> <span class='ocrx_word' id='word_1_101' title='bbox 1117 2728 1201 2796; x_wconf 88' lang='lat' dir='ltr'>Et</span> <span class='ocrx_word' id='word_1_102' title='bbox 1227 2727 1370 2797; x_wconf 83' lang='lat' dir='ltr'>haec</span> <span class='ocrx_word' id='word_1_103' title='bbox 1407 2729 1577 2797; x_wconf 85' lang='lat' dir='ltr'>ratio</span> <span class='ocrx_word' id='word_1_104' title='bbox 1607 2736 1708 2797; x_wconf 88' lang='lat' dir='ltr'>est</span> <span class='ocrx_word' id='word_1_105' title='bbox 1737 2730 1955 2822; x_wconf 81' lang='lat' dir='ltr'>magis</span> <span class='ocrx_word' id='word_1_106' title='bbox 1974 2728 2256 2821; x_wconf 75' lang='lat' dir='ltr'>physica</span> 
     </span>
     <span class='ocr_line' id='line_1_16' title="bbox 711 2835 2255 2933; baseline -0.003 -25"><span class='ocrx_word' id='word_1_107' title='bbox 711 2836 1366 2933; x_wconf 79' lang='lat' dir='ltr'>quampraecedenS,</span> <span class='ocrx_word' id='word_1_108' title='bbox 1413 2844 1475 2905; x_wconf 89' lang='lat' dir='ltr'>et</span> <span class='ocrx_word' id='word_1_109' title='bbox 1506 2835 1825 2905; x_wconf 75' lang='lat' dir='ltr'>fundetur</span> <span class='ocrx_word' id='word_1_110' title='bbox 1860 2858 2066 2928; x_wconf 88' lang='lat' dir='ltr'>super</span> <span class='ocrx_word' id='word_1_111' title='bbox 2086 2835 2255 2905; x_wconf 79' lang='lat' dir='ltr'>duas</span> 
     </span>
     <span class='ocr_line' id='line_1_17' title="bbox 709 2942 2251 3040; baseline -0.004 -24"><span class='ocrx_word' id='word_1_112' title='bbox 709 2947 1214 3040; x_wconf 80' lang='lat' dir='ltr'>propositiones</span> <span class='ocrx_word' id='word_1_113' title='bbox 1278 2966 1429 3035; x_wconf 83' lang='lat' dir='ltr'>quae</span> <span class='ocrx_word' id='word_1_114' title='bbox 1476 2966 1615 3011; x_wconf 90' lang='lat' dir='ltr'>non</span> <span class='ocrx_word' id='word_1_115' title='bbox 1672 2942 1782 3013; x_wconf 84' lang='lat' dir='ltr'>hic</span> <span class='ocrx_word' id='word_1_116' title='bbox 1847 2942 2251 3035; x_wconf 80' lang='lat' dir='ltr'>probantur,</span> 
     </span>
     <span class='ocr_line' id='line_1_18' title="bbox 711 3053 1889 3144; baseline -0.003 -19"><span class='ocrx_word' id='word_1_117' title='bbox 711 3054 830 3125; x_wconf 84' lang='lat' dir='ltr'>sed</span> <span class='ocrx_word' id='word_1_118' title='bbox 876 3053 1306 3144; x_wconf 77' lang='lat' dir='ltr'>accipiuntur</span> <span class='ocrx_word' id='word_1_119' title='bbox 1344 3061 1417 3119; x_wconf 92' lang='lat' dir='ltr'>ut</span> <span class='ocrx_word' id='word_1_120' title='bbox 1443 3075 1562 3144; x_wconf 89' lang='lat' dir='ltr'>per</span> <span class='ocrx_word' id='word_1_121' title='bbox 1589 3075 1660 3122; x_wconf 88' lang='lat' dir='ltr'>se</span> <span class='ocrx_word' id='word_1_122' title='bbox 1685 3060 1889 3121; x_wconf 83' lang='lat' dir='ltr'>notae.</span> 
     </span>
    </p>

    <p class='ocr_par' dir='ltr' id='par_1_10' title="bbox 700 3160 2267 4229">
     <span class='ocr_line' id='line_1_19' title="bbox 801 3160 2258 3254; baseline -0.003 -20"><span class='ocrx_word' id='word_1_123' title='bbox 801 3164 1027 3234; x_wconf 71' lang='lat' dir='ltr'>Pnum</span> <span class='ocrx_word' id='word_1_124' title='bbox 1091 3160 1470 3254; x_wconf 81' lang='lat' dir='ltr'>propositio</span> <span class='ocrx_word' id='word_1_125' title='bbox 1526 3170 1652 3244; x_wconf 88' lang='lat' dir='ltr'>est,</span> <span class='ocrx_word' id='word_1_126' title='bbox 1729 3162 1912 3254; x_wconf 87' lang='lat' dir='ltr'>quod</span> <span class='ocrx_word' id='word_1_127' title='bbox 1992 3161 2258 3232; x_wconf 88' lang='lat' dir='ltr'>nullum</span> 
     </span>
     <span class='ocr_line' id='line_1_20' title="bbox 712 3269 2253 3366; baseline -0.003 -22"><span class='ocrx_word' id='word_1_128' title='bbox 712 3297 960 3366; x_wconf 80' lang='lat' dir='ltr'>eorpus</span> <span class='ocrx_word' id='word_1_129' title='bbox 999 3280 1102 3340; x_wconf 89' lang='lat' dir='ltr'>est</span> <span class='ocrx_word' id='word_1_130' title='bbox 1149 3271 1358 3353; x_wconf 86' lang='lat' dir='ltr'>Deus,</span> <span class='ocrx_word' id='word_1_131' title='bbox 1408 3279 1475 3339; x_wconf 89' lang='lat' dir='ltr'>et</span> <span class='ocrx_word' id='word_1_132' title='bbox 1530 3269 1661 3340; x_wconf 86' lang='lat' dir='ltr'>hoc</span> <span class='ocrx_word' id='word_1_133' title='bbox 1709 3271 2036 3364; x_wconf 82' lang='lat' dir='ltr'>probatur</span> <span class='ocrx_word' id='word_1_134' title='bbox 2098 3274 2196 3341; x_wconf 80' lang='lat' dir='ltr'>sie</span> <span class='ocrx_word' id='word_1_135' title='bbox 2238 3295 2253 3339; x_wconf 91' lang='lat'>:</span> 
     </span>
     <span class='ocr_line' id='line_1_21' title="bbox 709 3380 2260 3470; baseline -0.001 -19"><span class='ocrx_word' id='word_1_136' title='bbox 709 3381 994 3451; x_wconf 82' lang='lat' dir='ltr'>Nullum</span> <span class='ocrx_word' id='word_1_137' title='bbox 1024 3402 1273 3470; x_wconf 83' lang='lat' dir='ltr'>corpus</span> <span class='ocrx_word' id='word_1_138' title='bbox 1299 3387 1528 3447; x_wconf 77' lang='lat' dir='ltr'>movet</span> <span class='ocrx_word' id='word_1_139' title='bbox 1556 3380 1981 3449; x_wconf 80' lang='lat' dir='ltr'>nisi&#39;motum</span> <span class='ocrx_word' id='word_1_140' title='bbox 2008 3402 2260 3450; x_wconf 83' lang='lat' dir='ltr'>:omne</span> 
     </span>
     <span class='ocr_line' id='line_1_22' title="bbox 703 3487 2254 3556; baseline -0.001 0"><span class='ocrx_word' id='word_1_141' title='bbox 703 3510 992 3556; x_wconf 78' lang='lat' dir='ltr'>movens</span> <span class='ocrx_word' id='word_1_142' title='bbox 1035 3493 1306 3554; x_wconf 88' lang='lat' dir='ltr'>motum</span> <span class='ocrx_word' id='word_1_143' title='bbox 1336 3493 1441 3553; x_wconf 87' lang='lat' dir='ltr'>est</span> <span class='ocrx_word' id='word_1_144' title='bbox 1494 3508 1778 3555; x_wconf 80' lang='lat' dir='ltr'>movens</span> <span class='ocrx_word' id='word_1_145' title='bbox 1824 3487 2202 3555; x_wconf 87' lang='lat' dir='ltr'>secundum</span> <span class='ocrx_word' id='word_1_146' title='bbox 2236 3507 2254 3556; x_wconf 71' lang='grc' dir='ltr'><strong>ε</strong></span> 
     </span>
     <span class='ocr_line' id='line_1_23' title="bbox 701 3600 2262 3685; baseline -0.002 -23"><span class='ocrx_word' id='word_1_147' title='bbox 701 3616 864 3685; x_wconf 83' lang='lat' dir='ltr'>ergo</span> <span class='ocrx_word' id='word_1_148' title='bbox 904 3614 1156 3684; x_wconf 81' lang='lat' dir='ltr'>corpus</span> <span class='ocrx_word' id='word_1_149' title='bbox 1190 3613 1476 3660; x_wconf 80' lang='lat' dir='ltr'>movens</span> <span class='ocrx_word' id='word_1_150' title='bbox 1529 3600 1791 3660; x_wconf 88' lang='lat' dir='ltr'>motum</span> <span class='ocrx_word' id='word_1_151' title='bbox 1839 3602 1942 3662; x_wconf 89' lang='lat' dir='ltr'>est</span> <span class='ocrx_word' id='word_1_152' title='bbox 1972 3615 2262 3663; x_wconf 85' lang='lat' dir='ltr'>movens</span> 
     </span>
     <span class='ocr_line' id='line_1_24' title="bbox 701 3701 2260 3793; baseline -0.001 -21"><span class='ocrx_word' id='word_1_153' title='bbox 701 3701 1110 3785; x_wconf 81' lang='lat' dir='ltr'>secundum,</span> <span class='ocrx_word' id='word_1_154' title='bbox 1179 3711 1247 3770; x_wconf 88' lang='lat' dir='ltr'>et</span> <span class='ocrx_word' id='word_1_155' title='bbox 1314 3725 1454 3769; x_wconf 88' lang='lat' dir='ltr'>non</span> <span class='ocrx_word' id='word_1_156' title='bbox 1520 3701 1841 3793; x_wconf 72' lang='lat' dir='ltr'>priunum.</span> <span class='ocrx_word' id='word_1_157' title='bbox 1915 3703 2260 3772; x_wconf 66' lang='lat' dir='ltr'>l‘nonxrro</span> 
     </span>
     <span class='ocr_line' id='line_1_25' title="bbox 700 3808 2260 3902; baseline 0 -24"><span class='ocrx_word' id='word_1_158' title='bbox 700 3810 923 3902; x_wconf 78' lang='lat' dir='ltr'>prima</span> <span class='ocrx_word' id='word_1_159' title='bbox 953 3817 1083 3894; x_wconf 88' lang='lat' dir='ltr'>est,</span> <span class='ocrx_word' id='word_1_160' title='bbox 1149 3808 1335 3900; x_wconf 87' lang='lat' dir='ltr'>quod</span> <span class='ocrx_word' id='word_1_161' title='bbox 1386 3832 1590 3878; x_wconf 86' lang='lat' dir='ltr'>omne</span> <span class='ocrx_word' id='word_1_162' title='bbox 1646 3833 1893 3902; x_wconf 85' lang='lat' dir='ltr'>corpus</span> <span class='ocrx_word' id='word_1_163' title='bbox 1970 3834 2260 3880; x_wconf 81' lang='lat' dir='ltr'>movens</span> 
     </span>
     <span class='ocr_line' id='line_1_26' title="bbox 700 3918 2266 4011; baseline 0.001 -24"><span class='ocrx_word' id='word_1_164' title='bbox 700 3918 1143 4011; x_wconf 82' lang='lat' dir='ltr'>componitur</span> <span class='ocrx_word' id='word_1_165' title='bbox 1172 3939 1259 3985; x_wconf 83' lang='lat' dir='ltr'>ex</span> <span class='ocrx_word' id='word_1_166' title='bbox 1294 3928 1562 3986; x_wconf 86' lang='lat' dir='ltr'>motore</span> <span class='ocrx_word' id='word_1_167' title='bbox 1601 3926 1667 3987; x_wconf 88' lang='lat' dir='ltr'>et</span> <span class='ocrx_word' id='word_1_168' title='bbox 1696 3918 1960 3998; x_wconf 85' lang='lat' dir='ltr'>mobili,</span> <span class='ocrx_word' id='word_1_169' title='bbox 2019 3928 2092 3987; x_wconf 88' lang='lat' dir='ltr'>ut</span> <span class='ocrx_word' id='word_1_170' title='bbox 2121 3942 2266 3988; x_wconf 79' lang='lat' dir='ltr'>cm-</span> 
     </span>
     <span class='ocr_line' id='line_1_27' title="bbox 705 4025 2267 4119; baseline 0.001 -25"><span class='ocrx_word' id='word_1_171' title='bbox 705 4026 873 4108; x_wconf 90' lang='lat' dir='ltr'>lum,</span> <span class='ocrx_word' id='word_1_172' title='bbox 945 4036 1012 4095; x_wconf 89' lang='lat' dir='ltr'>et</span> <span class='ocrx_word' id='word_1_173' title='bbox 1079 4027 1312 4095; x_wconf 77' lang='lat' dir='ltr'>omnia</span> <span class='ocrx_word' id='word_1_174' title='bbox 1371 4026 1738 4107; x_wconf 76' lang='lat' dir='ltr'>moventia,</span> <span class='ocrx_word' id='word_1_175' title='bbox 1821 4035 1895 4095; x_wconf 89' lang='lat' dir='ltr'>ut</span> <span class='ocrx_word' id='word_1_176' title='bbox 1973 4025 2267 4119; x_wconf 77' lang='lat' dir='ltr'>probant</span> 
     </span>
     <span class='ocr_line' id='line_1_28' title="bbox 706 4135 2267 4229; baseline -0.001 -25"><span class='ocrx_word' id='word_1_177' title='bbox 706 4135 1164 4229; x_wconf 83' lang='lat' dir='ltr'>Philosophi:</span> <span class='ocrx_word' id='word_1_178' title='bbox 1226 4159 1381 4206; x_wconf 83' lang='lat' dir='ltr'>cum</span> <span class='ocrx_word' id='word_1_179' title='bbox 1431 4138 1635 4227; x_wconf 85' lang='lat' dir='ltr'>igitur</span> <span class='ocrx_word' id='word_1_180' title='bbox 1688 4135 1872 4205; x_wconf 84' lang='lat' dir='ltr'>Deus</span> <span class='ocrx_word' id='word_1_181' title='bbox 1903 4138 1992 4205; x_wconf 85' lang='lat' dir='ltr'>sit</span> <span class='ocrx_word' id='word_1_182' title='bbox 2047 4138 2267 4226; x_wconf 79' lang='lat' dir='ltr'>prima</span> 
     </span>
    </p>
   </div>
   <div class='ocr_carea' id='block_1_9' title="bbox 2352 1534 3926 4226">
    <p class='ocr_par' dir='ltr' id='par_1_11' title="bbox 2352 1534 3912 1846">
     <span class='ocr_line' id='line_1_29' title="bbox 2352 1534 3908 1627; baseline -0.007 -17"><span class='ocrx_word' id='word_1_183' title='bbox 2352 1565 2559 1611; x_wconf 82' lang='lat' dir='ltr'>causa</span> <span class='ocrx_word' id='word_1_184' title='bbox 2591 1562 2877 1608; x_wconf 87' lang='lat' dir='ltr'>movens</span> <span class='ocrx_word' id='word_1_185' title='bbox 2911 1562 3049 1607; x_wconf 89' lang='lat' dir='ltr'>non</span> <span class='ocrx_word' id='word_1_186' title='bbox 3092 1547 3281 1606; x_wconf 84' lang='lat' dir='ltr'>mota</span> <span class='ocrx_word' id='word_1_187' title='bbox 3318 1538 3522 1627; x_wconf 85' lang='lat' dir='ltr'>(siout</span> <span class='ocrx_word' id='word_1_188' title='bbox 3554 1535 3716 1603; x_wconf 83' lang='lat' dir='ltr'>dicit</span> <span class='ocrx_word' id='word_1_189' title='bbox 3748 1534 3908 1600; x_wconf 86' lang='lat' dir='ltr'>Boe·</span> 
     </span>
     <span class='ocr_line' id='line_1_30' title="bbox 2355 1643 3912 1738; baseline -0.007 -21"><span class='ocrx_word' id='word_1_190' title='bbox 2355 1652 2532 1717; x_wconf 89' lang='lat' dir='ltr'>tius:</span> <span class='ocrx_word' id='word_1_191' title='bbox 2580 1646 2997 1738; x_wconf 86' lang='lat' dir='ltr'>Stabilisque</span> <span class='ocrx_word' id='word_1_192' title='bbox 3027 1667 3319 1713; x_wconf 78' lang='lat' dir='ltr'>manens</span> <span class='ocrx_word' id='word_1_193' title='bbox 3348 1643 3464 1712; x_wconf 85' lang='lat' dir='ltr'>dat</span> <span class='ocrx_word' id='word_1_194' title='bbox 3491 1650 3731 1712; x_wconf 79' lang='lat' dir='ltr'>cuncta</span> <span class='ocrx_word' id='word_1_195' title='bbox 3766 1662 3912 1706; x_wconf 85' lang='lat' dir='ltr'>mo-</span> 
     </span>
     <span class='ocr_line' id='line_1_31' title="bbox 2354 1753 3642 1846; baseline -0.007 -21"><span class='ocrx_word' id='word_1_196' title='bbox 2354 1758 2528 1846; x_wconf 86' lang='lat' dir='ltr'>veri)</span> <span class='ocrx_word' id='word_1_197' title='bbox 2556 1778 2696 1824; x_wconf 89' lang='lat' dir='ltr'>non</span> <span class='ocrx_word' id='word_1_198' title='bbox 2723 1762 2950 1846; x_wconf 91' lang='lat' dir='ltr'>potest</span> <span class='ocrx_word' id='word_1_199' title='bbox 2975 1753 3164 1822; x_wconf 89' lang='lat' dir='ltr'>Deus</span> <span class='ocrx_word' id='word_1_200' title='bbox 3194 1774 3344 1822; x_wconf 85' lang='lat' dir='ltr'>esse</span> <span class='ocrx_word' id='word_1_201' title='bbox 3373 1773 3642 1841; x_wconf 85' lang='lat' dir='ltr'>eorpus.</span> 
     </span>
    </p>

    <p class='ocr_par' dir='ltr' id='par_1_12' title="bbox 2357 1857 3926 4226">
     <span class='ocr_line' id='line_1_32' title="bbox 2450 1857 3913 1954; baseline -0.007 -22"><span class='ocrx_word' id='word_1_202' title='bbox 2450 1864 2758 1932; x_wconf 62' lang='lat' dir='ltr'>Saeuum</span> <span class='ocrx_word' id='word_1_203' title='bbox 2834 1861 3211 1954; x_wconf 85' lang='lat' dir='ltr'>propositio</span> <span class='ocrx_word' id='word_1_204' title='bbox 3289 1869 3414 1945; x_wconf 89' lang='lat' dir='ltr'>est,</span> <span class='ocrx_word' id='word_1_205' title='bbox 3478 1857 3658 1949; x_wconf 88' lang='lat' dir='ltr'>quod</span> <span class='ocrx_word' id='word_1_206' title='bbox 3736 1858 3913 1923; x_wconf 86' lang='lat' dir='ltr'>Deus</span> 
     </span>
     <span class='ocr_line' id='line_1_33' title="bbox 2357 1964 3913 2060; baseline -0.007 -21"><span class='ocrx_word' id='word_1_207' title='bbox 2357 1995 2500 2039; x_wconf 89' lang='lat' dir='ltr'>non</span> <span class='ocrx_word' id='word_1_208' title='bbox 2531 1973 2617 2039; x_wconf 88' lang='lat' dir='ltr'>sit</span> <span class='ocrx_word' id='word_1_209' title='bbox 2643 1969 2994 2038; x_wconf 80' lang='lat' dir='ltr'>mutabilis</span> <span class='ocrx_word' id='word_1_210' title='bbox 3039 1968 3346 2060; x_wconf 78' lang='lat' dir='ltr'>spiritu5‚</span> <span class='ocrx_word' id='word_1_211' title='bbox 3391 1974 3457 2034; x_wconf 89' lang='lat' dir='ltr'>et</span> <span class='ocrx_word' id='word_1_212' title='bbox 3502 1965 3634 2034; x_wconf 86' lang='lat' dir='ltr'>hoc</span> <span class='ocrx_word' id='word_1_213' title='bbox 3664 1964 3913 2055; x_wconf 77' lang='lat' dir='ltr'>probu-</span> 
     </span>
     <span class='ocr_line' id='line_1_34' title="bbox 2359 2071 3913 2169; baseline -0.006 -21"><span class='ocrx_word' id='word_1_214' title='bbox 2359 2071 2472 2148; x_wconf 87' lang='lat' dir='ltr'>tur</span> <span class='ocrx_word' id='word_1_215' title='bbox 2509 2080 2605 2147; x_wconf 87' lang='lat' dir='ltr'>sic</span> <span class='ocrx_word' id='word_1_216' title='bbox 2641 2101 2656 2147; x_wconf 74' lang='grc' dir='ltr'>ε</span> <span class='ocrx_word' id='word_1_217' title='bbox 2701 2076 2942 2145; x_wconf 90' lang='lat' dir='ltr'>Omnis</span> <span class='ocrx_word' id='word_1_218' title='bbox 2970 2077 3249 2169; x_wconf 88' lang='lat' dir='ltr'>spiritus</span> <span class='ocrx_word' id='word_1_219' title='bbox 3297 2072 3645 2142; x_wconf 77' lang='lat' dir='ltr'>mutabilis</span> <span class='ocrx_word' id='word_1_220' title='bbox 3694 2079 3913 2141; x_wconf 83' lang='lat' dir='ltr'>muta·</span> 
     </span>
     <span class='ocr_line' id='line_1_35' title="bbox 2363 2184 3915 2279; baseline -0.005 -23"><span class='ocrx_word' id='word_1_221' title='bbox 2363 2199 2474 2256; x_wconf 87' lang='lat' dir='ltr'>tur</span> <span class='ocrx_word' id='word_1_222' title='bbox 2520 2210 2641 2279; x_wconf 89' lang='lat' dir='ltr'>per</span> <span class='ocrx_word' id='word_1_223' title='bbox 2715 2209 2816 2271; x_wconf 89' lang='lat' dir='ltr'>se,</span> <span class='ocrx_word' id='word_1_224' title='bbox 2884 2184 2994 2254; x_wconf 84' lang='lat' dir='ltr'>vel</span> <span class='ocrx_word' id='word_1_225' title='bbox 3042 2207 3167 2275; x_wconf 88' lang='lat' dir='ltr'>per</span> <span class='ocrx_word' id='word_1_226' title='bbox 3211 2184 3573 2253; x_wconf 81' lang='lat' dir='ltr'>accidens:</span> <span class='ocrx_word' id='word_1_227' title='bbox 3618 2184 3915 2274; x_wconf 88' lang='lat' dir='ltr'>primum</span> 
     </span>
     <span class='ocr_line' id='line_1_36' title="bbox 2362 2300 3918 2382; baseline -0.005 -17"><span class='ocrx_word' id='word_1_228' title='bbox 2362 2318 2651 2364; x_wconf 78' lang='lat' dir='ltr'>movens</span> <span class='ocrx_word' id='word_1_229' title='bbox 2683 2316 2822 2361; x_wconf 88' lang='lat' dir='ltr'>non</span> <span class='ocrx_word' id='word_1_230' title='bbox 2861 2300 3168 2361; x_wconf 79' lang='lat' dir='ltr'>mutatur</span> <span class='ocrx_word' id='word_1_231' title='bbox 3207 2313 3327 2382; x_wconf 90' lang='lat' dir='ltr'>per</span> <span class='ocrx_word' id='word_1_232' title='bbox 3360 2313 3458 2372; x_wconf 90' lang='lat' dir='ltr'>se,</span> <span class='ocrx_word' id='word_1_233' title='bbox 3501 2313 3626 2358; x_wconf 83' lang='lat' dir='ltr'>neo</span> <span class='ocrx_word' id='word_1_234' title='bbox 3656 2313 3774 2381; x_wconf 87' lang='lat' dir='ltr'>per</span> <span class='ocrx_word' id='word_1_235' title='bbox 3803 2314 3918 2358; x_wconf 79' lang='lat' dir='ltr'>ae-</span> 
     </span>
     <span class='ocr_line' id='line_1_37' title="bbox 2363 2400 3919 2492; baseline -0.004 -20"><span class='ocrx_word' id='word_1_236' title='bbox 2363 2403 2645 2473; x_wconf 84' lang='lat' dir='ltr'>eidens:</span> <span class='ocrx_word' id='word_1_237' title='bbox 2709 2423 2871 2492; x_wconf 85' lang='lat' dir='ltr'>ergo</span> <span class='ocrx_word' id='word_1_238' title='bbox 2926 2400 3225 2490; x_wconf 89' lang='lat' dir='ltr'>primum</span> <span class='ocrx_word' id='word_1_239' title='bbox 3277 2420 3562 2465; x_wconf 85' lang='lat' dir='ltr'>movens</span> <span class='ocrx_word' id='word_1_240' title='bbox 3616 2420 3754 2466; x_wconf 90' lang='lat' dir='ltr'>non</span> <span class='ocrx_word' id='word_1_241' title='bbox 3820 2407 3919 2466; x_wconf 91' lang='lat' dir='ltr'>est</span> 
     </span>
     <span class='ocr_line' id='line_1_38' title="bbox 2363 2505 3917 2600; baseline -0.004 -20"><span class='ocrx_word' id='word_1_242' title='bbox 2363 2510 2713 2580; x_wconf 80' lang='lat' dir='ltr'>mutabilis</span> <span class='ocrx_word' id='word_1_243' title='bbox 2741 2510 3043 2600; x_wconf 78' lang='lat' dir='ltr'>spiritus,</span> <span class='ocrx_word' id='word_1_244' title='bbox 3071 2506 3407 2576; x_wconf 71' lang='lat' dir='ltr'>l‘nonmo</span> <span class='ocrx_word' id='word_1_245' title='bbox 3438 2505 3678 2574; x_wconf 79' lang='lat' dir='ltr'>mediae</span> <span class='ocrx_word' id='word_1_246' title='bbox 3714 2529 3729 2574; x_wconf 91' lang='lat'>:</span> <span class='ocrx_word' id='word_1_247' title='bbox 3760 2505 3917 2575; x_wconf 74' lang='lat' dir='ltr'>Pri·-</span> 
     </span>
     <span class='ocr_line' id='line_1_39' title="bbox 2364 2613 3913 2686; baseline -0.003 0"><span class='ocrx_word' id='word_1_248' title='bbox 2364 2642 2555 2686; x_wconf 88' lang='lat' dir='ltr'>mum</span> <span class='ocrx_word' id='word_1_249' title='bbox 2607 2640 2896 2685; x_wconf 77' lang='lat' dir='ltr'>movens</span> <span class='ocrx_word' id='word_1_250' title='bbox 2951 2624 3053 2684; x_wconf 87' lang='lat' dir='ltr'>est</span> <span class='ocrx_word' id='word_1_251' title='bbox 3116 2637 3405 2682; x_wconf 80' lang='lat' dir='ltr'>movens</span> <span class='ocrx_word' id='word_1_252' title='bbox 3461 2613 3651 2681; x_wconf 87' lang='lat' dir='ltr'>nullo</span> <span class='ocrx_word' id='word_1_253' title='bbox 3709 2616 3913 2683; x_wconf 84' lang='lat' dir='ltr'>modo</span> 
     </span>
     <span class='ocr_line' id='line_1_40' title="bbox 2366 2727 3917 2828; baseline -0.003 -30"><span class='ocrx_word' id='word_1_254' title='bbox 2366 2737 2634 2798; x_wconf 88' lang='lat' dir='ltr'>motum</span> <span class='ocrx_word' id='word_1_255' title='bbox 2670 2750 2686 2796; x_wconf 76' lang='grc' dir='ltr'><strong><em>ε</em></strong></span> <span class='ocrx_word' id='word_1_256' title='bbox 2722 2750 2901 2828; x_wconf 39' lang='lat' dir='ltr'>ergo·</span> <span class='ocrx_word' id='word_1_257' title='bbox 2929 2747 3054 2796; x_wconf 84' lang='lat' dir='ltr'>nec</span> <span class='ocrx_word' id='word_1_258' title='bbox 3081 2749 3204 2818; x_wconf 88' lang='lat' dir='ltr'>per</span> <span class='ocrx_word' id='word_1_259' title='bbox 3256 2749 3353 2804; x_wconf 87' lang='lat' dir='ltr'>se,</span> <span class='ocrx_word' id='word_1_260' title='bbox 3406 2747 3532 2795; x_wconf 80' lang='lat' dir='ltr'>neo</span> <span class='ocrx_word' id='word_1_261' title='bbox 3572 2747 3695 2817; x_wconf 86' lang='lat' dir='ltr'>per</span> <span class='ocrx_word' id='word_1_262' title='bbox 3739 2727 3917 2795; x_wconf 80' lang='lat' dir='ltr'>acci-</span> 
     </span>
     <span class='ocr_line' id='line_1_41' title="bbox 2367 2836 3918 2931; baseline -0.002 -21"><span class='ocrx_word' id='word_1_263' title='bbox 2367 2841 2560 2910; x_wconf 77' lang='lat' dir='ltr'>dens,</span> <span class='ocrx_word' id='word_1_264' title='bbox 2592 2841 2809 2909; x_wconf 83' lang='lat' dir='ltr'>Detur</span> <span class='ocrx_word' id='word_1_265' title='bbox 2834 2839 3045 2918; x_wconf 88' lang='lat' dir='ltr'>enim,</span> <span class='ocrx_word' id='word_1_266' title='bbox 3080 2836 3266 2930; x_wconf 87' lang='lat' dir='ltr'>quod</span> <span class='ocrx_word' id='word_1_267' title='bbox 3295 2838 3594 2931; x_wconf 85' lang='lat' dir='ltr'>primum</span> <span class='ocrx_word' id='word_1_268' title='bbox 3634 2861 3918 2907; x_wconf 76' lang='lat' dir='ltr'>movens</span> 
     </span>
     <span class='ocr_line' id='line_1_42' title="bbox 2366 2946 3918 3038; baseline -0.001 -21"><span class='ocrx_word' id='word_1_269' title='bbox 2366 2957 2670 3018; x_wconf 86' lang='lat' dir='ltr'>mutetur</span> <span class='ocrx_word' id='word_1_270' title='bbox 2697 2971 2819 3038; x_wconf 88' lang='lat' dir='ltr'>per</span> <span class='ocrx_word' id='word_1_271' title='bbox 2847 2946 3185 3033; x_wconf 68' lang='lat' dir='ltr'>accidens»,</span> <span class='ocrx_word' id='word_1_272' title='bbox 3235 2946 3491 3015; x_wconf 87' lang='lat' dir='ltr'>scilicet</span> <span class='ocrx_word' id='word_1_273' title='bbox 3531 2956 3725 3015; x_wconf 88' lang='lat' dir='ltr'>motu</span> <span class='ocrx_word' id='word_1_274' title='bbox 3755 2947 3918 3017; x_wconf 81' lang='lat' dir='ltr'>alte-</span> 
     </span>
     <span class='ocr_line' id='line_1_43' title="bbox 2373 3057 3920 3148; baseline -0.002 -23"><span class='ocrx_word' id='word_1_275' title='bbox 2373 3060 2537 3137; x_wconf 79' lang='lat' dir='ltr'>rius,</span> <span class='ocrx_word' id='word_1_276' title='bbox 2571 3060 2747 3126; x_wconf 76' lang='lat' dir='ltr'>sieut</span> <span class='ocrx_word' id='word_1_277' title='bbox 2784 3057 3014 3124; x_wconf 76' lang='lat' dir='ltr'>anima</span> <span class='ocrx_word' id='word_1_278' title='bbox 3066 3063 3260 3124; x_wconf 87' lang='lat' dir='ltr'>motu</span> <span class='ocrx_word' id='word_1_279' title='bbox 3308 3057 3639 3148; x_wconf 84' lang='lat' dir='ltr'>corporis,</span> <span class='ocrx_word' id='word_1_280' title='bbox 3691 3057 3920 3148; x_wconf 89' lang='lat' dir='ltr'>sequi-</span> 
     </span>
     <span class='ocr_line' id='line_1_44' title="bbox 2371 3163 3925 3259; baseline -0.002 -24"><span class='ocrx_word' id='word_1_281' title='bbox 2371 3166 2607 3259; x_wconf 90' lang='lat' dir='ltr'>quitur</span> <span class='ocrx_word' id='word_1_282' title='bbox 2646 3163 2831 3257; x_wconf 87' lang='lat' dir='ltr'>quod</span> <span class='ocrx_word' id='word_1_283' title='bbox 2868 3164 3168 3258; x_wconf 87' lang='lat' dir='ltr'>primum</span> <span class='ocrx_word' id='word_1_284' title='bbox 3199 3165 3286 3232; x_wconf 89' lang='lat' dir='ltr'>sit</span> <span class='ocrx_word' id='word_1_285' title='bbox 3329 3163 3716 3255; x_wconf 83' lang='lat' dir='ltr'>receptibile</span> <span class='ocrx_word' id='word_1_286' title='bbox 3747 3165 3925 3234; x_wconf 81' lang='lat' dir='ltr'>acci-</span> 
     </span>
     <span class='ocr_line' id='line_1_45' title="bbox 2371 3271 3924 3351; baseline -0.001 -11"><span class='ocrx_word' id='word_1_287' title='bbox 2371 3272 2663 3340; x_wconf 82' lang='lat' dir='ltr'>dentalis</span> <span class='ocrx_word' id='word_1_288' title='bbox 2714 3271 3138 3351; x_wconf 74' lang='lat' dir='ltr'>mutationiS,</span> <span class='ocrx_word' id='word_1_289' title='bbox 3210 3278 3276 3339; x_wconf 89' lang='lat' dir='ltr'>et</span> <span class='ocrx_word' id='word_1_290' title='bbox 3335 3271 3432 3339; x_wconf 86' lang='lat' dir='ltr'>sic</span> <span class='ocrx_word' id='word_1_291' title='bbox 3480 3293 3617 3339; x_wconf 89' lang='lat' dir='ltr'>non</span> <span class='ocrx_word' id='word_1_292' title='bbox 3676 3273 3801 3339; x_wconf 86' lang='lat' dir='ltr'>erit</span> <span class='ocrx_word' id='word_1_293' title='bbox 3857 3274 3924 3339; x_wconf 89' lang='lat' dir='ltr'>in</span> 
     </span>
     <span class='ocr_line' id='line_1_46' title="bbox 2374 3378 3924 3470; baseline -0.001 -21"><span class='ocrx_word' id='word_1_294' title='bbox 2374 3383 2637 3449; x_wconf 81' lang='lat' dir='ltr'>ratione</span> <span class='ocrx_word' id='word_1_295' title='bbox 2676 3380 2905 3470; x_wconf 87' lang='lat' dir='ltr'>primi,</span> <span class='ocrx_word' id='word_1_296' title='bbox 2942 3379 3100 3469; x_wconf 82' lang='lat' dir='ltr'>quia</span> <span class='ocrx_word' id='word_1_297' title='bbox 3137 3378 3438 3469; x_wconf 88' lang='lat' dir='ltr'>primum</span> <span class='ocrx_word' id='word_1_298' title='bbox 3497 3386 3597 3446; x_wconf 86' lang='lat' dir='ltr'>est</span> <span class='ocrx_word' id='word_1_299' title='bbox 3642 3382 3924 3448; x_wconf 88' lang='lat' dir='ltr'>omnino</span> 
     </span>
     <span class='ocr_line' id='line_1_47' title="bbox 2370 3483 3925 3576; baseline -0.001 -19"><span class='ocrx_word' id='word_1_300' title='bbox 2370 3488 2614 3557; x_wconf 87' lang='lat' dir='ltr'>eodem</span> <span class='ocrx_word' id='word_1_301' title='bbox 2655 3486 2862 3555; x_wconf 81' lang='lat' dir='ltr'>modo</span> <span class='ocrx_word' id='word_1_302' title='bbox 2889 3508 3163 3576; x_wconf 86' lang='lat' dir='ltr'>semper</span> <span class='ocrx_word' id='word_1_303' title='bbox 3206 3507 3279 3554; x_wconf 85' lang='lat' dir='ltr'>se</span> <span class='ocrx_word' id='word_1_304' title='bbox 3309 3483 3593 3555; x_wconf 75' lang='lat' dir='ltr'>babens.</span> <span class='ocrx_word' id='word_1_305' title='bbox 3651 3486 3750 3553; x_wconf 69' lang='lat' dir='ltr'>lix</span> <span class='ocrx_word' id='word_1_306' title='bbox 3800 3491 3925 3555; x_wconf 77' lang='lat' dir='ltr'>istu</span> 
     </span>
     <span class='ocr_line' id='line_1_48' title="bbox 2374 3594 3926 3665; baseline 0 -1"><span class='ocrx_word' id='word_1_307' title='bbox 2374 3598 2637 3665; x_wconf 77' lang='lat' dir='ltr'>ratione</span> <span class='ocrx_word' id='word_1_308' title='bbox 2685 3596 2767 3663; x_wconf 91' lang='lat' dir='ltr'>de</span> <span class='ocrx_word' id='word_1_309' title='bbox 2834 3596 3231 3663; x_wconf 82' lang='lat' dir='ltr'>necessitate</span> <span class='ocrx_word' id='word_1_310' title='bbox 3280 3594 3706 3663; x_wconf 84' lang='lat' dir='ltr'>concluditur</span> <span class='ocrx_word' id='word_1_311' title='bbox 3761 3596 3926 3664; x_wconf 89' lang='lat' dir='ltr'>ulte·</span> 
     </span>
     <span class='ocr_line' id='line_1_49' title="bbox 2371 3702 3921 3795; baseline 0 -23"><span class='ocrx_word' id='word_1_312' title='bbox 2371 3706 2540 3784; x_wconf 83' lang='lat' dir='ltr'>rius,</span> <span class='ocrx_word' id='word_1_313' title='bbox 2575 3702 2758 3795; x_wconf 82' lang='lat' dir='ltr'>quod</span> <span class='ocrx_word' id='word_1_314' title='bbox 2789 3702 2973 3770; x_wconf 87' lang='lat' dir='ltr'>Deus</span> <span class='ocrx_word' id='word_1_315' title='bbox 3022 3725 3160 3771; x_wconf 88' lang='lat' dir='ltr'>non</span> <span class='ocrx_word' id='word_1_316' title='bbox 3215 3713 3315 3772; x_wconf 90' lang='lat' dir='ltr'>est</span> <span class='ocrx_word' id='word_1_317' title='bbox 3353 3703 3570 3770; x_wconf 80' lang='lat' dir='ltr'>virtus</span> <span class='ocrx_word' id='word_1_318' title='bbox 3599 3702 3825 3794; x_wconf 81' lang='lat' dir='ltr'>aliqua</span> <span class='ocrx_word' id='word_1_319' title='bbox 3856 3706 3921 3771; x_wconf 89' lang='lat' dir='ltr'>iu</span> 
     </span>
     <span class='ocr_line' id='line_1_50' title="bbox 2372 3809 3917 3903; baseline -0.003 -22"><span class='ocrx_word' id='word_1_320' title='bbox 2372 3834 2684 3903; x_wconf 87' lang='lat' dir='ltr'>corpore,</span> <span class='ocrx_word' id='word_1_321' title='bbox 2730 3820 2800 3878; x_wconf 91' lang='lat' dir='ltr'>ut</span> <span class='ocrx_word' id='word_1_322' title='bbox 2843 3811 3098 3889; x_wconf 74' lang='lat' dir='ltr'>anima,</span> <span class='ocrx_word' id='word_1_323' title='bbox 3140 3812 3250 3878; x_wconf 78' lang='lat' dir='ltr'>vel</span> <span class='ocrx_word' id='word_1_324' title='bbox 3311 3809 3689 3878; x_wconf 82' lang='lat' dir='ltr'>intellectus</span> <span class='ocrx_word' id='word_1_325' title='bbox 3746 3812 3917 3890; x_wconf 70' lang='lat' dir='ltr'>coeli,</span> 
     </span>
     <span class='ocr_line' id='line_1_51' title="bbox 2374 3917 3921 4010; baseline -0.001 -24"><span class='ocrx_word' id='word_1_326' title='bbox 2374 3919 2552 3987; x_wconf 86' lang='lat' dir='ltr'>sicut</span> <span class='ocrx_word' id='word_1_327' title='bbox 2580 3918 2861 4010; x_wconf 80' lang='lat' dir='ltr'>quidam</span> <span class='ocrx_word' id='word_1_328' title='bbox 2893 3917 3297 4010; x_wconf 81' lang='lat' dir='ltr'>Philosophi</span> <span class='ocrx_word' id='word_1_329' title='bbox 3342 3919 3661 3988; x_wconf 83' lang='lat' dir='ltr'>dixerunt</span> <span class='ocrx_word' id='word_1_330' title='bbox 3702 3941 3718 3986; x_wconf 76' lang='grc' dir='ltr'><strong><em>ε</em></strong></span> <span class='ocrx_word' id='word_1_331' title='bbox 3764 3921 3921 4009; x_wconf 80' lang='lat' dir='ltr'>quia</span> 
     </span>
     <span class='ocr_line' id='line_1_52' title="bbox 2377 4028 3926 4119; baseline 0.001 -25"><span class='ocrx_word' id='word_1_332' title='bbox 2377 4028 2436 4095; x_wconf 86' lang='lat' dir='ltr'>si</span> <span class='ocrx_word' id='word_1_333' title='bbox 2468 4029 2557 4096; x_wconf 77' lang='lat' dir='ltr'>ita</span> <span class='ocrx_word' id='word_1_334' title='bbox 2589 4037 2790 4104; x_wconf 85' lang='lat' dir='ltr'>esset.</span> <span class='ocrx_word' id='word_1_335' title='bbox 2824 4038 3203 4098; x_wconf 80' lang='lat' dir='ltr'>mutaretur</span> <span class='ocrx_word' id='word_1_336' title='bbox 3229 4052 3351 4119; x_wconf 90' lang='lat' dir='ltr'>per</span> <span class='ocrx_word' id='word_1_337' title='bbox 3378 4029 3688 4097; x_wconf 81' lang='lat' dir='ltr'>accidens</span> <span class='ocrx_word' id='word_1_338' title='bbox 3719 4031 3926 4118; x_wconf 80' lang='lat' dir='ltr'>ipsius</span> 
     </span>
     <span class='ocr_line' id='line_1_53' title="bbox 2378 4133 3200 4226; baseline -0.001 -24"><span class='ocrx_word' id='word_1_339' title='bbox 2378 4133 2561 4225; x_wconf 83' lang='lat' dir='ltr'>quod</span> <span class='ocrx_word' id='word_1_340' title='bbox 2596 4158 2743 4201; x_wconf 87' lang='lat' dir='ltr'>esse</span> <span class='ocrx_word' id='word_1_341' title='bbox 2776 4157 2915 4203; x_wconf 87' lang='lat' dir='ltr'>non</span> <span class='ocrx_word' id='word_1_342' title='bbox 2954 4143 3200 4226; x_wconf 89' lang='lat' dir='ltr'>potest.</span> 
     </span>
    </p>
   </div>
   <div class='ocr_carea' id='block_1_10' title="bbox 1715 4595 2905 4683">
    <p class='ocr_par' dir='ltr' id='par_1_13' title="bbox 1715 4595 2905 4683">
     <span class='ocr_line' id='line_1_54' title="bbox 1715 4595 2905 4683; baseline -0.001 -14"><span class='ocrx_word' id='word_1_343' title='bbox 1715 4596 1809 4670; x_wconf 92' lang='lat' dir='ltr'>D.</span> <span class='ocrx_word' id='word_1_344' title='bbox 1873 4597 2132 4673; x_wconf 77' lang='lat' dir='ltr'>Tertia</span> <span class='ocrx_word' id='word_1_345' title='bbox 2171 4597 2396 4683; x_wconf 80' lang='lat' dir='ltr'>ratio,</span> <span class='ocrx_word' id='word_1_346' title='bbox 2455 4595 2580 4671; x_wconf 75' lang='lat' dir='ltr'>vel</span> <span class='ocrx_word' id='word_1_347' title='bbox 2605 4595 2905 4670; x_wconf 82' lang='lat' dir='ltr'>modus.</span> 
     </span>
    </p>
   </div>
   <div class='ocr_carea' id='block_1_11' title="bbox 701 4930 3929 5167">
    <p class='ocr_par' dir='ltr' id='par_1_14' title="bbox 701 4930 3929 5167">
     <span class='ocr_line' id='line_1_55' title="bbox 799 4930 3920 5030; baseline 0.001 -25"><span class='ocrx_word' id='word_1_348' title='bbox 799 4931 1758 5007; x_wconf 81' lang='lat' dir='ltr'>Consideraveruntetiam</span> <span class='ocrx_word' id='word_1_349' title='bbox 1792 4930 2169 5030; x_wconf 84' lang='lat' dir='ltr'>quidquid</span> <span class='ocrx_word' id='word_1_350' title='bbox 2211 4942 2329 5007; x_wconf 83' lang='lat' dir='ltr'>est</span> <span class='ocrx_word' id='word_1_351' title='bbox 2362 4931 2436 5006; x_wconf 87' lang='lat' dir='ltr'>in</span> <span class='ocrx_word' id='word_1_352' title='bbox 2492 4932 2973 5024; x_wconf 72' lang='lat' dir='ltr'>substantiis,</span> <span class='ocrx_word' id='word_1_353' title='bbox 3034 4932 3153 5007; x_wconf 78' lang='lat' dir='ltr'>vel</span> <span class='ocrx_word' id='word_1_354' title='bbox 3209 4955 3495 5030; x_wconf 85' lang='lat' dir='ltr'>corpus</span> <span class='ocrx_word' id='word_1_355' title='bbox 3544 4956 3741 5026; x_wconf 78' lang='lat' dir='ltr'>esse,</span> <span class='ocrx_word' id='word_1_356' title='bbox 3804 4934 3920 5008; x_wconf 78' lang='lat' dir='ltr'>vel</span> 
     </span>
     <span class='ocr_line' id='line_1_56' title="bbox 701 5065 3929 5167; baseline -0.001 -26"><span class='ocrx_word' id='word_1_357' title='bbox 701 5066 1057 5165; x_wconf 87' lang='lat' dir='ltr'>spiritum</span> <span class='ocrx_word' id='word_1_358' title='bbox 1105 5090 1123 5141; x_wconf 78' lang='lat'>2</span> <span class='ocrx_word' id='word_1_359' title='bbox 1162 5066 1593 5164; x_wconf 86' lang='lat' dir='ltr'>meliusque</span> <span class='ocrx_word' id='word_1_360' title='bbox 1652 5065 1948 5163; x_wconf 78' lang='lat' dir='ltr'>aliquid</span> <span class='ocrx_word' id='word_1_361' title='bbox 1987 5065 2343 5164; x_wconf 84' lang='lat' dir='ltr'>spiritum</span> <span class='ocrx_word' id='word_1_362' title='bbox 2392 5090 2562 5143; x_wconf 90' lang='lat' dir='ltr'>esse</span> <span class='ocrx_word' id='word_1_363' title='bbox 2594 5091 2829 5166; x_wconf 82' lang='lat' dir='ltr'>quam</span> <span class='ocrx_word' id='word_1_364' title='bbox 2864 5093 3174 5167; x_wconf 82' lang='lat' dir='ltr'>corpuS,</span> <span class='ocrx_word' id='word_1_365' title='bbox 3221 5067 3353 5143; x_wconf 84' lang='lat' dir='ltr'>sed</span> <span class='ocrx_word' id='word_1_366' title='bbox 3391 5069 3617 5166; x_wconf 79' lang='lat' dir='ltr'>longe</span> <span class='ocrx_word' id='word_1_367' title='bbox 3652 5069 3929 5145; x_wconf 78' lang='lat' dir='ltr'>melio-</span> 
     </span>
    </p>
   </div>
   <div class='ocr_carea' id='block_1_12' title="bbox 707 5200 2098 5301">
    <p class='ocr_par' dir='ltr' id='par_1_15' title="bbox 707 5200 2098 5301">
     <span class='ocr_line' id='line_1_57' title="bbox 707 5200 2098 5301; baseline -0.001 -26"><span class='ocrx_word' id='word_1_368' title='bbox 707 5223 869 5276; x_wconf 87' lang='lat' dir='ltr'>rem</span> <span class='ocrx_word' id='word_1_369' title='bbox 906 5203 1038 5301; x_wconf 89' lang='lat' dir='ltr'>qui</span> <span class='ocrx_word' id='word_1_370' title='bbox 1073 5200 1428 5300; x_wconf 83' lang='lat' dir='ltr'>spiritum</span> <span class='ocrx_word' id='word_1_371' title='bbox 1474 5201 1645 5276; x_wconf 79' lang='lat' dir='ltr'>fecit</span> <span class='ocrx_word' id='word_1_372' title='bbox 1675 5211 1747 5276; x_wconf 86' lang='lat' dir='ltr'>et</span> <span class='ocrx_word' id='word_1_373' title='bbox 1786 5225 2098 5299; x_wconf 77' lang='lat' dir='ltr'>corpus,</span> 
     </span>
    </p>
   </div>
   <div class='ocr_carea' id='block_1_13' title="bbox 782 5477 2407 5553">
    <p class='ocr_par' dir='ltr' id='par_1_16' title="bbox 782 5477 2407 5553">
     <span class='ocr_line' id='line_1_58' title="bbox 782 5477 2407 5553; baseline -0.002 -16"><span class='ocrx_word' id='word_1_374' title='bbox 782 5484 798 5518; x_wconf 83' lang='lat'>¹</span> <span class='ocrx_word' id='word_1_375' title='bbox 831 5480 887 5538; x_wconf 91' lang='lat' dir='ltr'>S.</span> <span class='ocrx_word' id='word_1_376' title='bbox 920 5484 1297 5547; x_wconf 61' lang='lat' dir='ltr'>Auens-rmus,</span> <span class='ocrx_word' id='word_1_377' title='bbox 1333 5478 1454 5537; x_wconf 85' lang='lat' dir='ltr'>Lib.</span> <span class='ocrx_word' id='word_1_378' title='bbox 1492 5477 1618 5535; x_wconf 78' lang='lat' dir='ltr'>vlu</span> <span class='ocrx_word' id='word_1_379' title='bbox 1646 5478 1718 5534; x_wconf 85' lang='lat' dir='ltr'>de</span> <span class='ocrx_word' id='word_1_380' title='bbox 1749 5479 1995 5537; x_wconf 74' lang='lat' dir='ltr'>Civitate</span> <span class='ocrx_word' id='word_1_381' title='bbox 2030 5478 2157 5549; x_wconf 89' lang='lat' dir='ltr'>Dei,</span> <span class='ocrx_word' id='word_1_382' title='bbox 2188 5495 2318 5553; x_wconf 78' lang='lat' dir='ltr'>cap.</span> <span class='ocrx_word' id='word_1_383' title='bbox 2352 5482 2407 5535; x_wconf 80' lang='lat'>6.</span> 
     </span>
    </p>
   </div>
  </div>
 </body>
</html>
