4897 6388
683 322 838 406 538,
1662 327 1747 399 D.
1798 326 1996 428 ALB.
2047 324 2265 412 MAG,
2319 325 2523 394 ORD.
2580 325 2877 395 PRAED.

687 479 1274 572 similitudinem
1326 497 1526 574 inter
1568 523 1692 575 res
1749 481 2251 599 sempiternas
2308 511 2384 577 et
2438 523 2560 576 res
2623 499 3088 598 temporales
3137 495 3633 597 perpendens
3671 495 3903 571 Joan-

683 651 850 725 neS,
941 631 1546 709 universalitatis
1622 617 1718 710 et*
1771 632 2392 734 particularitatis
2460 634 2798 728 nomina,
2867 656 3045 731 quae
3128 630 3363 708 rebus
3446 628 3902 729 temporali-

679 761 827 839 bus
856 767 1167 866 proprie
1209 770 1708 864 conveniunt‚
1754 771 1847 845 ad
1896 793 2017 846 res
2049 780 2378 846 aeternas
2431 770 2841 846 transtulit.
2880 769 3369 868 Augustinus
3413 791 3598 843 vero
3667 764 3900 862 majo-

678 922 838 976 rem
869 903 1146 980 videns
1191 904 1892 982 dissimilitudinem
1933 929 2163 1005 quam
2231 906 2815 985 similitudinem
2868 907 3067 983 inter
3110 930 3234 982 res
3284 904 3726 1004 praedictaS‚
3796 900 3892 974 ab

676 1039 1131 1116 excellentia
1166 1040 1556 1118 Trinitatis
1586 1042 1952 1142 praedicta
1977 1044 2293 1119 nomina
2323 1044 2672 1120 removit.

1189 1569 1274 1644 P.
1333 1579 1453 1646 Ea:
1492 1592 1637 1670 quo
1675 1591 1899 1645 sensu
1943 1570 2231 1647 dixerit
2253 1593 2628 1670 personas
2656 1568 2973 1669 differre
3009 1593 3363 1648 numero.

767 1901 989 1990 Quod
1042 1918 1300 1984 autem
1358 1908 1698 1982 Joannes
1763 1905 1942 1981 dicit
1998 1907 2448 2005 hypostases
2506 1904 2809 1981 diss'erre
2871 1931 3227 2005 numero,
3300 1932 3458 1984 non
3515 1918 3792 1983 natura
3856 1928 3872 1980 ε

669 2033 750 2111 in
818 2062 910 2115 eo
979 2042 1188 2140 quod
1263 2066 1417 2118 non
1498 2041 1802 2118 differre
1864 2051 2138 2117 natura
2212 2041 2813 2137 ait‚'verissi1ne
2853 2052 2929 2118 ct
2973 2044 3143 2120 sine
3185 2046 3556 2145 scrupulo
3619 2043 3879 2142 loqui-

663 2181 813 2250 tur.
850 2176 1073 2265 Quod
1111 2202 1296 2255 vero
1337 2179 1521 2254 dicit
1559 2178 1863 2254 differre
1896 2201 2244 2266 numero,
2288 2178 2717 2254 cavendum
2759 2189 2875 2255 est
2924 2181 3317 2279 quomodo
3365 2180 3867 2277 intelligatur.

663 2310 1008 2393 Diversis
1047 2315 1254 2393 enirn
1291 2316 1534 2392 modis
1573 2315 1937 2392 dicuntur
1965 2313 2225 2415 aliqua
2253 2313 2555 2391 differre
2588 2338 2939 2393 numero,

663 2824 751 2916 Q.
815 2825 1106 2919 Quibus
1161 2827 1412 2904 modis
1464 2825 1824 2904 dicantur
1881 2822 2196 2925 differre
2252 2847 2601 2920 numero,
2668 2830 2743 2900 et
2791 2823 3214 2902 secundum
3268 2849 3496 2926 quem
3555 2826 3874 2903 modum

1721 2960 1970 3062 possit
1995 2960 2405 3038 convenire
2419 2958 2803 3061 personis.

749 3322 1136 3400 Dicuntur
1190 3322 1395 3398 enim
1465 3320 1725 3420 aliqua
1781 3320 2082 3398 differre
2124 3343 2478 3417 numero,
2548 3320 2858 3420 quando
2917 3320 3022 3396 ita
3091 3319 3490 3422 differunt,
3583 3334 3668 3401 ut
3720 3324 3863 3397 hoc

658 3482 809 3536 non
871 3460 970 3537 sit
1044 3460 1264 3556 illud,
1338 3482 1479 3537 nec
1553 3458 1841 3558 aliquid
1918 3457 2123 3557 quod
2201 3457 2390 3533 illud
2461 3468 2603 3552 est,
2672 3458 2794 3534 vel
2862 3456 2937 3531 in
3000 3456 3169 3558 ipso
3228 3468 3348 3534 est
3432 3484 3449 3537 :
3533 3460 3870 3559 qualiter

653 3593 1017 3675 differunt
1090 3597 1448 3674 Socrates
1508 3605 1581 3671 et
1648 3595 1893 3689 Plato,
1972 3605 2044 3670 et
2102 3592 2574 3693 hujusmodi,
2644 3616 2821 3693 quoe
2880 3594 3084 3695 apud
3155 3594 3680 3698 Philosophos
3748 3597 3865 3671 di·

654 3745 938 3811 cuntur
986 3732 1383 3810 individua
1423 3733 1543 3808 vel
1605 3729 2093 3832 particularia
2164 3753 2182 3806 ε
2234 3728 2455 3829 juxta
2491 3753 2722 3829 quem
2766 3731 3079 3806 modum
3135 3753 3291 3806 non
3338 3743 3663 3832 possunt
3712 3733 3861 3807 dici

656 3880 810 3947 tres
872 3892 1227 3973 personae
1285 3865 1591 3944 differre
1659 3888 2006 3942 numero.
2064 3865 2448 3942 Dicuntur
2519 3889 2830 3966 quoque
2887 3866 3195 3944 diss'erre
3256 3891 3617 3961 numero,
3685 3891 3862 3968 quae

655 4002 731 4080 in
799 4002 1385 4083 enumeratione
1452 4002 1615 4079 sive
1682 4000 2250 4101 computatione
2320 4025 2470 4078 non
2553 4002 2699 4078 sibi
2794 4001 3363 4101 adjunguntur,
3457 4005 3591 4081 sed
3663 4028 3705 4080 a
3779 4027 3861 4081 se

656 4138 986 4217 invicem
1065 4138 1613 4215 discernuntur
1673 4160 1691 4212 :
1754 4147 1831 4211 ut
1880 4158 2052 4212 cum
2123 4136 2216 4212 de
2275 4136 2663 4235 aliquibus
2723 4135 2955 4213 rebus
3021 4138 3432 4237 loquentes
3499 4138 3859 4233 dicimus,

655 4297 833 4363 una,
902 4275 1109 4365 duee,
1190 4283 1344 4349 tres
1414 4296 1431 4348 t
1490 4284 1564 4348 et
1629 4271 2051 4347 secundum
2122 4272 2330 4348 hunc
2423 4272 2733 4347 modum
2802 4274 2992 4349 sorte
3047 4273 3238 4349 dixit
3307 4274 3652 4350 Joannes
3722 4278 3865 4375 hy-

650 4418 1029 4509 postaseS,
1119 4407 1192 4483 id
1266 4419 1406 4497 est,
1497 4429 1865 4509 personas
1951 4406 2256 4483 diss’erre
2329 4430 2678 4483 numero.
2769 4408 3199 4483 Possumus
3293 4409 3500 4484 enim
3571 4410 3857 4503 «licere,

651 4543 883 4621 Pater
969 4552 1086 4622 est
1172 4566 1404 4638 unus,
1486 4553 1560 4619 et
1635 4543 1859 4618 Pater
1930 4551 2000 4618 et
2082 4541 2318 4617 Filius
2394 4553 2576 4618 sunt
2626 4543 2808 4633 duo,
2879 4553 2953 4618 et
3024 4544 3255 4621 Pater
3326 4554 3401 4620 et
3485 4545 3727 4622 Filius
3783 4557 3855 4621 et

651 4678 985 4778 Spiritus
1053 4689 1367 4756 sanctus
1432 4690 1613 4753 sunt
1666 4687 1843 4754 tres.
1909 4678 1997 4753 Et
2058 4678 2264 4773 item,
2330 4678 2510 4752 Hinc
2569 4701 2898 4778 persona
2930 4688 3044 4754 est
3091 4681 3580 4767 una,etha=c
3621 4692 3693 4756 et
3727 4682 3857 4757 illa

647 4827 828 4889 sunt
870 4817 1076 4912 duae,
1121 4826 1189 4892 et
1239 4814 1400 4889 baec.
1446 4824 1516 4889 et
1562 4814 1689 4888 illa
1749 4821 1821 4888 et
1880 4812 2026 4887 alia
2087 4824 2268 4887 sunt
2308 4822 2487 4887 tres,
2534 4814 3145 4890 Convenientius
3198 4824 3453 4891 tamen
3493 4826 3647 4890 tres
3701 4815 3854 4890 inm

646 4974 997 5049 personat*¹
1054 4947 1651 5052 proprietatibus
1710 4957 2001 5022 tantum
2041 4944 2406 5044 distingui
2450 4946 2813 5023 dicuntur
2854 4971 2871 5025 t
2919 4948 3014 5024 de
3056 4970 3390 5047 quarum
3435 4950 3856 5025 distinctio·

643 5108 738 5162 ne
778 5086 1206 5164 secundum
1251 5084 1755 5185 proprietates
1796 5082 1867 5156 in
1911 5082 2261 5180 sequenti
2293 5082 2808 5158 tractabitur¹.

734 5220 961 5296 Nunc
1016 5241 1200 5296 vero
1232 5218 1327 5295 ad
1372 5219 1754 5317 inceptum
1802 5215 2228 5311 redeamus,
2262 5240 2437 5316 quoe
2470 5218 2662 5293 dicta
2698 5228 2881 5293 sunt
2915 5228 3377 5317 repetentes,
3436 5229 3516 5292 ut
3558 5220 3846 5319 smpius

637 5357 1020 5434 versando
1063 5355 1516 5432 familiarius
1556 5354 2060 5428 innotescant.

703 5693 721 5728 ¹
752 5690 838 5747 Cf.
868 5688 1050 5760 Infra,
1079 5688 1227 5749 nist.
1258 5689 1449 5749 XXVI.
