4897 6388
1874 293 1998 409 ‘IN
2047 292 2069 359 ι
2127 286 2553 359 SENTENT.
2604 281 2830 354 DlsT.
2887 282 2970 359 v,
3025 281 3114 364 K,
3168 281 3364 358 ΛΒΤ.
3417 282 3482 348 9.

1228 474 1303 542 Si
1336 478 1610 564 propter
1647 468 1778 535 hoc
1836 465 2119 539 dicatur,
2182 458 2366 550 quod
2414 452 2689 545 copulat

1132 592 1413 675 propter
1489 577 1620 643 hoc
1722 571 2156 640 dilectionem
2223 561 2682 633 essentialem.

1135 692 1412 760 CONTRA
1445 710 1460 755 :
2022 760 2027 763 ⁴

1229 799 1288 865 1.
1318 792 1743 884 Augustinus
1772 787 2053 878 exponit
2082 785 2176 851 sic
2209 806 2225 848 ε
2272 781 2420 848 Filii
2456 780 2561 847 sui
2592 778 2686 845 di-

1132 905 1313 981 lecti,
1359 903 1428 968 in
1459 900 1591 967 alia
1638 897 2064 987 expositione
2108 914 2123 958 :
2179 889 2405 958 dilecti
2457 895 2683 954 autem

1132 1011 1296 1078 dicit
1340 1008 1775 1076 dilectionem
1834 1024 1968 1092 qua
2028 1000 2226 1066 Pater
2286 995 2512 1084 diligit
2568 990 2686 1059 Fi-

1133 1117 1329 1197 lium,
1364 1122 1430 1182 et
1459 1136 1593 1204 qua
1650 1110 1858 1177 Filius
1908 1107 2131 1197 diligit
2173 1103 2443 1170 Patrem
2489 1121 2504 1166 ε
2572 1097 2686 1163 illa

1123 1233 1362 1293 'autem
1420 1219 1789 1290 notionalis
1829 1225 1952 1296 est,
2014 1214 2174 1305 quia
2213 1211 2328 1278 illa
2382 1205 2689 1300 procedit

1132 1334 1217 1402 ab
1249 1333 1414 1424 ipsis
1458 1333 1529 1398 in
1570 1336 1903 1420 quantum
1952 1345 2166 1390 unum
2213 1326 2370 1387 sunt
2422 1318 2492 1384 in
2532 1315 2684 1383 dili-

1129 1440 1355 1533 gendo
1392 1463 1409 1509 ε
1453 1460 1616 1529 ergo
1663 1435 1960 1511 videtur,
2012 1429 2195 1522 quod
2233 1425 2508 1518 copulet
2560 1446 2683 1490 no-

1118 1549 1459 1618 ‘tionalem
1501 1545 1960 1614 dilectionem.

1119 1685 1125 1689 ·
1217 1661 1283 1724 2.
1329 1657 1694 1732 Praeterea,
1732 1650 1805 1719 Si
1846 1672 2011 1741 pure
2049 1647 2298 1715 diceret
2353 1641 2687 1710 essentia-

1126 1765 1290 1846 lem,
1341 1785 1581 1832 sensus
1622 1769 1810 1829 esset·
1853 1756 2041 1826 verbi
2099 1749 2437 1843 Apostoli,
2499 1746 2683 1838 quod

1116 1882 1306 1942 vesset
1343 1871 1654 1941 essentiae
1687 1867 1920 1934 Filius.

1214 2083 1506 2153 Videtur
1545 2089 1773 2149 autem
1815 2076 2122 2153 ulterius,
2169 2069 2353 2163 quod
2409 2068 2681 2160 copulet

1113 2205 1522 2284 utrumque.

1124 2329 1127 2334 ·
1220 2305 1280 2370 t.
1314 2299 1485 2370 Cum
1540 2298 1723 2365 enim
1754 2295 1918 2363 dicit
1965 2288 2362 2383 Apostolus,
2407 2285 2494 2354 ad
2544 2283 2681 2353 Co-

1123 2408 1290 2478 loss,
1353 2431 1401 2489 ι,
1456 2408 1557 2483 13,
1612 2403 1789 2471 unde
1830 2400 2120 2469 trahitur
2175 2396 2306 2463 hoc
2361 2391 2673 2468 verbum,

1129 2517 1514 2591 Transtulit
1543 2538 1690 2593 nos,
1723 2521 1881 2589 etc.,
1916 2506 2248 2600 significat
2284 2526 2408 2571 nos
2460 2510 2682 2570 trans-

1124 2627 1284 2696 ferri
1317 2629 1384 2694 in
1427 2645 1715 2715 regnum
1753 2643 1768 2688 ε
1813 2641 1952 2686 non
2001 2624 2226 2683 autem
2276 2612 2352 2679 fit
2388 2608 2673 2679 transla-

1126 2738 1221 2805 tio
1262 2734 1392 2802 nisi
1433 2731 1836 2800 dilectorum
1867 2750 1906 2795 a
1934 2725 2256 2816 diligente
2293 2741 2309 2790 t
2344 2741 2507 2811 ergo
2539 2741 2678 2785 non

1123 2846 1202 2913 tit
1240 2840 1594 2912 translatio
1646 2838 1774 2905 nisi
1823 2859 1943 2926 per
1990 2832 2425 2901 dilectionem
2482 2850 2681 2896 com-

1117 2971 1407 3032 munem
1448 2944 1819 3036 diligentis,
1854 2949 1918 3009 et
1947 2938 2350 3008 dilectorum
2388 2957 2403 3001 ε
2456 2931 2683 3000 chari-

1125 3069 1228 3128 tas
1268 3065 1498 3126 autern
1541 3050 1928 3121 communis
1958 3054 2056 3116 est
2098 3046 2166 3112 in
2213 3065 2344 3134 qua
2375 3039 2678 3132 procedit

1126 3164 1425 3257 Spiritus
1464 3170 1737 3229 sanctus
1768 3157 1853 3226 ad
1902 3150 2455 3223 sanctificandam
2503 3170 2681 3216 crea·

1122 3283 1348 3345 turam
1389 3266 1926 3340 transferendam
1983 3286 1998 3331 :
2052 3262 2258 3353 igitur
2296 3280 2452 3326 cum
2501 3267 2682 3324 tem-

1113 3381 1381 3474 -poralis
1424 3376 1767 3470 processio
1804 3375 1870 3442 in
1924 3370 2269 3439 intellectu
2317 3387 2442 3434 suo
2488 3363 2683 3431 clau-

1122 3491 1236 3560 dat
1302 3496 1653 3567 aeternatn,
1733 3486 1801 3550 in
1885 3477 2233 3549 communi
2320 3474 2680 3542 dilectione

1126 3598 1469 3669 clauditur
1492 3595 1764 3688 propria
1786 3586 2192 3659 notionalis:
2222 3593 2282 3651 et
2310 3583 2406 3650 sic
2437 3590 2685 3649 utram·

1127 3731 1260 3800 que
1294 3705 1729 3772 dilectionem
1766 3700 2111 3790 importat.

1214 3818 1279 3880 2.
1338 3811 1533 3891 ltern,
1598 3808 1742 3876 lloc
1790 3805 2117 3895 accipitur
2173 3824 2254 3868 ex
2315 3797 2521 3866 modo
2581 3796 2680 3864 lo-

1123 3918 1375 4012 quendi
1415 3939 1571 3984 cum
1631 3914 1901 3985 dicitur,
1970 3904 2348 3977 Translulit
2412 3927 2535 3971 nos
2612 3905 2679 3970 in

1124 4048 1410 4118 requiem
1446 4023 1618 4091 Filii
1646 4019 2007 4087 clem-itatis
2032 4037 2046 4083 :
2076 4037 2209 4080 non
2242 4012 2425 4079 enim
2469 4020 2683 4077 trans-

1124 4135 1436 4203 feruntur
1493 4131 1618 4198 nisi
1677 4127 1792 4195 tilii
1846 4123 2232 4216 adoptionis
2281 4122 2348 4187 in
2392 4141 2679 4209 regnum

1114 4241 1274 4311 ‘Filii
1320 4250 1559 4309 natura
1606 4259 1620 4303 τ
1667 4258 1831 4325 ergo
1862 4232 2208 4302 charitatis
2256 4235 2448 4295 actus
2482 4235 2683 4293 nota-

1121 4358 1235 4417 tur
1262 4348 1546 4415 transire
1590 4348 1658 4411 in
1706 4344 1948 4410 Filium
1983 4348 2245 4413 natura,
2289 4346 2353 4405 et
2388 4336 2457 4403 in
2500 4357 2626 4401 nos
2662 4355 2676 4401 :

1126 4459 1196 4526 in
1227 4456 1475 4524 Filium
1517 4462 1743 4520 autem
1777 4460 2019 4518 natura
2059 4447 2297 4517 transit
2328 4452 2520 4513 actus
2561 4465 2686 4509 no-

1126 4562 1427 4645 tionalis,
1463 4562 1619 4652 quia
1667 4560 1864 4626 Pater
1893 4556 2113 4647 diligit
2146 4554 2390 4621 Filium
2425 4551 2685 4642 Spiritu

1127 4681 1388 4751 sancte,
1452 4678 1514 4738 et
1555 4693 1590 4738 e
1641 4689 1972 4736 converso
2044 4686 2059 4730 τ
2132 4663 2200 4730 in
2260 4684 2386 4729 nos
2454 4668 2684 4728 autem

1124 4779 1366 4847 transit
1422 4775 1696 4844 dilectio
1739 4770 2114 4842 essentialis
2163 4765 2686 4861 appropriabilis

1130 4889 1419 4980 Spiritui
1468 4893 1701 4955 sancto
1737 4885 1803 4952 in
1846 4904 1982 4974 quo
2023 4883 2260 4949 nititur
2310 4900 2326 4949 ε
2381 4901 2544 4970 ergo
2577 4878 2687 4944 vi-

1127 4996 1349 5077 detur,
1392 4995 1578 5087 quod
1618 5002 1774 5071 stat.
1826 5001 1891 5060 et
1940 5013 2064 5083 pro
2112 4987 2456 5059 essentiali
2516 4986 2688 5054 dile-

4201 281 4315 366 219
4318 280 4346 345 1

2807 451 3053 528 ctione,
3097 458 3162 518 et
3191 473 3313 540 pro
3352 451 3707 519 notionali.
3746 452 3891 520 Hoc
3929 428 4130 519 etiam
4171 449 4385 518 vide-.

2799 567 2909 624 tur
2957 581 3043 626 ex
3110 558 3591 645 conjunctione
3647 557 3937 626 duarum
3992 560 4352 649 expositio·

2801 688 2962 732 num
3026 666 3393 756 Augustini
3484 687 3499 732 ε
3581 666 3722 754 ipse
3799 667 3980 732 enim
4066 666 4349 756 exponit

2798 773 3107 857 dicendo,
3155 773 3337 863 quod
3391 774 3569 841 Filii
3603 773 3960 839 charitatis
4006 771 4184 839 idem
4243 781 4347 839 est

2798 880 2980 970 quod
3022 880 3169 946 Filii
3197 880 3709 957 suae..essentiae,
3753 888 3818 946 et
3851 878 4000 946 Filii
4053 878 4279 945 dilecti
4326 899 4340 943 :

2796 995 2862 1054 et
2891 1010 2972 1054 ex
3005 1010 3142 1054 una
3180 988 3602 1077 expositione
3651 989 3975 1077 accipitur
4020 985 4341 1053 substan-

2795 1096 2972 1163 tialis
3002 1095 3300 1178 dilectio,
3349 1117 3434 1161 ex
3472 1094 3603 1161 alia
3652 1102 3879 1161 autem
3921 1092 4286 1161 notionalis
4319 1114 4334 1159 :

2796 1225 2955 1292 ergo
2989 1208 3119 1269 stat
3154 1225 3274 1292 pro
3317 1210 3624 1292 utraque.

2799 1295 2805 1300 ⁸
2886 1309 3017 1376 San
3063 1333 3314 1377 CONTRA
3370 1332 3385 1376 ε

2795 1439 2935 1484 non
2972 1426 3072 1485 est
3106 1417 3434 1485 utendum
3464 1417 3808 1507 aequivoce
3845 1437 3859 1482 ε
3905 1415 4023 1483 sed
4055 1415 4179 1483 iste
4209 1424 4339 1484 ter·

2794 1527 3019 1593 minus
3075 1525 3433 1593 charitatis
3499 1524 3706 1610 semel
3764 1525 4054 1591 sumitur
4115 1526 4337 1616 :ergo

2795 1656 2931 1701 non
2961 1641 3091 1701 stat
3121 1634 3191 1700 in
3220 1630 3471 1722 duplici
3512 1632 4034 1723 significatione.

2884 1842 3190 1911 Somno.
3246 1839 3408 1909 Sine
3439 1839 3828 1931 praejudicio
3880 1840 4227 1907 consentio
4266 1837 4339 1906 in

2793 1950 2965 2019 hanc
2992 1959 3279 2041 partem,
3315 1948 3500 2040 quod
3533 1948 3601 2039 ly
3655 1948 4015 2016 charitatis
4066 1944 4342 2036 copulat

2791 2057 2900 2126 hic
2939 2067 3297 2148 utramque
3320 2057 3779 2136 dilectionem,
3822 2054 4074 2123 'scilicet
4104 2063 4170 2122 et
4209 2075 4343 2121 no-

2791 2166 3141 2251 tionalem,
3184 2175 3250 2234 et
3287 2163 3740 2242 essentialem,
3798 2166 3969 2231 sicut
4026 2161 4342 2230 videntur

2789 2276 3066 2341 innuere
3106 2273 3567 2363 expositiones
3623 2272 3997 2363 Augustini
4055 2272 4111 2337 si
4171 2291 4342 2337 con-

2780 2380 3158 2471 jungantur
3219 2403 3233 2446 :
3296 2379 3418 2447 sed
3474 2374 3746 2468 copulat
3805 2375 4229 2445 essentialem
4271 2375 4340 2442 in

2788 2498 2994 2568 rect0,
3070 2498 3136 2557 et
3213 2487 3630 2555 notionalem
3712 2489 3778 2553 in
3846 2485 4148 2576 obliquo.
4218 2483 4342 2552 Est

2788 2601 2970 2665 enim
3000 2619 3242 2665 sensus
3278 2618 3293 2663 :
3326 2593 3698 2663 Transtulit
3730 2617 3853 2662 nos
3882 2616 4002 2684 per
4036 2585 4339 2661 charita-'-

2789 2717 2925 2777 tem
2971 2729 3407 2776 communem
3452 2707 3519 2774 in
3570 2728 3856 2797 regnum
3897 2704 4044 2772 Filii
4094 2704 4226 2784 sui,
4270 2704 4340 2770 in

2789 2839 2989 2906 quem
3021 2825 3088 2883 et
3127 2838 3167 2883 a
3196 2838 3332 2906 quo
3379 2813 3678 2905 procedit
3730 2812 4027 2895 dilectio,
4085 2812 4156 2878 in
4203 2832 4342 2902 qua

2786 2925 2984 2992 datur
3016 2923 3213 2991 nobis
3243 2923 3514 2991 dilectio
3564 2920 3933 2989 charitatis.
3970 2918 4051 2987 Et
4090 2941 4340 2987 secun·

2788 3033 2949 3100 dum
2976 3030 3150 3100 hane
3183 3033 3629 3099 intentionem
3654 3050 3792 3096 non
3824 3028 4126 3119 sequitur
4154 3024 4339 3118 quod

2789 3140 2995 3209 Filius
3027 3142 3114 3209 sit
3146 3140 3355 3208 Filius
3389 3138 3686 3231 Spiritus
3707 3139 3920 3206 sancti
3955 3159 3972 3205 :
4011 3136 4168 3228 quia
4196 3158 4339 3205 non

2787 3250 2947 3318 dicit
2975 3249 3163 3318 illam
3194 3246 3594 3317 charitatem
3629 3250 3694 3314 in
3737 3255 3946 3324 recto,
4000 3245 4118 3314 sed
4155 3246 4343 3327 coin·

2790 3359 3114 3449 telligitur
3181 3359 3248 3425 in
3306 3357 3459 3423 ista.
3507 3355 3648 3424 Nec
3725 3357 3930 3424 etiam
4003 3353 4334 3443 sequitur,

2793 3466 2976 3558 quod
3011 3465 3220 3534 Filius
3276 3467 3362 3531 sit
3420 3464 3657 3555 poprie
3699 3462 3907 3530 Filius
3963 3461 4271 3528 essentia!
4319 3481 4334 3525 :

2794 3578 2950 3667 quia
2989 3583 3264 3666 propter
3292 3573 3643 3640 notionem
3694 3570 4112 3659 intelligitur,
4156 3568 4340 3660 quod

2793 3687 3082 3756 charitas
3104 3686 3186 3752 sit
3222 3683 3396 3764 Filii,
3420 3684 3593 3751 sicut
3615 3682 3767 3771 ejus
3796 3683 3909 3772 qui
3941 3704 4019 3747 ea
4050 3680 4341 3748 nectitur

2793 3818 2946 3863 cum
2991 3793 3187 3862 Patre
3227 3814 3405 3858 nexu
3437 3791 3553 3881 qui
3594 3800 3694 3858 est
3734 3790 3819 3857 ab
3852 3798 4162 3878 utroque.

2880 3902 2983 3966 An
3032 3921 3326 3968 varmum
3366 3896 3754 3978 dicendum,
3815 3894 3997 3986 quod
4045 3894 4337 3962 charitas

2793 4034 2927 4079 non
2961 4010 3286 4099 accipitur
3328 4008 3610 4075 omuino
3651 4007 4025 4096 mquivoce,
4063 4000 4335 4094 quando

2791 4119 3083 4187 sumitur
3120 4140 3242 4207 pro
3293 4114 3635 4183 essentiali
3693 4122 3756 4180 et
3812 4110 4142 4181 notionali
4188 4134 4206 4180 ι
4254 4132 4337 4180 eo

2793 4226 2973 4318 quod
3025 4248 3157 4293 una
3209 4223 3576 4293 includitur
3626 4225 3691 4290 in
3741 4222 3898 4304 alia,
3948 4224 4119 4291 sicut
4174 4242 4339 4312 pro-

2792 4338 3016 4427 prium
3067 4336 3133 4403 in
3182 4334 3617 4426 appropriato
3664 4355 3679 4401 :
3723 4355 3899 4400 unus
3956 4339 4185 4399 autem
4217 4330 4340 4417 Δἐπι·

2793 4444 3097 4513 tellectus
3155 4441 3529 4511 secundum
3589 4450 3816 4508 actum
3876 4439 4043 4508 bene
4096 4437 4340 4528 accipit

2795 4555 3143 4645 proprium
3213 4553 3280 4618 in
3356 4549 3817 4640 appropriato,
3888 4548 4042 4638 quia
4123 4568 4339 4614 unum

2796 4662 3048 4730 claudit
3080 4663 3147 4728 in
3189 4684 3258 4727 se
3290 4658 3469 4726 aliud
3509 4679 3523 4723 ε
3570 4658 3663 4724 sic
3695 4665 4078 4724 autemnon
4118 4664 4215 4722 est
4256 4654 4340 4722 de

2795 4794 2961 4863 pure
3002 4768 3398 4861 aequivocis,
3434 4768 3502 4833 in
3536 4766 3666 4833 illis
3697 4766 3878 4834 enim
3908 4785 4047 4831 non
4077 4761 4343 4830 claudi-

2795 4889 2906 4949 tur
2932 4902 3148 4948 unuin
3188 4879 3257 4946 in
3299 4875 3433 4944 alio
3474 4874 3843 4944 secundum
3888 4869 4336 4940 intellectum.

3446 1308 3761 1376 Termino
3810 1308 4019 1375 semel
4065 1315 4337 1398 sumpto
4367 1345 4460 1392 sed
4486 1351 4668 1393 eontra.
4765 1345 4768 1346 ⁷

4420 1882 4622 1932 Sotuuo.
4673 1937 4678 1940 ,

4390 3924 4461 3970 Ad
4484 3922 4637 3970 ntum.

4431 3980 4606 4036 object.
