4897 6388
1915 248 2006 313 ΙΝ
2057 248 2082 329 Ι
2135 247 2575 331 SENTENT„
2614 247 2832 315 DIST.
2891 247 2942 322 Ι,
2997 246 3050 323 Ι,
3100 246 3298 311 ART.
3353 247 3462 313 23.
3873 268 3876 269 ⁷
4066 302 4122 356 ,⁸
4203 243 4284 357 :51

2830 412 3137 482 Somno.
3217 414 3429 482 Actus
3504 417 3774 506 proprie
3839 409 4287 505 personarum
4349 432 4589 481 solutio.

724 4902 1016 4956 Qumtiune.

1573 655 1812 703 ntvislo
1856 656 2119 702 Texrus.

1174 872 1209 907 a
1239 834 1565 913 omnium
1587 844 1803 933 iqilur
1833 865 1979 934 qua:
2000 840 2183 907 dicta
2210 848 2393 918 sunl,
2420 848 2546 907 etc.
2586 865 2619 906 a

1080 954 1211 1021 Hic
1238 955 1433 1045 ponit
1466 954 1855 1046 epilogum:
1891 959 1967 1017 .et
2031 950 2350 1030 secundo,
2385 949 2623 1017 dividit

1078 1062 1314 1130 utilia:
1385 1073 1453 1131 et
1490 1064 1713 1145 tertio,
1784 1060 1941 1127 dicit
1971 1058 2274 1126 ordinem
2313 1082 2448 1149 quo
2480 1057 2627 1124 vult

1077 1172 1361 1263 exsequi
1418 1172 1501 1239 de
1532 1170 1733 1237 rebus
1776 1179 1839 1236 et
1871 1167 1951 1234 de
1988 1169 2238 1257 signis:
2283 1176 2348 1233 et
2385 1166 2454 1232 in
2494 1163 2623 1232 hoc

1081 1279 1488 1347 terminatur
1524 1278 1655 1345 ista
1683 1277 2047 1346 distinctio·

1171 1389 1440 1457 Littera
1481 1393 1668 1477 patet
1696 1407 1815 1476 per
1841 1408 1934 1452 se.

1387 1770 1427 1846 J
1466 1817 1967 1889 Aawcunus
2017 1816 2269 1884 xxm.

1080 2040 1191 2108 An
1215 2061 1341 2130 per
1368 2059 1597 2104 omnes
1612 2038 1951 2128 potentias
1970 2035 2217 2102 anima:
2249 2034 2568 2123 fruemur
2593 2033 2634 2102 ?

1174 2352 1420 2424 Incidit
1492 2352 1605 2420 hic
1669 2351 1947 2419 dubium
2022 2350 2289 2418 difficile
2353 2348 2434 2416 de
2501 2349 2632 2419 hoc

1080 2440 1269 2555 quod
1326 2461 1536 2530 dicit:
1615 2461 1802 2528 Inter
1863 2482 1974 2527 eas
2046 2457 2317 2549 quidem
2382 2457 2631 2549 quibus

1082 2570 1414 2640 utendum
1443 2579 1564 2653 est,
1608 2576 1739 2637 etc.
1785 2596 1817 2630 »
1855 2565 2138 2635 Videtur
2170 2568 2349 2635 enim
2382 2589 2465 2635 ex
2498 2564 2625 2635 hoc

1080 2678 1265 2771 quod
1312 2677 1631 2771 potentiis
1690 2674 2110 2744 naturalibus
2173 2674 2499 2759 fruamur,
2554 2674 2620 2743 id

1079 2795 1205 2866 est,
1288 2809 1408 2878 per
1491 2784 1670 2876 ipsas
1731 2805 1747 2853 :
1816 2793 1883 2852 et
1958 2784 2300 2875 quaeritur,
2378 2783 2625 2851 [trum

1076 2917 1197 2985 per
1236 2915 1500 2972 omneS,
1552 2900 1669 2959 aut
1706 2914 1827 2984 per
1879 2890 2261 2982 quasdam?
2308 2890 2387 2959 Et
2442 2890 2628 2958 vide-

1078 3010 1212 3079 tur,
1249 2999 1435 3092 quod
1464 3021 1586 3090 per
1622 2996 1950 3088 quasdam
1983 3020 2063 3066 ex
2104 2997 2457 3087 praedictis.

1179 3106 1317 3176 Sed
1346 3129 1471 3175 coz<
1487 3129 1603 3173 rna
1634 3131 1649 3175 :

1177 3221 1235 3287 1.
1268 3216 1474 3287 Joan.
1517 3241 1587 3295 x,
1621 3221 1704 3285 a:
1750 3220 1885 3285 Per
1912 3238 2016 3284 me
2066 3219 2129 3284 si
2181 3218 2336 3307 quis
2401 3221 2623 3284 intro-

1085 3327 1265 3403 e'erit,
1334 3334 1460 3395 etc.
1495 3325 1961 3416 Augustinus:
1999 3324 2254 3394 Pascua
2299 3326 2620 3405 inveniet,

1078 3434 1437 3527 egrediens
1512 3434 1802 3502 ferasin
1870 3432 2241 3502 Salvator-is
2305 3433 2624 3503 humani-

1076 3551 1243 3621 tate,
1288 3544 1469 3610 intus
1547 3542 1615 3608 in
1684 3538 2055 3609 Salvatoris
2109 3540 2498 3611 divinitate:
2558 3550 2624 3609 et

1077 3673 1319 3718 sensus
1358 3649 1609 3741 estqui
1670 3650 1965 3735 pascitur
2025 3649 2095 3716 in
2148 3647 2616 3718 humanitate:

1077 3780 1244 3848 ergo
1282 3779 1523 3826 sensus
1568 3755 1899 3839 fruentur,
1948 3758 2102 3848 quia
2135 3757 2314 3845 pasci
2361 3758 2623 3825 visione

1079 3863 1205 3933 hac
1236 3873 1339 3933 est
1378 3864 1531 3931 frui.

1169 3977 1234 4039 2.
1299 3972 1485 4039 lclem
1553 3972 1823 4039 videtur
1885 3974 2092 4063 accipi
2163 3997 2246 4042 ex
2302 3974 2475 4042 libro
2542 3973 2623 4041 de

1078 4080 1352 4171 Spirilu
1392 4087 1456 4145 el
1484 4079 1747 4155 anima,
1785 4077 1896 4145 ubi
1936 4078 2201 4166 dicitur,
2252 4080 2433 4171 quod
2464 4103 2626 4148 sen-

1078 4208 1194 4253 sus
1224 4195 1528 4253 vertetur
1565 4188 1631 4253 in
1666 4187 2020 4266 rationem,
2055 4196 2115 4255 et
2174 4189 2343 4256 ratio
2402 4189 2469 4254 in
2514 4190 2622 4255 in-

1080 4293 1450 4370 tellectum,
1487 4303 1544 4363 et
1587 4293 1696 4361 ille
1728 4293 1983 4362 fruetur
2020 4296 2189 4366 Dec.

1167 4405 1233 4471 3.
1288 4400 1644 4476 Praeterea,
1708 4402 1955 4469 Anima
2024 4412 2161 4470 tota
2209 4401 2625 4493 glorificabi-

1077 4518 1212 4591 tur,
1255 4519 1321 4577 et
1379 4508 1960 4604 remunerabitur:
2014 4533 2176 4601 ergo
2231 4510 2355 4579 frui
2425 4511 2624 4580 debet

1077 4619 1451 4686 secundum
1491 4641 1731 4687 omnes
1760 4620 1960 4689 vires.

1174 4831 1501 4900 Umentes
1540 4832 1886 4922 quaeritur.
1935 4830 2007 4898 Si
2047 4841 2239 4899 erunt
2273 4832 2363 4900 ibi
2429 4834 2624 4925 cogi-

1079 4940 1372 5007 tationes
1442 4938 1827 5007 volubiles?
1903 4937 2181 5007 Videtur
2218 4939 2397 5032 quod
2437 4963 2618 5010 non:

1077 5048 1239 5138 quia
1287 5047 1416 5116 lioc
1475 5056 1678 5138 negat
1734 5069 2044 5136 expresse
2108 5048 2529 5139 Augustinus
2571 5050 2610 5117 ¹.

1168 5156 1306 5226 Sed
1365 5178 1655 5224 cenna:
1691 5154 1865 5235 Quia
1905 5156 2355 5247 intelligemus
2393 5155 2524 5225 hoc
2551 5166 2616 5225 et

1075 5264 1248 5335 illud
1299 5263 1719 5332 successive:
1780 5286 1940 5354 ergo
1998 5264 2314 5353 cogitatio
2380 5263 2619 5333 volve-

1076 5386 1188 5445 tur
1224 5375 1307 5445 de
1348 5399 1485 5443 uno
1528 5376 1596 5442 in
1633 5372 1844 5442 aliud.

2737 527 2804 588 et
2842 520 3351 591 individuorum
3401 530 3526 606 est,
3561 524 3881 613 potentiae
3912 531 4142 591 autem
4173 545 4288 591 se-

2738 627 3036 697 cundum
3077 639 3431 697 naturam:
3472 629 3648 698 unde
3679 630 3734 698 si
3776 629 3894 697 fiat
3963 630 4094 709 vis,
4128 638 4288 696 tunc

2741 732 2973 803 Sancti
3004 735 3335 814 fruentur,
3379 737 3495 804 sed
3532 736 3905 805 secundum
3950 736 4289 825 potentias

2739 844 2984 910 animae
3024 867 3176 934 quae
3216 845 3412 911 dictae
3445 855 3603 913 sunt
3644 868 3872 935 supra.
3908 844 4030 913 Est
4058 852 4288 912 autem

2740 950 2993 1040 duplex
3031 953 3142 1020 via
3170 974 3348 1020 :una
3386 962 3488 1020 est
3525 977 3565 1021 a
3601 953 3903 1022 sensibili
3936 955 4005 1020 in
4039 952 4302 1043 imagi-x

2740 1060 3090 1126 nationem
3149 1070 3217 1126 et
3274 1060 3726 1150 phantasiam,
3788 1069 3854 1129 et
3908 1059 4156 1128 abillis
4206 1060 4293 1127 ad

2742 1166 3076 1234 rationem
3134 1176 3200 1234 et
3266 1166 3713 1253 intellectum,
3783 1190 3934 1260 quae
3998 1177 4100 1237 est
4180 1168 4292 1235 via

2743 1274 3214 1342 abstractionis
3246 1276 3412 1345 veri.
3459 1275 3606 1344 Alia
3647 1286 3750 1345 est
3810 1278 3923 1344 via
3982 1276 4295 1366 superio-

2742 1402 2895 1445 rum
2955 1381 3412 1469 potentiarum
3489 1381 3574 1449 ad
3629 1382 4041 1450 inferiores:
4121 1383 4296 1450 sicut

2743 1487 2915 1553 ratio
2959 1488 3027 1553 in
3065 1487 3473 1579 quibusdam
3520 1490 3821 1558 extendit
3877 1512 3948 1557 se
4007 1511 4296 1558 moven-

2746 1591 2832 1658 do
2865 1593 3449 1684 imaginationem,
3486 1605 3553 1663 et
3588 1598 3985 1688 imaginatio
4017 1618 4294 1665 sensum

2743 1721 3207 1777 communem,
3288 1711 3363 1770 ut
3419 1703 3660 1771 accidit
3730 1705 3801 1771 in
3870 1706 4166 1788 somni0,
4227 1712 4296 1795 et

2746 1807 3156 1900 quandoque
3189 1810 3391 1878 etiam
3422 1811 3626 1879 solvit
3673 1833 3930 1904 organa
3993 1812 4298 1902 particu-

2740 1913 2911 1982 laria
2941 1915 3027 1983 ad
3064 1915 3347 2007 aliquid,
3391 1927 3465 1986 ut
3505 1921 3575 1986 in
3614 1918 3719 1987 his
3759 1919 3874 2011 qui
3907 1919 3976 1987 in
4033 1919 4294 1987 somnis

2741 2034 2956 2115 agunt
2985 2048 3190 2116 opera
3217 2026 3490 2118 vigiliae.
3537 2027 3636 2096 Ita
3693 2028 3842 2098 dico
3916 2029 4063 2098 sine
4118 2051 4292 2120 prae·

2737 2132 3025 2222 judicio,
3057 2134 3240 2225 quod
3276 2158 3399 2227 per
3465 2137 3984 2206 redundantiam
4059 2136 4295 2207 dulce-

2744 2239 2922 2309 dinis
2962 2240 3206 2310 divinae
3241 2242 3325 2310 ab
3360 2244 3702 2313 intellectu
3743 2244 4105 2314 descendet
4165 2268 4294 2337 pa-

2740 2358 2930 2417 stura
2960 2350 3298 2419 fruitionis
3330 2352 3400 2419 in
3430 2354 4015 2444 imaginationem,
4038 2362 4104 2422 et
4132 2376 4294 2422 sen-

2739 2480 2935 2524 sum:
2969 2460 3060 2526 ita
3092 2468 3342 2538 tamen,
3385 2460 3568 2553 quod
3596 2484 3834 2531 sensus
3857 2485 3997 2531 non
4026 2463 4296 2532 amittat

2732 2552 3056 2633 'naturam
3089 2589 3286 2635 suam
3327 2569 3610 2658 quinon
3653 2568 4099 2662 apprehendit
4159 2569 4290 2638 nisi

2739 2672 3117 2762 corporale.
4214 2682 4223 2689 '

2828 2779 2912 2848 Et
2943 2803 3060 2871 per
3110 2780 3239 2850 hoc
3282 2791 3467 2874 patet
3506 2785 3758 2856 solutio
3809 2786 3896 2856 ad
3933 2790 4232 2879 primum
4268 2812 4285 2859 :

2739 2887 2901 2977 quia
2957 2911 3196 2957 sensus
3257 2913 3392 2960 non
3432 2894 3674 2984 accipit
3732 2893 4156 2967 divinitatem
4217 2899 4288 2966 in

2735 3015 2938 3064 carne
2972 2994 3372 3085 Salvatoris,
3414 3002 3531 3070 sed
3568 3024 3813 3094 corpus
3851 3012 4118 3073 tantum
4157 3028 4173 3074 :
4221 3014 4289 3075 et

2736 3100 3024 3172 dulcedo
3063 3113 3166 3173 est
3202 3129 3322 3199 per
3351 3107 3865 3179 redundantiam
3912 3134 3952 3178 a
3993 3113 4280 3183 ratione.

2824 3212 2928 3278 An
2976 3235 3172 3282 Αιιυι)
3219 3214 3609 3302 dicendum,
3669 3219 3852 3309 quod
3898 3242 4056 3289 cum
4112 3221 4285 3291 dici-

2737 3326 2886 3387 tur:
2939 3317 3197 3388 Sensus
3236 3331 3537 3392 vertetur
3566 3326 3633 3393 in
3677 3328 4042 3414 rationem,
4089 3328 4283 3422 glos-

2733 3429 3023 3498 sandum
3074 3439 3223 3499 est:
3296 3444 3729 3504 convertetur
3765 3436 3851 3505 ad
3917 3441 4280 3526 rationem,

2734 3547 2796 3604 et
2840 3538 2927 3605 ab
2960 3538 3099 3629 ipsa
3142 3541 3425 3631 accipiet
3455 3542 3874 3630 fruitionem,
3906 3548 4285 3617 secundum

2736 3645 2922 3726 quod
2957 3647 3103 3738 ipsa
3140 3657 3244 3718 est
3274 3649 3520 3718 inflexa
3560 3675 3763 3745 super
3805 3655 4027 3745 ipsum
4078 3657 4288 3726 mini-

2734 3753 3012 3823 strando
3051 3754 3112 3825 ei
3153 3755 3622 3828 dulcedinem:
3672 3769 3897 3831 tamen
3945 3762 4059 3833 ille
4114 3763 4288 3834 liber

2735 3886 2873 3932 non
2913 3873 3012 3933 est
3072 3868 3467 3957 Augustini,
3530 3869 3650 3938 sed
3706 3872 3982 3963 quidam
4031 3873 4287 3943 Cister-

2739 3973 2985 4038 ciensis
3016 3970 3167 4040 fecit
3207 3996 3391 4047 eum.
3443 3985 3509 4044 et
3550 3976 3763 4045 multa
3811 3978 3975 4048 falsa
4016 3991 4175 4050 sunt
4211 3983 4282 4050 in

2733 4099 2840 4145 eo.

2823 4186 2926 4251 Λυ
2976 4209 3270 4255 mmmm
3318 4188 3678 4258 dicendum
3728 4202 3853 4270 est,
3906 4195 4092 4286 quod
4140 4206 4284 4266 tota

2733 4293 2962 4361 anima
3000 4296 3489 4383 praemiabitur,
3524 4300 3703 4369 unde
3733 4310 3922 4370 actus
3943 4303 4284 4374 fruitionis

2732 4409 2839 4469 cst·
2866 4403 3073 4471 totius
3113 4406 3358 4474 anima:
3393 4427 3409 4473 :
3446 4407 3565 4476 sed
3605 4432 3743 4478 non
3775 4423 4070 4503 oportet,
4098 4415 4282 4506 quod

2734 4531 2974 4578 omncs
3039 4510 3454 4583 differentias
3507 4519 3948 4606 praemiorum
3998 4543 4281 4592 suorum

2736 4616 3014 4708 recipiat
3057 4621 3432 4688 secundum
3496 4623 3871 4714 quamlibet
3906 4631 4283 4718 potentiam

2733 4727 2943 4816 ipsius
2977 4753 2992 4797 :
3037 4730 3210 4797 sicut
3252 4754 3389 4800 non
3441 4743 3734 4825 oportet,
3777 4745 3851 4805 ut
3889 4736 4149 4808 liabens
4178 4739 4287 4808 di-

2730 4833 2931 4901 vitias
2965 4846 3242 4925 reponat
3297 4860 3412 4906 eas
3464 4841 3533 4907 in
3592 4840 3890 4931 qualibet
3936 4868 4094 4914 arca
4131 4869 4280 4928 sua,

2731 4942 2851 5011 scd
2881 4943 3212 5034 quasdam
3255 4948 3323 5014 in
3364 4970 3527 5033 una,
3570 4959 3634 5017 et
3667 4952 3996 5041 quasdam
4021 4954 4089 5021 in
4121 4954 4276 5023 alia.

2730 5051 2866 5120 Alii
2916 5061 3143 5121 autem
3211 5054 3444 5124 dicunt
3509 5057 3695 5148 quod
3750 5060 3866 5127 vix
3903 5070 4021 5130 aut
4078 5085 4287 5131 num-

2734 5185 2940 5254 quam
2973 5162 3261 5253 probare
3292 5153 3617 5256 possunt:
3653 5177 3719 5236 et
3775 5169 3927 5238 ideo
3986 5193 4128 5239 non
4182 5181 4285 5242 est

2730 5272 3108 5341 curandum
3140 5274 3222 5342 de
3253 5274 3448 5344 dictis
3478 5299 3740 5346 eorum.

1152 5621 1166 5653 ⁸
1200 5617 1255 5672 S.
1292 5619 1668 5676 Αυῡυετικεε,
1731 5609 1853 5666 Lib.
1883 5609 1984 5668 XV
2015 5609 2086 5666 de
2142 5611 2444 5678 Trinitate‚
2489 5630 2615 5686 cap.
2719 5616 2808 5673 46.

4399 2826 4469 2873 Ad
4509 2827 4551 2876 Ι.

4399 3257 4552 3305 Ad·-
