4897 6388
792 2415 999 2463 solutio.

822 3598 892 3642 Ad
927 3601 966 3646 Ι.

813 5313 949 5361 Λᾶὶ.

1035 1481 1038 1482 7
1117 1392 1415 1461 videtur.

1878 254 1973 321 IN
2020 253 2049 320 1
2100 253 2523 360 SENTENT
2577 253 2802 321 DIST.
2854 253 3111 335 XXIII,
3167 257 3247 336 B,
3287 257 3492 370 ΛΒΤ.
3543 264 3603 332 1.
4211 277 4337 374 581

1129 424 1278 492 Deo
1321 427 1586 517 origine
1625 428 1795 513 sola,
1839 429 1907 494 in
1937 426 2217 493 homine
2257 433 2483 492 autem
2521 446 2681 514 pro·
2794 432 2893 490 est
2930 433 3002 491 ut
3043 426 3112 492 in
3170 428 3473 518 subjecto
3511 456 3525 499 :
3589 436 3814 502 existit
3858 449 4089 509 autem
4157 448 4340 533 quod

1128 533 1416 621 prietate
1447 533 1653 599 simul
1675 542 1742 600 et
1762 534 2023 622 origine
2052 554 2066 598 :
2098 558 2130 594 2>
2159 554 2319 622 ergo
2345 533 2412 621 in
2431 531 2682 599 divinis
2788 552 2908 620 per
2944 554 3014 599 se
3054 541 3155 601 est
3183 535 3578 607 distinctum
3608 564 3689 608 ex
3730 545 4016 635 origine,
4053 547 4183 619 hoc
4208 563 4334 634 est,

1130 648 1232 708 est
1264 664 1580 730 persona,
2784 659 2867 704 ex
2900 640 3103 706 modo
3147 643 3457 731 originis,
3506 647 3759 716 seilicet
3806 654 3963 740 quia
4004 676 4087 721 ex
4129 660 4338 749 origi-

1218 745 1282 814 6.
1347 745 1545 822 Item,
1607 746 1939 814 Ultimum
1998 754 2064 813 et
2119 746 2678 836 perfectissimum
2783 746 2889 812 nis
2939 749 3197 816 ratione
3249 750 3688 845 distinguitur
3737 757 3820 824 ab
3872 783 3950 827 eo
4012 765 4194 853 quod
4248 767 4334 834 ab

1130 852 1484 919 rationalis
1515 861 1775 921 naturae
1817 864 1916 922 est
1953 876 2243 944 persona
2277 880 2291 920 :
2329 876 2490 944 ergo
2531 876 2681 943 per·
2785 855 2930 943 ipso
2964 864 3088 940 est,
3131 859 3239 925 vel
3277 883 3318 926 a
3357 884 3494 950 quo
3528 864 3751 953 ipsum
3783 877 3883 934 est
3919 893 3932 936 :
3970 871 4148 940 unde
4175 898 4334 963 pro-

1126 957 1459 1025 sonalitas·
1504 958 1745 1027 ultima
1783 960 1943 1028 dicit
1996 959 2423 1050 perfectionis
2464 962 2677 1026 ratio·
2780 963 2923 1050 prie
2963 964 3307 1056 loquendo
3350 972 3419 1037 in
3466 973 3772 1062 angelica
3812 988 4052 1048 natura
4092 1006 4332 1071 perso-

1125 1087 1328 1133 nem:
1382 1066 1714 1157 quidquid
1770 1077 1995 1169 autem
2052 1068 2481 1158 perfectionis
2548 1078 2670 1149 est,
2777 1091 2884 1136 nae
2918 1081 3077 1139 sunt
3116 1074 3570 1146 subsistentiae
3603 1089 3920 1152 tantum:
3984 1090 4143 1177 quia
4191 1115 4328 1160 una

1122 1174 1268 1241 Deo
1302 1175 1583 1242 attribui
1623 1176 1861 1244 debet:
1906 1200 2067 1268 ergo
2101 1178 2269 1245 ratio
2286 1178 2674 1267 personali-
2777 1198 3012 1243 earum
3042 1201 3184 1246 non
3223 1181 3666 1276 distinguitur
3695 1189 3778 1256 ab
3837 1190 3969 1259 alia
4029 1217 4149 1283 per
4195 1197 4327 1267 hoc

1121 1284 1280 1350 tatis
1337 1285 1483 1353 Deo
1544 1285 1818 1354 attribui
1866 1286 2087 1367 debet,
2131 1295 2196 1355 et
2242 1289 2564 1366 maxime,
2599 1296 2672 1353 ut
2776 1284 2956 1372 quod
2987 1309 3124 1354 una
3162 1289 3249 1354 sit
3277 1313 3361 1357 ex
3391 1292 3547 1372 alia,
3581 1296 3687 1363 vel
3719 1296 3851 1365 alia
3882 1323 3965 1368 ex
3993 1303 4171 1393 ipsa:
4208 1307 4324 1374 sed

2771 1394 3296 1483 proprietatibus
3336 1400 3585 1489 quibus
3639 1404 4015 1477 subsistunt
4053 1421 4119 1479 et
4157 1414 4323 1481 sub-

2770 1512 2975 1587 stant,
3009 1509 3385 1594 personalis
3434 1511 3773 1582 distinctio
3832 1540 4068 1586 eorum
4121 1522 4320 1592 inve-

1115 1615 1433 1675 naturam
1466 1612 2104 1680 communicabilem
2138 1635 2284 1681 esse
2311 1635 2327 1681 :
2360 1636 2665 1681 commu·
2769 1611 2953 1680 nitur
2988 1614 3059 1681 in
3090 1616 3212 1683 eis.
3253 1616 3333 1684 In
3363 1619 3609 1688 divinis
3638 1633 3866 1692 autem
3907 1632 4176 1719 proprie
4206 1631 4319 1701 lo·-

1110 1715 1229 1783 nio
1261 1726 1489 1784 autem
1522 1727 1781 1787 naturae
1813 1719 2281 1788 intellectualis
2320 1722 2523 1789 etiam
2566 1723 2663 1788 in·
2767 1721 3039 1810 quendo
3096 1746 3403 1813 personae
3453 1737 3612 1797 sunt
3667 1732 4091 1804 existentiae:
4154 1743 4314 1830 quia

1109 1822 1326 1915 telligi
1359 1847 1499 1892 non
1529 1833 1752 1916 potest
1800 1829 1929 1894 nisi
1994 1827 2410 1920 intelligatur
2465 1851 2659 1897 com·
2770 1828 3280 1923 distinguuntur
3298 1837 3509 1905 modo
3542 1842 3823 1930 originis
3850 1845 3961 1912 vel
3989 1846 4313 1919 relatione

1112 1931 1469 1999 municans
1501 1954 1653 2000 eam
1686 1958 1703 2000 :
1752 1955 1955 2003 omne
2000 1943 2230 2004 autem
2269 1939 2659 2004 communi-
2768 1959 2918 2028 quae
2956 1960 3095 2006 non
3140 1947 3239 2008 est
3278 1942 3349 2009 in
3389 1942 3704 2015 distincto
3735 1958 3810 2016 ut
3855 1950 3923 2017 in
3978 1952 4306 2043 subjecto,

1210 1503 1274 1568 7.
1315 1500 1514 1583 Item,
1552 1501 1776 1593 Supra
1803 1504 2166 1595 probatum
2215 1514 2315 1573 est
2363 1505 2663 1573 divinam

1104 2060 1268 2106 cans
1291 2049 1612 2108 naturam
1635 2041 2161 2112 intellectualem
2190 2055 2291 2112 est
2316 2068 2649 2136 persona:

1105 2168 1271 2238 ergo
1303 2147 1374 2214 in
1414 2147 1664 2217 divinis
1692 2159 1851 2220 sunt
1877 2174 2208 2242 personae.

1192 2362 1504 2435 Sommo.
1546 2366 1826 2458 Absque
1879 2367 2086 2437 dubio
2127 2379 2192 2437 et
2229 2367 2649 2439 haesitatione

1095 2473 1613 2542 concedendum
1653 2482 1778 2560 est,
1842 2475 2026 2567 quod
2076 2477 2144 2545 in
2204 2477 2453 2547 divinis
2491 2488 2650 2548 sunt

1097 2579 1327 2671 plures
1366 2583 1952 2652 communicantes
1992 2592 2303 2654 naturam
2345 2586 2645 2658 divinam

1091 2687 1670 2759 intellectualem:
1721 2700 1787 2760 et
1833 2693 1993 2783 quia
2045 2692 2213 2762 tales
2268 2697 2648 2764 communi-

1089 2805 1325 2866 cantes
1364 2800 1747 2868 necessario
1777 2800 2073 2870 distincti
2109 2813 2291 2888 sunt,
2324 2802 2477 2873 ideo
2518 2828 2645 2873 ne-

1087 2927 1275 2975 cesse
1325 2916 1428 2975 est
1474 2908 1869 2995 concedere,
1902 2910 2087 3002 quod
2127 2921 2288 2980 sunt
2339 2935 2643 3004 personas

1087 3014 1161 3081 in
1200 3012 1482 3095 divinis,
1544 3023 1609 3084 et
1675 3014 1859 3106 quod
1905 3019 2077 3086 ratio
2143 3019 2642 3110 personalitatis

1087 3121 1456 3190 conveniat
1485 3122 1610 3202 eis,
1645 3121 1801 3192 licet
1836 3147 1976 3193 non
2025 3127 2212 3196 omni
2252 3128 2490 3198 eadem
2532 3153 2639 3199 ra·

1088 3229 1275 3298 tione
1307 3252 1443 3321 qua
1477 3232 1822 3299 invenitur
1857 3235 2302 3322 personalitas
2335 3238 2403 3305 in
2434 3245 2640 3305 natu-

1016 3346 1020 3351 '
1089 3358 1162 3404 ra
1192 3333 1500 3404 humana
1537 3345 1606 3405 et
1643 3336 1972 3429 angelica,
2003 3350 2079 3410 ut
2122 3342 2380 3433 patebit
2414 3344 2487 3412 in
2527 3366 2641 3411 se-

1088 3445 1485 3536 quentibus.

1175 3555 1283 3621 An
1360 3576 1618 3621 ramim
1705 3577 1867 3645 ergo
1961 3556 2347 3640 dicendum,
2453 3562 2633 3653 quod

1086 3663 1498 3754 compositio
1548 3667 1844 3732 maxima
1893 3666 2133 3735 accidit
2190 3690 2494 3759 persona:
2551 3694 2635 3737 ex

1087 3781 1333 3839 natura
1373 3793 1509 3861 qua
1536 3774 1996 3842 communicat
2031 3799 2188 3844 cum
2220 3777 2369 3845 aliis
2398 3779 2464 3844 in
2514 3801 2638 3868 ge-

1087 3902 1248 3947 nere
1287 3877 1529 3946 sormae
1570 3889 1635 3947 et
1667 3884 1963 3951 materiae
1991 3906 2007 3951 :
2044 3884 2195 3953 ideo
2227 3888 2407 3954 enim
2437 3910 2637 3978 opor·

1085 3995 1179 4055 tet
1212 3985 1448 4056 multis
1489 4009 1639 4056 eam
1673 3988 1845 4057 trahi
1876 3991 1959 4058 ad
1999 3993 2478 4082 perlectionem
2525 3999 2632 4064 cui

1084 4094 1213 4164 soli
1243 4096 1568 4164 convenit
1599 4097 1767 4165 ratio
1796 4100 2314 4186 personalitatis,
2342 4101 2414 4170 Si
2451 4104 2631 4172 illam

1086 4212 1318 4273 autem
1367 4205 1851 4296 perlectionem
1893 4208 1961 4276 in
2009 4211 2230 4299 primo
2272 4212 2630 4292 inveniret,

1088 4335 1224 4380 non
1268 4322 1616 4403 oporteret
1664 4324 1762 4382 tot
1816 4318 2425 4407 compositionibus
2483 4347 2632 4393 eam

1089 4418 1269 4489 trahi
1300 4420 1387 4489 ad
1423 4419 1589 4488 illud
1623 4443 1640 4487 :
1703 4421 1878 4490 unde
1935 4426 1989 4492 si
2038 4433 2279 4495 natura
2316 4427 2629 4500 elementi

1087 4540 1265 4598 esset
1333 4528 1831 4610 intellectualis,
1890 4555 2028 4600 non
2093 4545 2434 4625 oporteret
2493 4541 2632 4609 lieri

1086 4641 1688 4731 compositionem,
1721 4641 1879 4731 quia
1910 4640 2039 4711 hoc
2068 4644 2477 4716 clementum
2510 4648 2633 4717 lna-

1086 4730 1257 4817 bens
1289 4758 1606 4816 naturam
1638 4746 1954 4818 elementi
1984 4756 2416 4823 communius
2460 4769 2634 4827 esset

1087 4879 1422 4947 persona:
1473 4866 1540 4924 et
1578 4856 1708 4924 hoc
1762 4866 1970 4948 patet,
2014 4862 2172 4950 quia
2227 4863 2296 4929 in
2352 4865 2635 4955 Angelis

1088 4963 1540 5053 personalitas
1635 4986 1772 5030 non
1865 4966 2147 5055 requirit
2240 4966 2631 5058 hujusmodi

2760 2047 2879 2116 sed
2917 2051 3143 2140 potius
3180 2055 3283 2137 (ut
3319 2052 3555 2122 dicunt
3581 2058 4006 2148 Augustinus
4037 2073 4103 2133 et
4123 2065 4309 2136 Boe-

2757 2154 2915 2244 tius)
2947 2155 3267 2247 praedicat
3309 2158 3374 2226 id
3405 2163 3590 2251 quod
3620 2164 3704 2231 ad
3743 2165 4031 2238 alterum
4071 2180 4195 2252 est,
4239 2184 4307 2242 et

2754 2283 2894 2329 non
2935 2261 3119 2353 quod
3170 2264 3255 2332 ad
3311 2289 3384 2335 se
3442 2277 3544 2338 est
3593 2271 3965 2342 secundum
4022 2279 4306 2369 originis

2754 2367 3037 2436 modum
3068 2394 3205 2462 quo
3235 2372 3407 2441 alter
3433 2383 3534 2443 est
3562 2400 3644 2445 ex
3675 2378 3910 2449 altero.
3948 2380 4025 2450 lu
4056 2382 4308 2454 huma-

2750 2475 2857 2543 nis
2896 2486 3125 2546 autem
3174 2482 3504 2572 accipitur
3539 2483 3877 2558 distinctio
3925 2492 4299 2562 secundum

2750 2593 3063 2677 utraque,
3095 2590 3351 2659 scilicet
3389 2592 3699 2664 substare
3738 2596 4083 2669 collationi
4131 2625 4299 2692 pro-

2748 2692 3112 2780 prietatum
3147 2695 3745 2786 individuantium‚
3798 2711 3865 2772 et
3919 2706 4294 2776 secundum

2748 2798 3032 2889 originis
3081 2801 3362 2872 modum
3407 2827 3545 2895 quo
3591 2830 3880 2899 persona
3928 2835 3969 2880 a
4004 2837 4297 2905 persona

2746 2899 3089 2978 educitur:
3126 2917 3192 2977 et
3213 2911 3367 2980 ideo
3388 2912 3777 2985 substantes
3796 2919 3905 2988 vel
3926 2921 4298 2995 subsisten-

2746 3021 2846 3081 tes
2874 3017 3185 3084 essentiae
3217 3029 3576 3090 vocantur.
3612 3022 3750 3092 Sed
3789 3024 3901 3094 alii
3962 3027 4293 3101 Doctores

2744 3143 2951 3190 sacrae
2988 3123 3354 3217 Scripturae
3392 3130 3863 3203 subsistentias
3904 3134 4089 3229 large
4110 3141 4290 3210 acci·

2741 3234 2938 3322 piunt
2966 3256 3091 3325 pro
3121 3236 3412 3325 qualiter
3432 3262 3723 3333 cumque
3756 3266 3876 3335 per
3904 3269 3976 3316 se
4004 3251 4297 3319 existen·

2741 3339 2925 3407 tibus
2954 3339 3480 3433 hypostasibus:
3515 3356 3580 3416 et
3611 3349 3762 3418 ideo
3811 3376 4134 3444 personas
4180 3357 4293 3426 ‹ti-

2741 3452 2936 3519 vinas
2991 3453 3438 3527 subsistentes
3492 3459 3601 3528 vel
3639 3462 4108 3535 subsistentias
4159 3493 4292 3539 vo-

2740 3569 2921 3628 cant.

2829 3679 2933 3745 Ao
2961 3703 3161 3746 Αιιυω
3190 3682 3580 3763 «licendum,
3615 3689 3969 3777 quodlicet
4003 3717 4287 3784 persona

2742 3788 2810 3853 in
2840 3799 3063 3857 creata
3096 3799 3335 3859 natura
3369 3793 3799 3863 intellectuali
3840 3802 3925 3866 sit
3967 3805 4285 3872 maxima·

2740 3895 3096 3964 divisionis
3129 3900 3301 3967 inter
3335 3924 3417 3968 ea
3449 3925 3602 3992 quae
3634 3916 3791 3973 sunt
3820 3909 4085 3989 eadem,
4128 3913 4286 4003 quia

2740 4014 2840 4072 est
2882 4005 3160 4091 majoris
3180 4005 3538 4077 divisionis
3559 4034 3762 4102 quam
3798 4016 4014 4085 forma
4043 4044 4293 4089 secun-

2740 4110 2903 4178 dum
2934 4133 3049 4178 se:
3094 4111 3222 4181 ltoc
3255 4124 3487 4184 tamen
3519 4119 3755 4187 accidit
3798 4123 3884 4203 ei,
3927 4127 4179 4195 seilicet
4223 4131 4290 4197 in

2743 4228 3073 4310 quantum
3124 4230 3223 4289 est
3266 4223 3331 4289 in
3380 4221 3510 4293 hac
3548 4238 3833 4297 natura:
3896 4238 4290 4305 constitutio

2741 4327 2922 4394 enim
2956 4350 3260 4418 personae
3291 4341 3393 4399 est
3432 4355 3515 4400 ex
3558 4359 3639 4401 eo
3696 4339 3877 4427 quod
3910 4342 3994 4408 sit
4051 4366 4172 4433 per
4218 4370 4290 4411 se

2740 4458 2953 4502 unum
2985 4437 3359 4506 secundum
3383 4462 3882 4536 quemcumque
3912 4450 4288 4520 existentiae

2743 4542 3022 4610 modum
3066 4544 3132 4611 in
3190 4554 3433 4614 natura
3492 4549 3950 4637 intellectuali,
4007 4569 4069 4625 et
4134 4560 4288 4628 ideo

2740 4648 2869 4717 hoc
2908 4663 3389 4742 argumentum
3432 4678 3569 4723 non
3600 4662 3924 4748 procedit.

2824 4759 2930 4824 Ao
2976 4782 3174 4827 Αιιυο
3211 4759 3600 4845 dicendum,
3644 4769 3824 4853 quod
3855 4767 4101 4841 habere
4131 4775 4289 4842 sub·

2739 4866 3056 4933 stantiam
3115 4867 3407 4936 divisam
3452 4873 3519 4937 in
3570 4876 3871 4962 personis
3921 4880 4163 4949 accidit
4201 4908 4286 4952 ex

2742 4984 2997 5042 naturae
3029 4976 3333 5045 formalis
3373 4979 3818 5070 ignobilitate,
3852 5011 4005 5056 cum
4046 5003 4290 5062 natura

1087 5069 1688 5159 compositionem,
1728 5078 1792 5137 et
1838 5070 1905 5138 in
1945 5071 2191 5140 divinis
2231 5097 2366 5141 non
2408 5080 2634 5169 requi·
2740 5078 2974 5147 sorinae
3003 5092 3246 5151 creatae
3276 5085 3345 5152 in
3388 5086 3691 5177 pluribus
3721 5090 3933 5163 divisa
3973 5121 4094 5187 per
4141 5123 4291 5169 esse

1093 5178 1178 5244 rit
1206 5177 1514 5267 aliquam
1552 5179 2154 5268 compositionem.
2745 5195 3092 5255 remaneat
3150 5191 3411 5260 ratione
3478 5216 3634 5272 una,
3679 5206 3742 5263 et
3782 5198 3877 5267 sie
3935 5206 4170 5273 nititur
4207 5208 4291 5274 ad

1179 5284 1285 5351 An
1322 5306 1523 5350 Auen
1570 5281 1956 5363 dicendum,
2010 5285 2191 5376 quod
2255 5292 2635 5361 secundum
2744 5295 3100 5375 unitatem,
3163 5297 3231 5363 in
3289 5298 3598 5388 pluribus
3642 5307 4019 5377 ostenditur
4072 5315 4287 5383 satis:

1089 5390 1535 5468 Richardum,
1561 5389 1934 5458 differentia
1957 5402 2058 5461 est
2080 5395 2254 5463 inter
2272 5397 2638 5468 subsistere
2746 5402 3071 5489 quoniam
3103 5402 3157 5467 si
3200 5413 3455 5493 pessel,
3490 5408 3693 5475 etiam
3732 5413 4104 5483 secundum
4145 5440 4294 5488 0850

1088 5509 1157 5569 et
1196 5500 1485 5568 existere
1522 5521 1539 5567 :
1599 5499 1901 5568 subsistit
1946 5504 2129 5572 enim
2168 5506 2353 5598 quod
2407 5531 2531 5600 per
2566 5532 2643 5579 se
2753 5516 2820 5577 et
2847 5509 3218 5577 secundum
3259 5511 3326 5579 id
3356 5514 3541 5605 quod
3579 5525 3703 5598 est,
3764 5534 4065 5592 maneret
4102 5549 4241 5596 una
4272 5551 4289 5595 :

1088 5610 1484 5678 distinctum
1533 5615 1635 5674 est
1684 5609 2086 5700 proprietate
2147 5635 2297 5704 quae
2363 5616 2437 5683 in
2497 5619 2645 5713 ipso
2765 5618 2885 5688 sed
2921 5619 3081 5709 quia
3116 5642 3256 5688 non
3285 5619 3483 5712 plene
3511 5624 3797 5716 simplex
3834 5639 3957 5711 est,
3992 5632 4142 5701 ideo
4183 5658 4295 5704 ac·

4398 3748 4477 3795 Ad
4503 3750 4544 3796 8.

4396 4822 4475 4867 Ad
4518 4822 4561 4869 4.
