4897 6388
651 375 778 444 316

1632 374 1720 441 D.
1771 372 1971 439 ALB.
2023 366 2243 437 MAG.
2287 363 2514 442 ‚ORD.†
2560 359 2861 444 PRAED.

3403 480 3439 502 8

2249 564 2260 570 ·
2291 521 2663 625 ·(j‘uaeritur,
2698 532 3006 612 Qualiter
3030 532 3160 599 illae
3190 500 3649 611 charitates'in
3679 539 3858 606 divi-

2143 699 2146 706 .
2213 685 2216 688 -
2308 645 2414 710 nis
2454 642 2826 710 differant?

1090 917 1593 1034 Amicuws
1625 965 1741 1032 lv.
1846 1002 1857 1011 -

2398 855 2712 943 Soberto.
2748 851 3158 930 Dicendum,
3192 864 3268 924 ut
3300 863 3478 949 prius
3531 859 3852 929 habitum

2304 970 2432 1042 est'
2477 960 2662 1052 quod
2690 958 2986 1027 Charitas
3016 957 3261 1048 duplex
3300 977 3443 1037 est:
3501 977 3601 1036 est
3658 965 3852 1032 enim
3936 912 4129 961 smum

2207 1139 2218 1149 ,
2302 1066 2707 1158 personaliS,
2750 1074 2819 1133 et
2858 1062 3235 1132 essentialis
3277 1090 3292 1138 z
3350 1082 3415 1142 et
3468 1068 3853 1165 personalis

646 1183 754 1247 An
792 1180 1098 1271 Spiritus
1124 1187 1420 1245 sanctus
1446 1178 1726 1267 proprie
1762 1148 2193 1265 nuncupetur

1181 1301 1182 1308 ¹
1236 1284 1537 1350 charitas
1562 1281 1601 1349 P

2304 1175 2551 1243 dicitur
2582 1172 2877 1263 Spiritus
2905 1179 3179 1238 sanctus
3217 1182 3504 1270 proprie,
3538 1184 3630 1248 ita
3660 1176 3855 1268 quod

2300 1281 2534 1350 nullus
2583 1281 2822 1366 alius-z
2878 1277 3271 1358 ,essentialis
3321 1297 3540 1357 autem
3599 1286 3856 1356 dicitur

2301 1392 2446 1482 ipse
2487 1390 2945 1480 appropriate,
2982 1386 3101 1454 sed
3154 1399 3596 1467 communiter
3632 1392 3855 1486 quili-

2184 1552 2194 1560 .
2304 1502 2417 1570 bet
2447 1498 2647 1585 alius.

738 1614 997 1683 Deinde
1064 1615 1392 1702 quaeritur
1458 1613 1540 1681 de
1595 1612 1727 1682 hoc
1755 1612 1941 1703 quod
1977 1611 2183 1681 dicit:

657 1751 688 1783 α
746 1723 842 1789 Et
907 1731 1136 1788 tamen
1192 1720 1501 1811 Spiritus
1561 1731 1839 1789 sanctus
1903 1739 1906 1742 ·
1914 1722 2192 1812 proprie

649 1828 949 1896 charitas
986 1837 1458 1918 nuncupatur,
1493 1835 1619 1912 etc.
1656 1854 1689 1894 n
1864 1908 1870 1915 ³

744 1937 805 2003 1.
839 1935 988 2004 Hoc
1017 1934 1202 2002 enim
1231 1933 1503 2003 videtur
1525 1933 1768 2002 falsum
1804 1956 1946 2002 esse
1982 1956 1998 1999 ε
2032 1933 2193 2023 quia

650 2031 979 2133 quidquid
1006 2050 1108 2111 est
1134 2062 1499 2109 commune
1536 2028 1775 2122 tribus,
1805 2063 1944 2108 non
1973 2048 2195 2130 potest

649 2171 795 2217 esse
846 2149 1203 2240 proprium
1241 2147 1490 2216 unius:
1563 2148 1681 2216 sed
1735 2146 2027 2216 charitas
2092 2154 2195 2215 est

651 2258 1035 2324 communis
1074 2254 1289 2323 tribus
1324 2280 1340 2323 :
1383 2277 1548 2345 ergo
1586 2278 1727 2323 non
1767 2261 1992 2344 potest
2045 2276 2191 2323 esse

645 2364 998 2453 proprium
1030 2361 1326 2452 Spiritus
1364 2363 1599 2429 sancti.

737 2470 802 2536 2.
865 2467 1249 2552 Praeterea,
1287 2466 1597 2536 Charitas
1654 2469 1871 2559 magis
1925 2467 2196 2536 videtur

648 2575 1068 2666 appropriari
1107 2573 1294 2643 Patri
1331 2597 1347 2642 :
1382 2576 1544 2667 quia
1582 2577 1652 2642 in
1683 2575 1972 2667 quadam
2013 2573 2187 2641 anti-

646 2681 876 2773 phona
940 2681 1024 2750 de
1090 2680 1417 2749 Trinitate
1498 2689 1723 2750 cantat
1813 2679 2111 2750 Ecclesia
2171 2701 2187 2747 :

650 2813 687 2854 α
743 2787 1053 2857 Charitas
1128 2788 1334 2856 Pater
1396 2795 1546 2867 est,
1584 2776 1802 2879 gratia
1857 2787 2188 2867 Christus,

648 2897 1176 2966 communicatio
1219 2895 1514 2985 Spiritus
1542 2898 1881 2966 sanctus¹.
1920 2923 1953 2959 n

736 3005 800 3072 3.
838 3002 1033 3083 Item,
1068 3001 1379 3071 Charitas
1432 3004 1766 3071 virtutum
1807 3012 1908 3071 est
1945 3002 2188 3088 forma,

647 3123 712 3182 et
749 3114 844 3181 sic
874 3134 1115 3180 omnes
1155 3111 1439 3180 virtutes
1488 3112 1742 3204 aliquid
1788 3112 2125 3203 accipiunt
2153 3135 2193 3180 a

648 3220 969 3291 charitate
1013 3243 1029 3288 ε
1065 3242 1228 3312 ergo
1286 3220 1506 3312 magis
1552 3220 1794 3289 similis
1850 3229 1917 3289 et
1951 3242 2193 3312 appro-

650 3328 952 3420 priabilis
1015 3336 1118 3397 est
1186 3351 1494 3420 personae
1545 3353 1584 3397 a
1623 3352 1757 3420 qua
1803 3327 1952 3397 aliae
2024 3327 2195 3396 acci·

649 3438 867 3529 piunt,
899 3459 1107 3527 quam
1138 3434 1234 3503 illi
1265 3458 1417 3527 quae
1446 3434 1532 3503 ab
1560 3435 1711 3504 aliis
1739 3436 1982 3526 accipit
2011 3435 2195 3526 quod

650 3544 736 3613 ab
763 3547 906 3636 ipsa
935 3542 1124 3613 nulla
1161 3542 1294 3612 alia
1324 3544 1567 3635 accipit
1598 3566 1614 3611 ε
1659 3543 1802 3613 haec
1838 3551 2064 3612 autem
2095 3551 2196 3612 est

656 3651 948 3743 Spiritus
1004 3659 1280 3718 sanctus
1341 3671 1356 3717 :
1428 3671 1591 3741 ergo
1660 3673 1793 3719 non
1880 3650 2199 3718 convenit

659 3758 942 3850 Spiritui
969 3760 1232 3826 sancto,

746 3868 810 3933 4.
856 3865 1052 3949 Item,
1083 3863 1394 3934 Charitas
1433 3876 1533 3932 est
1560 3864 1715 3932 finis
1752 3865 2092 3957 praecepti,
2122 3872 2199 3932 ut

661 3975 824 4043 dicit
850 3972 1247 4064 Apostolus,
1284 3969 1304 4038 Ι
1339 3972 1423 4041 ad
1450 3970 1724 4042 Timoth
1784 3995 1831 4050 ι,
1875 3974 1981 4040 5².
2016 3972 2200 4041 Finis

662 4093 888 4150 autem
926 4082 1246 4150 convenit
1274 4081 1336 4148 ei
1369 4080 1440 4147 in
1478 4102 1681 4172 quem
1719 4078 2037 4147 ultimum
2100 4101 2205 4147 se-

662 4189 959 4258 cundum
1036 4196 1297 4256 natura}
1373 4187 1681 4255 ordinem
1765 4186 2199 4255 recurrimus.

668 4298 783 4366 llle
821 4306 1049 4366 autem
1088 4306 1188 4365 est
1232 4296 1455 4374 Pater,
1525 4303 1598 4364 ut
1653 4317 1855 4385 supra
1895 4292 2203 4362 habitum

666 4404 806 4475 est³
837 4428 852 4475 :
923 4427 1087 4497 ergo
1159 4404 1432 4473 videtur
1494 4402 1784 4473 charitas
1859 4426 1993 4472 non
2058 4425 2205 4471 esse

668 4516 940 4606 propria
971 4513 1252 4604 Spiritui
1285 4522 1545 4583 sanctu.

759 4726 1152 4804 Pau-raam,
1233 4723 1494 4791 Dicitur
1564 4722 1854 4791 essentia
1920 4719 2209 4790 charitas

596 4818 611 4831 ’
670 4837 735 4902 in
769 4833 1038 4901 divinis.
1076 4830 1408 4897 Similiter
1434 4830 1678 4897 dicitur
1718 4829 2010 4920 Spiritus
2046 4851 2210 4896 san-

667 4951 813 5008 ctus
842 4937 1163 5008 charitas,
1197 4935 1283 5004 Et
1312 4935 1625 5004 similiter
1677 4935 1968 5003 charitas
2033 4958 2212 5026 quae-

666 5046 820 5113 dam
865 5046 1300 5133 importatur,
1343 5065 1499 5110 cum
1557 5043 1825 5124 dicitur,
1884 5041 2084 5110 Pater
2147 5051 2213 5110 et

667 5154 872 5220 Filius
910 5152 1199 5241 diligunt
1239 5173 1309 5217 se
1345 5173 1361 5217 :
1398 5152 1465 5217 in
1520 5150 1728 5218 verbo
1803 5151 1984 5218 enim
2041 5149 2215 5217 dili-

664 5270 838 5350 qum
904 5260 1313 5349 importatur
1385 5254 1677 5324 charitas
1733 5255 2073 5347 quaedam.
2132 5255 2214 5324 Et

742 5530 757 5563 ⁸
806 5524 1048 5597 Antiph.
1088 5527 1106 5578 ¹
1148 5524 1313 5579 Noct.
1345 5523 1421 5579 111
1449 5522 1525 5578 ad
1556 5523 1902 5579 Matutinum
1933 5523 2065 5580 sesti
2115 5523 2211 5582 SS.

667 5615 992 5672 Trinitatis,

740 5707 762 5740 ¹
804 5705 825 5759 1
854 5703 928 5762 ad
960 5701 1216 5759 Timoth.
1249 5717 1291 5773 ι,
1322 5704 1355 5757 5
1389 5718 1403 5759 :
1437 5703 1590 5759 Finis
1608 5702 1880 5775 praecepti
1905 5711 1983 5760 est
2030 5702 2218 5759 chari-

2373 1610 2497 1674 :An
2530 1628 2797 1678 ramma
2874 1603 3256 1688 dicendum,
3327 1613 3503 1703 quod
3562 1603 3851 1704 ‘proprie

2298 1718 2609 1785 innuitur
2645 1716 2719 1782 in
2748 1715 3153 1782 auctoritate
3179 1714 3530 1810 Augustini
3558 1743 3687 1814 per
3719 1740 3849 1809 ap.

2298 1825 2673 1916 propriate.

2388 1931 2494 1997 An
2523 1951 2723 1996 amun
2762 1926 3152 2003 dicendum,
3188 1932 3362 2019 quod
3400 1933 3693 2004 charitas
3729 1953 3852 1998 ac-

2298 2038 2549 2127 cipitur
2585 2033 2968 2125 dupliciter,
3015 2031 3271 2105 scilicct
3300 2038 3366 2108 in
3416 2065 3510 2122 se,
3552 2042 3705 2109 sive
3761 2036 3851 2105 ad

2298 2141 2653 2233 proprium
2684 2147 2913 2207 actum
2948 2160 2964 2205 ε
3010 2146 3080 2206 et
3120 2143 3481 2215 secundum
3548 2142 3739 2238 quod
3777 2163 3852 2210 se

2300 2247 2507 2317 habet
2532 2247 2621 2315 ad
2649 2246 2817 2314 alias
2844 2246 3158 2313 virtutes.
3194 2243 3267 2315 Si
3298 2249 3363 2319 in
3399 2276 3494 2339 se,
3555 2262 3661 2323 est
3700 2251 3854 2341 ipsa

2300 2357 2373 2425 in
2408 2378 2661 2448 genere
2689 2354 2972 2433 amoriS,
3016 2360 3084 2421 et
3136 2356 3418 2443 pertinet
3477 2360 3562 2429 ad
3619 2358 3855 2450 Spiri-

2299 2474 2448 2533 tum
2514 2470 2830 2533 sanctum
2901 2483 2917 2528 :
2986 2469 3053 2528 et
3090 2459 3236 2530 haec
3272 2475 3368 2535 est
3401 2491 3521 2538 sua
3566 2467 3853 2560 propria

2298 2572 2788 2673 consideratio.
2835 2568 2910 2640 Si
2942 2576 3171 2639 autem
3200 2574 3514 2669 accipitur
3544 2585 3617 2646 ut
3661 2597 3856 2643 com·

2300 2691 2583 2773 paratur
2608 2680 2696 2749 ad
2724 2678 2894 2748 alias
2930 2680 3239 2758 virtutes,
3272 2682 3365 2754 sic
3388 2683 3588 2755 habet
3625 2684 3853 2751 ratio-

3958 1663 4039 1710 Ad
4062 1664 4100 1710 1.

3974 1979 4047 2044 ’Λα
4076 2002 4117 2046 2.

2299 2811 2460 2859 nem
2490 2786 2848 2879 cujusdam
2878 2785 3193 2878 principii
3223 2787 3306 2857 ad
3331 2792 3493 2862 alias
3517 2795 3862 2871 virtuteS,’

2300 2903 2371 2965 et
2406 2896 2505 2965 sic
2532 2902 2806 2987 aptatur
2833 2892 3048 2961 Patri.

2388 3004 2475 3072 Et
2529 3025 2653 3094 per
2688 3000 2822 3070 hoc
2875 3008 3062 3092 patet
3128 3000 3373 3075 solutio
3424 3008 3509 3077 ad
3560 3007 3705 3076 duo
3744 3027 3853 3073 se·

2299 3114 2581 3206 quentia
2621 3133 2777 3204 quae
2810 3112 2880 3178 in
2911 3107 3027 3177 illa
3056 3112 3581 3188 consideratione
3609 3114 3851 3187 chari-

2297 3223 2458 3291 tatis
2496 3219 2899 3313 procedunt.

3901 3070 3981 3119 Ad
4007 3070 4034 3117 8
4060 3072 4169 3118 et(-

2387 3440 2501 3508 An
2528 3457 2828 3505 ουωιωι
2858 3431 3243 3515 dicendum,
3275 3441 3448 3531 quod
3478 3443 3546 3511 in
3584 3438 3846 3510 divinis

2299 3552 2402 3615 est
2439 3542 2735 3614 charitas
2764 3540 3169 3621 essentialis,
3224 3552 3290 3614 et
3334 3548 3725 3623 nouonalis,
3776 3553 3848 3614 et

2297 3648 2707 3745 personalis.
2733 3647 2819 3717 Et
2842 3656 3027 3739 patet
3057 3644 3186 3714 hoc
3216 3652 3485 3737 ratione,
3518 3666 3584 3727 et
3611 3676 3851 3724 exem·

2302 3758 2443 3851 plo.
2479 3755 2770 3825 Ratione
2796 3756 2894 3823 sic
2927 3775 2944 3822 :
2988 3752 3184 3821 l'ater
3218 3763 3283 3824 et
3313 3758 3510 3831 Pilius
3546 3762 3852 3853 diligunt

2302 3890 2376 3936 se
2414 3867 2486 3936 in
2513 3874 2849 3958 quantum
2890 3884 3110 3931 unum
3160 3872 3405 3939 suntin
3436 3882 3680 3943 natura
3724 3892 3744 3936 :
3788 3878 3857 3937 et

2303 3975 2378 4043 in
2416 3970 2547 4041 hac
2570 3970 2938 4065 dilectione
2975 3975 3352 4045 necessario
3383 3980 3585 4049 etiam
3626 3974 3863 4048 inclu-

2310 4079 2497 4150 ditur
2527 4077 2826 4171 Spiritus
2863 4083 3139 4145 sanctus
3203 4082 3313 4171 qui
3382 4098 3481 4156 est
3545 4082 3861 4177 ejusdem

2306 4186 2630 4258 essentiae
2669 4207 2831 4255 cum
2873 4182 3075 4251 Patre
3112 4191 3180 4252 et
3236 4185 3399 4260 Filio
3451 4217 3468 4260 :
3538 4191 3726 4262 unde
3794 4188 3866 4281 ly

2309 4295 2620 4384 diliqemt
2659 4292 2822 4362 dicit
2860 4297 3092 4359 actum
3145 4288 3479 4368 charitatis
3532 4296 3870 4370 essentia·

2308 4404 2417 4473 lis.
2463 4401 2637 4470 Cum
2662 4405 2894 4488 autem
2933 4397 3085 4466 dico
3116 4399 3235 4483 sic,
3270 4401 3459 4476 l'ater
3491 4407 3718 4499 diligit
3751 4402 3870 4471 Fi-

2312 4508 2485 4577 lium
2561 4528 2799 4576 amore
2874 4505 2993 4596 qui
3061 4512 3163 4572 est
3226 4506 3506 4600 Spiritus
3549 4521 3863 4591 sanctus,

2314 4618 2729 4706 importatur
2774 4611 3029 4703 duplex
3086 4635 3298 4699 amor,
3352 4620 3599 4692 seilicet
3637 4620 3871 4689 notio·

2313 4724 2488 4791 ualis
2519 4723 2589 4790 in
2618 4720 2832 4790 verbo
2866 4742 3003 4810 quo
3043 4718 3244 4790 Pater
3281 4735 3342 4793 et
3399 4729 3601 4798 Filius
3640 4748 3867 4795 unum

2313 4840 2475 4899 sunt
2506 4827 2903 4919 inspirando
2930 4849 3233 4896 amorem
3282 4846 3391 4904 :et
3427 4836 3596 4905 alius
3663 4855 3871 4902 amor

2316 4942 2729 5030 importatur
2766 4960 2887 5028 per
2935 4957 3187 5004 nomen
3227 4946 3400 5031 quod
3450 4957 3575 5026 est,
3619 4964 3865 5012 amore

2318 5048 2435 5138 qui
2468 5054 2569 5114 est
2609 5042 2910 5135 Spiritus
2940 5051 3234 5111 sanctus.
3280 5046 3594 5145 Exemplo
3626 5058 3869 5119 autem

2320 5153 2388 5221 id
2435 5152 2641 5221 idem·
2686 5150 3128 5220 ostenditur:
3199 5176 3474 5243 sponsus
3542 5163 3735 5231 enim
3805 5168 3871 5224 et

2320 5285 2573 5353 sponsa
2602 5261 2899 5353 diligunt
2929 5281 3002 5327 se
3034 5259 3103 5325 in
3142 5271 3604 5338 convenientia
3662 5278 3876 5335 nam..

3892 3508 3971 3557 Aa
3994 3517 4169 3570 quent.

2320 5533 2405 5583 las
2433 5525 2503 5581 de
2520 5524 2689 5582 corde
2708 5539 2881 5596 puro,
2908 5528 3046 5589 etc..

2392 5615 2415 5650 ⁸
2443 5614 2530 5671 Cf.
2564 5615 2778 5686 Supra,
2812 5614 2958 5669 Uist.
2995 5611 3090 5666 111.
