4897 6388
2049 273 2141 340 ΙΝ
2190 273 2217 338 1
2270 270 2701 339 SENTENT.
2757 271 2983 340 DlST.
3038 271 3297 352 xxm,
3341 273 3469 340 C..⁷

1229 448 1412 514 Bene
1436 455 1667 514 tamen
1689 445 2013 523 concede,
2039 443 2221 534 quod
2244 443 2692 510 substantiam

1137 555 1474 646 significat
1513 578 1592 622 eo
1637 555 1839 620 modo
1881 576 2015 642 quo
2064 553 2317 619 dictum
2341 559 2491 619 est.'

868 468 938 513 Ad
964 473 1006 515 7.

1227 769 1331 835 An
1355 792 1419 834 ιι)
1461 775 1687 834 autem
1731 766 1909 857 quod
1950 765 2269 853 objicitur
2314 764 2378 829 in
2411 751 2692 829 contra-

1140 880 1343 955 rium,
1379 875 1462 942 ad
1494 875 1631 942 duo
1660 877 1882 965 prima
1911 897 2060 964 quae
2089 881 2251 941 sunt
2307 872 2551 950 Boetii,
2596 870 2694 937 di-

1138 984 1429 1053 cendum
1471 983 1655 1074 quod
1685 984 1960 1050 Boetius
2001 1005 2137 1050 non
2159 983 2402 1071 accipit
2441 982 2510 1046 in
2542 1003 2689 1070 per-

1137 1115 1305 1160 sona
1372 1090 1830 1182 significatum
1891 1089 2282 1181 principale,
2346 1088 2533 1179 quod
2589 1096 2689 1154 est

1136 1199 1511 1266 substantia
1546 1199 1896 1288 supposita
1935 1196 2243 1264 absolute
2295 1195 2474 1263 dicta
2542 1217 2560 1264 :
2622 1201 2688 1261 et

1139 1306 1270 1375 hoc
1300 1306 1480 1385 ideo,
1519 1307 1678 1396 quia
1721 1306 1810 1372 ibi
1854 1329 1990 1372 non
2033 1303 2319 1372 intendit
2358 1303 2546 1393 loqui
2607 1302 2689 1368 de

1134 1414 1634 1506 significatione
1669 1416 1989 1492 nominiS,
2026 1413 2144 1481 sed
2173 1414 2399 1503 potius
2429 1411 2511 1479 de
2544 1409 2692 1501 plu-

1135 1523 1402 1591 ralitate
1467 1545 1482 1590 ε
1536 1530 1603 1589 et
1660 1523 1817 1612 quia
1881 1545 2018 1589 non
2074 1520 2253 1589 cadit
2335 1520 2689 1611 pluralitas

1137 1631 1399 1697 ratione
1429 1629 1850 1705 substantiae,
1895 1628 2009 1697 sed
2072 1629 2329 1696 ratione
2389 1628 2692 1698 existen-

1138 1736 1246 1802 tiae
1274 1735 1703 1823 proprietatis
1740 1756 1888 1823 quae
1948 1732 2180 1799 relatio
2235 1732 2519 1822 originis
2557 1738 2685 1811 est,

1136 1841 1288 1908 ideo
1320 1840 1505 1924 dicit,
1551 1839 1736 1931 quod
1793 1862 1930 1907 non
1986 1838 2323 1931 significat
2367 1838 2689 1905 substan-

1135 1950 1299 2015 tiam
1331 1946 1450 2016 sed
1483 1946 1907 2015 relationem.
2275 1953 2278 1954 ⁷

1224 2059 1327 2125 An
1356 2079 1556 2124 amun
1585 2056 1971 2138 dicendum,
2027 2055 2211 2147 qnod
2263 2055 2691 2145 Augustinus

1133 2166 1291 2233 dicit
1324 2164 1480 2246 hoc,
1543 2164 1693 2232 ideo
1769 2165 1954 2254 quod
2019 2188 2157 2233 non
2217 2169 2690 2257 retorqueatur

1131 2275 1489 2369 pluralitas
1544 2284 1609 2344 et
1675 2298 2001 2344 numerus
2074 2277 2159 2344 ad
2229 2275 2684 2344 substantiam

1133 2406 1288 2474 qnae
1318 2383 1741 2474 significatur
1787 2383 1854 2449 in
1886 2384 2186 2466 nomine,
2237 2383 2353 2451 sed
2403 2377 2689 2451 ad'exi-

1132 2496 1396 2563 stentiae
1427 2494 1740 2562 moduni.

1223 2604 1326 2670 An
1355 2624 1554 2669 Αιιυυ
1607 2600 1992 2685 dicendum,
2054 2600 2239 2692 quod
2277 2600 2407 2669 hoc
2446 2624 2684 2669 verum

1133 2719 1259 2786 est,
1294 2709 1476 2799 quod
1516 2709 1585 2775 in
1627 2709 1813 2776 nulla
1843 2717 2079 2776 natura
2130 2708 2311 2777 idem
2350 2718 2452 2777 cst
2498 2710 2685 2798 prin-

1131 2817 1385 2907 cipium
1418 2815 2132 2884 communicabilitatis
2173 2823 2236 2884 et
2296 2817 2686 2884 incommu-

1131 2921 1565 2991 nicabilitatis
1600 2945 1619 2993 t
1668 2922 1783 2991 sed
1820 2925 1890 2991 in
1917 2923 2145 2991 divina
2210 2932 2452 2991 natura
2491 2922 2686 2989 susti-

1131 3036 1221 3100 cit
1249 3031 1558 3099 diversus
1598 3032 1840 3100 modus
1871 3031 2290 3123 intelligendi
2353 3055 2369 3100 ε
2415 3040 2482 3100 et
2548 3030 2681 3100 hoc

1131 3139 1309 3220 ideo,
1342 3140 1504 3233 quia
1538 3141 1605 3208 in
1636 3140 2069 3210 inferioribus
2101 3163 2251 3235 quoe
2300 3142 2682 3230 composita

1128 3257 1312 3329 sunt,
1344 3248 1688 3317 diversum
1730 3260 1829 3319 est
1877 3251 2059 3341 quod
2109 3259 2212 3318 est
2248 3259 2315 3319 et
2372 3273 2509 3341 quo
2548 3258 2677 3333 est,

1127 3366 1189 3423 et
1230 3357 1578 3425 diversum
1609 3360 1892 3450 estquis
1923 3367 2024 3428 est
2090 3367 2152 3427 et
2213 3381 2350 3450 quo
2402 3366 2499 3426 est
2547 3382 2565 3428 τ
2610 3360 2679 3426 in

1127 3460 1377 3528 divinis
1415 3470 1644 3529 autem
1680 3465 1946 3553 proprie
1987 3463 2329 3555 loquendo
2372 3486 2510 3532 non
2578 3472 2680 3532 est

1126 3571 1308 3661 quod
1339 3580 1441 3638 est
1479 3580 1545 3639 et
1592 3594 1731 3663 quo
1763 3582 1863 3641 est
1895 3595 1910 3640 ε
1945 3574 2064 3641 sed
2111 3573 2204 3642 ibi
2251 3581 2353 3642 est
2410 3574 2676 3641 verissi-

1126 3702 1233 3745 me
1266 3681 1418 3769 quis
1468 3688 1660 3748 estet
1689 3703 1826 3770 quo
1864 3694 1990 3763 est,
2025 3684 2138 3751 sed
2192 3705 2328 3749 non
2381 3689 2539 3749 sunt
2579 3681 2678 3749 di-

1121 3809 1314 3853 versa
1356 3786 1425 3853 in
1459 3811 1554 3863 re,
1590 3790 1748 3879 quia
1780 3788 1973 3856 aliter
2001 3797 2176 3857 esset
2208 3788 2295 3856 ibi
2329 3791 2674 3880 composi-

1120 3898 1216 3963 tio
1255 3897 1683 3964 universalis.
1743 3897 1932 3964 [inde
1978 3897 2302 3965 nobilitas
2343 3897 2671 3989 simplici·

1122 4007 1277 4072 tatis
1324 4005 1574 4074 divinae
1604 4006 1778 4075 tollit
1809 4007 2270 4077 diversitatem
2302 4031 2340 4075 a
2387 4008 2541 4097 quis
2571 4016 2673 4074 est

785 803 853 848 Ad
879 802 1038 860 object
1067 806 1086 847 1

880 866 931 903 et
959 859 999 903 2.

783 2086 855 2131 Ad
866 2086 1040 2146 object.
1056 2086 1083 2131 8

778 2623 860 2668 Ad
899 2621 1077 2719 otnant.

4223 270 4350 337 587

2807 452 2874 510 et
2920 466 3054 533 quo
3122 452 3222 510 est
3270 445 3405 511 ¹aed
3487 467 3624 511 non
3710 442 3889 511 tollit
3958 442 4342 519 veritatem,

2810 553 2970 642 quia
2999 552 3352 620 verissime
3382 561 3483 619 est
3526 552 3614 620 ibi
3648 554 3799 641 quis
3829 558 3954 630 est,
3980 556 4043 617 et
4074 549 4349 617 verissi-

2810 681 2919 725 me
2960 659 3179 726 estibi
3240 680 3375 749 quo
3434 668 3534 727 est
3587 681 3601 724 :
3654 668 3720 726 et
3781 658 3933 724 ideo
3992 679 4077 723 ex
4141 654 4344 721 modo

2808 765 3228 855 intelligendi
3269 768 3422 855 quis
3451 774 3572 846 est,
3631 765 3958 854 accipitur
4013 783 4351 851 persona-

2810 870 2962 937 litas
3010 881 3073 937 et
3128 870 3763 938 incommunicabile
3814 896 3829 935 :
3874 876 3940 936 et
4014 890 4098 934 ex
4145 867 4349 934 modo

2807 980 3228 1069 intelligendi
3276 1003 3409 1070 quo
3465 991 3583 1056 est,
3631 979 3956 1068 accipitur
4018 983 4257 1044 natura
4328 997 4343 1042 ε

2808 1096 2874 1155 et
2939 1087 3382 1156 nihilominus
3426 1090 3576 1178 quis
3623 1096 3723 1154 est
3778 1084 4115 1177 significat
4172 1084 4341 1151 sub-

2807 1200 3122 1264 stantiam
3174 1180 3620 1287 suppositam,
3670 1195 3825 1263 licet
3889 1193 4352 1286 consignificet

2805 1329 2961 1372 cum
3028 1330 3105 1372 ea
3172 1308 3650 1394 proprietatem
3724 1302 3907 1370 modi
3975 1302 4345 1369 existentiae

2806 1435 2939 1502 quo
2982 1415 3208 1480 existit
3259 1435 3545 1502 persona
3577 1414 3643 1478 in
3675 1412 3944 1480 divinis·

2893 1522 2996 1586 An
3062 1543 3260 1588 Amun
3317 1519 3700 1598 dicendum,
3759 1517 3941 1610 quod
3991 1525 4343 1585 numerata
4373 1561 4689 1622 Momm-5·

2804 1639 2904 1698 est
2944 1651 3233 1720 persona
3291 1631 3550 1697 ratione
3611 1627 4036 1720 proprietatis
4098 1649 4113 1695 ε
4167 1626 4344 1695 unde

2805 1750 3204 1807 numeratur
3243 1748 3317 1805 ut
3358 1741 3720 1807 constituta
3779 1737 4211 1828 proprietate,
4281 1744 4347 1804 et

2805 1848 2873 1914 in
2905 1847 3281 1914 substantia
3315 1871 3452 1915 non
3513 1869 3529 1915 :
3578 1855 3646 1915 et
3680 1846 3813 1915 hoc
3858 1845 4104 1914 melius
4134 1845 4347 1936 expli-

2805 1956 3070 2025 cabitur
3116 1958 3182 2023 in
3223 1955 3659 2047 sequentibus
3727 1956 3917 2023 istius
3975 1954 4348 2023 distinctio-

2804 2068 2932 2134 nis.

2891 2178 2996 2243 An
3034 2200 3229 2244 Amen
3269 2176 3655 2252 dicendum,
3698 2174 3881 2265 quod
3920 2198 4072 2243 cum
4104 2175 4347 2242 dicitur
4373 2208 4442 2252 Ad
4458 2206 4690 2265 obsceno.

2807 2282 3029 2356 Pater,
3066 2284 3270 2350 etiam
3302 2282 3721 2373 significatur
3756 2280 4132 2349 substantia
4189 2304 4341 2349 cum

2804 2389 3129 2481 singulari
3179 2391 3611 2481 proprietate,
3660 2397 3733 2456 ut
3770 2410 4082 2478 expresse
4130 2389 4347 2479 patuit

2805 2521 2925 2587 per
2952 2500 3425 2566 auctoritatem
3476 2496 3836 2586 Augustini
3882 2505 4224 2586 sumptam
4266 2495 4349 2563 de

2805 2604 2978 2674 libro
3001 2605 3125 2673 vn
3158 2605 3240 2673 de
3278 2605 3629 2684 Trinitate,
3666 2603 3733 2671 in
3765 2603 4100 2694 principio
4142 2600 4344 2671 libri:

2802 2725 2867 2784 et
2900 2715 3050 2783 ideo
3107 2715 3285 2783 cadit
3354 2715 3419 2781 in
3467 2713 3992 2805 praedicamento
4040 2713 4349 2781 substan·

2799 2824 2911 2891 tim
2954 2821 3340 2914 theologico
3399 2823 3654 2889 ratione
3693 2819 4109 2904 substantioe,
4152 2827 4218 2887 et
4279 2820 4349 2887 in

2799 2931 3324 3020 praedicamento
3377 2927 3723 2996 relationis
3790 2927 4049 2995 ratione
4121 2927 4346 2995 consi·

2796 3039 3095 3130 gniticati
3115 3061 3271 3105 cum
3311 3036 3708 3105 substantia.

2882 3148 2985 3215 An
3026 3169 3222 3215 mro
3260 3145 3646 3226 dicendum,
3690 3145 3873 3237 quod
3908 3142 4082 3214 bene
4111 3144 4340 3235 singu·
4370 3173 4689 3234 Μώμῳ,

2792 3252 3046 3331 laritas‚
3093 3252 3276 3345 large
3316 3252 3567 3319 utendo
3595 3249 3928 3320 vocabulo
3975 3249 4335 3342 singulari·

2791 3361 2974 3431 tatis.
3018 3372 3117 3428 est
3176 3361 3435 3427 ratione
3491 3358 3917 3450 proprietatis
3957 3378 3974 3425 τ
4009 3356 4127 3425 sed
4167 3355 4330 3424 illud

2792 3490 2930 3536 non
2963 3477 3062 3537 est
3103 3476 3241 3536 tota
3272 3467 3675 3558 significatio
3704 3463 4051 3533 vocabuli.

2878 3678 3333 3770 opinionibus
3372 3690 3599 3746 antem
3631 3676 4028 3746 introductis
4078 3676 4145 3744 in
4178 3675 4337 3742 nul-

2787 3787 2854 3855 lo
2878 3788 3035 3855 volo
3057 3787 3515 3856 contradicere
3545 3812 3559 3856 ε
3586 3789 3743 3879 quia
3778 3787 4060 3854 materia
4090 3784 4337 3853 dimet-

2786 3896 2868 3964 lis
2897 3910 2996 3966 est
3036 3922 3051 3968 z
3093 3909 3158 3966 et
3198 3908 3520 3989 sequatur
3551 3897 4013 3989 unusquisque
4046 3895 4227 3986 quod
4271 3884 4336 3961 ei

2787 4008 3008 4096 magis
3041 4008 3395 4098 placuerit.

1124 4434 1207 4504 (ἶ.
1250 4431 1412 4506 Cm·
1439 4429 1684 4505 Pater
1710 4439 1783 4506 e!
1821 4430 2072 4505 Filius
2103 4440 2176 4507 el
2226 4432 2549 4532 spiritns
2577 4442 2889 4508 sanctas
2920 4456 3070 4507 non
3113 4432 3473 4508 dicantur
3500 4458 3654 4511 mm
3671 4458 4036 4534 persona,
4068 4442 4150 4508 u!
4182 4458 4336 4508 mm

2151 4567 2605 4664 substantia,
2670 4578 2744 4645 e!
2796 4595 2995 4643 emme
3051 4570 3319 4644 Deus?

1229 4874 1405 4947 ldeo
1456 4875 1704 4948 oritur
1735 4875 1855 4947 hic
1899 4874 2225 4973 quwstio
2266 4872 2603 4948 difficilis
2643 4873 2988 4974 quidem,
3026 4875 3155 4949 sed
3193 4899 3343 4949 non
3393 4875 3710 4969 inutilis,
3746 4897 3900 4973 qna
3930 4873 4332 4973 quaeritur,

1128 5013 1283 5085 Cur
1313 5035 1469 5084 non
1514 5011 1870 5084 dicantur
1938 5011 2012 5084 1ιί
2053 5020 2209 5086 tres
2254 5035 2406 5084 una
2447 5035 2810 5110 persona,
2865 5011 3058 5084 sient
3125 5036 3278 5085 nna
3310 5011 3668 5105 essentia,
3714 5020 3786 5085 et
3821 5035 4023 5086 unus
4062 5010 4339 5086 Dens?

1129 5149 1374 5232 Quam
1435 5144 1946 5242 qumstinnent
2015 5144 2499 5239 Augustinus
2562 5144 2976 5239 diligenter
3032 5153 3325 5236 tractat,
3371 5155 3597 5243 atque
3630 5168 3971 5240 congrue
4011 5145 4340 5242 explicat

1127 5278 1201 5351 in
1249 5277 1444 5350 libro
1478 5277 1611 5350 vll
1656 5277 1749 5353 de
1790 5278 2233 5373 Trinitale¹,
2296 5278 2401 5354 ita
2430 5278 2699 5353 dicens
2747 5302 2764 5352 :
2812 5279 2967 5352 Cur
3014 5301 3163 5351 non
3203 5277 3323 5351 nic
3357 5274 3378 5307 ²
3413 5278 3548 5351 tria
3591 5278 3817 5351 simul
3879 5300 4110 5352 unam
4161 5301 4341 5376 per-

1199 5541 1218 5576 ¹
1249 5538 1308 5593 S.
1339 5539 1715 5604 Αυουπικυε,
1739 5535 1864 5593 Lib.
1900 5536 1993 5591 vu
2013 5534 2086 5592 de
2115 5529 2428 5609 Trinitat'e,
2451 5551 2578 5608 cap.
2611 5537 2666 5590 6.

1201 5629 1221 5662 ²
1252 5628 1378 5682 Edit
1433 5628 1601 5682 Joan.
1640 5627 1963 5694 ,tlh-amne,
1999 5627 2132 5685 haec.
