<?xml version="1.0" encoding="UTF-8"?>
<!DOCTYPE html PUBLIC "-//W3C//DTD XHTML 1.0 Transitional//EN"
    "http://www.w3.org/TR/xhtml1/DTD/xhtml1-transitional.dtd">
<html xmlns="http://www.w3.org/1999/xhtml" xml:lang="en" lang="en">
 <head>
  <title>
</title>
<meta http-equiv="Content-Type" content="text/html;charset=utf-8" />
  <meta name='ocr-system' content='tesseract 3.04.00' />
  <meta name='ocr-capabilities' content='ocr_page ocr_carea ocr_par ocr_line ocrx_word'/>
</head>
<body>
  <div class='ocr_page' id='page_1' title='image "balbertimagnira03chgoog_0293.png"; bbox 0 0 4897 6388; ppageno 0'>
   <div class='ocr_carea' id='block_1_1' title="bbox 823 495 961 544">
    <p class='ocr_par' dir='ltr' id='par_1_1' title="bbox 823 495 961 544">
     <span class='ocr_line' id='line_1_1' title="bbox 823 495 961 544; baseline 0.029 -4"><span class='ocrx_word' id='word_1_1' title='bbox 823 495 892 541; x_wconf 73' lang='lat' dir='ltr'><strong>Ad</strong></span> <span class='ocrx_word' id='word_1_2' title='bbox 920 498 961 544; x_wconf 71' lang='grc' dir='ltr'><strong>ὅ.</strong></span> 
     </span>
    </p>
   </div>
   <div class='ocr_carea' id='block_1_2' title="bbox 1918 264 3545 398">
    <p class='ocr_par' dir='ltr' id='par_1_2' title="bbox 1918 264 3545 398">
     <span class='ocr_line' id='line_1_2' title="bbox 1918 264 3545 398; baseline 0 -37"><span class='ocrx_word' id='word_1_3' title='bbox 1918 294 2012 361; x_wconf 81' lang='grc' dir='ltr'><strong>[Ν</strong></span> <span class='ocrx_word' id='word_1_4' title='bbox 2060 264 2570 398; x_wconf 59' lang='lat' dir='ltr'><strong>[sumum.</strong></span> <span class='ocrx_word' id='word_1_5' title='bbox 2623 290 2849 360; x_wconf 74' lang='lat' dir='ltr'><strong>nlsr.</strong></span> <span class='ocrx_word' id='word_1_6' title='bbox 2905 292 3025 373; x_wconf 74' lang='lat' dir='ltr'><strong>tx,</strong></span> <span class='ocrx_word' id='word_1_7' title='bbox 3080 293 3157 374; x_wconf 85' lang='lat' dir='ltr'><strong>o,</strong></span> <span class='ocrx_word' id='word_1_8' title='bbox 3207 293 3405 363; x_wconf 71' lang='grc' dir='ltr'><strong>ΛΒΤ.</strong></span> <span class='ocrx_word' id='word_1_9' title='bbox 3460 297 3545 390; x_wconf 56' lang='grc' dir='ltr'><strong>ο,ν</strong></span> 
     </span>
    </p>
   </div>
   <div class='ocr_carea' id='block_1_3' title="bbox 1084 457 2648 888">
    <p class='ocr_par' dir='ltr' id='par_1_3' title="bbox 1084 457 2648 888">
     <span class='ocr_line' id='line_1_3' title="bbox 1177 457 2648 560; baseline -0.005 -23"><span class='ocrx_word' id='word_1_10' title='bbox 1177 470 1283 537; x_wconf 86' lang='lat' dir='ltr'><strong>An</strong></span> <span class='ocrx_word' id='word_1_11' title='bbox 1322 492 1448 537; x_wconf 76' lang='lat' dir='ltr'><strong>noc</strong></span> <span class='ocrx_word' id='word_1_12' title='bbox 1473 469 1658 560; x_wconf 90' lang='lat' dir='ltr'><strong>quod</strong></span> <span class='ocrx_word' id='word_1_13' title='bbox 1698 467 2036 554; x_wconf 80' lang='lat' dir='ltr'><strong>objicitur,</strong></span> <span class='ocrx_word' id='word_1_14' title='bbox 2096 463 2280 555; x_wconf 91' lang='lat' dir='ltr'><strong>quod</strong></span> <span class='ocrx_word' id='word_1_15' title='bbox 2345 457 2487 531; x_wconf 87' lang='lat' dir='ltr'><strong>non</strong></span> <span class='ocrx_word' id='word_1_16' title='bbox 2546 471 2648 530; x_wconf 83' lang='lat' dir='ltr'><strong>est</strong></span> 
     </span>
     <span class='ocr_line' id='line_1_4' title="bbox 1088 570 2644 665; baseline -0.004 -21"><span class='ocrx_word' id='word_1_17' title='bbox 1088 578 1312 646; x_wconf 88' lang='lat' dir='ltr'><strong>simile</strong></span> <span class='ocrx_word' id='word_1_18' title='bbox 1341 577 1424 644; x_wconf 91' lang='lat' dir='ltr'><strong>de</strong></span> <span class='ocrx_word' id='word_1_19' title='bbox 1455 575 1642 643; x_wconf 81' lang='lat' dir='ltr'><strong>radio</strong></span> <span class='ocrx_word' id='word_1_20' title='bbox 1684 574 1793 641; x_wconf 79' lang='lat' dir='ltr'><strong>vel</strong></span> <span class='ocrx_word' id='word_1_21' title='bbox 1830 572 2213 665; x_wconf 82' lang='lat' dir='ltr'>splendore,</span> <span class='ocrx_word' id='word_1_22' title='bbox 2277 570 2644 640; x_wconf 89' lang='lat' dir='ltr'><strong>dicendum</strong></span> 
     </span>
     <span class='ocr_line' id='line_1_5' title="bbox 1087 683 2643 778; baseline -0.004 -23"><span class='ocrx_word' id='word_1_23' title='bbox 1087 689 1274 778; x_wconf 88' lang='lat' dir='ltr'><strong>quod</strong></span> <span class='ocrx_word' id='word_1_24' title='bbox 1315 687 1450 754; x_wconf 90' lang='lat' dir='ltr'><strong>hoc</strong></span> <span class='ocrx_word' id='word_1_25' title='bbox 1475 686 1811 775; x_wconf 82' lang='lat' dir='ltr'><strong>contingit</strong></span> <span class='ocrx_word' id='word_1_26' title='bbox 1854 693 2135 775; x_wconf 87' lang='lat' dir='ltr'><strong>propter</strong></span> <span class='ocrx_word' id='word_1_27' title='bbox 2158 691 2481 753; x_wconf 65' lang='lat' dir='ltr'><strong>creaturae</strong></span> <span class='ocrx_word' id='word_1_28' title='bbox 2512 683 2643 749; x_wconf 93' lang='lat' dir='ltr'><strong>im-</strong></span> 
     </span>
     <span class='ocr_line' id='line_1_6' title="bbox 1084 796 1594 888; baseline -0.006 -24"><span class='ocrx_word' id='word_1_29' title='bbox 1084 796 1594 888; x_wconf 77' lang='lat' dir='ltr'><strong>perfectionem.</strong></span> 
     </span>
    </p>
   </div>
   <div class='ocr_carea' id='block_1_4' title="bbox 4177 294 4298 360">
    <p class='ocr_par' dir='ltr' id='par_1_4' title="bbox 4177 294 4298 360">
     <span class='ocr_line' id='line_1_7' title="bbox 4177 294 4298 360; baseline -0.017 0"><span class='ocrx_word' id='word_1_30' title='bbox 4177 294 4298 360; x_wconf 76' lang='lat'><strong>281</strong></span> 
     </span>
    </p>
   </div>
   <div class='ocr_carea' id='block_1_5' title="bbox 2754 438 4296 645">
    <p class='ocr_par' dir='ltr' id='par_1_5' title="bbox 2754 438 4296 645">
     <span class='ocr_line' id='line_1_8' title="bbox 2844 438 4296 556; baseline 0.001 -26"><span class='ocrx_word' id='word_1_31' title='bbox 2844 463 2927 531; x_wconf 87' lang='lat' dir='ltr'><strong>Et</strong></span> <span class='ocrx_word' id='word_1_32' title='bbox 2956 488 3039 532; x_wconf 84' lang='lat' dir='ltr'><strong>ex</strong></span> <span class='ocrx_word' id='word_1_33' title='bbox 3071 465 3176 535; x_wconf 87' lang='lat' dir='ltr'><strong>his</strong></span> <span class='ocrx_word' id='word_1_34' title='bbox 3214 476 3281 535; x_wconf 87' lang='lat' dir='ltr'><strong>et</strong></span> <span class='ocrx_word' id='word_1_35' title='bbox 3337 438 3614 556; x_wconf 84' lang='lat' dir='ltr'><strong>objectis</strong></span> <span class='ocrx_word' id='word_1_36' title='bbox 3682 472 3864 556; x_wconf 84' lang='lat' dir='ltr'><strong>patet</strong></span> <span class='ocrx_word' id='word_1_37' title='bbox 3917 462 4161 531; x_wconf 85' lang='lat' dir='ltr'><strong>solutio</strong></span> <span class='ocrx_word' id='word_1_38' title='bbox 4211 464 4296 531; x_wconf 82' lang='lat' dir='ltr'><strong>ad</strong></span> 
     </span>
     <span class='ocr_line' id='line_1_9' title="bbox 2754 584 3000 645; baseline -0.004 0"><span class='ocrx_word' id='word_1_39' title='bbox 2754 584 3000 645; x_wconf 83' lang='lat' dir='ltr'><strong>totum.</strong></span> 
     </span>
    </p>
   </div>
   <div class='ocr_carea' id='block_1_6' title="bbox 1930 1200 3318 1299">
    <p class='ocr_par' dir='ltr' id='par_1_6' title="bbox 1930 1200 3318 1299">
     <span class='ocr_line' id='line_1_10' title="bbox 1930 1200 3318 1299; baseline -0.001 -23"><span class='ocrx_word' id='word_1_40' title='bbox 1930 1210 1938 1219; x_wconf 86' lang='grc'><em>“</em></span> <span class='ocrx_word' id='word_1_41' title='bbox 2054 1204 2133 1277; x_wconf 81' lang='lat' dir='ltr'><strong>C.</strong></span> <span class='ocrx_word' id='word_1_42' title='bbox 2179 1201 2770 1299; x_wconf 75' lang='lat' dir='ltr'><strong>Arqumentatio</strong></span> <span class='ocrx_word' id='word_1_43' title='bbox 2809 1200 3318 1278; x_wconf 72' lang='lat' dir='ltr'><strong>Arianormn.</strong></span> 
     </span>
    </p>
   </div>
   <div class='ocr_carea' id='block_1_7' title="bbox 1081 1468 4305 2146">
    <p class='ocr_par' dir='ltr' id='par_1_7' title="bbox 1081 1468 4305 2146">
     <span class='ocr_line' id='line_1_11' title="bbox 1181 1468 4297 1604; baseline -0.003 -22"><span class='ocrx_word' id='word_1_44' title='bbox 1181 1476 1635 1584; x_wconf 27' lang='lat' dir='ltr'><strong>Sed&#39;contra</strong></span> <span class='ocrx_word' id='word_1_45' title='bbox 1665 1506 1811 1579; x_wconf 90' lang='lat' dir='ltr'><strong>hoc</strong></span> <span class='ocrx_word' id='word_1_46' title='bbox 1852 1471 2104 1604; x_wconf 86' lang='lat' dir='ltr'><strong>inquit</strong></span> <span class='ocrx_word' id='word_1_47' title='bbox 2148 1468 2589 1595; x_wconf 81' lang='lat' dir='ltr'><strong>haereticus,</strong></span> <span class='ocrx_word' id='word_1_48' title='bbox 2626 1509 2712 1575; x_wconf 83' lang='lat' dir='ltr'><strong>ut</strong></span> <span class='ocrx_word' id='word_1_49' title='bbox 2751 1501 2981 1575; x_wconf 84' lang='lat' dir='ltr'><strong>refert</strong></span> <span class='ocrx_word' id='word_1_50' title='bbox 3016 1487 3471 1575; x_wconf 86' lang='lat' dir='ltr'><strong>Ambrosius</strong></span> <span class='ocrx_word' id='word_1_51' title='bbox 3504 1496 3589 1573; x_wconf 81' lang='lat' dir='ltr'><strong>&#39;in</strong></span> <span class='ocrx_word' id='word_1_52' title='bbox 3621 1501 3818 1575; x_wconf 88' lang='lat' dir='ltr'><strong>libro</strong></span> <span class='ocrx_word' id='word_1_53' title='bbox 3853 1501 3884 1575; x_wconf 95' lang='grc' dir='ltr'>Ι</span> <span class='ocrx_word' id='word_1_54' title='bbox 3943 1501 4035 1577; x_wconf 93' lang='lat' dir='ltr'><strong>de</strong></span> <span class='ocrx_word' id='word_1_55' title='bbox 4100 1498 4297 1574; x_wconf 70' lang='lat' dir='ltr'><strong>Fide</strong></span> 
     </span>
     <span class='ocr_line' id='line_1_12' title="bbox 1083 1633 4305 1735; baseline -0.004 -15"><span class='ocrx_word' id='word_1_56' title='bbox 1083 1644 1188 1720; x_wconf 85' lang='lat' dir='ltr'><strong>ad</strong></span> <span class='ocrx_word' id='word_1_57' title='bbox 1226 1641 1685 1718; x_wconf 79' lang='lat' dir='ltr'><em>Gratianum</em></span> <span class='ocrx_word' id='word_1_58' title='bbox 1729 1641 1775 1712; x_wconf 86' lang='lat'><strong>¹.</strong></span> <span class='ocrx_word' id='word_1_59' title='bbox 1822 1639 2067 1714; x_wconf 88' lang='lat' dir='ltr'><strong>Omne</strong></span> <span class='ocrx_word' id='word_1_60' title='bbox 2100 1637 2306 1734; x_wconf 91' lang='lat' dir='ltr'><strong>quod</strong></span> <span class='ocrx_word' id='word_1_61' title='bbox 2349 1646 2618 1710; x_wconf 81' lang='lat' dir='ltr'><strong>natum</strong></span> <span class='ocrx_word' id='word_1_62' title='bbox 2652 1644 2795 1729; x_wconf 85' lang='lat' dir='ltr'><strong>est,</strong></span> <span class='ocrx_word' id='word_1_63' title='bbox 2831 1633 3297 1733; x_wconf 86' lang='lat' dir='ltr'><strong>principium</strong></span> <span class='ocrx_word' id='word_1_64' title='bbox 3332 1634 3563 1710; x_wconf 83' lang='lat' dir='ltr'><strong>habet</strong></span> <span class='ocrx_word' id='word_1_65' title='bbox 3595 1659 3612 1710; x_wconf 90' lang='lat'>:</span> <span class='ocrx_word' id='word_1_66' title='bbox 3651 1645 3727 1710; x_wconf 85' lang='lat' dir='ltr'><strong>et</strong></span> <span class='ocrx_word' id='word_1_67' title='bbox 3766 1636 3935 1711; x_wconf 92' lang='lat' dir='ltr'><strong>ideo</strong></span> <span class='ocrx_word' id='word_1_68' title='bbox 3975 1634 4158 1735; x_wconf 80' lang='lat' dir='ltr'><strong>quia</strong></span> <span class='ocrx_word' id='word_1_69' title='bbox 4190 1634 4305 1709; x_wconf 90' lang='lat' dir='ltr'><strong>Fi·</strong></span> 
     </span>
     <span class='ocr_line' id='line_1_13' title="bbox 1083 1747 4300 1873; baseline -0.003 -20"><span class='ocrx_word' id='word_1_70' title='bbox 1083 1779 1237 1855; x_wconf 90' lang='lat' dir='ltr'><strong>lius</strong></span> <span class='ocrx_word' id='word_1_71' title='bbox 1268 1786 1499 1853; x_wconf 79' lang='lat' dir='ltr'><strong>natus</strong></span> <span class='ocrx_word' id='word_1_72' title='bbox 1539 1785 1682 1870; x_wconf 87' lang='lat' dir='ltr'><strong>est,</strong></span> <span class='ocrx_word' id='word_1_73' title='bbox 1727 1747 2199 1873; x_wconf 84' lang='lat' dir='ltr'><strong>principium</strong></span> <span class='ocrx_word' id='word_1_74' title='bbox 2240 1772 2475 1846; x_wconf 82' lang='lat' dir='ltr'><strong>habet</strong></span> <span class='ocrx_word' id='word_1_75' title='bbox 2507 1780 2583 1846; x_wconf 87' lang='lat' dir='ltr'><strong>et</strong></span> <span class='ocrx_word' id='word_1_76' title='bbox 2620 1792 2792 1845; x_wconf 92' lang='lat' dir='ltr'><strong>esse</strong></span> <span class='ocrx_word' id='word_1_77' title='bbox 2832 1769 3089 1868; x_wconf 86' lang='lat' dir='ltr'><strong>coepit,</strong></span> <span class='ocrx_word' id='word_1_78' title='bbox 3135 1770 3341 1869; x_wconf 90' lang='lat' dir='ltr'><strong>quod</strong></span> <span class='ocrx_word' id='word_1_79' title='bbox 3394 1770 3936 1845; x_wconf 82' lang='lat' dir='ltr'><strong>haereticorurn</strong></span> <span class='ocrx_word' id='word_1_80' title='bbox 4002 1793 4131 1844; x_wconf 92' lang='lat' dir='ltr'><strong>ore</strong></span> <span class='ocrx_word' id='word_1_81' title='bbox 4189 1770 4300 1843; x_wconf 82' lang='lat' dir='ltr'><strong>sic</strong></span> 
     </span>
     <span class='ocr_line' id='line_1_14' title="bbox 1082 1902 4302 2007; baseline -0.005 -16"><span class='ocrx_word' id='word_1_82' title='bbox 1082 1917 1375 1991; x_wconf 88' lang='lat' dir='ltr'><strong>dictum</strong></span> <span class='ocrx_word' id='word_1_83' title='bbox 1415 1910 1798 1994; x_wconf 66' lang='lat' dir='ltr'><strong>est.‚Nam</strong></span> <span class='ocrx_word' id='word_1_84' title='bbox 1826 1908 1992 2007; x_wconf 90' lang='lat' dir='ltr'><strong>ipse</strong></span> <span class='ocrx_word' id='word_1_85' title='bbox 2023 1907 2253 1983; x_wconf 90' lang='lat' dir='ltr'><strong>Arius</strong></span> <span class='ocrx_word' id='word_1_86' title='bbox 2287 1910 2405 2000; x_wconf 85' lang='lat' dir='ltr'><strong>(ut</strong></span> <span class='ocrx_word' id='word_1_87' title='bbox 2432 1902 2791 1982; x_wconf 84' lang='lat' dir='ltr'><strong>meminit</strong></span> <span class='ocrx_word' id='word_1_88' title='bbox 2825 1903 3309 2000; x_wconf 82' lang='lat' dir='ltr'><strong>Augustinus</strong></span> <span class='ocrx_word' id='word_1_89' title='bbox 3348 1904 3430 1978; x_wconf 93' lang='lat' dir='ltr'><strong>in</strong></span> <span class='ocrx_word' id='word_1_90' title='bbox 3462 1904 3659 1980; x_wconf 88' lang='lat' dir='ltr'><strong>libro</strong></span> <span class='ocrx_word' id='word_1_91' title='bbox 3703 1905 3807 1980; x_wconf 89' lang='lat' dir='ltr'><strong>VI</strong></span> <span class='ocrx_word' id='word_1_92' title='bbox 3865 1905 3956 1979; x_wconf 95' lang='lat' dir='ltr'><strong>de</strong></span> <span class='ocrx_word' id='word_1_93' title='bbox 4039 1904 4302 1979; x_wconf 71' lang='lat' dir='ltr'><strong>Tri-ni-</strong></span> 
     </span>
     <span class='ocr_line' id='line_1_15' title="bbox 1081 2039 4300 2146; baseline -0.006 -15"><span class='ocrx_word' id='word_1_94' title='bbox 1081 2057 1263 2146; x_wconf 84' lang='lat' dir='ltr'><strong>tate)</strong></span> <span class='ocrx_word' id='word_1_95' title='bbox 1297 2048 1582 2124; x_wconf 86' lang='lat' dir='ltr'><strong>dixisse</strong></span> <span class='ocrx_word' id='word_1_96' title='bbox 1613 2048 1855 2121; x_wconf 82' lang='lat' dir='ltr'><strong>fertur</strong></span> <span class='ocrx_word' id='word_1_97' title='bbox 1886 2067 1906 2119; x_wconf 73' lang='grc' dir='ltr'>ε</span> <span class='ocrx_word' id='word_1_98' title='bbox 1942 2043 2024 2118; x_wconf 90' lang='lat' dir='ltr'><strong>Si</strong></span> <span class='ocrx_word' id='word_1_99' title='bbox 2056 2041 2298 2116; x_wconf 90' lang='lat' dir='ltr'><strong>Filius</strong></span> <span class='ocrx_word' id='word_1_100' title='bbox 2329 2052 2472 2136; x_wconf 88' lang='lat' dir='ltr'><strong>est,</strong></span> <span class='ocrx_word' id='word_1_101' title='bbox 2508 2048 2741 2115; x_wconf 84' lang='lat' dir='ltr'><strong>natus</strong></span> <span class='ocrx_word' id='word_1_102' title='bbox 2769 2047 2886 2115; x_wconf 88' lang='lat' dir='ltr'><strong>est</strong></span> <span class='ocrx_word' id='word_1_103' title='bbox 2920 2064 2936 2114; x_wconf 90' lang='lat'>:</span> <span class='ocrx_word' id='word_1_104' title='bbox 2975 2039 3037 2113; x_wconf 90' lang='lat' dir='ltr'><strong>si</strong></span> <span class='ocrx_word' id='word_1_105' title='bbox 3070 2048 3303 2115; x_wconf 80' lang='lat' dir='ltr'><strong>natus</strong></span> <span class='ocrx_word' id='word_1_106' title='bbox 3328 2049 3471 2136; x_wconf 85' lang='lat' dir='ltr'><strong>est,</strong></span> <span class='ocrx_word' id='word_1_107' title='bbox 3501 2049 3666 2117; x_wconf 85' lang='lat' dir='ltr'><strong>erat</strong></span> <span class='ocrx_word' id='word_1_108' title='bbox 3700 2050 4008 2140; x_wconf 87' lang='lat' dir='ltr'><strong>tempus</strong></span> <span class='ocrx_word' id='word_1_109' title='bbox 4048 2063 4300 2138; x_wconf 81' lang='lat' dir='ltr'><strong>quan-</strong></span> 
     </span>
    </p>
   </div>
   <div class='ocr_carea' id='block_1_8' title="bbox 1084 2179 1883 2272">
    <p class='ocr_par' dir='ltr' id='par_1_8' title="bbox 1084 2179 1883 2272">
     <span class='ocr_line' id='line_1_16' title="bbox 1084 2179 1883 2272; baseline -0.015 -9"><span class='ocrx_word' id='word_1_110' title='bbox 1084 2188 1182 2263; x_wconf 94' lang='lat' dir='ltr'><strong>do</strong></span> <span class='ocrx_word' id='word_1_111' title='bbox 1223 2209 1380 2261; x_wconf 92' lang='lat' dir='ltr'><strong>non</strong></span> <span class='ocrx_word' id='word_1_112' title='bbox 1423 2189 1587 2258; x_wconf 81' lang='lat' dir='ltr'><strong>erat</strong></span> <span class='ocrx_word' id='word_1_113' title='bbox 1622 2179 1883 2272; x_wconf 86' lang='lat' dir='ltr'><strong>Filius.</strong></span> 
     </span>
    </p>
   </div>
   <div class='ocr_carea' id='block_1_9' title="bbox 1517 2718 2190 2792">
    <p class='ocr_par' dir='ltr' id='par_1_9' title="bbox 1517 2718 2190 2792">
     <span class='ocr_line' id='line_1_17' title="bbox 1517 2718 2190 2792; baseline -0.006 0"><span class='ocrx_word' id='word_1_114' title='bbox 1517 2719 2022 2792; x_wconf 77' lang='lat' dir='ltr'><strong>ARTlCULUS</strong></span> <span class='ocrx_word' id='word_1_115' title='bbox 2068 2718 2190 2788; x_wconf 79' lang='lat' dir='ltr'><strong>vl.</strong></span> 
     </span>
    </p>
   </div>
   <div class='ocr_carea' id='block_1_10' title="bbox 1078 2935 2638 3139">
    <p class='ocr_par' dir='ltr' id='par_1_10' title="bbox 1078 2935 2638 3139">
     <span class='ocr_line' id='line_1_18' title="bbox 1078 2935 2638 3030; baseline -0.008 -16"><span class='ocrx_word' id='word_1_116' title='bbox 1078 2947 1188 3014; x_wconf 81' lang='lat' dir='ltr'><strong>An</strong></span> <span class='ocrx_word' id='word_1_117' title='bbox 1256 2952 1432 3012; x_wconf 78' lang='lat' dir='ltr'><strong>recte</strong></span> <span class='ocrx_word' id='word_1_118' title='bbox 1482 2941 1779 3023; x_wconf 79' lang='lat' dir='ltr'><strong>dicatur,</strong></span> <span class='ocrx_word' id='word_1_119' title='bbox 1843 2937 2078 3008; x_wconf 75' lang='lat' dir='ltr'><strong>Filius</strong></span> <span class='ocrx_word' id='word_1_120' title='bbox 2151 2937 2402 3030; x_wconf 79' lang='lat' dir='ltr'><strong>incepit</strong></span> <span class='ocrx_word' id='word_1_121' title='bbox 2467 2935 2638 3027; x_wconf 78' lang='lat' dir='ltr'><strong>quia</strong></span> 
     </span>
     <span class='ocr_line' id='line_1_19' title="bbox 1483 3042 2239 3139; baseline -0.007 -22"><span class='ocrx_word' id='word_1_122' title='bbox 1483 3047 1688 3118; x_wconf 74' lang='lat' dir='ltr'><strong>habe!</strong></span> <span class='ocrx_word' id='word_1_123' title='bbox 1735 3046 2160 3139; x_wconf 77' lang='lat' dir='ltr'><strong>principium</strong></span> <span class='ocrx_word' id='word_1_124' title='bbox 2196 3042 2239 3112; x_wconf 72' lang='grc' dir='ltr'><em>Ρ</em></span> 
     </span>
    </p>
   </div>
   <div class='ocr_carea' id='block_1_11' title="bbox 1076 3475 2647 5421">
    <p class='ocr_par' dir='ltr' id='par_1_11' title="bbox 1076 3475 2642 4114">
     <span class='ocr_line' id='line_1_20' title="bbox 1166 3475 2641 3575; baseline -0.008 -20"><span class='ocrx_word' id='word_1_125' title='bbox 1166 3483 1429 3555; x_wconf 87' lang='lat' dir='ltr'><strong>Deinde</strong></span> <span class='ocrx_word' id='word_1_126' title='bbox 1458 3483 1784 3575; x_wconf 81' lang='lat' dir='ltr'><strong>quaeritur</strong></span> <span class='ocrx_word' id='word_1_127' title='bbox 1810 3479 1895 3549; x_wconf 89' lang='lat' dir='ltr'><strong>de</strong></span> <span class='ocrx_word' id='word_1_128' title='bbox 1933 3478 2067 3550; x_wconf 92' lang='lat' dir='ltr'><strong>hoc</strong></span> <span class='ocrx_word' id='word_1_129' title='bbox 2113 3477 2298 3572; x_wconf 83' lang='lat' dir='ltr'><strong>quod</strong></span> <span class='ocrx_word' id='word_1_130' title='bbox 2345 3475 2641 3547; x_wconf 83' lang='lat' dir='ltr'><strong>habetur</strong></span> 
     </span>
     <span class='ocr_line' id='line_1_21' title="bbox 1076 3586 2642 3684; baseline -0.003 -22"><span class='ocrx_word' id='word_1_131' title='bbox 1076 3595 1148 3662; x_wconf 93' lang='lat' dir='ltr'><strong>in</strong></span> <span class='ocrx_word' id='word_1_132' title='bbox 1170 3591 1554 3684; x_wconf 85' lang='lat' dir='ltr'><strong>objectione</strong></span> <span class='ocrx_word' id='word_1_133' title='bbox 1582 3588 1908 3672; x_wconf 62' lang='lat' dir='ltr'><strong>haeretici,</strong></span> <span class='ocrx_word' id='word_1_134' title='bbox 1940 3586 2060 3656; x_wconf 87' lang='lat' dir='ltr'><strong>ubi</strong></span> <span class='ocrx_word' id='word_1_135' title='bbox 2080 3586 2320 3656; x_wconf 79' lang='lat' dir='ltr'><strong>infert:</strong></span> <span class='ocrx_word' id='word_1_136' title='bbox 2349 3612 2384 3654; x_wconf 72' lang='grc' dir='ltr'>ι</span> <span class='ocrx_word' id='word_1_137' title='bbox 2421 3586 2642 3658; x_wconf 84' lang='lat' dir='ltr'><strong>Omne</strong></span> 
     </span>
     <span class='ocr_line' id='line_1_22' title="bbox 1078 3695 2638 3793; baseline -0.001 -25"><span class='ocrx_word' id='word_1_138' title='bbox 1078 3700 1272 3793; x_wconf 80' lang='lat' dir='ltr'><strong>quod</strong></span> <span class='ocrx_word' id='word_1_139' title='bbox 1310 3706 1555 3767; x_wconf 79' lang='lat' dir='ltr'><strong>natum</strong></span> <span class='ocrx_word' id='word_1_140' title='bbox 1599 3706 1695 3765; x_wconf 81' lang='lat' dir='ltr'><strong>es!</strong></span> <span class='ocrx_word' id='word_1_141' title='bbox 1744 3696 2171 3787; x_wconf 75' lang='lat' dir='ltr'><strong>principium</strong></span> <span class='ocrx_word' id='word_1_142' title='bbox 2226 3695 2456 3783; x_wconf 74' lang='lat' dir='ltr'><strong>habet,</strong></span> <span class='ocrx_word' id='word_1_143' title='bbox 2504 3707 2638 3767; x_wconf 86' lang='lat' dir='ltr'><strong>»et</strong></span> 
     </span>
     <span class='ocr_line' id='line_1_23' title="bbox 1079 3805 2636 3879; baseline -0.001 0"><span class='ocrx_word' id='word_1_144' title='bbox 1079 3809 1367 3879; x_wconf 86' lang='lat' dir='ltr'><strong>ulterius</strong></span> <span class='ocrx_word' id='word_1_145' title='bbox 1424 3805 1811 3877; x_wconf 80' lang='lat' dir='ltr'><strong>concludit:</strong></span> <span class='ocrx_word' id='word_1_146' title='bbox 1857 3833 1891 3869; x_wconf 75' lang='grc' dir='ltr'><em>α</em></span> <span class='ocrx_word' id='word_1_147' title='bbox 1930 3805 2167 3874; x_wconf 78' lang='lat' dir='ltr'><strong>Filius</strong></span> <span class='ocrx_word' id='word_1_148' title='bbox 2212 3815 2421 3874; x_wconf 79' lang='lat' dir='ltr'><strong>natus</strong></span> <span class='ocrx_word' id='word_1_149' title='bbox 2481 3817 2582 3877; x_wconf 77' lang='lat' dir='ltr'><strong>est</strong></span> <span class='ocrx_word' id='word_1_150' title='bbox 2612 3831 2636 3877; x_wconf 90' lang='lat'><strong>.·</strong></span> 
     </span>
     <span class='ocr_line' id='line_1_24' title="bbox 1082 3910 2639 4009; baseline -0.002 -23"><span class='ocrx_word' id='word_1_151' title='bbox 1082 3939 1249 4009; x_wconf 82' lang='lat' dir='ltr'><strong>ergo</strong></span> <span class='ocrx_word' id='word_1_152' title='bbox 1284 3914 1711 4007; x_wconf 78' lang='lat' dir='ltr'><strong>principium</strong></span> <span class='ocrx_word' id='word_1_153' title='bbox 1742 3910 1971 3991; x_wconf 80' lang='lat' dir='ltr'><strong>habet,</strong></span> <span class='ocrx_word' id='word_1_154' title='bbox 2032 3918 2159 3981; x_wconf 84' lang='lat' dir='ltr'><strong>etc.</strong></span> <span class='ocrx_word' id='word_1_155' title='bbox 2220 3911 2447 3992; x_wconf 78' lang='lat' dir='ltr'><strong>Quare</strong></span> <span class='ocrx_word' id='word_1_156' title='bbox 2505 3912 2639 3983; x_wconf 88' lang='lat' dir='ltr'><strong>hoc</strong></span> 
     </span>
     <span class='ocr_line' id='line_1_25' title="bbox 1084 4016 2203 4114; baseline -0.011 -21"><span class='ocrx_word' id='word_1_157' title='bbox 1084 4046 1225 4093; x_wconf 90' lang='lat' dir='ltr'><strong>non</strong></span> <span class='ocrx_word' id='word_1_158' title='bbox 1261 4021 1627 4114; x_wconf 82' lang='lat' dir='ltr'><strong>sequitur?</strong></span> <span class='ocrx_word' id='word_1_159' title='bbox 2193 4016 2203 4025; x_wconf 83' lang='lat'><em>&#39;</em></span> 
     </span>
    </p>

    <p class='ocr_par' dir='ltr' id='par_1_12' title="bbox 1083 4129 2644 4551">
     <span class='ocr_line' id='line_1_26' title="bbox 1181 4129 2634 4220; baseline -0.001 -19"><span class='ocrx_word' id='word_1_160' title='bbox 1181 4135 1244 4204; x_wconf 78' lang='lat'><strong>¹.</strong></span> <span class='ocrx_word' id='word_1_161' title='bbox 1266 4130 1560 4200; x_wconf 82' lang='lat' dir='ltr'><strong>Videtur</strong></span> <span class='ocrx_word' id='word_1_162' title='bbox 1574 4129 1757 4198; x_wconf 88' lang='lat' dir='ltr'><strong>enim</strong></span> <span class='ocrx_word' id='word_1_163' title='bbox 1780 4130 2008 4220; x_wconf 85' lang='lat' dir='ltr'><strong>sequi:</strong></span> <span class='ocrx_word' id='word_1_164' title='bbox 2045 4131 2205 4220; x_wconf 79' lang='lat' dir='ltr'><strong>quia</strong></span> <span class='ocrx_word' id='word_1_165' title='bbox 2225 4151 2485 4200; x_wconf 73' lang='lat' dir='ltr'><strong>novum</strong></span> <span class='ocrx_word' id='word_1_166' title='bbox 2507 4139 2634 4211; x_wconf 86' lang='lat' dir='ltr'><strong>est,</strong></span> 
     </span>
     <span class='ocr_line' id='line_1_27' title="bbox 1083 4239 2644 4337; baseline -0.002 -24"><span class='ocrx_word' id='word_1_167' title='bbox 1083 4243 1271 4337; x_wconf 88' lang='lat' dir='ltr'><strong>quod</strong></span> <span class='ocrx_word' id='word_1_168' title='bbox 1300 4248 1634 4334; x_wconf 79' lang='lat' dir='ltr'><strong>quantum</strong></span> <span class='ocrx_word' id='word_1_169' title='bbox 1665 4239 1750 4307; x_wconf 81' lang='lat' dir='ltr'><strong>ad</strong></span> <span class='ocrx_word' id='word_1_170' title='bbox 1788 4239 1893 4307; x_wconf 84' lang='lat' dir='ltr'><strong>sui</strong></span> <span class='ocrx_word' id='word_1_171' title='bbox 1925 4240 2331 4331; x_wconf 86' lang='lat' dir='ltr'><strong>principium</strong></span> <span class='ocrx_word' id='word_1_172' title='bbox 2353 4247 2458 4309; x_wconf 81' lang='lat' dir='ltr'><strong>est</strong></span> <span class='ocrx_word' id='word_1_173' title='bbox 2488 4263 2644 4331; x_wconf 85' lang='lat' dir='ltr'><strong>pro-</strong></span> 
     </span>
     <span class='ocr_line' id='line_1_28' title="bbox 1084 4349 2639 4446; baseline -0.002 -25"><span class='ocrx_word' id='word_1_174' title='bbox 1084 4353 1418 4446; x_wconf 88' lang='lat' dir='ltr'><strong>pinquum</strong></span> <span class='ocrx_word' id='word_1_175' title='bbox 1454 4374 1470 4419; x_wconf 88' lang='lat'><strong>:</strong></span> <span class='ocrx_word' id='word_1_176' title='bbox 1506 4349 1625 4418; x_wconf 85' lang='lat' dir='ltr'><strong>sed</strong></span> <span class='ocrx_word' id='word_1_177' title='bbox 1654 4371 1857 4416; x_wconf 86' lang='lat' dir='ltr'><strong>omne</strong></span> <span class='ocrx_word' id='word_1_178' title='bbox 1895 4370 2156 4416; x_wconf 86' lang='lat' dir='ltr'><strong>novum</strong></span> <span class='ocrx_word' id='word_1_179' title='bbox 2178 4349 2378 4439; x_wconf 84' lang='lat' dir='ltr'><strong>coepit</strong></span> <span class='ocrx_word' id='word_1_180' title='bbox 2414 4370 2431 4418; x_wconf 70' lang='grc' dir='ltr'><strong><em>ι</em></strong></span> <span class='ocrx_word' id='word_1_181' title='bbox 2475 4372 2639 4442; x_wconf 81' lang='lat' dir='ltr'><strong>ergo</strong></span> 
     </span>
     <span class='ocr_line' id='line_1_29' title="bbox 1085 4455 2501 4551; baseline -0.003 -21"><span class='ocrx_word' id='word_1_182' title='bbox 1085 4482 1291 4530; x_wconf 91' lang='lat' dir='ltr'><strong>omne</strong></span> <span class='ocrx_word' id='word_1_183' title='bbox 1335 4455 1521 4551; x_wconf 88' lang='lat' dir='ltr'><strong>quod</strong></span> <span class='ocrx_word' id='word_1_184' title='bbox 1561 4455 1766 4525; x_wconf 78' lang='lat' dir='ltr'><strong>habet</strong></span> <span class='ocrx_word' id='word_1_185' title='bbox 1802 4456 2238 4547; x_wconf 87' lang='lat' dir='ltr'><strong>principium,</strong></span> <span class='ocrx_word' id='word_1_186' title='bbox 2272 4458 2501 4548; x_wconf 85' lang='lat' dir='ltr'><strong>coepit.</strong></span> 
     </span>
    </p>

    <p class='ocr_par' dir='ltr' id='par_1_13' title="bbox 1083 4564 2647 5421">
     <span class='ocr_line' id='line_1_30' title="bbox 1175 4564 2645 4659; baseline -0.002 -21"><span class='ocrx_word' id='word_1_187' title='bbox 1175 4573 1240 4638; x_wconf 80' lang='lat'><strong>2.</strong></span> <span class='ocrx_word' id='word_1_188' title='bbox 1288 4568 1484 4647; x_wconf 84' lang='lat' dir='ltr'><strong>Item,</strong></span> <span class='ocrx_word' id='word_1_189' title='bbox 1525 4564 1991 4656; x_wconf 85' lang='lat' dir='ltr'><strong>Philosophus</strong></span> <span class='ocrx_word' id='word_1_190' title='bbox 2021 4565 2206 4644; x_wconf 87' lang='lat' dir='ltr'><strong>dicit,</strong></span> <span class='ocrx_word' id='word_1_191' title='bbox 2243 4566 2426 4658; x_wconf 89' lang='lat' dir='ltr'><strong>quod</strong></span> <span class='ocrx_word' id='word_1_192' title='bbox 2460 4567 2645 4659; x_wconf 87' lang='lat' dir='ltr'><strong>prin-</strong></span> 
     </span>
     <span class='ocr_line' id='line_1_31' title="bbox 1084 4674 2644 4773; baseline -0.003 -24"><span class='ocrx_word' id='word_1_193' title='bbox 1084 4681 1341 4773; x_wconf 88' lang='lat' dir='ltr'><strong>cipium</strong></span> <span class='ocrx_word' id='word_1_194' title='bbox 1372 4687 1439 4747; x_wconf 90' lang='lat' dir='ltr'><strong>et</strong></span> <span class='ocrx_word' id='word_1_195' title='bbox 1476 4677 1750 4744; x_wconf 90' lang='lat' dir='ltr'><strong>initium</strong></span> <span class='ocrx_word' id='word_1_196' title='bbox 1790 4674 1974 4743; x_wconf 88' lang='lat' dir='ltr'><strong>idem</strong></span> <span class='ocrx_word' id='word_1_197' title='bbox 2014 4682 2212 4745; x_wconf 85' lang='lat' dir='ltr'><strong>sunt:</strong></span> <span class='ocrx_word' id='word_1_198' title='bbox 2250 4699 2413 4767; x_wconf 86' lang='lat' dir='ltr'><strong>ergo</strong></span> <span class='ocrx_word' id='word_1_199' title='bbox 2456 4676 2644 4767; x_wconf 90' lang='lat' dir='ltr'><strong>quod</strong></span> 
     </span>
     <span class='ocr_line' id='line_1_32' title="bbox 1083 4780 2642 4879; baseline -0.003 -22"><span class='ocrx_word' id='word_1_200' title='bbox 1083 4789 1292 4857; x_wconf 83' lang='lat' dir='ltr'><strong>habet</strong></span> <span class='ocrx_word' id='word_1_201' title='bbox 1358 4784 1768 4879; x_wconf 84' lang='lat' dir='ltr'><strong>principium</strong></span> <span class='ocrx_word' id='word_1_202' title='bbox 1849 4780 2057 4850; x_wconf 79' lang='lat' dir='ltr'><strong>hebet</strong></span> <span class='ocrx_word' id='word_1_203' title='bbox 2146 4783 2412 4852; x_wconf 90' lang='lat' dir='ltr'><strong>initium</strong></span> <span class='ocrx_word' id='word_1_204' title='bbox 2443 4806 2461 4853; x_wconf 73' lang='grc' dir='ltr'>ε</span> <span class='ocrx_word' id='word_1_205' title='bbox 2523 4784 2642 4853; x_wconf 75' lang='lat' dir='ltr'><strong>sed</strong></span> 
     </span>
     <span class='ocr_line' id='line_1_33' title="bbox 1086 4890 2639 4989; baseline -0.004 -24"><span class='ocrx_word' id='word_1_206' title='bbox 1086 4894 1273 4989; x_wconf 89' lang='lat' dir='ltr'><strong>quod</strong></span> <span class='ocrx_word' id='word_1_207' title='bbox 1303 4892 1509 4962; x_wconf 82' lang='lat' dir='ltr'><strong>habet</strong></span> <span class='ocrx_word' id='word_1_208' title='bbox 1530 4891 1800 4959; x_wconf 84' lang='lat' dir='ltr'><strong>initium</strong></span> <span class='ocrx_word' id='word_1_209' title='bbox 1834 4891 2039 4980; x_wconf 84' lang='lat' dir='ltr'><strong>coepit</strong></span> <span class='ocrx_word' id='word_1_210' title='bbox 2072 4912 2088 4957; x_wconf 74' lang='grc' dir='ltr'><strong><em>ε</em></strong></span> <span class='ocrx_word' id='word_1_211' title='bbox 2123 4913 2289 4982; x_wconf 82' lang='lat' dir='ltr'><strong>ergo</strong></span> <span class='ocrx_word' id='word_1_212' title='bbox 2318 4913 2358 4957; x_wconf 83' lang='lat' dir='ltr'>a</span> <span class='ocrx_word' id='word_1_213' title='bbox 2386 4890 2639 4982; x_wconf 87' lang='lat' dir='ltr'><strong>primo,</strong></span> 
     </span>
     <span class='ocr_line' id='line_1_34' title="bbox 1089 4995 2644 5095; baseline -0.003 -24"><span class='ocrx_word' id='word_1_214' title='bbox 1089 5001 1274 5095; x_wconf 90' lang='lat' dir='ltr'><strong>quod</strong></span> <span class='ocrx_word' id='word_1_215' title='bbox 1311 4999 1522 5069; x_wconf 80' lang='lat' dir='ltr'><strong>habet</strong></span> <span class='ocrx_word' id='word_1_216' title='bbox 1557 4995 1968 5090; x_wconf 88' lang='lat' dir='ltr'><strong>principium</strong></span> <span class='ocrx_word' id='word_1_217' title='bbox 1997 4997 2222 5087; x_wconf 85' lang='lat' dir='ltr'><strong>coepit.</strong></span> <span class='ocrx_word' id='word_1_218' title='bbox 2262 4996 2401 5065; x_wconf 90' lang='lat' dir='ltr'><strong>Sed</strong></span> <span class='ocrx_word' id='word_1_219' title='bbox 2429 4996 2644 5066; x_wconf 88' lang='lat' dir='ltr'><strong>Filius</strong></span> 
     </span>
     <span class='ocr_line' id='line_1_35' title="bbox 1086 5103 2647 5199; baseline -0.006 -18"><span class='ocrx_word' id='word_1_220' title='bbox 1086 5109 1293 5181; x_wconf 80' lang='lat' dir='ltr'><strong>habet</strong></span> <span class='ocrx_word' id='word_1_221' title='bbox 1332 5106 1739 5199; x_wconf 89' lang='lat' dir='ltr'><strong>principium</strong></span> <span class='ocrx_word' id='word_1_222' title='bbox 1774 5126 1790 5171; x_wconf 71' lang='grc' dir='ltr'><strong><em>ε</em></strong></span> <span class='ocrx_word' id='word_1_223' title='bbox 1835 5124 2000 5195; x_wconf 83' lang='lat' dir='ltr'><strong>ergo</strong></span> <span class='ocrx_word' id='word_1_224' title='bbox 2030 5103 2234 5193; x_wconf 86' lang='lat' dir='ltr'><strong>coepit</strong></span> <span class='ocrx_word' id='word_1_225' title='bbox 2266 5123 2282 5173; x_wconf 77' lang='grc' dir='ltr'><strong><em>ε</em></strong></span> <span class='ocrx_word' id='word_1_226' title='bbox 2317 5113 2385 5173; x_wconf 91' lang='lat' dir='ltr'><strong>et</strong></span> <span class='ocrx_word' id='word_1_227' title='bbox 2419 5106 2516 5173; x_wconf 86' lang='lat' dir='ltr'><strong>sic</strong></span> <span class='ocrx_word' id='word_1_228' title='bbox 2546 5106 2647 5173; x_wconf 83' lang='lat' dir='ltr'><strong>vi-</strong></span> 
     </span>
     <span class='ocr_line' id='line_1_36' title="bbox 1089 5212 2639 5308; baseline -0.003 -20"><span class='ocrx_word' id='word_1_229' title='bbox 1089 5220 1313 5299; x_wconf 88' lang='lat' dir='ltr'><strong>detur,</strong></span> <span class='ocrx_word' id='word_1_230' title='bbox 1357 5216 1540 5308; x_wconf 90' lang='lat' dir='ltr'><strong>quod</strong></span> <span class='ocrx_word' id='word_1_231' title='bbox 1569 5223 1894 5305; x_wconf 81' lang='lat' dir='ltr'><strong>sequatur</strong></span> <span class='ocrx_word' id='word_1_232' title='bbox 1929 5212 2277 5282; x_wconf 88' lang='lat' dir='ltr'><strong>conclusio</strong></span> <span class='ocrx_word' id='word_1_233' title='bbox 2306 5212 2639 5297; x_wconf 68' lang='lat' dir='ltr'><strong>haeretici,</strong></span> 
     </span>
     <span class='ocr_line' id='line_1_37' title="bbox 1090 5325 1506 5421; baseline -0.012 -23"><span class='ocrx_word' id='word_1_234' title='bbox 1090 5327 1278 5421; x_wconf 89' lang='lat' dir='ltr'><strong>quod</strong></span> <span class='ocrx_word' id='word_1_235' title='bbox 1305 5325 1506 5394; x_wconf 77' lang='lat' dir='ltr'><strong>absit.</strong></span> 
     </span>
    </p>
   </div>
   <div class='ocr_carea' id='block_1_12' title="bbox 755 5430 2646 5517">
    <p class='ocr_par' dir='ltr' id='par_1_14' title="bbox 755 5430 2646 5517">
     <span class='ocr_line' id='line_1_38' title="bbox 755 5430 2646 5517; baseline -0.004 -11"><span class='ocrx_word' id='word_1_236' title='bbox 755 5470 1058 5517; x_wconf 58' lang='lat' dir='ltr'><strong>mmm,</strong></span> <span class='ocrx_word' id='word_1_237' title='bbox 1185 5434 1319 5502; x_wconf 74' lang='lat' dir='ltr'><strong>Seu</strong></span> <span class='ocrx_word' id='word_1_238' title='bbox 1355 5454 1646 5501; x_wconf 65' lang='lat' dir='ltr'><strong>comm:</strong></span> <span class='ocrx_word' id='word_1_239' title='bbox 1697 5430 1878 5499; x_wconf 79' lang='lat' dir='ltr'><strong>l‘sal.</strong></span> <span class='ocrx_word' id='word_1_240' title='bbox 1922 5453 2124 5511; x_wconf 74' lang='lat' dir='ltr'>Lxxx,</span> <span class='ocrx_word' id='word_1_241' title='bbox 2168 5431 2208 5497; x_wconf 79' lang='grc'><strong>9</strong></span> <span class='ocrx_word' id='word_1_242' title='bbox 2255 5439 2322 5499; x_wconf 90' lang='lat' dir='ltr'><strong>et</strong></span> <span class='ocrx_word' id='word_1_243' title='bbox 2362 5432 2488 5499; x_wconf 80' lang='lat'><strong>¹0:</strong></span> <span class='ocrx_word' id='word_1_244' title='bbox 2533 5431 2646 5499; x_wconf 82' lang='lat' dir='ltr'><strong>Is-</strong></span> 
     </span>
    </p>
   </div>
   <div class='ocr_carea' id='block_1_13' title="bbox 1165 5662 2640 5735">
    <p class='ocr_par' dir='ltr' id='par_1_15' title="bbox 1165 5662 2640 5735">
     <span class='ocr_line' id='line_1_39' title="bbox 1165 5662 2640 5735; baseline 0.001 -15"><span class='ocrx_word' id='word_1_245' title='bbox 1165 5672 1181 5705; x_wconf 86' lang='lat'>¹</span> <span class='ocrx_word' id='word_1_246' title='bbox 1218 5668 1271 5724; x_wconf 90' lang='lat' dir='ltr'><strong>S.</strong></span> <span class='ocrx_word' id='word_1_247' title='bbox 1306 5670 1643 5735; x_wconf 53' lang='lat' dir='ltr'><strong>Antinoum,</strong></span> <span class='ocrx_word' id='word_1_248' title='bbox 1677 5663 1847 5720; x_wconf 84' lang='lat' dir='ltr'><strong>l.ib.l</strong></span> <span class='ocrx_word' id='word_1_249' title='bbox 1876 5663 1949 5719; x_wconf 80' lang='lat' dir='ltr'><strong>de</strong></span> <span class='ocrx_word' id='word_1_250' title='bbox 1981 5663 2119 5720; x_wconf 81' lang='lat' dir='ltr'><strong>Fide</strong></span> <span class='ocrx_word' id='word_1_251' title='bbox 2164 5662 2238 5719; x_wconf 83' lang='lat' dir='ltr'><strong>ad</strong></span> <span class='ocrx_word' id='word_1_252' title='bbox 2269 5665 2640 5731; x_wconf 81' lang='lat' dir='ltr'><strong>Gratianum,</strong></span> 
     </span>
    </p>
   </div>
   <div class='ocr_carea' id='block_1_14' title="bbox 2746 2399 4301 2706">
    <p class='ocr_par' dir='ltr' id='par_1_16' title="bbox 2746 2399 4301 2706">
     <span class='ocr_line' id='line_1_40' title="bbox 2746 2399 4301 2481; baseline -0.001 -13"><span class='ocrx_word' id='word_1_253' title='bbox 2746 2400 2920 2479; x_wconf 82' lang='lat' dir='ltr'><strong>rael,</strong></span> <span class='ocrx_word' id='word_1_254' title='bbox 2961 2400 3026 2466; x_wconf 76' lang='lat' dir='ltr'><strong>si</strong></span> <span class='ocrx_word' id='word_1_255' title='bbox 3052 2400 3361 2468; x_wconf 78' lang='lat' dir='ltr'><strong>audieris</strong></span> <span class='ocrx_word' id='word_1_256' title='bbox 3395 2421 3525 2481; x_wconf 88' lang='lat' dir='ltr'><strong>me,</strong></span> <span class='ocrx_word' id='word_1_257' title='bbox 3561 2421 3697 2467; x_wconf 83' lang='lat' dir='ltr'><strong>non</strong></span> <span class='ocrx_word' id='word_1_258' title='bbox 3734 2401 3865 2467; x_wconf 79' lang='lat' dir='ltr'><strong>erit</strong></span> <span class='ocrx_word' id='word_1_259' title='bbox 3904 2400 3977 2466; x_wconf 80' lang='lat' dir='ltr'><strong>in</strong></span> <span class='ocrx_word' id='word_1_260' title='bbox 4027 2410 4092 2468; x_wconf 81' lang='lat' dir='ltr'><strong>te</strong></span> <span class='ocrx_word' id='word_1_261' title='bbox 4135 2399 4301 2466; x_wconf 77' lang='lat' dir='ltr'><strong>deus</strong></span> 
     </span>
     <span class='ocr_line' id='line_1_41' title="bbox 2746 2505 4292 2598; baseline -0.002 -23"><span class='ocrx_word' id='word_1_262' title='bbox 2746 2529 2972 2575; x_wconf 79' lang='lat' dir='ltr'><strong>recens</strong></span> <span class='ocrx_word' id='word_1_263' title='bbox 2998 2531 3021 2575; x_wconf 91' lang='lat'><strong>.·</strong></span> <span class='ocrx_word' id='word_1_264' title='bbox 3076 2528 3311 2575; x_wconf 85' lang='lat' dir='ltr'><strong>recens</strong></span> <span class='ocrx_word' id='word_1_265' title='bbox 3367 2514 3595 2575; x_wconf 77' lang='lat' dir='ltr'><strong>autem</strong></span> <span class='ocrx_word' id='word_1_266' title='bbox 3660 2505 3987 2598; x_wconf 83' lang='lat' dir='ltr'><strong>estquod</strong></span> <span class='ocrx_word' id='word_1_267' title='bbox 4039 2508 4292 2596; x_wconf 86' lang='lat' dir='ltr'><strong>coepit:</strong></span> 
     </span>
     <span class='ocr_line' id='line_1_42' title="bbox 2747 2613 4111 2706; baseline -0.002 -22"><span class='ocrx_word' id='word_1_268' title='bbox 2747 2637 2913 2706; x_wconf 84' lang='lat' dir='ltr'><strong>ergo</strong></span> <span class='ocrx_word' id='word_1_269' title='bbox 2953 2636 3093 2682; x_wconf 90' lang='lat' dir='ltr'><strong>non</strong></span> <span class='ocrx_word' id='word_1_270' title='bbox 3124 2615 3252 2683; x_wconf 86' lang='lat' dir='ltr'><strong>erit</strong></span> <span class='ocrx_word' id='word_1_271' title='bbox 3279 2613 3477 2683; x_wconf 86' lang='lat' dir='ltr'><strong>nobis</strong></span> <span class='ocrx_word' id='word_1_272' title='bbox 3507 2614 3690 2682; x_wconf 83' lang='lat' dir='ltr'><strong>Deus</strong></span> <span class='ocrx_word' id='word_1_273' title='bbox 3728 2615 3850 2705; x_wconf 52' lang='lat' dir='ltr'><strong>qui,</strong></span> <span class='ocrx_word' id='word_1_274' title='bbox 3886 2616 4111 2702; x_wconf 84' lang='lat' dir='ltr'><strong>coepit.</strong></span> 
     </span>
    </p>
   </div>
   <div class='ocr_carea' id='block_1_15' title="bbox 2842 2830 4585 2925">
    <p class='ocr_par' dir='ltr' id='par_1_17' title="bbox 2842 2830 4585 2925">
     <span class='ocr_line' id='line_1_43' title="bbox 2842 2830 4585 2925; baseline 0.001 -26"><span class='ocrx_word' id='word_1_275' title='bbox 2842 2830 3152 2902; x_wconf 62' lang='lat' dir='ltr'><strong>Sor-urio.</strong></span> <span class='ocrx_word' id='word_1_276' title='bbox 3215 2833 3552 2925; x_wconf 83' lang='lat' dir='ltr'><strong>Deceptus</strong></span> <span class='ocrx_word' id='word_1_277' title='bbox 3597 2842 3697 2902; x_wconf 85' lang='lat' dir='ltr'><strong>est</strong></span> <span class='ocrx_word' id='word_1_278' title='bbox 3754 2833 4103 2915; x_wconf 68' lang='lat' dir='ltr'><strong>haereticus</strong></span> <span class='ocrx_word' id='word_1_279' title='bbox 4172 2857 4295 2925; x_wconf 87' lang='lat' dir='ltr'><strong>per</strong></span> <span class='ocrx_word' id='word_1_280' title='bbox 4385 2853 4585 2900; x_wconf 61' lang='lat' dir='ltr'><strong>sunno.</strong></span> 
     </span>
    </p>
   </div>
   <div class='ocr_carea' id='block_1_16' title="bbox 2746 2941 4295 3469">
    <p class='ocr_par' dir='ltr' id='par_1_18' title="bbox 2746 2941 4295 3469">
     <span class='ocr_line' id='line_1_44' title="bbox 2746 2941 4292 3034; baseline 0.003 -27"><span class='ocrx_word' id='word_1_281' title='bbox 2746 2941 3358 3032; x_wconf 64' lang='lat' dir='ltr'><strong>aequivocationem</strong></span> <span class='ocrx_word' id='word_1_282' title='bbox 3387 2943 3735 3034; x_wconf 85' lang='lat' dir='ltr'><strong>principii:</strong></span> <span class='ocrx_word' id='word_1_283' title='bbox 3772 2952 3874 3012; x_wconf 84' lang='lat' dir='ltr'><strong>est</strong></span> <span class='ocrx_word' id='word_1_284' title='bbox 3900 2944 4079 3010; x_wconf 90' lang='lat' dir='ltr'><strong>enim</strong></span> <span class='ocrx_word' id='word_1_285' title='bbox 4113 2944 4292 3034; x_wconf 87' lang='lat' dir='ltr'><strong>prin·</strong></span> 
     </span>
     <span class='ocr_line' id='line_1_45' title="bbox 2748 3050 4295 3143; baseline 0 -24"><span class='ocrx_word' id='word_1_286' title='bbox 2748 3050 3007 3140; x_wconf 89' lang='lat' dir='ltr'><strong>cipium</strong></span> <span class='ocrx_word' id='word_1_287' title='bbox 3037 3052 3369 3131; x_wconf 79' lang='lat' dir='ltr'><strong>essentiae‚</strong></span> <span class='ocrx_word' id='word_1_288' title='bbox 3412 3059 3479 3119; x_wconf 88' lang='lat' dir='ltr'><strong>et</strong></span> <span class='ocrx_word' id='word_1_289' title='bbox 3515 3061 3615 3120; x_wconf 89' lang='lat' dir='ltr'><strong>est</strong></span> <span class='ocrx_word' id='word_1_290' title='bbox 3653 3051 4058 3143; x_wconf 85' lang='lat' dir='ltr'><strong>principium</strong></span> <span class='ocrx_word' id='word_1_291' title='bbox 4107 3052 4295 3119; x_wconf 85' lang='lat' dir='ltr'><strong>ordi·-</strong></span> 
     </span>
     <span class='ocr_line' id='line_1_46' title="bbox 2750 3157 4295 3253; baseline 0.001 -27"><span class='ocrx_word' id='word_1_292' title='bbox 2750 3160 2859 3227; x_wconf 88' lang='lat' dir='ltr'><strong>nis</strong></span> <span class='ocrx_word' id='word_1_293' title='bbox 2925 3167 3214 3236; x_wconf 77' lang='lat' dir='ltr'><strong>naturae.</strong></span> <span class='ocrx_word' id='word_1_294' title='bbox 3259 3157 3676 3253; x_wconf 85' lang='lat' dir='ltr'><strong>Principium</strong></span> <span class='ocrx_word' id='word_1_295' title='bbox 3739 3160 4046 3229; x_wconf 65' lang='lat' dir='ltr'><strong>essentiae</strong></span> <span class='ocrx_word' id='word_1_296' title='bbox 4103 3160 4295 3252; x_wconf 86' lang='lat' dir='ltr'><strong>ponit</strong></span> 
     </span>
     <span class='ocr_line' id='line_1_47' title="bbox 2752 3266 4295 3360; baseline 0.001 -26"><span class='ocrx_word' id='word_1_297' title='bbox 2752 3267 3210 3359; x_wconf 76' lang='lat' dir='ltr'><strong>inceptionem</strong></span> <span class='ocrx_word' id='word_1_298' title='bbox 3258 3268 3404 3357; x_wconf 88' lang='lat' dir='ltr'><strong>ejus</strong></span> <span class='ocrx_word' id='word_1_299' title='bbox 3460 3266 3639 3359; x_wconf 90' lang='lat' dir='ltr'><strong>quod</strong></span> <span class='ocrx_word' id='word_1_300' title='bbox 3679 3269 4153 3360; x_wconf 80' lang='lat' dir='ltr'><strong>principiatum</strong></span> <span class='ocrx_word' id='word_1_301' title='bbox 4195 3277 4295 3336; x_wconf 87' lang='lat' dir='ltr'><strong>cst</strong></span> 
     </span>
     <span class='ocr_line' id='line_1_48' title="bbox 2750 3374 4294 3469; baseline 0.001 -25"><span class='ocrx_word' id='word_1_302' title='bbox 2750 3374 2836 3444; x_wconf 77' lang='lat' dir='ltr'><strong>ab</strong></span> <span class='ocrx_word' id='word_1_303' title='bbox 2882 3377 3072 3467; x_wconf 85' lang='lat' dir='ltr'><strong>ipso:</strong></span> <span class='ocrx_word' id='word_1_304' title='bbox 3135 3375 3254 3444; x_wconf 84' lang='lat' dir='ltr'><strong>sed</strong></span> <span class='ocrx_word' id='word_1_305' title='bbox 3296 3377 3701 3469; x_wconf 86' lang='lat' dir='ltr'><strong>principium</strong></span> <span class='ocrx_word' id='word_1_306' title='bbox 3743 3376 3997 3445; x_wconf 86' lang='lat' dir='ltr'><strong>ordinis</strong></span> <span class='ocrx_word' id='word_1_307' title='bbox 4037 3384 4294 3446; x_wconf 77' lang='lat' dir='ltr'><strong>naturae</strong></span> 
     </span>
    </p>
   </div>
   <div class='ocr_carea' id='block_1_17' title="bbox 2746 3483 4292 3681">
    <p class='ocr_par' dir='ltr' id='par_1_19' title="bbox 2746 3483 4292 3681">
     <span class='ocr_line' id='line_1_49' title="bbox 2753 3483 4292 3576; baseline 0.002 -24"><span class='ocrx_word' id='word_1_308' title='bbox 2753 3505 2893 3552; x_wconf 91' lang='lat' dir='ltr'><strong>non</strong></span> <span class='ocrx_word' id='word_1_309' title='bbox 2924 3483 3142 3574; x_wconf 86' lang='lat' dir='ltr'><strong>ponit,</strong></span> <span class='ocrx_word' id='word_1_310' title='bbox 3186 3485 3326 3553; x_wconf 91' lang='lat' dir='ltr'><strong>imo</strong></span> <span class='ocrx_word' id='word_1_311' title='bbox 3373 3486 3564 3576; x_wconf 87' lang='lat' dir='ltr'><strong>ponit</strong></span> <span class='ocrx_word' id='word_1_312' title='bbox 3616 3486 4172 3562; x_wconf 59' lang='lat' dir='ltr'><strong>communitatem,</strong></span> <span class='ocrx_word' id='word_1_313' title='bbox 4220 3495 4292 3555; x_wconf 88' lang='lat' dir='ltr'><strong>ut</strong></span> 
     </span>
     <span class='ocr_line' id='line_1_50' title="bbox 2746 3587 3265 3681; baseline 0.008 -26"><span class='ocrx_word' id='word_1_314' title='bbox 2746 3587 3112 3681; x_wconf 82' lang='lat' dir='ltr'><strong>probatum</strong></span> <span class='ocrx_word' id='word_1_315' title='bbox 3143 3599 3265 3659; x_wconf 82' lang='lat' dir='ltr'><strong>est.</strong></span> 
     </span>
    </p>
   </div>
   <div class='ocr_carea' id='block_1_18' title="bbox 2837 3707 4699 3800">
    <p class='ocr_par' dir='ltr' id='par_1_20' title="bbox 2837 3707 4699 3800">
     <span class='ocr_line' id='line_1_51' title="bbox 2837 3707 4699 3800; baseline -0.001 -27"><span class='ocrx_word' id='word_1_316' title='bbox 2837 3707 2941 3773; x_wconf 83' lang='lat' dir='ltr'><strong>An</strong></span> <span class='ocrx_word' id='word_1_317' title='bbox 2988 3730 3054 3773; x_wconf 82' lang='grc' dir='ltr'><strong>ιο</strong></span> <span class='ocrx_word' id='word_1_318' title='bbox 3089 3717 3318 3775; x_wconf 79' lang='lat' dir='ltr'><strong>eutem</strong></span> <span class='ocrx_word' id='word_1_319' title='bbox 3349 3709 3532 3800; x_wconf 88' lang='lat' dir='ltr'><strong>quod</strong></span> <span class='ocrx_word' id='word_1_320' title='bbox 3559 3709 3896 3799; x_wconf 85' lang='lat' dir='ltr'><strong>objicitur,</strong></span> <span class='ocrx_word' id='word_1_321' title='bbox 3929 3709 4285 3780; x_wconf 85' lang='lat' dir='ltr'><strong>dicendum</strong></span> <span class='ocrx_word' id='word_1_322' title='bbox 4343 3717 4419 3762; x_wconf 62' lang='grc' dir='ltr'><strong>Λᾶ</strong></span> <span class='ocrx_word' id='word_1_323' title='bbox 4448 3714 4622 3772; x_wconf 69' lang='lat' dir='ltr'><strong>obi-⁶⁸·</strong></span> <span class='ocrx_word' id='word_1_324' title='bbox 4695 3716 4699 3721; x_wconf 78' lang='grc'><strong><em>’</em></strong></span> 
     </span>
    </p>
   </div>
   <div class='ocr_carea' id='block_1_19' title="bbox 2748 3814 4296 4453">
    <p class='ocr_par' dir='ltr' id='par_1_21' title="bbox 2748 3814 4296 4453">
     <span class='ocr_line' id='line_1_52' title="bbox 2748 3814 4287 3910; baseline 0.005 -28"><span class='ocrx_word' id='word_1_325' title='bbox 2748 3814 2937 3907; x_wconf 87' lang='lat' dir='ltr'><strong>quod</strong></span> <span class='ocrx_word' id='word_1_326' title='bbox 2964 3838 3207 3884; x_wconf 85' lang='lat' dir='ltr'><strong>verum</strong></span> <span class='ocrx_word' id='word_1_327' title='bbox 3246 3827 3373 3902; x_wconf 87' lang='lat' dir='ltr'><strong>est,</strong></span> <span class='ocrx_word' id='word_1_328' title='bbox 3415 3817 3596 3910; x_wconf 88' lang='lat' dir='ltr'><strong>quod</strong></span> <span class='ocrx_word' id='word_1_329' title='bbox 3661 3842 3918 3889; x_wconf 78' lang='lat' dir='ltr'><strong>novum</strong></span> <span class='ocrx_word' id='word_1_330' title='bbox 3968 3829 4065 3889; x_wconf 80' lang='lat' dir='ltr'><strong>est</strong></span> <span class='ocrx_word' id='word_1_331' title='bbox 4108 3843 4287 3890; x_wconf 89' lang='lat' dir='ltr'><strong>nunc</strong></span> 
     </span>
     <span class='ocr_line' id='line_1_53' title="bbox 2748 3924 4295 4019; baseline 0.005 -28"><span class='ocrx_word' id='word_1_332' title='bbox 2748 3924 2973 4014; x_wconf 87' lang='lat' dir='ltr'><strong>primo</strong></span> <span class='ocrx_word' id='word_1_333' title='bbox 3039 3946 3186 4006; x_wconf 80' lang='lat' dir='ltr'><strong>ens,</strong></span> <span class='ocrx_word' id='word_1_334' title='bbox 3260 3932 3329 3993; x_wconf 86' lang='lat' dir='ltr'><strong>et</strong></span> <span class='ocrx_word' id='word_1_335' title='bbox 3393 3926 3570 4017; x_wconf 84' lang='lat' dir='ltr'><strong>quod</strong></span> <span class='ocrx_word' id='word_1_336' title='bbox 3663 3928 4120 4019; x_wconf 79' lang='lat' dir='ltr'><strong>propinquum</strong></span> <span class='ocrx_word' id='word_1_337' title='bbox 4194 3939 4295 3998; x_wconf 87' lang='lat' dir='ltr'><strong>est</strong></span> 
     </span>
     <span class='ocr_line' id='line_1_54' title="bbox 2750 4032 4296 4125; baseline 0.005 -26"><span class='ocrx_word' id='word_1_338' title='bbox 2750 4032 2978 4125; x_wconf 82' lang='lat' dir='ltr'><strong>quoad</strong></span> <span class='ocrx_word' id='word_1_339' title='bbox 3007 4033 3418 4125; x_wconf 85' lang='lat' dir='ltr'><strong>principium</strong></span> <span class='ocrx_word' id='word_1_340' title='bbox 3456 4036 3763 4103; x_wconf 65' lang='lat' dir='ltr'><strong>essentiae</strong></span> <span class='ocrx_word' id='word_1_341' title='bbox 3801 4059 3817 4105; x_wconf 90' lang='lat'>:</span> <span class='ocrx_word' id='word_1_342' title='bbox 3858 4036 3974 4105; x_wconf 81' lang='lat' dir='ltr'><strong>sed</strong></span> <span class='ocrx_word' id='word_1_343' title='bbox 4013 4060 4150 4105; x_wconf 91' lang='lat' dir='ltr'><strong>non</strong></span> <span class='ocrx_word' id='word_1_344' title='bbox 4194 4047 4296 4106; x_wconf 77' lang='lat' dir='ltr'><strong>est</strong></span> 
     </span>
     <span class='ocr_line' id='line_1_55' title="bbox 2750 4141 4293 4236; baseline 0.003 -28"><span class='ocrx_word' id='word_1_345' title='bbox 2750 4161 3008 4209; x_wconf 78' lang='lat' dir='ltr'><strong>novum</strong></span> <span class='ocrx_word' id='word_1_346' title='bbox 3065 4141 3174 4208; x_wconf 90' lang='lat' dir='ltr'><strong>cui</strong></span> <span class='ocrx_word' id='word_1_347' title='bbox 3234 4143 3692 4234; x_wconf 85' lang='lat' dir='ltr'><strong>propinquum</strong></span> <span class='ocrx_word' id='word_1_348' title='bbox 3750 4154 3849 4212; x_wconf 86' lang='lat' dir='ltr'><strong>est</strong></span> <span class='ocrx_word' id='word_1_349' title='bbox 3887 4145 4293 4236; x_wconf 87' lang='lat' dir='ltr'><strong>principium</strong></span> 
     </span>
     <span class='ocr_line' id='line_1_56' title="bbox 2750 4247 4296 4344; baseline 0.006 -29"><span class='ocrx_word' id='word_1_350' title='bbox 2750 4247 3127 4317; x_wconf 78' lang='lat' dir='ltr'><strong>secundum</strong></span> <span class='ocrx_word' id='word_1_351' title='bbox 3167 4248 3475 4318; x_wconf 81' lang='lat' dir='ltr'><strong>ordinem</strong></span> <span class='ocrx_word' id='word_1_352' title='bbox 3533 4260 3790 4320; x_wconf 74' lang='lat' dir='ltr'><strong>naturae</strong></span> <span class='ocrx_word' id='word_1_353' title='bbox 3830 4276 3966 4344; x_wconf 85' lang='lat' dir='ltr'><strong>qun</strong></span> <span class='ocrx_word' id='word_1_354' title='bbox 4005 4253 4174 4322; x_wconf 69' lang='lat' dir='ltr'><strong>alter</strong></span> <span class='ocrx_word' id='word_1_355' title='bbox 4210 4256 4296 4324; x_wconf 85' lang='lat' dir='ltr'><strong>sit</strong></span> 
     </span>
     <span class='ocr_line' id='line_1_57' title="bbox 2752 4355 4087 4453; baseline 0.004 -28"><span class='ocrx_word' id='word_1_356' title='bbox 2752 4379 2837 4425; x_wconf 82' lang='lat' dir='ltr'><strong>ex</strong></span> <span class='ocrx_word' id='word_1_357' title='bbox 2866 4355 3109 4440; x_wconf 77' lang='lat' dir='ltr'><strong>altere,</strong></span> <span class='ocrx_word' id='word_1_358' title='bbox 3153 4366 3221 4427; x_wconf 88' lang='lat' dir='ltr'><strong>et</strong></span> <span class='ocrx_word' id='word_1_359' title='bbox 3247 4381 3387 4427; x_wconf 89' lang='lat' dir='ltr'><strong>non</strong></span> <span class='ocrx_word' id='word_1_360' title='bbox 3424 4358 3593 4429; x_wconf 80' lang='lat' dir='ltr'><strong>alter</strong></span> <span class='ocrx_word' id='word_1_361' title='bbox 3629 4362 3816 4453; x_wconf 83' lang='lat' dir='ltr'><strong>prior</strong></span> <span class='ocrx_word' id='word_1_362' title='bbox 3854 4362 4087 4432; x_wconf 80' lang='lat' dir='ltr'><strong>altero.</strong></span> 
     </span>
    </p>
   </div>
   <div class='ocr_carea' id='block_1_20' title="bbox 2841 4464 4544 4563">
    <p class='ocr_par' dir='ltr' id='par_1_22' title="bbox 2841 4464 4544 4563">
     <span class='ocr_line' id='line_1_58' title="bbox 2841 4464 4544 4563; baseline 0.007 -33"><span class='ocrx_word' id='word_1_363' title='bbox 2841 4464 2946 4531; x_wconf 85' lang='lat' dir='ltr'><strong>An</strong></span> <span class='ocrx_word' id='word_1_364' title='bbox 2992 4487 3191 4532; x_wconf 72' lang='lat' dir='ltr'><strong>mun</strong></span> <span class='ocrx_word' id='word_1_365' title='bbox 3228 4464 3614 4551; x_wconf 85' lang='lat' dir='ltr'><strong>dicendum,</strong></span> <span class='ocrx_word' id='word_1_366' title='bbox 3658 4468 3840 4559; x_wconf 89' lang='lat' dir='ltr'><strong>quod</strong></span> <span class='ocrx_word' id='word_1_367' title='bbox 3896 4478 3993 4537; x_wconf 82' lang='lat' dir='ltr'><strong>est</strong></span> <span class='ocrx_word' id='word_1_368' title='bbox 4043 4473 4295 4563; x_wconf 87' lang='lat' dir='ltr'><strong>princi·</strong></span> <span class='ocrx_word' id='word_1_369' title='bbox 4404 4501 4472 4547; x_wconf 74' lang='lat' dir='ltr'><strong>Ad</strong></span> <span class='ocrx_word' id='word_1_370' title='bbox 4502 4502 4544 4547; x_wconf 68' lang='grc' dir='ltr'><strong>ε.</strong></span> 
     </span>
    </p>
   </div>
   <div class='ocr_carea' id='block_1_21' title="bbox 2750 4570 4305 5524">
    <p class='ocr_par' dir='ltr' id='par_1_23' title="bbox 2750 4570 4305 5524">
     <span class='ocr_line' id='line_1_59' title="bbox 2750 4570 4298 4666; baseline 0.005 -29"><span class='ocrx_word' id='word_1_371' title='bbox 2750 4570 2941 4662; x_wconf 87' lang='lat' dir='ltr'><strong>pium</strong></span> <span class='ocrx_word' id='word_1_372' title='bbox 2975 4572 3177 4652; x_wconf 76' lang='lat' dir='ltr'><strong>intra,</strong></span> <span class='ocrx_word' id='word_1_373' title='bbox 3210 4582 3276 4642; x_wconf 91' lang='lat' dir='ltr'><strong>et</strong></span> <span class='ocrx_word' id='word_1_374' title='bbox 3321 4575 3726 4666; x_wconf 85' lang='lat' dir='ltr'><strong>principium</strong></span> <span class='ocrx_word' id='word_1_375' title='bbox 3767 4587 3975 4647; x_wconf 80' lang='lat' dir='ltr'><strong>extra.</strong></span> <span class='ocrx_word' id='word_1_376' title='bbox 4035 4578 4298 4647; x_wconf 83' lang='lat' dir='ltr'><strong>Princi-</strong></span> 
     </span>
     <span class='ocr_line' id='line_1_60' title="bbox 2754 4681 4293 4774; baseline 0.006 -28"><span class='ocrx_word' id='word_1_377' title='bbox 2754 4681 2943 4771; x_wconf 87' lang='lat' dir='ltr'><strong>pium</strong></span> <span class='ocrx_word' id='word_1_378' title='bbox 2986 4681 3165 4767; x_wconf 77' lang='lat' dir='ltr'><strong>intra</strong></span> <span class='ocrx_word' id='word_1_379' title='bbox 3201 4691 3487 4752; x_wconf 83' lang='lat' dir='ltr'><strong>estante</strong></span> <span class='ocrx_word' id='word_1_380' title='bbox 3526 4684 3709 4774; x_wconf 90' lang='lat' dir='ltr'><strong>quod</strong></span> <span class='ocrx_word' id='word_1_381' title='bbox 3749 4685 3915 4755; x_wconf 85' lang='lat' dir='ltr'><strong>nihil</strong></span> <span class='ocrx_word' id='word_1_382' title='bbox 3948 4696 4046 4757; x_wconf 87' lang='lat' dir='ltr'><strong>est</strong></span> <span class='ocrx_word' id='word_1_383' title='bbox 4085 4687 4166 4756; x_wconf 89' lang='lat' dir='ltr'><strong>‹le</strong></span> <span class='ocrx_word' id='word_1_384' title='bbox 4196 4709 4293 4768; x_wconf 85' lang='lat' dir='ltr'><strong>re,</strong></span> 
     </span>
     <span class='ocr_line' id='line_1_61' title="bbox 2753 4784 4302 4879; baseline 0.006 -27"><span class='ocrx_word' id='word_1_385' title='bbox 2753 4794 2820 4853; x_wconf 91' lang='lat' dir='ltr'><strong>et</strong></span> <span class='ocrx_word' id='word_1_386' title='bbox 2849 4784 3077 4877; x_wconf 87' lang='lat' dir='ltr'><strong>ipsum</strong></span> <span class='ocrx_word' id='word_1_387' title='bbox 3117 4796 3217 4854; x_wconf 81' lang='lat' dir='ltr'><strong>est</strong></span> <span class='ocrx_word' id='word_1_388' title='bbox 3257 4789 3475 4878; x_wconf 80' lang='lat' dir='ltr'><strong>prima</strong></span> <span class='ocrx_word' id='word_1_389' title='bbox 3505 4812 3658 4879; x_wconf 78' lang='lat' dir='ltr'><strong>pars</strong></span> <span class='ocrx_word' id='word_1_390' title='bbox 3689 4791 3810 4872; x_wconf 89' lang='lat' dir='ltr'><strong>rei,</strong></span> <span class='ocrx_word' id='word_1_391' title='bbox 3852 4799 3921 4860; x_wconf 84' lang='lat' dir='ltr'><strong>et</strong></span> <span class='ocrx_word' id='word_1_392' title='bbox 3975 4789 4104 4861; x_wconf 92' lang='lat' dir='ltr'><strong>hoc</strong></span> <span class='ocrx_word' id='word_1_393' title='bbox 4133 4815 4302 4861; x_wconf 90' lang='lat' dir='ltr'><strong>con-</strong></span> 
     </span>
     <span class='ocr_line' id='line_1_62' title="bbox 2752 4894 4305 4991; baseline 0.005 -31"><span class='ocrx_word' id='word_1_394' title='bbox 2752 4894 3045 4962; x_wconf 75' lang='lat' dir='ltr'><strong>vertitur</strong></span> <span class='ocrx_word' id='word_1_395' title='bbox 3085 4918 3244 4963; x_wconf 90' lang='lat' dir='ltr'><strong>cum</strong></span> <span class='ocrx_word' id='word_1_396' title='bbox 3285 4896 3503 4978; x_wconf 87' lang='lat' dir='ltr'><strong>initio,</strong></span> <span class='ocrx_word' id='word_1_397' title='bbox 3563 4899 3620 4966; x_wconf 86' lang='lat' dir='ltr'><strong>si</strong></span> <span class='ocrx_word' id='word_1_398' title='bbox 3676 4901 3946 4991; x_wconf 88' lang='lat' dir='ltr'><strong>proprie</strong></span> <span class='ocrx_word' id='word_1_399' title='bbox 3994 4910 4305 4970; x_wconf 80' lang='lat' dir='ltr'><strong>sumetur</strong></span> 
     </span>
     <span class='ocr_line' id='line_1_63' title="bbox 2756 5000 4301 5097; baseline 0.005 -31"><span class='ocrx_word' id='word_1_400' title='bbox 2756 5000 3055 5086; x_wconf 88' lang='lat' dir='ltr'><strong>initium,</strong></span> <span class='ocrx_word' id='word_1_401' title='bbox 3091 5004 3254 5091; x_wconf 80' lang='lat' dir='ltr'><strong>quin</strong></span> <span class='ocrx_word' id='word_1_402' title='bbox 3292 5003 3559 5071; x_wconf 83' lang='lat' dir='ltr'><strong>initium</strong></span> <span class='ocrx_word' id='word_1_403' title='bbox 3604 5006 3699 5073; x_wconf 84' lang='lat' dir='ltr'><strong>rei</strong></span> <span class='ocrx_word' id='word_1_404' title='bbox 3755 5016 3855 5074; x_wconf 89' lang='lat' dir='ltr'><strong>est</strong></span> <span class='ocrx_word' id='word_1_405' title='bbox 3894 5007 3962 5073; x_wconf 91' lang='lat' dir='ltr'><strong>in</strong></span> <span class='ocrx_word' id='word_1_406' title='bbox 4021 5028 4155 5097; x_wconf 91' lang='lat' dir='ltr'><strong>quo</strong></span> <span class='ocrx_word' id='word_1_407' title='bbox 4194 5029 4301 5076; x_wconf 86' lang='lat' dir='ltr'><strong>res</strong></span> 
     </span>
     <span class='ocr_line' id='line_1_64' title="bbox 2755 5108 4299 5206; baseline 0.005 -31"><span class='ocrx_word' id='word_1_408' title='bbox 2755 5108 2993 5200; x_wconf 90' lang='lat' dir='ltr'><strong>incipit</strong></span> <span class='ocrx_word' id='word_1_409' title='bbox 3027 5117 3142 5178; x_wconf 87' lang='lat' dir='ltr'><strong>:et</strong></span> <span class='ocrx_word' id='word_1_410' title='bbox 3184 5110 3314 5179; x_wconf 89' lang='lat' dir='ltr'><strong>hoc</strong></span> <span class='ocrx_word' id='word_1_411' title='bbox 3341 5121 3442 5180; x_wconf 81' lang='lat' dir='ltr'><strong>est</strong></span> <span class='ocrx_word' id='word_1_412' title='bbox 3482 5112 3659 5181; x_wconf 80' lang='lat' dir='ltr'><strong>intra</strong></span> <span class='ocrx_word' id='word_1_413' title='bbox 3703 5134 3810 5181; x_wconf 83' lang='lat' dir='ltr'><strong>res</strong></span> <span class='ocrx_word' id='word_1_414' title='bbox 3867 5136 4103 5183; x_wconf 86' lang='lat' dir='ltr'><strong>omnes</strong></span> <span class='ocrx_word' id='word_1_415' title='bbox 4150 5138 4299 5206; x_wconf 72' lang='lat' dir='ltr'><strong>quae</strong></span> 
     </span>
     <span class='ocr_line' id='line_1_65' title="bbox 2754 5212 4298 5312; baseline 0.006 -31"><span class='ocrx_word' id='word_1_416' title='bbox 2754 5212 3011 5284; x_wconf 80' lang='lat' dir='ltr'><strong>habent</strong></span> <span class='ocrx_word' id='word_1_417' title='bbox 3043 5218 3310 5285; x_wconf 91' lang='lat' dir='ltr'><strong>initium</strong></span> <span class='ocrx_word' id='word_1_418' title='bbox 3340 5239 3357 5286; x_wconf 89' lang='lat'><strong>:</strong></span> <span class='ocrx_word' id='word_1_419' title='bbox 3391 5229 3456 5286; x_wconf 88' lang='lat' dir='ltr'><strong>et</strong></span> <span class='ocrx_word' id='word_1_420' title='bbox 3485 5219 3565 5287; x_wconf 86' lang='lat' dir='ltr'><strong>de</strong></span> <span class='ocrx_word' id='word_1_421' title='bbox 3604 5218 3734 5288; x_wconf 84' lang='lat' dir='ltr'><strong>hoc</strong></span> <span class='ocrx_word' id='word_1_422' title='bbox 3772 5221 4127 5312; x_wconf 85' lang='lat' dir='ltr'><strong>principio,</strong></span> <span class='ocrx_word' id='word_1_423' title='bbox 4159 5244 4298 5290; x_wconf 88' lang='lat' dir='ltr'><strong>non</strong></span> 
     </span>
     <span class='ocr_line' id='line_1_66' title="bbox 2755 5321 4305 5419; baseline 0.005 -29"><span class='ocrx_word' id='word_1_424' title='bbox 2755 5321 3129 5414; x_wconf 85' lang='lat' dir='ltr'><strong>loquimur,</strong></span> <span class='ocrx_word' id='word_1_425' title='bbox 3191 5325 3465 5415; x_wconf 78' lang='lat' dir='ltr'><strong>quando</strong></span> <span class='ocrx_word' id='word_1_426' title='bbox 3503 5326 3813 5410; x_wconf 83' lang='lat' dir='ltr'><strong>dicimus,</strong></span> <span class='ocrx_word' id='word_1_427' title='bbox 3865 5329 4047 5419; x_wconf 84' lang='lat' dir='ltr'><strong>quod</strong></span> <span class='ocrx_word' id='word_1_428' title='bbox 4104 5328 4305 5398; x_wconf 82' lang='lat' dir='ltr'><strong>Pater</strong></span> 
     </span>
     <span class='ocr_line' id='line_1_67' title="bbox 2756 5433 3517 5524; baseline 0.004 -25"><span class='ocrx_word' id='word_1_429' title='bbox 2756 5439 2855 5499; x_wconf 84' lang='lat' dir='ltr'><strong>est</strong></span> <span class='ocrx_word' id='word_1_430' title='bbox 2895 5433 3308 5524; x_wconf 88' lang='lat' dir='ltr'><strong>principium</strong></span> <span class='ocrx_word' id='word_1_431' title='bbox 3343 5434 3517 5502; x_wconf 85' lang='lat' dir='ltr'><strong>Filii.</strong></span> 
     </span>
    </p>
   </div>
   <div class='ocr_carea' id='block_1_22' title="bbox 2755 5665 3559 5741">
    <p class='ocr_par' dir='ltr' id='par_1_24' title="bbox 2755 5665 3559 5741">
     <span class='ocr_line' id='line_1_68' title="bbox 2755 5665 3559 5741; baseline 0.001 -18"><span class='ocrx_word' id='word_1_432' title='bbox 2755 5682 2862 5723; x_wconf 74' lang='lat' dir='ltr'><strong>seu</strong></span> <span class='ocrx_word' id='word_1_433' title='bbox 2893 5667 2967 5724; x_wconf 84' lang='lat' dir='ltr'><strong>de</strong></span> <span class='ocrx_word' id='word_1_434' title='bbox 2996 5665 3307 5737; x_wconf 80' lang='lat' dir='ltr'><strong>Trinitate,</strong></span> <span class='ocrx_word' id='word_1_435' title='bbox 3337 5683 3465 5741; x_wconf 78' lang='lat' dir='ltr'><strong>cap.</strong></span> <span class='ocrx_word' id='word_1_436' title='bbox 3507 5671 3559 5724; x_wconf 75' lang='lat'><strong>13.</strong></span> 
     </span>
    </p>
   </div>
  </div>
 </body>
</html>
