4897 6388
590 1274 591 1277 ’
612 1294 616 1309 2
709 1266 912 1313 Solutio.

1258 340 1321 420 -5‘
1408 382 1425 414 ,-
1660 270 1667 274 ’
1840 317 1932 382 1N
1980 316 2008 380 1
2059 314 2486 383 SENTENT.
2539 315 2767 427 DJs‘r.
2823 316 2879 400 1,
2932 317 3013 399 B,
3064 316 3265 385 ART.
3316 321 3383 387 9.

1012 491 1275 560 Canum
1323 488 1496 555 alius
1551 484 1902 565 latrabilis,
1937 485 2108 554 alius
2146 485 2415 555 coeleste
2466 487 2563 555 si-

1010 599 1160 678 dus,
1205 607 1332 666 etc.

1098 706 1159 772 3.
1226 701 1422 778 Item,
1488 699 1645 768 Non
1712 711 1813 771 est
1865 703 2225 771 accidentis
2283 703 2554 782 divisio,

1008 834 1163 880 cum
1195 818 1418 899 partes
1458 810 1939 880 substantiales
1969 815 2105 880 sint
2143 812 2363 878 diviso
2403 833 2418 877 :
2454 833 2560 877 res

1006 918 1189 984 enim
1245 939 1383 984 non
1423 918 1926 987 accidentaliter
1973 917 2429 1007 praedicantur
2478 916 2561 983 de

1006 1021 1390 1092 fruibilibus
1420 1033 1487 1092 et
1506 1023 1885 1091 utibilibus.

1102 1234 1411 1304 Somno.
1478 1233 1875 1319 Dicendum,
1911 1236 2093 1325 quod
2142 1234 2444 1304 Creatori
2494 1245 2561 1305 et

1006 1352 1331 1412 creaturae
1386 1340 1559 1409 nihil
1618 1351 1718 1411 est
1785 1365 2149 1412 commune
2209 1346 2552 1413 univoce:

1003 1471 1130 1536 nec
1178 1448 1388 1516 etiam
1451 1470 1573 1538 per
1634 1448 2015 1539 analogiam
2080 1448 2309 1532 talem,
2373 1451 2558 1539 quod

1001 1554 1183 1623 idem
1222 1555 1667 1645 participetur
1685 1578 1807 1646 per
1833 1557 2021 1645 prius
2052 1564 2120 1623 et
2148 1558 2487 1645 posterius
2518 1581 2552 1625 a

1002 1665 1321 1751 Creatore
1359 1675 1428 1735 et
1454 1675 1762 1735 creatura
1807 1688 1825 1734 2
1867 1667 2026 1757 quia
2058 1666 2339 1736 Creator
2382 1668 2555 1737 nihil

1003 1771 1210 1841 habet
1264 1795 1385 1863 per
1430 1774 2042 1864 participationem,
2097 1774 2215 1842 sed
2281 1796 2400 1865 per
2443 1798 2556 1844 es-

1002 1880 1293 1947 sentiam
1323 1887 1391 1948 et
1420 1877 1897 1947 substantiam.
1936 1878 2068 1946 Sed
2110 1887 2211 1948 est
2250 1879 2343 1947 ibi
2370 1904 2556 1949 com-

1001 1986 1302 2054 munitas
1376 1987 1840 2076 proportionis
1914 1984 2000 2052 ad
2060 2008 2304 2066 unum,
2367 1988 2554 2078 quod

1000 2091 1540 2161 substantialiter
1567 2094 1790 2184 primo
1840 2097 2159 2166 convenit
2187 2097 2494 2167 Creatori
2530 2120 2546 2164 ε

1002 2203 1088 2273 ab
1118 2203 1235 2272 illo
1276 2213 1531 2284 autem,
1565 2212 1633 2273 et
1669 2209 2004 2296 posterius
2029 2207 2154 2275 sub
2182 2208 2326 2290 illo,
2360 2218 2428 2278 et
2467 2208 2553 2277 ad

1002 2310 1173 2379 illud
1220 2313 1545 2380 convenit
1598 2320 1921 2381 creaturae
1956 2337 1971 2382 ε
2006 2315 2177 2383 sicut
2219 2317 2385 2394 vita,
2438 2338 2553 2383 sa-

918 2410 921 2413 *
1000 2420 1283 2510 pientia,
1327 2425 1394 2487 et
1439 2422 1697 2487 bonum
1754 2423 2166 2490 conveniunt
2214 2422 2547 2502 Creatori,

594 2670 599 2677 ·
744 2656 826 2703 Ad
858 2659 894 2704 Ι.

674 3091 757 3139 Ad
783 3091 811 3137 2
837 3099 884 3138 et
912 3090 955 3137 8.

1004 2537 1073 2598 et
1101 2537 1449 2598 creaturae.

1093 2638 1443 2707 Dictaeum
1484 2659 1652 2707 anco
1718 2639 1802 2708 ad
1844 2643 2135 2731 primum
2175 2663 2580 2733 argumen-

1004 2754 1178 2826 tum,
1242 2745 1426 2837 quod
1498 2768 1642 2815 non
1698 2750 1997 2839 procedit
2063 2752 2193 2819 nisi
2259 2753 2552 2820 univoce

1005 2852 1400 2920 conveniret
1464 2851 1759 2921 divisum
1824 2854 2303 2940 dividentibus,
2365 2858 2553 2948 quod

1005 2981 1146 3027 non
1175 2967 1282 3028 est
1307 2981 1575 3042 verum,
1608 2969 1682 3029 ut
1714 2970 1896 3052 patet
1922 2985 2002 3030 ex
2041 2962 2258 3033 dictis·

1095 3068 1236 3136 Psa
1302 3090 1461 3137 tntu
1518 3080 1703 3160 patet
1757 3070 2006 3141 solutio
2061 3071 2144 3140 ad
2204 3073 2337 3142 alia
2399 3097 2550 3164 quae

1002 3185 1162 3247 sunt
1188 3176 1272 3246 de
1309 3176 1529 3247 diviso
1561 3178 1849 3249 univoce
1886 3183 2315 3253 convenienti
2369 3183 2553 3253 divi-

1001 3284 1319 3353 dentibus
1362 3306 1379 3353 :
1423 3308 1550 3355 nec
1604 3293 1833 3356 tamen
1879 3289 2056 3368 dico,
2098 3290 2283 3381 quod
2329 3293 2553 3360 omni-

1000 3413 1091 3459 no
1166 3393 1515 3483 aequivoce
1573 3392 2032 3463 dividentibus
2086 3398 2448 3466 conveniat
2527 3420 2544 3465 :

996 3497 1116 3566 sed
1143 3520 1266 3589 per
1292 3499 1481 3590 prius
1510 3509 1575 3568 et
1606 3503 1942 3591 posterius
1971 3505 2289 3573 convenit
2312 3527 2552 3572 secun-

997 3603 1163 3673 dum
1228 3605 1753 3676 determinatum
1821 3609 2098 3678 modum
2166 3613 2414 3703 prioris
2482 3621 2549 3681 et

1000 3713 1421 3801 posterioris.

1434 4138 1933 4209 An‘rtcuu's
1986 4141 2105 4213 ΙΧ.

1196 4357 1302 4423 An
1335 4354 1756 4425 bealitndine
1790 4360 1880 4424 si!
1903 4360 2279 4448 fruendum
2309 4362 2351 4428 ἶ)

1090 4675 1349 4744 Deinde
1387 4675 1709 4765 objicitur
1762 4689 1994 4748 contra
2045 4681 2174 4752 boc
2213 4685 2396 4777 quod
2438 4686 2548 4754 di-

998 4782 1089 4849 cit
1131 4804 1147 4849 ε
1200 4810 1232 4843 «
1271 4782 1430 4851 Illae
1473 4783 1729 4874 quibus
1751 4786 2125 4874 fruendum
2173 4801 2296 4873 esl,
2330 4801 2459 4861 etc.
2507 4818 2541 4857 ι

1093 4890 1153 4955 1.
1220 4888 1583 4959 Beatitudo
1631 4895 1815 4960 enim
1860 4917 1984 4962 nos
2027 4896 2261 4968 beatos
2314 4900 2472 4969 facit
2522 4923 2537 4970 ε

998 5017 1161 5087 ergo
1215 4996 1634 5069 beatitudine
1675 5010 1773 5069 est
1822 5001 2207 5074 fruendum.
2247 5007 2318 5073 Si
2372 5009 2545 5077 forte

998 5103 1286 5182 dicatur,
1321 5107 1494 5175 sicut
1519 5113 1974 5180 communiter
2011 5115 2324 5198 solvitur,
2359 5118 2546 5208 quod

997 5236 1155 5281 cum
1186 5214 1347 5284 dicit
1375 5217 1832 5308 AugustinuS,
1866 5223 2048 5312 quod
2096 5253 2129 5285 α
2161 5248 2266 5292 res
2296 5226 2546 5316 quibus

1000 5346 1034 5383 ι
1068 5321 1429 5391 fruendum
1460 5334 1585 5404 est,
1631 5349 1755 5395 nos
1785 5327 2017 5397 beatos
2046 5332 2326 5413 faciunt,
2364 5359 2400 5400 ιι
2436 5336 2548 5404 in-

995 5426 1324 5519 telligitur
1353 5430 1657 5500 effective
1693 5455 1709 5500 ε
1744 5433 2088 5506 beatitudo
2119 5448 2348 5509 autem
2387 5441 2548 5510 facit

996 5531 1233 5603 beatos
1279 5534 1698 5607 formaliter:
1734 5541 1903 5609 sicut
1943 5541 2182 5612 albedo
2221 5545 2383 5614 facit
2435 5547 2545 5615 al-

998 5634 1163 5707 bum
1210 5639 1612 5726 formaliter,
1681 5654 1748 5713 et
1802 5647 2022 5738 pictor
2074 5648 2234 5722 facit
2306 5651 2542 5722 album

4139 322 4222 388 25

2672 486 2981 557 effective
3039 512 3054 556 :
3118 498 3185 557 et
3238 488 3389 557 ideo
3455 487 3868 557 beatitudine
3929 512 4069 557 non
4125 496 4224 558 est

2668 595 3033 663 fruendum
3086 620 3100 663 ε
3157 597 3317 685 quia
3384 618 3520 663 non
3585 596 3743 664 facit
3806 617 3931 663 nos
3987 594 4220 663 beatos

2670 701 3001 770 effective.
3048 702 3149 780 Si,
3202 704 3510 792 inquam,
3569 703 3666 769 sic
3720 703 4002 783 dicatur,
4055 702 4221 771 Cox-

2668 829 2799 873 TaA
2834 829 2848 875 :
2887 807 3248 874 Beatitudo
3299 816 3402 875 est
3438 817 3593 898 post
3631 808 3810 898 quod
3857 831 3999 876 non
4037 809 4216 879 desi-

2670 914 2944 982 deratur
2997 914 3206 981 aliud.
3253 914 3587 981 Pacuuio
3640 940 3654 982 ε
3709 914 4064 983 Beatitudo
4119 916 4216 994 (ut

2670 1022 2833 1090 dicit
2879 1022 3181 1111 Boetius)
3230 1031 3331 1090 est
3378 1029 3591 1089 status
3633 1024 3940 1090 omnium
3991 1023 4216 1091 bono-

2671 1154 2823 1198 rum
2872 1132 3362 1222 aggregatione
3407 1130 3741 1220 perfectus
3784 1150 3800 1196 ε
3845 1153 4007 1221 ergo
4063 1142 4218 1221 post

2668 1238 3162 1306 beatitudinem
3203 1260 3344 1305 non
3394 1244 3700 1304 remanet
3727 1235 3985 1325 aliquid
4031 1237 4214 1305 aliud

2668 1347 3222 1415 desiderabilium
3259 1369 3273 1413 :
3310 1347 3429 1414 sed
3470 1344 3789 1414 ultimum
3838 1352 3942 1411 est
3978 1343 4049 1411 id
4077 1368 4210 1435 quo

2665 1455 2981 1538 fruimur,
3036 1456 3196 1545 quia
3252 1454 3384 1522 hoc
3422 1456 3680 1545 quietat
3732 1450 4141 1519 desiderium
4191 1473 4208 1521 :

2666 1588 2830 1656 ergo
2868 1565 3291 1633 beatitudine
3327 1564 3640 1632 fruimur.

2757 1672 2821 1739 2.
2866 1671 3232 1753 Praeterea,
3285 1673 3519 1740 omnia
3556 1668 3818 1737 utibilia
3864 1670 4213 1739 referenda

2663 1785 2823 1845 sunt
2862 1778 2947 1845 ad
2993 1777 3508 1855 beatitudinem,
3560 1785 3636 1845 ut
3689 1775 3849 1844 dicit
3893 1777 4215 1866 Augusti-

2663 1908 2793 1954 nus
2854 1909 2871 1955 :
2933 1910 3098 1978 ergo
3169 1885 3515 1954 beatitudo
3574 1908 3712 1953 non
3777 1883 4061 1952 refertur
4125 1881 4212 1950 ad

2663 1992 2850 2062 aliud
2904 2016 2920 2060 :
2984 2017 3148 2086 ergo
3197 1992 3614 2062 beatitudine
3663 1992 3953 2061 fruimur
3992 2012 4008 2059 ε
4054 1990 4213 2081 quia

2662 2101 2778 2171 illo
2845 2102 3160 2184 fruimur,
3240 2103 3425 2194 quod
3479 2111 3751 2192 propter
3817 2122 3888 2168 se
3940 2107 4007 2166 et
4070 2121 4210 2166 non

2660 2218 2943 2299 propter
2981 2209 3166 2277 aliud
3207 2211 3614 2300 appetimus·

2753 2312 2817 2382 3.
2853 2310 3218 2391 Praeterea,
3258 2313 3401 2380 Aut
3443 2310 3786 2379 beatitudo
3820 2309 4104 2377 refertur
4126 2306 4211 2375 ad

2659 2417 2872 2497 aliud,
2934 2428 3050 2486 aut
3106 2441 3246 2486 non
3291 2441 3306 2485 ε
3352 2419 3409 2485 si
3446 2419 3567 2502 sic,
3600 2416 3870 2485 Commi
3917 2438 3931 2482 :
3996 2413 4216 2494 Quid-

2661 2525 2828 2615 quid
2857 2525 3146 2595 refertur
3182 2527 3268 2593 ad
3312 2524 3521 2606 aliud,
3565 2524 3692 2592 boc
3721 2532 3823 2592 est
3870 2531 4058 2591 extra
4105 2523 4212 2613 ip-

2660 2654 2814 2699 sum
2864 2632 2950 2700 ad
3002 2633 3183 2724 quod
3240 2632 3574 2701 refertur:
3610 2629 3953 2699 beatitudo
4002 2629 4213 2698 refer-

2661 2748 2772 2806 tur
2819 2740 2902 2808 ad
2953 2741 3138 2808 aliud
3175 2764 3190 2808 :
3228 2764 3392 2833 ergo
3431 2739 3686 2832 aliquid
3723 2740 4063 2807 bonorum
4110 2746 4211 2806 est

2661 2860 2853 2918 extra
2899 2848 3391 2919 beatitudinem
3451 2849 3726 2919 relatam
3790 2870 3808 2919 ε
3867 2869 4030 2939 ergo
4069 2870 4208 2915 non

2660 2968 2762 3028 est
2791 2949 3008 3029 status
3038 2961 3354 3028 omnium
3392 2960 3732 3030 bonorum
3770 2958 4209 3051 aggregatio-

2658 3090 2746 3136 ne
2784 3069 3147 3159 perfectuS,
3192 3068 3377 3161 quod
3425 3068 3670 3137 falsum
3701 3077 3822 3138 est.
3863 3065 3936 3134 Si
3978 3074 4203 3134 autem

2661 3202 2801 3246 uon
2860 3178 3150 3249 refertur
3188 3177 3271 3246 ad
3316 3176 3574 3269 aliquid
3633 3200 3649 3244 ε
3704 3199 3866 3267 ergo
3927 3172 4208 3266 inbaere·

2660 3310 2815 3354 mus
2837 3287 2899 3355 ei
2932 3297 3210 3378 propter
3240 3309 3311 3355 se
3345 3309 3362 3354 ε
3398 3307 3560 3377 ergo
3600 3307 3738 3352 non
3776 3285 3905 3352 nisi
3927 3305 4200 3352 amore:

2659 3418 2825 3487 ergo
2856 3396 3152 3464 fruimur
3189 3394 3608 3464 beatitudine
3650 3417 3666 3464 ε
3711 3395 3870 3484 quia
3900 3391 4017 3460 illo
4049 3391 4208 3459 frui-

2661 3529 2842 3587 mur,
2883 3507 2992 3575 cui
3025 3528 3259 3574 amore
3314 3513 3589 3596 propter
3642 3526 3714 3572 se
3771 3501 4203 3571 inhaeremus.

2751 3721 3061 3788 Somno.
3115 3718 3521 3798 Dicendum,
3564 3717 3745 3809 quod
3800 3716 4049 3808 duplex
4105 3726 4206 3784 est
4283 3739 4482 3788 solano.

2659 3829 3033 3909 beatitudo,
3067 3828 3349 3909 scilicet,
3379 3835 3620 3896 ereata)
3661 3849 3809 3917 quae
3855 3825 4208 3894 conficitur

2659 3962 2744 4007 ex
2775 3938 2976 4007 bonis
3031 3939 3265 4029 gratiae
3305 3936 3714 4005 transeuntis
3760 3936 3829 4002 in
3886 3932 4202 4025 gloriam,

2659 4054 2725 4113 et
2763 4044 2915 4114 hoec
2971 4055 3072 4114 est
3109 4044 3433 4136 perfectio
3474 4041 3777 4111 formalis
3827 4040 4202 4119 beatorum,

2658 4153 2935 4223 elevans
2966 4176 3085 4221 eos
3115 4151 3200 4220 ad
3232 4150 3360 4219 bor
3393 4149 3573 4242 quod
3624 4148 4008 4216 immediate
4045 4171 4210 4239 pos-

2657 4264 2796 4330 sint
2823 4261 3147 4351 conjungi
3181 4259 3351 4327 Deo.
3396 4257 3549 4326 Alia
3587 4265 3814 4325 autem
3859 4254 4206 4325 beatitudo

2658 4379 2760 4437 est
2819 4370 3140 4446 increata,
3204 4376 3271 4435 et
3326 4365 3471 4434 baec
3507 4375 3608 4433 est
3653 4362 3997 4432 beatitudo
4053 4362 4209 4430 sub·

2657 4476 3021 4556 stantialis,
3069 4484 3135 4542 et
3174 4473 3444 4542 duobus
3491 4472 3709 4541 modis
3757 4471 4204 4547 considerata.

2657 4585 2915 4653 scilicet
2945 4573 3018 4651 ut
3058 4583 3458 4674 participata
3488 4604 3526 4647 a
3568 4578 3856 4660 Sanctis,
3890 4589 3958 4648 et
3984 4580 4080 4648 sic
4109 4587 4210 4647 est

2659 4694 2844 4761 Deus
2874 4701 2948 4758 ut
2992 4712 3343 4757 summum
3393 4687 3648 4755 bonum
3707 4687 3776 4754 in
3828 4684 4096 4754 Sanctis
4143 4695 4209 4754 et

2657 4799 2875 4866 beatis
2909 4822 2924 4866 ε
2960 4797 3069 4866 vel
3100 4806 3177 4864 ut
3226 4799 3292 4865 in
3342 4817 3439 4874 se,
3485 4804 3553 4864 et
3586 4796 3682 4863 sic
3718 4804 3821 4863 est
3859 4793 4206 4863 beatitudo

2657 4916 2733 4974 ut
2800 4907 2868 4973 in
2938 4904 3208 4995 objecto
3267 4902 3727 4972 beatitudinis,
3787 4902 3954 4970 Dico
4014 4925 4202 4995 ergo,

2658 5012 2845 5104 quod
2884 5012 3308 5082 beatitudine
3342 5014 3636 5080 increata
3672 5019 3961 5101 utroque
4003 5010 4206 5079 modo

2656 5119 3001 5188 fruimur:
3037 5120 3154 5189 sed
3205 5117 3619 5190 beatitudine
3674 5128 3894 5186 creata
3952 5119 4209 5187 utimur

2656 5249 2815 5296 cum
2872 5236 3079 5318 gustu
3138 5225 3368 5316 gaudii
3428 5223 3788 5303 fruitionis,
3868 5225 4028 5315 quia
4092 5223 4205 5292 illa

2656 5335 2810 5405 unit
2850 5358 2977 5403 nos
3008 5333 3290 5403 fruibili.
3326 5331 3773 5401 Concedimus
3824 5340 4050 5402 autem
4090 5356 4207 5402 so-

2658 5442 2991 5514 lutionem
3067 5465 3531 5525 communem,
3611 5441 3792 5533 quod
3857 5441 4202 5509 beatitudo

2657 5559 2882 5619 creata
2913 5550 3293 5619 formaliter
3340 5570 3468 5616 nos
3504 5547 3868 5629 beatificat,
3909 5548 4204 5615 increata

2657 5663 2891 5725 autem
2921 5655 3232 5726 effective
3270 5663 3347 5722 ut
3376 5656 3447 5723 in
3477 5653 3769 5743 objecto,
3813 5661 3880 5722 et
3906 5661 3984 5720 ut
4001 5655 4207 5743 parti-
