4897 6388
616 392 743 457 154
1578 391 1661 458 D.
1712 383 1908 459 ALB'.
1961 392 2175 469 MAG.
2228 387 2782 501 0RD.„PR·AED.

1725 1039 2417 1137 DISTINCTlo
2489 1039 2637 1132 IV.

789 1371 876 1443 A.
925 1369 1078 1445 Hic
1103 1369 1509 1468 quaeritur,
1556 1369 1826 1445 Utrum
1858 1368 2419 1443 concedendum
2448 1364 2552 1438 sit
2577 1363 2783 1461 quod
2805 1365 3022 1439 Deus
3057 1387 3140 1438 se
3175 1364 3535 1463 qenuerit
3561 1361 3607 1438 ?

687 1818 834 1894 Hic
862 1818 1112 1895 oritur
1150 1818 1478 1916 quaestio
1518 1818 1702 1892 satis
1745 1817 2199 1893 necessaria.
2235 1818 2550 1892 Constat
2578 1816 2814 1911 enim,
2859 1826 2934 1892 et
2972 1816 3612 1915 irrefragabiliter
3658 1840 3796 1892 ve-

584 1975 761 2026 rum
795 1963 938 2046 est,
974 1952 1182 2050 quod
1214 1952 1427 2026 Deus
1466 1951 1693 2026 Pater
1730 1950 1997 2047 genuit
2026 1951 2328 2025 Filium.
2385 1949 2563 2025 Ideo
2608 1949 3010 2048 quaeritur,
3044 1950 3323 2025 Utrum
3355 1949 3794 2026 conceden-

527 2160 539 2171 ,
583 2084 769 2159 dum
801 2085 902 2160 sit
940 2086 1145 2182 quod
1179 2084 1390 2160 Deus
1418 2083 1687 2182 genuit
1723 2084 1999 2159 Deum.
2030 2083 2111 2159 Si
2142 2084 2342 2159 enim
2387 2084 2596 2159 Deus
2632 2083 2903 2181 genuit
2932 2084 3214 2179 Deum,
3250 2084 3558 2160 videtur
3585 2083 3791 2183 quod

577 2229 714 2295 aut
752 2242 836 2295 se
894 2220 1177 2313 Deum,
1223 2227 1358 2294 aut
1385 2218 1623 2293 alium
1672 2217 1919 2294 Deum
1959 2217 2280 2315 generit.
2328 2217 2408 2293 Si
2455 2240 2640 2294 vero
2681 2218 2921 2293 alium
2970 2219 3223 2295 Deum
3273 2218 3571 2316 genuit,
3633 2241 3790 2292 non

577 2363 695 2430 est
734 2364 1041 2430 tantum
1076 2377 1280 2429 unus
1307 2353 1542 2428 DeuS.
1588 2352 1669 2427 Si
1701 2362 1957 2428 autem
1991 2352 2328 2451 seipsum
2371 2352 2617 2428 Deum
2648 2353 2945 2450 genuit,
2982 2354 3250 2452 aliqua
3292 2377 3416 2429 res
3455 2353 3791 2452 seipsam

578 2489 876 2588 genuit.
936 2489 1051 2565 Ad
1110 2488 1321 2587 quod
1360 2487 1918 2585 respondentes
1980 2487 2334 2581 dicimuS,
2377 2510 2565 2563 sane
2624 2497 2700 2563 et
2754 2487 3137 2564 catholice
3205 2488 3525 2564 concedi
3584 2486 3792 2586 quod
3914 2517 3926 2530 ·

580 2650 791 2704 unus
833 2649 1078 2702 unum
1112 2625 1412 2724 genuit,
1469 2635 1553 2702 ut
1591 2624 1797 2723 quod
1838 2625 2047 2700 Deus
2082 2625 2327 2700 Deum
2360 2624 2630 2723 genuit
2671 2647 2688 2699 z
2736 2624 2924 2723 quia
2972 2624 3189 2701 Deus
3247 2625 3474 2701 Pater
3542 2625 3789 2700 Deum

582 2760 864 2836 Filium
907 2760 1206 2859 genuit.
1246 2761 1331 2835 In
1373 2759 1721 2859 symbolo
1761 2782 2071 2859 quoque
2102 2758 2469 2858 scriptum
2492 2769 2632 2854 est,
2671 2787 2707 2831 α
2742 2759 3041 2836 Lumen
3067 2759 3164 2836 de
3191 2759 3515 2854 lumine,
3543 2760 3790 2836 Deum

581 2918 858 2971 verum
899 2895 994 2972 de
1034 2897 1197 2972 Deo
1236 2918 1422 2971 vero
1463 2897 1511 2968 ¹.
1550 2921 1589 2967 ι
1633 2893 1853 2982 Quod
1907 2917 2092 2971 vero
2156 2894 2493 2989 additur,
2574 2917 2757 2993 ergo
2816 2895 3090 2992 genuit
3155 2918 3239 2970 se
3306 2895 3589 2989 Deum,
3666 2895 3793 2970 vel

586 3030 825 3108 alium
870 3032 1123 3106 Deum
1169 3055 1186 3106 ε
1235 3040 1596 3106 neutrum
1627 3029 2203 3106 concedendum
2234 3053 2401 3106 esse
2432 3030 2787 3105 dicimus.
2824 3028 3045 3117 Quod
3078 3031 3318 3106 alium
3351 3032 3602 3107 Deum
3637 3053 3791 3104 non

586 3166 885 3265 genuit,
934 3165 1427 3242 manifestum
1467 3175 1582 3241 est
1623 3188 1640 3241 z
1677 3164 1864 3264 quia
1900 3189 2103 3241 unus
2142 3175 2435 3240 tantum
2470 3164 2678 3241 Deus
2707 3173 2848 3241 est.
2895 3163 3117 3253 Quod
3158 3175 3417 3243 autem
3450 3165 3794 3266 seipsum

564 3325 744 3376 *non
787 3302 1085 3400 genuit,
1128 3301 1465 3377 ostendit
1501 3300 1980 3399 Augustinus
2029 3300 2104 3375 in
2164 3301 2357 3377 libro
2398 3301 2430 3375 Ι
2467 3300 2563 3377 de
2614 3298 3414 3393 Trinitate’,dicens:
3466 3300 3613 3390 Qui
3646 3325 3795 3401 pu-

588 3446 756 3512 tant
779 3437 951 3535 ejus
993 3436 1359 3536 potentiae
1415 3459 1584 3513 esse
1623 3436 1900 3532 Deum,
1937 3446 2021 3512 ut
2076 3436 2414 3536 seipsum
2470 3436 2633 3535 ipse
2687 3435 3075 3534 genuerit,
3119 3460 3213 3513 eo
3273 3438 3451 3537 plus
3500 3446 3788 3531 errant,

590 3571 799 3669 quod
843 3595 995 3646 non
1041 3572 1293 3646 solum
1353 3570 1563 3646 Deus
1603 3570 1705 3645 ita
1744 3594 1896 3645 non
1948 3580 2088 3664 est,
2139 3570 2269 3646 sed
2332 3593 2473 3647 nec
2533 3569 2985 3669 spiritualiS‚
3049 3593 3304 3669 neque
3365 3571 3790 3671 corporalis

588 3715 971 3782 creatura.
1016 3705 1249 3781 Nulla
1278 3704 1488 3781 enim
1530 3728 1651 3781 res
1680 3714 1795 3781 est
1832 3727 2009 3803 quae
2062 3703 2389 3802 seipsam
2429 3704 2696 3802 gignat
2734 3714 2820 3781 ut
2871 3704 2968 3780 sit
3011 3727 3031 3780 ε
3094 3714 3168 3781 et
3229 3705 3401 3781 ideo
3457 3730 3609 3782 non
3676 3716 3793 3781 est

590 3838 1066 3916 credendum
1107 3840 1230 3915 vel
1272 3838 1686 3915 dicendum
1725 3838 1930 3937 quod
1960 3839 2168 3915 Deus
2196 3839 2463 3937 genuit
2491 3862 2600 3915 se.

1082 4336 1322 4381 Divisio
1368 4336 1633 4382 Tssst,

682 4552 715 4590 ι
760 4527 893 4594 mc
920 4527 1145 4594 oritur
1181 4527 1467 4617 quaestio
1520 4526 1690 4592 satis
1730 4526 2125 4603 necessaria,

587 4642 714 4702 ele.
763 4663 797 4695 ³>

680 4738 807 4808 nic
838 4740 1074 4830 incipit
1129 4739 1393 4808 tradere
1450 4738 1772 4830 Magister
1819 4739 2129 4807 notitiam

585 4844 936 4914 Trinitatis
974 4856 1037 4915 et
1070 4848 1348 4916 unitatis
1378 4847 1749 4916 secundum
1778 4848 1924 4914 vias
1964 4868 2131 4937 quas

588 4951 1241 5043 praedeterminax·it.
1301 4953 1386 5022 Et
1434 4953 1756 5023 dividitur
1805 4976 1958 5044 pars
2007 4954 2132 5020 ista

587 5059 742 5127 libri
784 5060 853 5127 in
882 5062 1053 5129 duas
1084 5071 1332 5152 parteS,
1366 5061 1735 5130 secundum
1787 5060 1967 5151 quod
2004 5060 2132 5128 du·-

587 5167 854 5258 pliciter
891 5171 1329 5260 cognoscitur
1388 5170 1706 5248 Trinitas,
1759 5168 2008 5237 scilicet
2063 5171 2131 5236 in

587 5296 683 5351 se,
712 5272 844 5343 hoc
863 5285 987 5352 est,
1016 5284 1088 5342 ut
1112 5285 1214 5344 est
1233 5299 1436 5345 causa
1456 5299 1576 5368 per
1594 5276 2000 5343 creationem
2027 5298 2044 5343 ε
2069 5283 2133 5342 et

587 5383 655 5449 in
687 5385 1143 5473 appropriatis
1182 5408 1336 5474 quae
1367 5386 1781 5453 conveniunt
1805 5384 1864 5449 ei
1902 5405 2136 5451 secun-

552 5566 555 5569 ,
586 5488 751 5557 dum
784 5488 967 5580 quod
1007 5498 1190 5559 creat
1223 5514 1351 5571 reS,
1382 5500 1449 5559 et
1484 5500 1587 5559 est
1630 5512 1832 5559 causa
1868 5490 2135 5557 univer-

658 5722 677 5759 ί
706 5719 794 5777 Εἰ.
823 5720 1172 5794 Symbolum
1198 5723 1522 5783 Nicaenum.

3580 4231 3677 4277 sic
3723 4233 3784 4277 ei

2239 4314 2649 4382 conveniunt
2709 4315 3068 4405 sapientia,
3114 4316 3643 4405 omnipotentia,
3676 4339 3793 4384 vo·

2236 4420 2486 4505 luntas,
2518 4420 2599 4489 de
2660 4421 2906 4512 quibus
2961 4424 3104 4513 agit
3145 4424 3213 4490 in
3254 4423 3551 4491 secunda
3600 4435 3786 4516 parte

2237 4550 2385 4618 qum
2408 4529 2640 4618 incipit
2670 4528 2864 4608 infra,
2898 4529 3055 4598 dist.
3093 4531 3206 4610 35,
3232 4530 3512 4611 scilicet,
3543 4558 3576 4596 ι
3615 4534 3783 4602 Cum

2231 4657 2443 4726 supra
2481 4634 3001 4704 disseruerimus
3029 4646 3094 4704 et
3123 4637 3343 4728 plura
3379 4639 3786 4718 dia-erimus,

2236 4752 2362 4811 etc.
2416 4769 2448 4807 n

2330 4849 2556 4918 Prima
2585 4874 2739 4940 pars
2771 4874 2924 4942 quae
2955 4851 3038 4920 de
3081 4850 3188 4919 his
3216 4861 3318 4919 cst
3349 4875 3501 4943 quae
3535 4876 3790 4922 conve-

2237 4959 2433 5026 niunt
2527 4960 2830 5049 personis
2929 4960 3183 5028 divinis
3266 4961 3335 5027 in
3430 4983 3793 5053 compara-

2240 5066 2422 5132 tione
2453 5064 2536 5132 ad
2567 5074 2795 5133 actum
2824 5066 3095 5135 creandi
3130 5088 3238 5133 res
3268 5089 3422 5157 quae
3455 5067 3678 5137 ssuunt
3702 5069 3786 5137 ab

2238 5171 2427 5260 ipsis,
2461 5170 2786 5240 dividitur
2821 5173 2892 5239 in
2933 5181 3070 5240 tres
3107 5182 3362 5262 parteS,
3413 5174 3787 5242 secundum

2239 5279 2365 5345 tria
2414 5302 2566 5370 quae
2614 5282 2980 5371 exiguntur
3017 5280 3102 5347 ad
3159 5304 3608 5371 personarum
3659 5283 3791 5351 dis-

2240 5385 2660 5454 tinctionem.
2728 5386 3042 5454 Primum
3089 5385 3340 5455 horum
3398 5390 3607 5458 trium
3664 5397 3787 5468 est,

2242 5492 2424 5582 quod
2455 5493 2940 5562 determinetur
2974 5493 3224 5562 modus
3282 5505 3350 5565 et
3403 5506 3594 5566 actus
3651 5518 3787 5587 quo

2239 4208 2398 4276 salis
2426 4229 2572 4275 esse
2612 4207 2923 4276 omnium
2979 4216 3447 4277 creaturarum
3501 4231 3518 4276 z

2312 5723 2336 5760 ¹
2364 5723 2423 5780 S.
2451 5726 2824 5795 Ancum-utus,
2857 5724 2980 5784 Lib.
3014 5725 3033 5782 1
3074 5725 3148 5784 de
3179 5727 3485 5796 Trinitate,
3517 5742 3646 5800 cap.
3680 5730 3731 5786 ¹.
