4897 6388
1893 243 2056 310 INI
2106 237 2536 336 SENTENT.
2579 236 2806 304 DIST.
2860 237 3012 314 Vll,
3061 238 3144 321 B,
3197 240 3396 308 ART.
3447 245 3513 311 ὅ.
3869 334 3900 354 a
4162 244 4285 310 211

1333 753 1420 826 13.
1471 747 1713 823 Ponit
1739 746 2092 844 quaedam
2121 744 2350 820 verba
2377 748 2820 844 Aequam,
2868 748 3071 822 unde
3099 754 3353 846 potest
3386 772 3509 823 mo
3524 749 3688 823 veri
3713 751 4043 831 auditor.

1191 1090 1342 1166 Sed
1384 1090 1883 1165 veliementer
1923 1111 2064 1162 nos
2096 1097 2347 1161 movet
2386 1089 2593 1184 quod
2624 1088 3106 1185 Augustinus
3134 1090 3241 1164 ait
3269 1090 3346 1163 in
3383 1091 3484 1164 111
3525 1090 3721 1165 libro
3755 1099 4022 1165 contra
4052 1091 4304 1165 Maxi-

1087 1225 1391 1300 minum
1453 1222 1502 1318 ¹,
1562 1224 1695 1321 qui
1762 1222 2149 1297 asserebat
2214 1222 2518 1296 Patrem
2553 1222 3061 1321 potentiorem
3105 1246 3273 1299 esse
3309 1223 3529 1320 Filio,
3577 1248 3669 1299 eo
3748 1224 3954 1322 quod
4021 1224 4300 1300 Filium

1084 1359 1359 1458 genuit
1387 1358 1639 1433 Deum
1672 1359 2131 1441 Creatorem,
2174 1355 2411 1430 Filius
2451 1366 2709 1432 autem
2782 1380 2935 1431 non
2972 1381 2989 1432 ε
3055 1357 3511 1456 dicebatque
3588 1360 3896 1435 Patrem
3956 1361 4300 1458 potuisse

1087 1496 1441 1594 gignere,
1512 1516 1669 1566 non
1726 1492 2048 1567 Filium:
2095 1499 2169 1566 et
2226 1491 2395 1565 ideo
2464 1491 2837 1588 potiorem
2876 1514 3045 1567 esse
3088 1492 3308 1567 Filio.
3388 1493 3501 1568 Ad
3556 1494 3763 1591 quod
3823 1497 4301 1593 respondens

1085 1629 1574 1728 Augustinus
1616 1626 1865 1703 dicere
1906 1626 2236 1721 videtur,
2281 1626 2484 1723 quod
2518 1625 2761 1701 Filius
2801 1626 3030 1701 etiam
3100 1628 3351 1725 potuit
3424 1629 3774 1726 gignere,
3834 1631 4107 1706 volens
4173 1655 4302 1706 os-

1087 1765 1410 1842 tendere
1444 1765 1750 1840 Patrem
1792 1784 1957 1838 esse
1999 1785 2156 1836 non
2188 1759 2695 1859 potentiorem
2737 1760 2956 1852 Filio,
2997 1761 3114 1836 his
3156 1762 3458 1838 verbis:
3491 1734 3733 1839 ⁸Absit
3774 1774 3858 1838 ut
3913 1764 4083 1841 ideo
4161 1790 4304 1865 po-

1090 1899 1377 1977 tentior
1417 1898 1511 1974 sit
1555 1899 1783 1974 Pater
1821 1897 2047 1991 Filio,
2087 1895 2285 1971 sicut
2322 1905 2587 1994 putas:
2645 1894 2832 1992 quia
2896 1895 3337 1973 Creatorem
3412 1898 3682 1995 genuit
3735 1899 3990 1994 Pater,
4061 1898 4302 1976 Filius

1086 2045 1351 2112 autem
1422 2058 1578 2110 non
1646 2033 1913 2130 genuit
1976 2031 2462 2107 Creatorem:
2533 2052 2785 2129 neque
2827 2030 3036 2105 enim
3069 2055 3222 2106 non
3259 2033 3533 2130 potuit,
3568 2034 3704 2110 sed
3733 2058 3885 2109 non
3930 2036 4294 2133 oportuit.

1086 2170 1283 2247 Vide
1315 2168 1822 2268 etdiligenter
1859 2167 2164 2243 attende
2196 2166 2362 2242 haec
2393 2165 2672 2242 verba:
2719 2165 2889 2240 Non
2933 2167 3140 2242 enim
3184 2190 3340 2241 non
3383 2168 3679 2267 potuit:
3719 2169 3852 2245 sed
3887 2193 4041 2244 non
4085 2195 4304 2269 opor-

1089 2306 1263 2381 tuit.
1308 2305 1633 2380 Videtur
1671 2304 1876 2380 enim
1918 2303 2199 2395 dicere,
2229 2300 2434 2400 quod
2468 2299 2710 2377 Filius
2737 2301 2986 2399 potuit
3023 2301 3371 2399 gignere,
3407 2303 3539 2378 sed
3576 2327 3732 2378 non
3792 2305 4134 2403 oportuit
4167 2329 4182 2380 :
4230 2316 4307 2383 et

1092 2441 1200 2517 ita
1239 2438 1516 2539 potuit,
1562 2439 1764 2536 quod
1808 2461 1960 2513 non
2004 2435 2363 2536 oportuit.
2410 2434 2664 2523 Quare
2695 2446 2951 2510 autem
3010 2460 3168 2510 non
3211 2437 3577 2536 oportuit,
3621 2439 3910 2534 subdit,
3980 2439 4245 2517 dicens
4281 2465 4299 2517 :

1090 2575 1609 2652 Immoderata
1646 2574 1850 2650 enim
1893 2580 2095 2649 esset
2122 2570 2384 2646 divina
2411 2570 2837 2669 generatio,
2874 2571 2937 2645 si
2970 2571 3281 2666 genitus
3321 2572 3563 2649 Filius
3590 2585 3950 2673 nepotem
4026 2574 4306 2674 gigne-

1093 2722 1209 2788 ret
1249 2708 1489 2805 Patri,
1525 2708 1710 2809 quia
1740 2719 1811 2786 et
1843 2708 2005 2807 ipse
2037 2730 2271 2805 nepos
2302 2704 2452 2780 nisi
2481 2728 2625 2781 avo
2656 2729 2798 2780 suo
2843 2717 3344 2807 pronepotem
3404 2707 3780 2806 gigneret,
3872 2712 4300 2787 secundum

1089 2857 1429 2924 vestram
1464 2844 1897 2921 mirabilem
1937 2840 2422 2942 sapientiam,
2457 2839 2843 2939 impotens
2883 2839 3294 2917 diceretur.
3355 2839 3728 2920 Similiter
3767 2844 3997 2921 etiam
4046 2845 4171 2923 ille
4236 2844 4301 2923 si

1090 2992 1451 3084 nepotem
1481 3004 1638 3056 non
1679 2979 2033 3078 gigneret
2072 3000 2215 3051 avo
2257 3000 2426 3063 suo,
2473 2984 2548 3051 et
2586 2985 3090 3076 pronepotem
3164 3001 3455 3077 proavo
3513 3003 3685 3073 su0,
3747 3004 3903 3055 non
3972 3005 4016 3056 a
4083 2977 4305 3056 vobis

1083 3116 1619 3215 appellaretur
1682 3113 2195 3213 omnipotens,
2269 3132 2410 3185 nec
2478 3107 2931 3210 impleretur
2983 3112 3510 3209 generationis
3566 3112 3839 3203 series,
3901 3113 3965 3189 si
3997 3139 4304 3216 semper

1080 3254 1278 3329 alter
1315 3276 1410 3329 ex
1439 3253 1683 3328 altero
1724 3257 2221 3327 nasceretur:
2260 3272 2399 3323 nec
2431 3270 2603 3323 eam
2644 3245 3050 3346 perficeret
3091 3248 3328 3343 ulluS,
3372 3248 3433 3323 si
3468 3273 3620 3324 non
3664 3250 4056 3327 sufficeret
4097 3276 4301 3329 uinus

1080 3387 1604 3488 omnipotens.
1652 3386 1918 3484 Itaque
1958 3382 2560 3484 omnipotentem
2594 3381 2866 3479 genuit
2898 3381 3175 3458 Filium
3221 3383 3475 3459 Putris
3517 3395 3821 3481 natura,
3885 3410 4039 3461 non
4093 3386 4294 3464 fecit.

2743 3768 2901 3816 cum
2947 3746 3152 3837 igitur
3191 3744 3402 3815 Filius
3431 3747 3557 3815 Dei
3596 3771 3737 3816 non
3767 3749 3853 3817 sit
3884 3748 4110 3816 minus
4152 3772 4296 3839 per-

2741 3854 2957 3923 fectus
3021 3876 3230 3945 quam
3287 3854 3467 3924 filius
3543 3854 3870 3939 hominis,
3952 3855 4292 3925 videbitur

1532 3960 2033 4031 Att‘rffiULt’S
2093 3961 2177 4030 V.
2739 3962 2883 4050 ipse
2952 3959 3201 4029 habere
3259 3961 3572 4030 eanndem
3639 3963 4016 4053 potentium
4075 3986 4289 4055 gene-

2740 4065 2933 4133 randi
2972 4088 3180 4155 quam
3211 4063 3419 4134 habet
3455 4068 3658 4133 etiam
3692 4066 3918 4135 Pater.

1075 4181 1184 4246 An
1217 4176 1448 4245 Filius
1470 4176 1688 4266 possit
1725 4196 1809 4241 ex
1835 4196 1907 4240 se
1930 4174 2211 4264 qiqnere
2235 4173 2460 4241 (elium
2499 4175 2627 4242 Fi·
2827 4175 2892 4238 2.
2941 4171 3137 4253 ltem,
3175 4174 3602 4263 Augustinus
3647 4173 3809 4242 dicit
3867 4176 3936 4242 in
3994 4178 4281 4255 Littera,

1171 4286 1347 4353 tium
1378 4295 1686 4376 nepotem
1721 4285 1978 4363 Patri-5,
2011 4292 2074 4350 et
2103 4305 2192 4350 an
2223 4285 2431 4351 I’ater
2451 4282 2625 4375 plu·
2738 4301 2875 4347 non
2908 4277 3091 4369 quod
3131 4300 3269 4347 non
3305 4279 3551 4369 potuit,
3583 4280 3699 4348 sed
3760 4304 3899 4348 non
3929 4284 4232 4372 oportuit
4262 4299 4281 4352 :

1167 4417 1274 4463 res
1303 4392 1527 4462 Filios
1552 4392 1593 4459 Σ)
2734 4410 2898 4479 ergo
2921 4410 3059 4456 non
3083 4387 3380 4467 videtur,
3405 4389 3587 4481 quod
3629 4413 3766 4458 non
3789 4391 3876 4457 sit
3907 4414 3991 4459 ex
4021 4392 4285 4461 delectu

2731 4495 3003 4562 virtutis
3060 4497 3476 4587 generativae
3535 4496 3718 4588 quod
3767 4521 3909 4567 non
3965 4499 4285 4590 produxit

2737 4601 3013 4672 Filium.

1167 4731 1202 4770 «ι
1237 4704 1385 4774 Sed
1410 4704 1827 4772 veliementer
1861 4730 1984 4771 uos
2013 4714 2254 4784 movet,
2287 4716 2413 4773 etc.
2453 4735 2485 4768 »
2825 4713 2888 4776 3.
2938 4710 3297 4788 l‘raeterea.
3347 4711 3631 4803 Propter
3695 4710 3828 4782 hoc
3885 4713 4129 4782 dicitur
4171 4714 4286 4782 Fi-

1166 4815 1457 4883 Rntione
1563 4814 1766 4905 hujus
1875 4817 2150 4906 capituli
2270 4817 2617 4906 quaeritur,
2733 4818 2866 4886 lius
2897 4820 3127 4904 imago
3160 4819 3383 4888 Putris
3417 4844 3432 4887 ε
3479 4822 3638 4913 quia
3670 4823 3737 4889 in
3768 4821 4087 4890 omnibus
4128 4847 4285 4892 cum

1080 4925 1326 4994 Utrum
1361 4925 1570 4993 Filius
1602 4928 1807 5017 possit
1839 4947 1923 4993 ex
1962 4947 2034 4993 se
2098 4926 2375 5017 gignere
2412 4924 2623 4993 alium
2734 4952 2815 4995 eo
2843 4931 3163 4997 convenit
3210 4953 3224 4997 :
3270 4954 3434 5021 ergo
3488 4940 3554 4998 et
3612 4932 3680 4999 in
3731 4933 4039 5022 potentia
4086 4957 4288 5024 gene-

1080 5033 1325 5101 Filium
1358 5036 1474 5125 qui
1514 5037 1600 5104 sit
1629 5057 1840 5126 nepos
1873 5035 2144 5102 Patris?
2734 5035 2976 5117 rativa,
3010 5044 3077 5103 et
3108 5036 3200 5102 ita
3229 5036 3523 5118 videtur,
3558 5036 3745 5127 quod
3774 5040 3989 5128 possit
4026 5040 4284 5130 produ-

1169 5144 1230 5213 1.
1253 5142 1546 5212 Videtur
1573 5152 1797 5213 autem
1829 5144 2128 5237 quodsic
2152 5145 2258 5211 :in
2281 5143 2622 5210 inferiori·
2731 5163 2884 5209 cere
2925 5141 3137 5210 alium
3173 5141 3445 5212 Filium.

1067 5248 1197 5316 bus
1226 5249 1415 5317 enim
1446 5246 1786 5327 videmus,
1821 5247 2002 5341 quod
2053 5247 2288 5317 eadem
2328 5250 2431 5316 vis
2490 5247 2621 5316 foe-

1067 5356 1439 5426 cunditatis
1477 5360 1677 5426 estin
1716 5357 1858 5426 filio
1890 5381 2040 5450 quae
2079 5365 2179 5427 est
2227 5358 2293 5424 in
2360 5365 2551 5447 patre
2594 5378 2610 5423 :
2824 5354 3218 5432 Pria-:renem
3282 5351 3624 5431 Quoeritur
3672 5354 3872 5442 juxta
3920 5354 4050 5426 hoc
4100 5357 4278 5428 ulte-

1145 5591 1163 5627 ¹
1198 5589 1256 5649 S.
1286 5590 1664 5658 Accusamus,
1699 5588 1820 5646 Lib.
1852 5589 1926 5646 111
1957 5595 2162 5647 contra
2209 5588 2611 5664 Maximinum,
2722 5609 2852 5665 cap.
2888 5592 2973 5645 ¹2.

4367 5407 4556 5461 Quoeste
