4897 6388
596 400 725 481 314

1388 495 1394 499 ,
1470 489 1531 516 .,,
1591 409 1929 498 1).»ΑιΒ.
1965 399 2198 481 me.
2248 388 2808 512 enm-:ruffin

595 581 792 657 sient
831 569 1218 686 sapientia
1242 559 1594 692 et'Pater
1618 582 1917 670 dieitur,
1957 589 2032 659 et
2061 583 2326 693 Filius,
2371 591 2446 659 e‘t
2483 557 2815 684 Spiritus
2855 595 3190 672 sanetus,
3233 595 3309 661 et
3347 585 3578 660 simul
3627 600 3799 658 om·-

595 743 734 795 nes
763 743 922 794 non
970 728 1121 794 tres
1162 716 1296 794 sed
1339 743 1500 794 una
1527 716 1907 819 sapientia
1948 745 1963 795 :
2003 701 2156 795 non
2185 720 2288 795 ita
2319 731 2395 796 et
2422 713 2754 797 charitas
2795 721 3092 797 dicatur
3124 724 3377 817 Pater,
3423 731 3496 797 et
3526 716 3791 816 Filius,

598 866 674 931 et
702 849 1037 955 Spiritus
1068 864 1414 950 sanetus,
1442 864 1519 929 et
1541 855 1772 929 simul
1802 879 2069 931 omnes
2099 879 2253 930 una
2278 857 2636 944 charitas.
2673 850 2846 944 Non
2880 858 3051 931 ideo
3094 868 3348 932 tamen
3384 858 3795 955 quisquam

596 1011 740 1066 nos
779 990 1423 1104 inconvenienter
1461 989 1798 1064 {estimet
1837 991 2283 1066 charitatem
2325 961 2712 1090 appellare
2754 992 3120 1090 Spiritum
3190 1000 3570 1082 sanctum,
3615 991 3799 1089 quia

596 1132 672 1201 et
706 1117 919 1202 Deus
961 1114 1191 1199 Pater
1230 1124 1307 1199 et
1334 1121 1549 1200 Deus
1589 1122 1830 1200 Filius
1869 1128 2116 1224 potest
2145 1126 2483 1201 charitas·
2518 1127 2949 1225 nuncupari
2988 1151 3003 1201 :
3052 1127 3252 1202 sicut
3290 1128 3596 1226 proprie
3636 1147 3801 1202 ver-

596 1251 780 1336 bum'
814 1247 955 1337 Dei
994 1240 1228 1337 etiam
1272 1235 1657 1361 sapientia
1681 1250 1823 1336 Dei
1864 1251 2167 1356 dicitur,
2203 1286 2377 1336 cum
2410 1260 2486 1337 et
2546 1255 2776 1339 Pater
2832 1273 2906 1338 et
2981 1255 3314 1360 Spiritus
3353 1268 3664 1338 sanctus
3704 1257 3802 1338 sit

597 1396 999 1495 sapientia.
1119 1467 1122 1468 f
1169 1439 1174 1448 ·

933 2113 938 2118 ·
1034 2068 1545 2150 ARTICULUS
1594 2080 1716 2149 111.

674 2295 784 2362 An
818 2289 1098 2360 verbum
1129 2287 1415 2400 proprie
1448 2294 1804 2360 conveniat
1829 2290 2017 2360 Filio
2042 2289 2084 2358 7

690 2610 952 2686 Deinde
991 2618 1321 2709 quaeritur
1365 2607 1449 2685 de
1505 2615 1639 2684 hoe
1704 2616 1886 2707 quod
1934 2615 2144 2685 dieitx

604 2747 640 2795 ι
679 2727 877 2797 Sicut
905 2727 1189 2818 proprie
1225 2723 1508 2822 verbum
1559 2726 1693 2794 Dei
1761 2726 1969 2792 etiam
2027 2743 2151 2793 ea·-

591 2835 880 2928 pientic't,
925 2842 1054 2903 ete.

687 2935 789 3010 Ex
823 2939 959 3011 hoc
994 2941 1178 3011 enim
1214 2941 1570 3033 accipitur,
1622 2940 1807 3032 quod
1859 2940 2145 3008 verbum

596 3051 869 3144 proprie
907 3049 1230 3119 convenit
1258 3040 1458 3116 Filio.

688 3158 822 3229 San
849 3175 1101 3229 eon-riu
1133 3175 1151 3227 t
1445 3206 1455 3214 -

693 3272 752 3339 1.
788 3254 1185 3338 Pater-'dion
1213 3283 1313 3349 se,
1347 3265 1562 3334 Filius
1584 3266 1752 3335 dicit
1771 3286 1868 3349 se,
1900 3274 1969 3335 et
1996 3265 2147 3359 Spi-

598 3380 766 3446 ritus
796 3384 1070 3445 sanctus
1098 3374 1261 3444 dicit
1288 3397 1363 3442 se
1400 3395 1415 3443 ε
1470 3382 1590 3442 eut
1663 3395 1825 3465 ergo
1889 3372 2144 3442 dictum

595 3487 681 3555 ab
720 3487 817 3554 eis
846 3493 948 3555 est
985 3483 1300 3563 verbum,
1343 3491 1660 3552 autnon.
1699 3482 1771 3551 Si
1828 3491 1930 3552 est
1985 3506 2147 3552 ver-

596 3596 786 3674 bum,
828 3601 895 3663 et
920 3592 1212 3662 verbum
1245 3590 1557 3683 procedit
1592 3614 1633 3659 a
1661 3589 1924 3660 dicente
1968 3614 1986 3661 ι
2039 3613 2143 3659 er·

596 3724 683 3793 go
714 3700 926 3769 Filius
965 3699 1270 3791 procedit
1296 3721 1435 3767 non
1476 3706 1744 3767 tantum
1810 3721 1852 3767 a
1915 3698 2140 3778 Patre,

596 3809 713 3879 sed
753 3811 957 3877 etiam
998 3832 1038 3876 a
1071 3830 1171 3888 se,
1214 3815 1283 3876 ct
1338 3829 1379 3875 a
1428 3805 1689 3898 Spiritu
1746 3815 2003 3875 sancto.
2069 3805 2146 3875 Si

594 3926 822 3987 autem
853 3940 994 3986 non
1023 3926 1128 3986 est
1153 3916 1469 3985 verbum.
1506 3916 1772 3986 CoxrnA
1807 3939 1822 3986 :
1857 3916 2145 3996 Quando

464 4056 473 4064 ·
595 4050 636 4096 a
663 4026 930 4095 dicente
960 4048 1099 4095 non
1129 4024 1380 4094 dicitur
1408 4024 1725 4105 verbum,
1769 4023 1936 4094 nihil
1975 4024 2148 4094 dici-

597 4141 708 4201 tur
746 4153 762 4202 t
808 4147 970 4224 ergo
1012 4124 1224 4200 Filius
1264 4122 1555 4201 dicendo
1592 4147 1664 4201 se
1708 4138 1775 4200 et
1848 4126 2146 4223 Spiritus

594 4254 868 4314 sanctus
906 4241 1193 4312 dicendo
1229 4264 1330 4327 se,
1388 4239 1560 4309 nihil
1628 4240 1883 4321 dicunt,
1961 4239 2142 4332 quod

595 4351 962 4422 absurdum
1005 4358 1130 4419 est.

683 4463 747 4529 2.
796 4458 1157 4536 l’roeterea,
1194 4455 1389 4553 Sicut
1432 4455 1596 4526 dicit
1653 4456 2016 4525 Anselinus
2076 4460 2144 4525 in

594 4568 1048 4659 Monoloqt’o:
1107 4564 1413 4646 Quilibet
1469 4567 1674 4635 trium
1732 4566 1889 4635 dicit
1945 4591 2017 4636 sc
2074 4568 2144 4635 in

593 4677 804 4746 alium
859 4675 971 4744 vel
1038 4675 1106 4742 in
1145 4673 1318 4743 alios
1384 4674 1609 4744 duos:
1679 4697 1841 4767 ergo
1878 4675 2148 4744 videtur

596 4785 779 4878 quod
808 4806 951 4852 non
991 4791 1257 4851 tantum
1288 4782 1504 4851 Filius
1531 4783 1797 4852 dicatur
1831 4784 2139 4854 verbum.

685 4892 748 4961 3.
824 4887 1188 4970 Praeterea,
1253 4882 1425 4960 Dicit
1474 4913 1715 4960 omnes
1778 4900 2142 4977 creaturaS,

595 4996 768 5069 sicut
824 4991 1069 5067 dicitur
1135 4995 1205 5067 in
1272 4989 1609 5090 principio
1652 4998 1895 5069 GeneS.
1939 5023 1985 5083 1,
2046 5003 2136 5071 3:

593 5107 797 5178 Dixit
858 5100 1046 5176 Deus
1102 5131 1124 5175 .·
1164 5108 1330 5177 Fiat
1371 5107 1524 5187 luz,
1593 5117 1751 5186 etc„
1828 5117 1892 5177 et
1960 5110 2137 5178 Psal.

594 5240 809 5299 xxxu,
836 5219 903 5297 9,
948 5226 1015 5286 et
1052 5235 1323 5296 cxnvm,
1368 5219 1409 5286 ὅ
1455 5238 1471 5287 3
1508 5217 1662 5309 lpse
1687 5217 1893 5300 dixit,
1934 5229 2001 5286 el
2022 5221 2142 5308 sa-

596 5334 705 5393 cta
731 5333 894 5393 sunt
926 5347 948 5391 .·
977 5325 1121 5416 ipse
1151 5324 1539 5403 mandavit,
1591 5335 1655 5392 et
1692 5335 1917 5393 creata
1952 5337 2136 5394 sunt.

597 5431 746 5499 Hoc
776 5440 1006 5499 autem
1046 5430 1268 5500 dicere
1298 5440 1401 5500 est
1429 5454 1658 5500 creare
1691 5452 1708 5500 ε
1760 5454 1915 5499 cum
1980 5456 2142 5524 ergo

601 5538 919 5608 omnibus
957 5538 1310 5631 aequaliter
1346 5541 1711 5608 conveniat
1737 5539 1863 5609 hoc
1896 5541 2138 5620 dicere,

601 5644 918 5714 omnibus
949 5646 1313 5714 conveniet
1339 5645 1629 5714 verbum
1661 5644 1744 5714 ab
1785 5647 1947 5737 ipsis
1985 5669 2146 5738 pro-

603 5752 863 5822 cedere.
990 5834 1005 5848 ι

2354 1745 2486 1831 Seu
2514 1779 2765 1832 commi
2811 1782 2827 1832 ε

2355 1875 2415 1940 1.
2452 1873 2878 1964 Augustinus
2920 1893 2936 1938 ε
2980 1874 3056 1939 ln
3088 1892 3169 1941 eo
3200 1880 3303 1941 est
3330 1871 3635 1940 Verbum
3667 1892 3803 1964 quo

2161 1959 2170 1972 ²
2262 1979 2525 2048 Filius:
2566 1961 2704 2049 sed·
2751 1980 2960 2048 Fssius
3007 1989 3109 2048 est
3170 1981 3607 2071 generatione
3671 1991 3815 2071 qua

2261 2083 2702 2178 distinguitur
2728 2100 2770 2155 a
2794 2085 3022 2171 Putre,
3055 2094 3121 2155 ct
3150 2110 3189 2154 a
3222 2083 3483 2177 Spiritu
3513 2094 3746 2154 sancto
3782 2107 3799 2156 ε

2261 2207 2423 2286 ergo
2463 2196 2751 2264 verbnm
2780 2202 2882 2264 est
2912 2194 3144 2264 eadem
3192 2195 3628 2285 generatione
3666 2193 3816 2263 dis·

2261 2304 2639 2394 tinguentffl»

2351 2412 2415 2478 2.
2460 2409 2659 2491 Item,
2694 2409 3060 2479 Anselmus
3093 2430 3109 2478 ς
3145 2395 3398 2480 Mirun'i
3436 2411 3707 2504 quidem
3736 2421 3804 2481 et

3834 1825 3925 1873 Sed
3949 1831 4132 1872 contra.

2258 2514 2599 2589 ineffabile
2650 2519 2877 2601 video,
2954 2521 3211 2590 scilicet
3274 2529 3410 2591 tres
3476 2521 3797 2603 dicentes,
3923 2537 3934 2548 ·
4043 2509 4056 2521 ⁹

2259 2619 2554 2717 quorum
2584 2625 2867 2718 quilibet
2898 2627 3057 2696 dicit
3085 2651 3157 2696 se
3195 2636 3262 2695 et
3330 2628 3501 2697 alios
3566 2628 3732 2696 duos
3776 2648 3793 2696 ε

2256 2739 2581 2804 ettamen
2621 2748 2836 2803 unum
2874 2735 3095 2804 solum
3126 2735 3439 2815 verbum,
3474 2744 3541 2804 et
3597 2736 3798 2804 unius

2126 2875 2130 2880 ·
2255 2847 2521 2912 tantum
2551 2856 2700 2913 esse
2742 2844 3051 2924 verbum,
3087 2845 3246 2936 quin
3286 2844 3508 2913 Patris
3540 2867 3558 2915 ε
3635 2863 3796 2936 ergo

2257 2953 2549 3035 videtur,
2594 2954 2778 3046 quod
2834 2961 3096 3022 tantum
3164 2955 3601 3024 notionaliter
3650 2972 3802 3023 ver·

2252 3060 2418 3128 bum
2457 3069 2790 3129 sumatur.

2345 3271 2655 3341 Somno.
2697 3271 3096 3352 Dicendum,
3131 3274 3434 3355 Quoestio
3464 3275 3548 3344 de
3589 3275 3793 3345 Verbo

2254 3379 2461 3471 longe
2498 3386 2601 3448 est
2620 3388 2685 3449 et
2713 3378 3006 3448 difficilis
3047 3401 3063 3449 ε
3098 3390 3163 3450 et
3220 3382 3392 3450 infra
3455 3403 3581 3452 suo
3641 3383 3792 3452 loco

2255 3485 2652 3556 tractabitur
2684 3502 2700 3554 ε
2735 3486 2850 3555 sed
2880 3485 2992 3556 hie
3029 3488 3235 3556 modo
3264 3489 3582 3570 sufficiet,
3612 3488 3796 3583 quod

2254 3616 2409 3662 meo
2460 3592 2717 3684 judicio
2779 3593 3055 3663 verbum
3114 3595 3359 3665 dicitur
3412 3597 3790 3688 dupliciter,

2255 3700 2510 3769 scilicet
2538 3699 3006 3781 essentialiter,
3040 3711 3107 3770 ct
3171 3703 3663 3793 personaliter:
3731 3713 3798 3773 et

2251 3809 2536 3878 verbum
2587 3807 3038 3877 essentialiter
3073 3809 3328 3879 dictum
3369 3814 3796 3902 appropriate

2251 3920 2572 3990 convenit
2647 3917 2846 4001 Filio,
2908 3918 3359 4008 personaliter
3425 3944 3584 3988 vero
3660 3943 3795 3987 uon

2254 4026 2379 4093 nisi
2422 4025 2696 4117 proprie
2734 4027 3052 4093 convenit
3081 4027 3168 4093 ei.
3207 4024 3396 4094 Sicut
3436 4028 3617 4095 enim
3661 4027 3795 4094 duo

2255 4126 2534 4201 nomina
2558 4124 2890 4199 habemus
2919 4150 3001 4199 ex
3042 4137 3228 4221 parte
3287 4129 3579 4223 Spiritus
3634 4156 3798 4200 san-

2253 4240 2369 4318 cti,
2410 4261 2704 4329 quorum
2746 4260 2958 4305 unum
2989 4240 3304 4306 convenit
3336 4242 3631 4330 proprie,
3673 4243 3797 4307 sic-

2254 4353 2325 4411 ut
2367 4344 2662 4435 Spiritus
2691 4353 2961 4412 sanctus
2995 4366 3009 4412 :
3055 4343 3343 4413 alterum
3391 4356 3615 4416 autem
3658 4371 3793 4416 uuo

2256 4452 2460 4520 modo
2501 4451 2754 4521 dictum
2795 4454 3113 4521 convenit
3180 4457 3473 4544 proprie,
3533 4465 3596 4525 et
3661 4456 3795 4523 alio

2255 4561 2461 4630 modo
2491 4561 2746 4629 dictum
2786 4563 3107 4629 convenit
3160 4564 3613 4655 appropriate,
3673 4568 3798 4634 sci-

2255 4670 2409 4740 licet
2447 4693 2668 4756 emor,
2707 4670 2816 4739 vel
2846 4669 3137 4739 charitas
3175 4696 3191 4739 z
3227 4673 3317 4740 ita
3346 4685 3447 4742 cst
3488 4698 3567 4743 es
3607 4684 3793 4764 purte

2258 4776 2404 4844 Filii
2465 4778 2646 4867 quod
2704 4775 2908 4846 habet
2973 4802 3184 4847 unum
3246 4803 3495 4850 nomen
3548 4805 3792 4851 conve—

2256 4886 2452 4952 niens
2484 4907 2620 4951 non
2653 4883 2781 4952 nisi
2839 4888 3131 4977 proprie,
3202 4884 3455 4957 scilicet
3513 4884 3719 4956 Filius
3772 4913 3788 4957 ε

2251 4993 2433 5062 aliud
2466 5002 2690 5062 autem
2731 5011 2869 5063 uno
2910 4994 3113 5062 modo
3156 4995 3413 5064 dictum
3480 5000 3795 5066 convenit

2250 5103 2546 5194 proprie,
2581 5103 2715 5171 alio
2757 5103 2962 5171 modo
3028 5102 3283 5171 dictum
3336 5110 3788 5198 appropriate,

2251 5220 2317 5278 et
2354 5209 2486 5278 hoc
2524 5219 2624 5278 est
2652 5209 2954 5279 verbum.

2339 5320 2443 5385 An
2475 5341 2538 5384 in
2576 5340 2737 5409 ergo
2769 5317 2952 5408 quod
3008 5318 3229 5407 primo
3292 5318 3629 5410 objicitur,
3685 5328 3791 5394 di-

2249 5425 2540 5495 cendum
2571 5424 2754 5516 quod
2785 5424 3004 5492 dicere
3050 5428 3478 5515 aequivocum
3539 5441 3637 5499 est
3704 5435 3790 5502 ad

2251 5534 2471 5602 dicere
2512 5531 2866 5600 essentiale
2906 5555 3041 5623 quo
3073 5533 3358 5623 quilibet
3386 5535 3545 5606 dicit
3600 5564 3669 5608 se
3726 5552 3794 5608 et

2252 5640 2489 5719 alium,
2530 5640 2710 5709 etad
2748 5639 2968 5709 dicere
3008 5642 3349 5710 notionale
3408 5667 3544 5735 quo
3603 5647 3791 5718 solus

2252 5747 2456 5816 Pater
2491 5747 2775 5817 dicendo
2804 5755 3080 5839 generat
3108 5747 3380 5819 Filium.
3437 5749 3612 5821 Sunt
3664 5774 3792 5823 au-

3872 3327 4071 3373 solano.

3913 5387 3984 5430 Ad
4017 5387 4053 5433 l.
