4897 6388
773 2486 964 2535 Contra.

769 3591 965 3643 ίοῑοϋο.

1828 231 1921 297 ΙΝ
1969 229 1997 294 Ι
2048 221 2760 295 SENTENT.·DIST.
2815 221 2871 299 Ι,
2923 220 3013 300 H,
3065 219 3264 302 ART.
3320 222 3429 287 21.
4085 290 4088 291 ⁷
4164 214 4248 284 49

1033 407 1331 477 eundum
1387 403 1708 491 Tullium)
1764 407 1919 468 sunt
1995 399 2075 466 de
2150 419 2397 489 genere
2453 394 2588 464 ho-

1034 517 1206 583 nesti
1233 538 1248 582 :
1285 534 1448 601 ergo
1480 508 1847 581 virtutibus
1872 516 1979 576 est
2005 505 2391 574 fruendum.

1124 625 1189 690 2.
1226 622 1423 698 Item,
1458 617 1664 685 Omni
1697 640 1775 686 eo
1824 617 2004 708 quod
2038 624 2314 706 propter
2349 636 2421 681 se
2490 618 2592 680 est

1038 726 1494 819 appetendum
1566 726 1667 814 (ut
1734 749 1937 815 supra
1993 724 2248 791 dictum
2315 722 2438 809 est)
2489 726 2592 785 est

1036 831 1425 913 fruendum,
1476 854 1617 900 non
1681 832 2051 913 utendum:
2120 826 2240 895 sed
2304 826 2591 892 virtutes

1040 948 1314 1029 propter
1369 962 1441 1008 sc
1530 949 1685 1008 sunt
1768 935 2190 1027 appetendae,
2259 941 2336 1000 ut
2432 931 2594 998 dicit

1036 1047 1347 1116 Tullius:
1401 1070 1566 1140 ergo
1642 1047 2004 1113 virtutibus
2070 1054 2173 1111 est
2224 1039 2592 1109 fruendum

1038 1178 1180 1224 non
1211 1157 1564 1224 utendum.

1128 1263 1192 1331 3.
1266 1262 1623 1343 Praeterea,
1693 1258 1960 1327 Bonum
2037 1282 2077 1326 a
2154 1252 2592 1344 Philosophis

1040 1369 1365 1437 dividitur
1431 1371 1500 1435 in
1542 1366 1956 1445 delectabile,
1992 1363 2182 1444 utile,
2235 1372 2301 1432 et
2362 1362 2593 1438 hone,-

1039 1485 1266 1544 stum:
1335 1475 1454 1543 sed
1504 1475 1873 1543 dividentia
1935 1472 2283 1564 oppositas
2334 1468 2597 1537 habent

1040 1588 1338 1653 rationes
1377 1584 1449 1652 in
1515 1585 1776 1675 speeie:
1821 1605 1981 1674 ergo
2038 1580 2203 1649 utile
2243 1587 2310 1648 et
2371 1578 2596 1647 hone-

1039 1700 1221 1759 stum
1252 1715 1372 1782 per
1402 1692 1699 1759 rationes
1739 1688 2061 1780 speciales
2101 1694 2587 1778 opponuntur:

1042 1798 1161 1867 sed
1179 1798 1341 1866 utile
1365 1797 1667 1889 estquod
1688 1797 1770 1865 ad
1793 1795 1976 1865 aliud
2005 1794 2389 1864 referimus:
2424 1814 2590 1884 ergo

1046 1904 1410 1974 honestum
1467 1905 1593 1973 erit
1660 1903 1843 1995 quod
1897 1902 2280 1993 appetimus
2317 1906 2598 1991 propter

1045 2032 1158 2080 se:
1194 2010 1326 2079 hoe
1364 2019 1589 2079 autem
1620 2018 1721 2078 est
1770 2007 2172 2078 fruendum:
2231 2028 2394 2097 ergo
2462 2003 2598 2073 ho-

1048 2127 1241 2187 nesto
1272 2126 1372 2187 est
1400 2117 1807 2198 fruendum:
1842 2119 2123 2185 virtutes
2169 2123 2400 2183 autern
2437 2120 2599 2181 sunt

1051 2236 1275 2316 partes
1306 2224 1618 2295 honesti:
1654 2246 1816 2316 ergo
1854 2222 2217 2292 virtutibus
2248 2228 2347 2289 est
2370 2219 2599 2288 fruen-

1054 2332 1243 2400 dum.

1149 2438 1416 2509 comm
1462 2462 1478 2510 :

1153 2551 1212 2617 1.
1273 2549 1406 2618 Res
1487 2548 1737 2640 quibus
1810 2545 2168 2616 fruendum
2244 2551 2369 2625 est,
2440 2550 2602 2611 sunt

1057 2666 1329 2728 aeternae
1385 2667 1453 2728 et
1515 2655 2034 2726 immutabiles:
2096 2654 2381 2721 virtutes
2459 2673 2601 2719 non

1053 2774 1214 2834 sunt
1284 2775 1556 2835 aeternae
1625 2788 1747 2835 nec
1820 2760 2277 2832 immutabiles
2332 2782 2347 2827 ε
2436 2780 2600 2850 ergo

1054 2872 1420 2943 virtutibus
1451 2895 1588 2941 non
1617 2881 1716 2942 est
1747 2868 2130 2939 fruendum.

1144 2982 1439 3061 2.ltem,
1472 2981 1895 3072 Augustinus
1949 2977 2019 3046 in
2076 2975 2250 3044 libro
2317 2974 2401 3044 de
2479 2974 2605 3044 Ci-

1052 3092 1264 3159 vilate
1302 3091 1434 3159 Dei
1459 3089 1644 3168 dicit,
1685 3085 1873 3180 quod
1903 3087 1956 3153 si
1990 3083 2157 3152 illud
2197 3080 2606 3174 persuadent

1054 3197 1255 3268 nobis
1304 3198 1590 3266 virtutes
1666 3205 1745 3264 ut
1816 3203 2090 3287 propter
2142 3213 2214 3260 se
2291 3212 2604 3259 annemus

1056 3307 1232 3392 illas,
1264 3306 1571 3399 superbae
1600 3313 1782 3377 sunt.

1152 3521 1466 3593 Somno.
1560 3520 1962 3599 Dicendum,
2052 3518 2237 3612 quod
2315 3520 2604 3589 virtutes

1058 3641 1342 3725 possunt
1398 3631 1809 3728 considerari
1874 3627 2259 3721 dupliciter,
2317 3628 2598 3708 seilicet,

1054 3739 1426 3810 secundum
1459 3739 1642 3832 quod
1671 3746 1829 3807 sunt
1892 3736 2160 3806 habitus
2216 3736 2605 3806 rectifican-

1056 3856 1157 3916 tes
1212 3849 1283 3916 in
1321 3869 1552 3939 opere,
1583 3854 1649 3914 et
1696 3847 1794 3914 sie
1820 3866 2058 3913 omnes
2108 3852 2386 3936 propter
2412 3843 2602 3913 aliud

1056 3963 1490 4047 appetuntur,
1524 3962 1589 4021 et
1628 3953 1723 4022 sic
1752 3951 1939 4021 nullo
1971 3950 2175 4020 modo
2214 3972 2337 4019 nee
2380 3954 2447 4019 in
2490 3953 2606 4019 via

1056 4066 1281 4135 necin
1314 4065 1526 4156 patria
1558 4062 1915 4131 fruendum
1965 4071 2066 4131 est
2120 4064 2237 4130 cis,
2305 4059 2605 4130 Possunt

1056 4174 1261 4242 etiam
1319 4171 1728 4241 considerari
1798 4178 1994 4262 prout
2039 4177 2197 4237 sunt
2246 4167 2604 4260 dispositio

932 4347 942 4356 ,
1057 4277 1330 4372 perfecti
1361 4278 1447 4346 ad
1476 4279 1856 4370 optimum:
1905 4278 2062 4368 quia
2110 4277 2207 4344 sic
2272 4276 2608 4344 essentia-

1055 4387 1209 4456 liter
1245 4387 1352 4457 vel
1382 4383 1915 4455 substantialiter
1953 4393 2227 4452 manent
2258 4384 2326 4452 in
2384 4383 2607 4454 beati-

1055 4494 1317 4576 tudine,
1359 4495 1469 4564 vcl
1507 4495 1577 4562 in
1622 4493 1752 4562 sibi
1809 4492 2349 4573 succedentibus,
2379 4490 2489 4559 vel
2532 4491 2602 4559 in

1055 4605 1335 4696 seipsis:
1371 4612 1436 4671 et
1500 4604 1597 4671 sic
1642 4602 2065 4692 conjungunt
2119 4622 2246 4668 nos
2303 4599 2605 4669 beatitu-

1055 4709 1195 4779 dini
1271 4712 1637 4778 increatas:
1707 4716 1772 4776 et
1845 4709 1940 4775 sie
2013 4706 2243 4776 dicunt
2293 4706 2601 4798 quidam,

1057 4817 1239 4910 quod
1287 4841 1408 4910 per
1471 4821 1653 4910 ipsas
1721 4826 1795 4884 ut
1827 4815 2168 4906 proximas
2206 4814 2608 4906 dispositio-

1057 4949 1178 4997 nes
1232 4927 1561 4995 fruimur:
1625 4936 2032 4993 nontamen
2093 4924 2384 4990 fruimur
2412 4922 2600 5014 ipsis.

1061 5034 1195 5104 Sed
1235 5034 1429 5103 aliter
1484 5032 1845 5102 dicendum
1910 5041 2008 5100 est
2073 5029 2604 5121 aliquantulum,

1060 5135 1244 5235 quod
1282 5126 1647 5211 sicut'dicit
1678 5141 2144 5231 Augustinus:
2180 5137 2353 5207 Cum
2393 5137 2609 5230 diligo

1059 5253 1477 5344 proximum,
1518 5247 1628 5316 vel
1664 5247 1904 5322 Deum.
1938 5249 2144 5338 diligo
2171 5249 2391 5338 ipsum
2419 5269 2612 5314 amo-

1060 5383 1227 5440 rem,
1283 5382 1425 5428 non
1499 5357 1632 5426 alia
1695 5354 2077 5436 dilectione,
2135 5355 2254 5424 sed
2336 5354 2602 5434 eadem,

1060 5478 1370 5560 utsupra
1401 5466 1653 5535 dictum
1686 5472 1808 5533 est.
1845 5461 1944 5532 lta
1986 5461 2128 5533 haec
2164 5462 2397 5541 fruitio
2468 5485 2604 5532 una

1059 5589 1159 5650 est
1191 5590 1253 5649 et
1287 5579 1408 5647 Dei
1440 5587 1503 5646 et
1527 5580 1899 5646 virtutum:
1946 5576 2103 5668 quia
2149 5574 2332 5643 Deus
2379 5583 2483 5642 est
2539 5575 2610 5641 in

1328 5745 1441 5788 XXV

2695 392 3108 463 virtutibus:
3145 400 3211 459 et
3250 389 3382 459 hoc
3430 388 3634 458 modo
3700 390 3983 458 virtutes
4040 389 4251 457 attin-

2696 510 2869 594 gunt
2897 503 3119 569 Deum
3152 523 3165 567 :
3201 498 3320 567 sed
3366 498 3592 565 fruitio
3632 519 3770 565 non
3810 497 3937 564 erit
3993 497 4254 564 ratione

2695 612 3079 701 utriusque,
3151 609 3268 677 sed
3326 609 3455 676 erit
3526 608 3855 674 virtutum
3903 614 4252 673 uteorum

2700 742 2851 811 quae
2886 718 3307 787 contrarium
3336 740 3649 809 saporem
3693 723 4047 785 removent
4075 735 4112 780 a
4142 736 4258 805 pa-

2700 827 2836 895 lato
2870 828 3142 906 animae,
3182 826 3304 892 Dei
3343 835 3571 892 autem
3614 833 3690 892 ut
3738 823 4097 892 reficientis
4154 843 4258 889 sa—

2697 957 2891 1026 pore,
2923 935 3200 1026 proprio
3228 956 3244 1001 :
3283 942 3349 1002 et
3398 936 3491 1000 ita
3521 935 3724 1001 etiarn
3757 939 3977 1022 potest
4005 952 4150 998 esse
4184 931 4254 997 in

2697 1045 2810 1110 via
2850 1042 2919 1109 in
2952 1042 3276 1109 fruitione
3314 1040 3885 1131 praegustationis,
3919 1048 3984 1107 et
4013 1038 4180 1128 spei.
4249 1070 4252 1073 “

2788 1150 2896 1217 An
2949 1170 3208 1217 rausum
3281 1170 3445 1239 ergo
3506 1146 3894 1225 dicendum,
3963 1144 4145 1238 quod
4184 1144 4259 1212 si

2700 1256 2821 1325 flat
2858 1256 3064 1324 visin
3093 1255 3304 1323 verbo
3337 1255 3731 1346 Augustini,
3780 1255 3948 1322 utile
4000 1262 4066 1322 et
4130 1251 4261 1321 ho-

2700 1373 2974 1431 nestum
3007 1362 3329 1431 dicuntur
3368 1372 3673 1430 creatum
3718 1370 3786 1430 et
3837 1363 4252 1429 increatum:

2705 1472 2865 1565 quia
2921 1471 3094 1539 nihil
3154 1471 3439 1539 omnino
3487 1473 3551 1539 vi
3587 1471 3860 1561 propria
3898 1467 4128 1551 trahit,
4197 1475 4265 1537 et

2702 1581 2983 1670 propria
3046 1579 3379 1670 dignitate
3447 1577 3679 1660 allicit,
3740 1578 3867 1645 nisi
3912 1598 4259 1645 summum

2706 1689 2994 1758 bonum.
3028 1688 3291 1756 Tullius
3331 1697 3559 1756 autem
3591 1686 3776 1771 dicit,
3826 1686 4007 1778 quod
4055 1685 4265 1754 hone-

2708 1805 2887 1865 stum
2930 1805 3033 1864 est
3061 1795 3248 1887 quod
3278 1819 3400 1864 sua
3448 1797 3516 1863 vi
3570 1817 3694 1863 nos
3751 1793 3980 1873 trabit,
4015 1802 4079 1862 et
4143 1814 4266 1861 sua

2708 1904 3040 1995 dignitate
3080 1925 3206 1971 nos
3236 1902 3473 1973 allicit.
3657 1890 3660 1891 ⁷

2801 2014 2902 2080 An
2970 2035 3194 2093 amun,
3256 2012 3440 2104 quod
3484 2021 3771 2103 propter
3827 2034 3896 2078 se
3944 2010 4263 2102 quando-

2708 2141 2840 2209 que
2874 2126 3138 2186 tantum
3161 2115 3344 2185 valet
3372 2125 3703 2208 quantum
3744 2139 3864 2208 per
3891 2137 4003 2184 se:
4030 2123 4098 2184 et
4134 2113 4264 2210 hoc

2708 2228 3081 2319 opponitur
3111 2226 3522 2319 quandoque
3572 2225 3658 2294 ad
3725 2247 3844 2316 per
3908 2225 4260 2293 accidens:

2713 2337 2903 2405 etsie
2959 2358 3079 2426 per
3141 2358 3214 2404 se
3289 2336 3505 2403 virtus
3570 2334 3948 2425 appetitur:
3994 2332 4151 2424 quia
4181 2352 4268 2400 ex

2710 2467 2835 2512 sua
2866 2452 3110 2512 natura
3141 2442 3346 2511 habet
3369 2442 3547 2511 unde
3568 2450 3841 2511 moveat
3863 2442 4263 2533 appetitum,

2710 2561 2776 2622 et
2830 2550 3119 2622 delectet
3191 2573 3354 2619 suos
3418 2572 3840 2641 possessores
3894 2550 4155 2619 sincera
4202 2556 4268 2618 et

2710 2669 2943 2729 sancta
3012 2658 3484 2729 delectatione.
3557 2657 3694 2728 Sed
3768 2655 3899 2727 hoe
3963 2679 4102 2725 non
4146 2676 4270 2726 ex·-

2709 2767 2925 2838 eludit
2955 2770 3121 2859 quin
3152 2770 3359 2836 etiam
3400 2776 3676 2858 propter
3746 2765 3930 2834 aliud
3990 2774 4269 2857 expeta-

2712 2887 2866 2946 tur:
2903 2875 3088 2968 quod
3127 2886 3358 2945 tamen
3383 2898 3522 2945 non
3561 2884 3665 2945 cst
3718 2876 3863 2942 sine
3902 2874 4071 2966 ipsa,
4105 2875 4265 2966 quia

2709 2986 3000 3054 virtutes
3038 2985 3266 3077 quoad
3310 2984 3438 3051 sibi
3505 2982 3933 3053 succedentia
3992 2992 4270 3051 inanent

2713 3094 2784 3163 in
2851 3092 3297 3168 beatitudine,
3367 3101 3435 3161 et
3474 3091 3818 3161 beatitudo
3881 3092 3948 3159 in
3985 3091 4151 3160 Deo.
4188 3090 4271 3159 Et

2714 3205 2808 3272 ita
2841 3203 3008 3273 illud
3054 3213 3333 3296 propter
3388 3203 3573 3296 quod
3647 3212 4085 3296 appetuntur,
4129 3223 4269 3272 non

2715 3320 2817 3383 est
2888 3312 3290 3404 simpliciter
3344 3322 3731 3403 separatum
3790 3312 3875 3380 ab
3930 3312 4055 3393 eis,
4096 3311 4273 3380 sicut

2713 3431 2817 3491 est
2849 3419 2938 3490 ab
3002 3422 3154 3489 aliis
3209 3421 3602 3490 virtutibus.
3671 3419 4099 3513 Quandoque
4141 3442 4271 3490 au-

2714 3541 2855 3601 tem
2910 3542 3202 3625 propter
3269 3553 3341 3599 se
3396 3530 3769 3622 opponitur
3841 3531 3904 3599 ei
3945 3528 4130 3621 quod
4169 3536 4272 3599 est

2715 3649 2995 3732 propter
3040 3638 3268 3708 aliud:
3321 3647 3390 3707 et
3452 3648 3615 3708 tune
3680 3659 3818 3708 non
3873 3648 4148 3730 propter
4201 3659 4274 3707 se

2715 3747 3028 3819 absolute
3059 3757 3497 3841 expetuntur,
3530 3748 3648 3819 sed
3679 3756 3954 3841 propter
3990 3747 4174 3817 aliud
4205 3749 4274 3816 in
4347 3813 4354 3817 .

2716 3882 2855 3951 quo
2886 3867 3138 3928 etcum
3172 3880 3310 3950 quo
3351 3858 3637 3927 virtutes
3712 3867 3990 3927 manent
4055 3880 4280 3928 essen-

2718 3968 2992 4046 tialiter,
3026 3968 3135 4036 vel
3169 3971 3236 4037 in
3269 3968 3398 4036 sibi
3439 3968 3979 4038 succedentibus,

2807 4070 2913 4135 An
2959 4090 3159 4136 Λιιυυ
3216 4067 3609 4144 dicendum,
3671 4068 3852 4160 quod
3916 4066 4080 4137 utile
4136 4090 4275 4136 non

2715 4175 2814 4244 sie
2844 4173 3050 4243 habet
3080 4174 3421 4243 diversam
3473 4176 3809 4244 rationem
3847 4175 3933 4242 ab
3980 4199 4061 4245 eo
4093 4176 4275 4269 quod

2717 4292 2816 4352 est
2884 4281 3282 4364 honestum,
3353 4286 3537 4377 quod
3578 4308 3715 4354 non
3765 4286 3981 4377 possit
4028 4289 4276 4356 salvari

2719 4394 2788 4462 in
2821 4393 3021 4485 ipso:
3064 4392 3182 4461 sed
3214 4395 3338 4473 sic,
3382 4395 3568 4484 quod
3600 4418 3739 4464 non
3779 4397 4000 4487 primo
4047 4404 4279 4466 movet

2720 4503 3101 4594 appetitum
3145 4502 3438 4594 inipso:
3471 4504 3643 4573 sicut
3682 4503 3844 4573 dicit
3910 4504 4176 4576 Tullius
4207 4505 4277 4572 in

2720 4610 2896 4679 libro
2961 4609 3046 4679 de
3101 4612 3460 4690 Amicitia,
3528 4612 3713 4703 quod
3769 4612 3922 4682 licet
3982 4615 4278 4682 amicitia

2720 4741 2841 4810 per
2869 4740 2942 4786 se
2982 4728 3363 4809 expetatur,
3426 4728 3655 4788 tamen
3696 4719 4021 4811 plurimas
4076 4721 4280 4791 habet

2721 4827 3050 4895 utilitates
3079 4829 3455 4919 adjunctas.
3503 4827 3640 4897 Nee
3687 4831 3930 4898 divisio
3988 4829 4148 4899 boni
4184 4832 4280 4899 ‚in

2721 4934 3148 5011 delectabile.
3183 4936 3373 5012 utile,
3408 4946 3473 5006 et
3516 4935 3903 5020 honestum,
3954 4947 4056 5006 est
4104 4938 4286 5006 divi-

2721 5047 2825 5114 sio
2886 5047 3156 5138 generis
3216 5048 3283 5114 in
3341 5047 3625 5138 species,
3687 5046 3806 5115 sed
3871 5049 4097 5139 potius
4126 5047 4283 5117 duta

2724 5166 2827 5225 est
2893 5179 3014 5249 per
3080 5158 3269 5249 prius
3310 5167 3377 5226 et
3436 5163 3772 5248 posterius
3811 5160 4279 5250 participantia

2724 5263 2951 5354 ipsum
3012 5264 3564 5334 divisumtsicut
3629 5288 3749 5333 ens
3805 5265 4127 5334 dividitur
4165 5290 4284 5359 per

2726 5372 3108 5461 potentiam
3140 5380 3205 5440 et
3246 5381 3519 5441 actum:
3565 5382 3631 5442 et
3687 5381 3915 5441 tamen
3981 5376 4284 5466 potentia

2727 5489 2830 5549 est
2866 5503 2990 5572 per
3017 5489 3246 5550 actum
3279 5490 3345 5550 et
3385 5490 3574 5550 actus
3621 5483 3690 5550 in
3750 5484 4072 5576 potentia.
4109 5484 4286 5555 Sunt

2729 5600 2963 5660 tamen
3031 5591 3148 5682 qui
3208 5591 3468 5673 dicunt,
3512 5592 3696 5685 quod
3720 5605 4008 5685 propter
4044 5595 4288 5665 dieitur

3975 5731 4010 5785 4

4374 1101 4455 1148 Ad
4486 1101 4524 1149 t.

4390 1989 4460 2034 Ad
4488 1987 4531 2034 2.

4374 4036 4448 4083 Ad
4476 4034 4528 4084 8.
