4897 6388
1807 320 1899 386 IN
1939 320 1965 385 Ι
2008 318 2430 387 SENTENT.
2482 313 2713 384 Dls'r.
2766 315 2959 395 XIX,
3002 317 3080 392 E.
3116 317 3313 386 ΛΒΤ.
3349 318 3415 385 8.
4092 319 4221 417 523

997 496 1097 570 de
1148 492 1545 576 Trinilale,
1586 512 1737 562 non
1781 509 1916 585 per
1972 486 2358 582 duplic-em
2424 483 3060 557 convenientium
3119 508 3498 579 generum
3558 485 4214 581 conjunctionem,

1003 654 1146 705 nee
1181 653 1318 728 per
1351 626 1653 699 insitam
1697 620 2116 719 capacioris
2148 618 2601 693 substantiae,
2637 629 2992 691 naturam
3032 645 3046 690 ε
3095 619 3224 693 sed
3271 643 3410 717 per
3450 628 3749 693 naturae
3787 619 4075 692 unitam
4110 620 4218 693 si-

1004 763 1545 851 militudinem,
1596 782 1728 856 per
1791 755 2259 830 nativitatem
2321 753 2657 829 viventis
2708 778 2797 828 ex
2860 755 3170 829 vivente
3236 763 3570 829 natura:
3642 755 3824 828 dum
3898 779 4018 830 res
4059 779 4209 830 non

1000 899 1278 992 differt,
1317 898 1494 971 dum
1535 905 1885 968 naturam
1922 893 2057 966 Dei
2095 916 2246 965 non
2301 891 2718 987 degenerat
2773 892 3161 984 nativitaS,
3208 892 3390 966 dum
3443 916 3598 966 non
3670 892 3877 967 aliud
3921 892 4212 991 aliquid

998 1060 1091 1110 ex
1132 1036 1295 1109 Deo
1328 1055 1553 1130 quam
1592 1031 1801 1104 Deus
1832 1027 2174 1102 nascitur
2217 1027 2446 1100 :dum
2498 1026 2687 1099 nihil
2735 1026 2810 1097 in
2858 1022 2976 1099 his
3032 1050 3322 1099 novum
3378 1036 3519 1120 est,
3591 1026 3783 1100 nihil
3839 1026 4208 1119 alienum,

998 1170 1190 1242 nihil
1235 1166 1686 1265 separabile.
1728 1165 1919 1238 Eece
1955 1163 2074 1236 his
2117 1161 2397 1254 verhiS,
2445 1171 2673 1258 prout
2716 1163 3060 1235 humana
3091 1161 3464 1258 permittit
3502 1161 3938 1255 infirmitas,
3976 1162 4218 1259 aperi-

997 1317 1117 1379 tur
1157 1329 1249 1380 ex
1291 1327 1444 1401 quo
1487 1325 1713 1375 sensu
1761 1299 2110 1373 Christus
2142 1297 2418 1370 dixerit
2450 1320 2531 1370 se
2573 1320 2742 1371 esse
2787 1295 2860 1368 in
2910 1297 3163 1390 Patre,
3202 1306 3274 1371 et
3307 1297 3612 1371 Patrem
3648 1297 3725 1370 in
3760 1322 3867 1372 se.
3931 1299 4039 1371 Ex
4080 1320 4215 1372 eo-

992 1441 1166 1514 dem
1210 1439 1439 1513 etiam
1484 1460 1714 1511 sensu
1761 1434 2218 1530 intelligitur
2270 1432 2607 1530 Spirltus
2646 1440 2964 1505 sanetus
3005 1455 3174 1507 esse
3218 1432 3296 1505 in
3355 1442 3711 1531 utroque,
3772 1442 3845 1506 et
3904 1433 4217 1529 singula

995 1596 1497 1673 personarum
1547 1572 1616 1644 in
1655 1570 1982 1666 singulis
2015 1593 2030 1643 :
2069 1568 2250 1665 quia
2290 1566 2584 1640 scilieet
2618 1566 2688 1638 in
2734 1567 3068 1664 singulis
3113 1576 3227 1642 est
3267 1568 3539 1642 eadem
3582 1567 3982 1666 plenitudo
4011 1567 4214 1641 divi-

991 1709 1278 1795 nitatis,
1316 1717 1390 1782 et
1433 1707 1643 1780 uuita
1676 1703 2096 1778 similitudo
2133 1713 2426 1776 natm-ze
2476 1722 2490 1776 t
2538 1702 2912 1799 quianon
2996 1711 3113 1777 est
3179 1703 3423 1800 major
3463 1703 3728 1778 divina
3787 1713 4064 1778 natura
4127 1704 4203 1777 in

987 1844 1258 1942 aliqua
1299 1844 1572 1916 harum
1621 1863 2160 1938 personarum,
2206 1838 2335 1912 sed
2374 1837 2607 1913 unius
2639 1847 2711 1911 et
2755 1836 3261 1913 indifferentis
3307 1846 3608 1914 natura!
3651 1848 3834 1914 sunt
3873 1842 3997 1914 hae
4059 1845 4210 1915 tres

992 2000 1374 2076 perseum.
1410 1977 1747 2072 Ideoque
1779 1973 2016 2048 altera
2046 1972 2120 2046 iu
2151 1972 2392 2046 altera
2421 1994 2592 2046 esse
2634 1971 2939 2062 dieitur,
2979 1981 3064 2046 ut
3091 1972 3549 2070 proedietum
3584 1982 3723 2049 est.
3763 1973 3984 2050 Unde
4040 1975 4213 2051 Am·

987 2111 1299 2185 hrosius
1344 2109 1884 2208 przedietorum
1915 2106 2327 2182 verborum
2368 2105 2829 2180 sententiam
2867 2106 3095 2180 nohis
3133 2108 3494 2205 aperiens
3535 2131 3773 2207 super
3803 2108 4206 2208 epistolam

989 2245 1365 2346 Apostoli,
1413 2245 1477 2318 ll
1510 2244 1599 2318 ad
1637 2241 1979 2316 Corinth.
2016 2267 2090 2329 v,
2130 2241 2247 2335 19,
2315 2240 2421 2314 ait
2457 2264 2473 2315 :
2513 2240 2662 2315 Per
2703 2241 2849 2315 hoe
2883 2241 3341 2339 intelligitur
3373 2243 3602 2318 Pater
3641 2267 3810 2319 esse
3871 2243 3947 2317 in
3987 2242 4205 2338 Filio,

988 2391 1063 2456 et
1097 2378 1337 2455 Filius
1380 2378 1452 2454 in
1500 2379 1750 2471 Patre,
1794 2373 1977 2475 quia
2011 2400 2162 2450 una
2190 2383 2304 2450 est
2335 2397 2603 2450 eorum
2640 2375 3097 2450 substantia.
3147 2377 3258 2451 lbi
3317 2378 3524 2452 enim
3581 2389 3696 2453 est
3752 2379 4035 2473 unitas,
4073 2378 4206 2454 ubi

993 2517 1210 2590 nulla
1241 2514 1667 2589 diversitas.
1718 2514 1914 2587 Ecce
1953 2511 2192 2586 wihus
2234 2510 2653 2586 illustrium
2698 2510 3046 2587 virorum
3086 2512 3573 2604 testimoniis,
3607 2515 3899 2591 scilieet
3938 2519 4208 2611 Augu-

988 2650 1202 2744 stini,
1253 2649 1546 2741 llilarii,
1581 2658 1810 2745 alque
1842 2645 2251 2738 Ambrosii,
2286 2645 2356 2719 in
2396 2646 2598 2721 idem
2641 2648 3287 2723 concurrentibus
3341 2649 3810 2725 revelatione
3874 2651 4208 2751 Spiritus

986 2782 1229 2858 saneti
1264 2783 1336 2857 in
1380 2783 1492 2857 eis
1520 2779 1929 2881 loquentiS‚
1960 2781 2081 2878 pie
2114 2778 2424 2856 eredere
2457 2779 2897 2856 volentibus
2956 2782 3394 2858 ostenditur
3434 2790 3723 2877 (tamen
3786 2787 4006 2885 quasi
4068 2809 4206 2887 per

986 2902 1390 2999 speculum
1421 2910 1486 2974 et
1532 2899 1606 2973 in
1644 2898 2050 2995 {enigmate
2092 2895 2140 2992 ¹)
2180 2896 2513 2996 qualiter
2540 2896 3077 2996 accipiendum
3112 2898 3235 2995 sit,
3280 2922 3456 2976 eum
3528 2900 3810 2978 (licitur
3849 2904 4078 2980 Pater
4119 2904 4193 2979 in

990 3035 1179 3111 Filio
1211 3058 1409 3129 esse,
1441 3036 1557 3109 vel
1596 3035 1836 3109 Filius
1875 3030 1949 3109 in
1998 3032 2249 3126 Patre,
2287 3033 2405 3108 vel
2450 3032 2783 3132 Spiritus
2812 3044 3135 3110 sanctus
3168 3032 3243 3109 in
3284 3046 3640 3135 utroque.

2639 3430 2911 3495 genere.
2957 3406 3138 3484 Alio.
3173 3417 3251 3477 ut
3288 3431 3507 3499 genus
3545 3409 3615 3477 iu
3645 3410 3866 3500 specie
3912 3428 3932 3478 ε
3974 3418 4043 3477 et
4080 3431 4195 3478 om

1372 3509 1868 3578 Att'ncttffls
1923 3512 2106 3583 vm.

991 3729 1020 3792 Ι
1038 3729 1235 3794 ‘trum
1271 3730 1478 3795 Pater
1499 3738 1719 3817 potes!
1747 3728 1886 3795 dici
1923 3752 2059 3794 esse
2097 3732 2166 3796 in
2206 3730 2416 3810 Filio,
2464 3740 2530 3797 el

1347 3856 1485 3899 mm
1521 3858 1813 3923 personet
1855 3836 1922 3901 in
1961 3834 2173 3902 alia?

1072 4151 1327 4218 Deinde
1359 4155 1684 4241 quaeritur
1749 4152 1830 4218 de
1897 4151 2021 4219 hor
2070 4154 2253 4244 quod
2312 4155 2522 4223 dicit:

986 4290 1014 4317 «ι
1067 4262 1160 4326 Iz'!
1190 4260 1349 4325 inde·
1375 4270 1495 4336 est,
1529 4260 1715 4348 qoem!
1753 4263 1959 4327 l’nter
1996 4262 2252 4329 dicitur
2279 4287 2418 4329 esse·
2460 4266 2528 4331 in

986 4368 1195 4443 Filia,
1241 4376 1368 4435 otc.
1412 4396 1442 4431 ι

1078 4476 1362 4543 Videtur
1391 4478 1595 4552 enim.
1641 4479 1822 4568 quod
1860 4481 2231 4550 secundum
2263 4484 2525 4551 nullum

986 4586 1264 4652 modum
1296 4586 1555 4652 dicendi
1599 4588 1663 4653 in
1714 4587 1847 4654 alio
1905 4590 2030 4655 ista
2089 4593 2523 4661 conveniant.

1080 4697 1142 4761 ί.
1215 4695 1389 4762 llicit
1484 4697 1663 4760 euim
1756 4695 2211 4786 Philosophus
2289 4703 2355 4769 in
2435 4699 2526 4767 IV

981 4802 1429 4887 l'laeyse'corum
1517 4827 1537 4869 .·
1633 4804 2115 4893 Accipiuudum
2205 4818 2303 4874 est
2362 4821 2523 4898 quot

976 4909 1198 4976 modis
1273 4909 1528 4999 aliquid
1634 4911 1700 4976 iu
1789 4910 1923 4976 alio
1999 4911 2246 4982 dicitur
2353 4940 2522 4984 esse.

979 5015 1131 5082 Uno
1163 5016 1437 5105 quidem
1482 5018 1685 5106 igitur
1740 5017 1942 5084 auido
1982 5021 2157 5087 sieut
2222 5022 2411 5111 digiti
2460 5026 2526 5092 in

970 5145 1204 5194 manu.
1253 5131 1320 5189 et
1383 5125 1664 5189 omnino
1717 5134 1938 5214 partes
1997 5126 2062 5192 in
2120 5135 2288 5194 toto.
2370 5131 2525 5197 Alio

969 5251 1160 5307 vero,
1195 5230 1368 5295 sic-ut
1413 5238 1626 5296 totum
1694 5230 1756 5296 in
1798 5234 1937 5298 suis
1978 5234 2321 5322 partibus:
2387 5259 2524 5305 non

977 5337 1161 5401 euim
1203 5346 1301 5401 est
1343 5345 1588 5424 praeter
1626 5348 1847 5426 partes
1888 5349 2132 5411 totum.
2185 5343 2365 5426 Alio,
2401 5347 2528 5414 sie-

982 5449 1056 5508 ut
1085 5441 1296 5509 homo
1328 5443 1395 5510 in
1435 5443 1735 5522 animali,
1770 5455 1833 5514 et
1864 5449 2145 5516 omnino
2176 5452 2432 5541 species
2458 5453 2525 5521 iu

1056 5668 1069 5702 ¹
1103 5668 1122 5722 1
1156 5667 1226 5722 ad
1261 5668 1520 5724 Corinth.
1554 5686 1671 5730 xm.
1710 5676 1789 5729 12.

2642 3515 2803 3582 nino
2881 3517 2948 3582 in
3003 3516 3252 3605 speciei
3323 3517 3614 3598 ratione,
3683 3541 3836 3607 pars
3907 3518 4187 3607 speciei.

2643 3624 3003 3703 Fra-terea,
3039 3634 3113 3693 ut
3142 3625 3399 3694 sanitae
3440 3628 3508 3693 in
3546 3625 3808 3708 calidis,
3841 3635 4044 3717 atque
4076 3627 4198 3695 iri·

2638 3734 2840 3823 gidis,
2884 3741 2951 3801 et
2989 3735 3275 3801 omuino
3308 3733 3528 3802 forma
3561 3734 3628 3803 in
3661 3734 3967 3804 instet-ia.
4015 3733 4195 3804 l‘roe-

2641 3853 2849 3922 terea,
2894 3851 2967 3908 ut
3001 3864 3107 3908 res
3154 3840 3548 3910 Grseeorum
3594 3843 3662 3911 in
3713 3865 3895 3932 rege,
3928 3850 3995 3910 et
4033 3865 4193 3911 om-

2639 3951 2803 4018 nino
2835 3951 2905 4017 in
2958 3951 3180 4040 primo
3240 3959 3584 4019 movente.
3641 3949 3945 4042 lumper.
3990 3960 4062 4019 ut
4123 3953 4190 4020 in

2639 4057 2848 4134 hono,
2893 4066 3100 4148 atque
3130 4059 3416 4125 omnino
3451 4060 3517 4126 in
3552 4058 3685 4126 tine
3720 4081 3735 4125 z
3770 4057 3903 4127 hoo
3961 4069 4189 4129 aulem

2640 4175 2740 4232 est
2782 4164 2848 4231 id
2916 4166 3135 4256 gralia
3189 4165 3385 4254 cujus
3450 4177 3694 4235 caelera
3746 4178 3930 4245 sunt,
3990 4177 4192 4259 alque

2641 4277 2837 4340 liunt.
2882 4274 3210 4341 Omnium
3241 4286 3475 4343 autem
3517 4276 3813 4344 maxime
3844 4279 4191 4367 proprium

2640 4392 2736 4447 est
2778 4383 2952 4448 sieut
2993 4383 3058 4447 in
3102 4405 3260 4448 vase
3292 4392 3356 4449 et
3397 4386 3683 4450 omnino
3753 4385 3819 4453 in
3880 4384 4055 4452 loco,
4094 4382 4189 4454 Ex

2641 4488 2767 4556 hoe
2801 4491 3155 4580 accipitur,
3191 4490 3372 4580 quod
3408 4491 3612 4559 modo
3642 4492 3905 4560 essendi
3938 4493 4190 4583 aliquid

2642 4599 2705 4662 iu
2746 4596 2880 4663 alio
2911 4598 3161 4665 dicitur
3200 4598 3304 4666 his
3335 4608 3489 4666 octo
3523 4599 3744 4666 modis
3781 4603 4194 4668 enumeratis

2640 4705 2744 4770 vel
2790 4727 3037 4773 novem
3079 4706 3133 4771 si
3170 4705 3451 4773 ultimus
3496 4708 3564 4775 in
3596 4707 3768 4775 duos
3798 4707 4140 4776 dividatur
4172 4732 4188 4777 2

2639 4812 2798 4901 quia
2844 4823 2943 4880 est
3004 4812 3195 4880 locus
3253 4814 3428 4882 sicut
3474 4835 3620 4894 vas,
3676 4822 3744 4882 et
3806 4816 4011 4883 etiam
4088 4814 4195 4881 lo-

2638 4942 2757 4985 cus
2825 4942 2961 4986 non
3031 4922 3205 4988 sicut
3263 4944 3410 5001 vas,
3470 4922 3587 4991 sed
3647 4923 4021 4991 immobilis
4076 4925 4191 5013 qui

2638 5017 3066 5117 simplicitet-⁰
3101 5039 3202 5096 est
3272 5029 3486 5098 locus.
3561 5030 3841 5100 Constat
3934 5040 4188 5111 autem,

2640 5138 2822 5229 quod
2864 5139 3054 5205 nullo
3088 5138 3364 5206 illorum
3405 5139 3768 5208 modorum
3801 5162 3935 5209 una
3965 5164 4193 5232 perso·

2639 5268 2722 5313 na
2762 5255 2863 5313 est
2908 5249 2974 5312 in
3007 5245 3139 5313 alia
3176 5268 3191 5312 ε
3243 5268 3407 5337 ergo
3452 5248 3741 5329 videtur,
3786 5249 3967 5339 quod
4024 5250 4195 5316 sim-

2638 5353 2903 5442 pliciter
2932 5376 3069 5420 una
3110 5376 3247 5419 non
3288 5356 3371 5420 sit
3407 5354 3476 5421 in
3514 5354 3673 5425 alia.

2725 5462 2791 5527 2.
2828 5459 3028 5543 Item,
3064 5459 3235 5527 Cum
3268 5460 3539 5547 dicitur,
3582 5461 3784 5533 Pater
3818 5472 3920 5532 est
3951 5465 4020 5532 in
4078 5463 4194 5531 Fi-
