4897 6388
330 4210 531 4263 Sotnuo.

344 5066 485 5115 adl.

649 336 774 402 164

646 511 728 577 cle
770 514 940 594 Deo,
985 537 1124 585 non
1166 499 1425 584 ‘debeat'
1477 516 1547 607 ly
1603 507 1824 583 'Deum
1874 509 2186 599 restringi

643 618 729 687 ad
757 623 1073 693 standum
1112 648 1234 717 pro
1287 646 1582 714 persona
1616 645 1630 689 :
1674 619 2187 711 praepositiones

643 731 824 800 enim
862 757 1004 802 non
1077 737 1497 824 restringunt
1554 733 1876 799 terminos
1939 726 2184 820 quibus

643 839 1147 930 adjunguntur:
1195 842 1403 931 igitur
1431 862 1587 907 cum
1619 839 1689 930 ly
1718 842 1901 906 Deus
1930 837 2017 904 sit
2057 844 2186 902 ter·

641 948 867 1015 minus
906 948 1442 1029 substantivaliS,
1477 947 1682 1016 stabit
1716 970 1838 1038 pro
1871 944 2185 1013 substan-

639 1055 773 1122 tia:
809 1053 1188 1124 substantia
1235 1063 1463 1125 autem
1532 1078 1671 1124 non
1728 1062 1829 1122 est
1885 1051 1966 1120 de
2015 1049 2183 1117 sub-

585 1181 590 1186 ’
637 1161 927 1231 stantia:
963 1186 1124 1255 ergo
1155 1165 1409 1233 locutio
1441 1171 1542 1231 est
1581 1162 1866 1241 salsa,ut
1884 1158 2175 1226 videtur.

725 1271 791 1338 2.
827 1269 1185 1351 Praeterea,
1218 1272 1617 1361 Praepositio
1651 1276 1839 1336 notat
1895 1266 2180 1335 distinc-

636 1378 918 1460 tionem,
951 1387 1027 1445 ut
1055 1378 1331 1469 quidam
1362 1377 1620 1462 dicunt,
1662 1384 1727 1444 et
1748 1383 2021 1467 propter
2046 1372 2178 1440 hoc

636 1486 819 1575 cogit
844 1487 1211 1553 terminum
1245 1487 1351 1552 cui
1401 1486 1819 1576 adjungitur,
1864 1482 1948 1550 ad
1986 1490 2176 1550 stan-

632 1592 795 1659 dum
850 1593 973 1682 pro
1029 1614 1360 1683 persona:
1406 1617 1569 1685 ergo
1633 1593 1901 1662 videtur
1934 1593 2165 1666 etiam,

630 1699 813 1790 quod
832 1723 987 1768 cum
1009 1701 1468 1785 dicitur,Deus
1486 1702 1923 1793 distinguitur
1941 1722 1982 1766 a
1997 1698 2169 1781 De0,

630 1803 815 1898 quod
832 1809 1085 1878 locutio
1115 1813 1202 1878 sit
1237 1832 1425 1890 vera,
1462 1810 1645 1902 quod
1679 1810 1922 1877 falsum
1953 1817 2076 1876 est.

720 1899 784 1966 3.
855 1899 1223 1994 Praeterea,
1316 1900 1742 1969 Relationem
1802 1901 2172 1990 important

629 2008 1142 2096 praepositiones
1171 2030 1187 2077 ε
1224 2030 1386 2099 ergo
1415 2007 1687 2076 videtur
1713 2008 1898 2099 quod
1934 2029 2173 2098 possu-

630 2136 784 2181 mus
803 2113 1051 2196 dicere,
1079 2115 1261 2185 Deus
1292 2116 1578 2185 refertur
1601 2116 1683 2184 ad
1706 2116 1948 2195 Deum,
1985 2115 2168 2207 quod

633 2223 878 2290 iterum
911 2223 1153 2292 falsum
1184 2233 1311 2294 est.

719 2332 784 2398 4.
820 2329 1181 2413 Praeterea,
1216 2330 1559 2411 Quaeritur
1583 2332 1664 2401 de
1724 2334 1874 2412 ista,
1938 2335 2170 2400 lumen

633 2439 1007 2507 delumine
1044 2441 1217 2508 :ista
1255 2442 1442 2509 enim
1474 2441 1742 2511 videtur
1770 2450 2036 2510 tantum
2084 2442 2171 2508 si·

629 2547 951 2638 gnificare
990 2549 1381 2629 essentiam,
1416 2571 1497 2618 eo
1535 2549 1716 2640 quod
1748 2548 1980 2617 lumen
2028 2570 2167 2616 non

625 2656 709 2722 sit
749 2654 831 2723 de
871 2655 1184 2745 propriis,
1226 2655 1346 2724 sed
1375 2655 1457 2724 de
1488 2655 1958 2725 essentialibus
1986 2678 2170 2723 com·

627 2763 971 2835 munibus.
1049 2759 1243 2833 Sicut
1320 2786 1485 2855 ergo
1526 2762 1674 2833 haec
1711 2774 1813 2832 est
1840 2763 2032 2841 salsa,
2068 2785 2169 2830 es-

624 2876 840 2941 sentia
877 2874 960 2943 de
981 2873 1277 2943 essentia
1319 2894 1336 2942 :
1372 2874 1466 2941 ita
1503 2882 1572 2941 et
1617 2872 1760 2941 haec
1804 2874 1932 2940 erit
1973 2870 2163 2946 falsa,

625 2982 860 3052 lumen
910 2984 994 3054 de
1024 2985 1310 3054 lumine.

712 3093 779 3160 5.
818 3092 1180 3176 pra-terea,
1212 3090 1310 3159 Ea
1345 3113 1496 3182 quae
1544 3091 1874 3181 recipiunt
1922 3089 2167 3157 distin-

625 3202 945 3281 ctionem,
979 3202 1062 3271 de
1093 3200 1414 3272 omnibus
1456 3202 1525 3269 in
1554 3223 1821 3269 summa
1859 3197 2168 3290 singula-

627 3310 840 3379 ritatis
878 3332 1017 3378 non
1043 3309 1496 3401 praedicantur
1520 3330 1536 3377 ε
1562 3307 1681 3375 sed
1699 3330 1854 3376 cum
1893 3306 2161 3386 dicitur,

623 3419 808 3487 Deus
837 3419 920 3487 de
949 3421 1118 3498 Deo,
1153 3418 1387 3486 lumen
1424 3416 1510 3484 de
1554 3415 1836 3495 lunzine,
1879 3424 2165 3506 utraque

625 3527 858 3617 recipit
903 3526 1410 3596 distinctionem
1456 3545 1577 3614 per
1616 3524 2163 3615 praepositionem

623 3632 1084 3703 notionalem:
1128 3655 1292 3723 ergo
1324 3631 1407 3700 de
1427 3631 1748 3700 omnibus
1779 3631 1845 3697 in
1893 3652 2163 3698 summa

621 3744 1055 3834 singulariter
1082 3765 1216 3810 non
1241 3741 1731 3834 praedicantur:
1768 3764 1930 3831 ergo
1964 3739 2164 3807 Pater

621 3859 689 3918 et
717 3849 925 3918 Filius
955 3852 1092 3918 tion
1132 3857 1292 3918 suunt
1334 3872 1509 3917 unns
1543 3848 1748 3928 Deus,
1781 3871 1904 3917 nec
1946 3869 2162 3914 unum

620 3957 878 4026 lumen.

715 4192 1024 4270 Somno,
1089 4187 1493 4271 Dicendum,
1545 4187 1727 4279 quod
1775 4188 2158 4278 praepositio

618 4297 984 4367 notionalis
1021 4307 1147 4377 est,
1180 4308 1246 4366 et
1282 4295 1415 4364 hoc
1446 4294 1647 4364 habet
1685 4319 1767 4364 ex
1810 4294 1936 4362 hoc
1976 4295 2155 4386 quod

616 4416 802 4477 notat
832 4409 1166 4497 originem
1198 4403 1627 4474 essentialem
1657 4427 1672 4471 ε
1707 4413 1772 4473 et
1803 4405 1955 4472 ideo
1983 4428 2158 4496 prm-

612 4517 858 4607 positio
875 4516 1238 4605 conjuncta
1260 4536 1413 4581 cum
1448 4511 1576 4580 hoc
1600 4514 1915 4590 terminu,
1945 4514 2149 4590 Heus,

611 4622 814 4692 trahit
844 4646 999 4691 eum
1039 4621 1121 4689 ad
1153 4618 1675 4711 supponendum
1708 4642 1829 4710 pro
1860 4618 2151 4688 habente

609 4730 926 4799 deitatem
959 4752 974 4797 ε
1008 4737 1074 4797 et
1104 4725 1247 4795 haec
1278 4728 1345 4794 in
1384 4725 1635 4793 divinis
1673 4736 1773 4793 est
1831 4749 2144 4816 persona,

610 4837 785 4906 unde
817 4835 1035 4906 reddit
1092 4834 1509 4903 locutionem
1566 4856 1795 4901 veram
1848 4856 1969 4923 pro
2003 4857 2150 4924 per-

607 4968 799 5014 sona.

697 5054 803 5120 An
852 5073 1111 5120 rames:
1160 5072 1324 5141 ergo
1365 5048 1752 5125 dicendum,
1833 5048 2017 5139 quod
2075 5050 2141 5117 in

603 5158 885 5225 veritate
942 5159 1011 5225 in
1078 5154 1473 5244 hujusmodi
1547 5151 2007 5220 locutionibus
2076 5154 2144 5245 ly

600 5267 786 5332 Deus
816 5286 951 5331 non
984 5262 1437 5352 restringitur,
1488 5282 1614 5328 nec
1649 5268 1941 5349 oportet,
1983 5260 2143 5351 quia

600 5370 755 5439 licet
782 5370 864 5438 de
893 5393 963 5438 se
994 5377 1331 5461 supponat
1368 5389 1492 5458 pro
1537 5368 1829 5435 essentia
1875 5369 1943 5434 in
1984 5389 2142 5457 per-

596 5500 790 5557 sona,
825 5486 1053 5545 tamen
1082 5474 1299 5544 reddit
1322 5472 1739 5542 locutionem
1767 5496 1996 5542 veram
2024 5497 2140 5544 se-

594 5586 893 5655 cundum
925 5584 1335 5676 exigentiam
1361 5603 1597 5650 eorum
1624 5579 1868 5672 quibus
1890 5582 2137 5672 adjun-

592 5697 799 5785 gitur,
833 5696 1009 5763 sicut
1061 5714 1217 5760 cum
1274 5689 1543 5769 dicitur,
1603 5688 1813 5759 homo
1895 5693 2127 5771 currit,

1574 340 1579 345 ’
1646 339 1727 411 D.
1780 340 1977 410 ALB.
2029 338 2245 407 MAG.

2296 338 2505 407 ORD.
2559 341 2860 408 PRAED.

2297 510 2446 580 solo
2467 505 2765 582 ‘Socrate
2795 520 3113 586 currente
3141 539 3155 583 ε
3191 515 3349 586 licet
3376 516 3447 607 ly
3463 517 3664 583 homo
3695 505 3850 605 sup-

2296 628 2504 708 ponat
2551 622 2904 712 aequaliter
2980 631 3120 693 tam
3192 648 3316 715 pro
3393 623 3839 700 currentibuS,

2295 748 2500 815 quam
2541 751 2665 818 pro
2705 752 2847 797 non
2897 731 3349 816 currentibuS,
3410 754 3548 800 non
3615 740 3842 798 tamen

2294 833 2513 900 reddit
2534 835 2952 904 locutionem
2974 861 3206 906 veram
3239 840 3366 907 nisi
3388 861 3510 929 pro
3536 837 3836 914 Socrate,

2290 950 2358 1009 et
2407 942 2540 1011 hoc
2593 946 2843 1014 sufficit
2910 948 2994 1015 ad
3063 949 3415 1017 veritatem
3475 947 3839 1015 locutionis

2289 1050 2495 1130 illius,
2533 1063 2598 1121 et
2629 1053 2760 1124 hoc
2790 1057 2972 1146 apud
3012 1057 3347 1147 sophistas
3387 1063 3668 1124 vocatur
3719 1078 3842 1146 ap-

2280 1159 2570 1249 pellare.
2620 1160 2956 1232 Similiter
3021 1167 3144 1233 iste
3197 1165 3550 1244 termium,
3625 1166 3831 1241 Deus,

2286 1276 2621 1356 quantum
2654 1279 2767 1346 est.
2794 1271 2876 1339 de
2908 1296 2979 1341 se
3010 1274 3336 1364 supponit
3364 1296 3484 1362 pro
3536 1270 3838 1361 quolibet

2283 1378 2640 1467 supposito
2679 1379 2956 1448 divino:
2992 1390 3269 1472 propter
3306 1380 3695 1470 adjunctum
3735 1388 3835 1446 ta-

2283 1504 2439 1551 men
2472 1506 2557 1551 ex
2585 1494 2776 1575 parte
2819 1496 2976 1556 ante
3007 1487 3304 1578 appellat
3333 1487 3609 1567 Filium,
3642 1495 3705 1555 et
3744 1509 3827 1555 ex

2279 1603 2473 1681 parte
2512 1604 2669 1684 post
2689 1597 2988 1688 appellat
3030 1598 3335 1668 Patrem.

2368 1699 2472 1767 An
2520 1722 2720 1769 Auun
2758 1701 3151 1785 dicendum,
3217 1703 3401 1795 quod
3447 1703 3641 1773 aliter
3689 1703 3824 1770 im·-

2277 1815 2588 1899 portatur
2642 1808 2990 1879 distinctio
3058 1812 3331 1903 quando
3410 1811 3826 1903 significatur

2248 1915 2345 1981 -in
2391 1916 2670 2004 propria
2695 1919 3218 2009 significatione,
3245 1927 3311 1987 et
3333 1918 3527 1988 aliter
3554 1920 3823 2011 quando

2275 2020 2801 2111 significatui-in
2852 2027 3114 2093 ratione
3162 2025 3616 2094 distinctionis
3668 2049 3828 2117 spe-

2274 2125 2466 2202 cialis
2488 2135 2633 2203 sive
2651 2133 2758 2222 cuj
2768 2134 3005 2202 usdam
3019 2188 3034 2215 ,
3059 2136 3234 2202 sicut
3249 2157 3573 2226 qenerare
3592 2156 3828 2226 quam·

2274 2242 2429 2312 dam
2448 2244 2958 2313 distinctionem
2981 2245 3344 2336 significat,
3369 2244 3488 2314 sed
3513 2267 3648 2312 non
3670 2245 3827 2311 sim·

2272 2348 2577 2441 pliciter:
2604 2359 2672 2419 et
2699 2350 3013 2420 similiter
3042 2352 3431 2441 praepositio
3465 2350 3823 2419 notionalis

2273 2457 2612 2548 significat
2660 2456 3169 2526 distinctionem
3221 2456 3614 2547 quamdam,
3664 2458 3823 2546 quia

2273 2566 2584 2656 originiS,
2621 2565 2801 2634 unde
2835 2566 2987 2656 plus
3027 2568 3433 2656 importatur
3471 2589 3589 2656 per
3620 2563 3822 2633 verba

2275 2670 2652 2740 notionalia
2715 2681 2784 2741 et
2857 2675 3372 2763 praepositiones
3443 2670 3822 2740 notionales

2273 2800 2480 2868 quam
2521 2778 2867 2848 distinctio
2896 2803 2911 2847 ε
2948 2781 3111 2870 quia
3138 2779 3295 2848 licet
3322 2779 3547 2847 dicant
3575 2780 3820 2847 virtute

2272 2909 2394 2954 sua
2434 2886 2945 2955 distinctionem
3016 2889 3083 2954 in
3139 2888 3520 2978 supposito,
3594 2897 3818 2957 tamen

2271 2997 2476 3063 etiam
2506 3018 2664 3063 cum
2696 2994 2829 3064 hoc
2868 2995 3102 3064 dicunt
3148 2996 3693 3064 convenientiam
3753 2998 3819 3062 in

2270 3103 2599 3171 essentia:
2630 3103 2792 3194 quia
2820 3105 3128 3196 genitum
3159 3111 3225 3170 et
3255 3126 3589 3194 generans
3635 3127 3820 3170 com·

2273 3210 2626 3279 municant
2663 3211 2732 3278 in
2789 3213 3084 3279 essentia
3135 3234 3297 3280 una.
3364 3209 3693 3279 Similiter
3753 3210 3815 3276 id

2270 3317 2456 3408 quod
2486 3325 2589 3386 est
2617 3318 2701 3386 de
2724 3318 2956 3409 aliquo
2989 3329 3061 3386 ut
3094 3318 3175 3387 de
3205 3319 3494 3409 origine,
3517 3341 3822 3386 commu·

2268 3428 2451 3496 nicat
2490 3429 2558 3496 in
2587 3430 2883 3498 essentia
2923 3452 3059 3496 una
3094 3450 3111 3498 ε
3146 3429 3264 3497 sed
3293 3427 3434 3497 hoec
3455 3429 3650 3505 veba,
3685 3429 3822 3497 dis·

2267 3537 2642 3628 linquitur,
2666 3546 2733 3607 et
2758 3538 3186 3630 sejunqilur,
3208 3561 3347 3607 non
3387 3539 3514 3606 nisi
3545 3537 3820 3607 discon-

2270 3645 2684 3716 venientiam
2751 3648 3149 3736 important,
3209 3655 3278 3714 et
3333 3645 3519 3714 illam
3586 3655 3817 3713 notant

2265 3754 2427 3844 poni
2468 3754 2648 3824 circa
2688 3778 2832 3822 rem
2855 3755 3130 3823 termini
3169 3754 3278 3821 eui
3311 3753 3810 3843 adjunguntur:

2266 3869 2503 3929 etcum
2530 3861 2713 3930 Deus
2733 3884 2873 3929 non
2895 3862 3348 3951 distinguatur
3368 3885 3405 3928 a
3428 3860 3570 3929 Deo
3595 3861 3714 3941 sic,
3733 3884 3815 3928 eo

2266 3967 2452 4059 quod
2495 3969 2697 4037 Pater
2725 3976 2788 4037 et
2814 3968 3026 4036 Filius
3054 3976 3213 4037 sunt
3243 3991 3419 4036 unus
3450 3967 3655 4046 Deus,
3679 3991 3814 4035 non

2265 4076 2588 4166 recipitur
2630 4077 2781 4150 ista.
2836 4076 3020 4145 Deus
3084 4076 3524 4166 distinguitur
3568 4098 3608 4143 a
3641 4074 3807 4145 Deo.

2353 4185 2458 4251 An
2498 4206 2696 4252 amun
2728 4183 3119 4262 dicendum,
3155 4183 3339 4274 quod
3371 4182 3513 4252 haec
3544 4206 3679 4251 non
3709 4191 3809 4251 est

2260 4316 2447 4373 vera,
2483 4293 2668 4362 Deus
2701 4293 2987 4363 refertur
3024 4295 3109 4361 ad
3152 4296 3409 4362 Deum:
3443 4293 3596 4361 licet
3625 4296 3806 4361 enim

2258 4404 2651 4493 praepositio
2681 4403 2768 4469 sit
2817 4402 3125 4481 relativa,
3169 4411 3393 4470 tamen
3433 4401 3642 4470 alium
3686 4401 3809 4470 ha-

2261 4508 2372 4577 bet
2410 4509 2694 4577 modum
2725 4508 3191 4600 significandi:
3249 4509 3366 4577 sed
3403 4510 3570 4598 {cum
3637 4508 3810 4577 dici-

2256 4625 2388 4696 tur,
2424 4620 2749 4707 refertur,
2784 4617 3023 4686 relatio
3049 4620 3428 4709 signiticata
3461 4619 3528 4685 in
3596 4617 3803 4685 verbo

2253 4726 2601 4817 propriam
2629 4727 2875 4816 quaerit
2915 4728 3247 4795 rationem
3300 4724 3644 4794 relationis
3710 4726 3807 4791 si-

2251 4833 2558 4924 gnificari
2590 4855 2712 4925 per
2741 4857 2822 4902 ea
2860 4858 3010 4925 quae
3045 4834 3272 4902 referri
3302 4833 3636 4901 dicuntur.
3686 4833 3804 4900 Illa

2251 4950 2481 5009 autem
2508 4942 2783 5033 propria
2814 4942 3054 5010 relatio
3099 4963 3236 5009 non
3276 4940 3696 5032 significatur
3735 4941 3801 5007 in

2248 5045 2379 5115 hoc
2405 5049 2730 5128 termino,
2766 5051 2981 5131 θεας,
3016 5049 3132 5117 sed
3180 5049 3250 5115 in
3290 5045 3420 5116 hoc
3477 5049 3794 5121 termino.

2247 5155 2463 5223 Pater
2515 5167 2581 5225 el
2619 5159 2897 5227 Filius:
2930 5167 2997 5225 et
3049 5156 3197 5224 ideo
3247 5154 3389 5223 haec
3451 5164 3550 5225 est
3609 5177 3792 5236 vera,

2250 5261 2456 5333 Pater
2507 5265 2794 5334 refertur
2838 5264 2925 5332 ad
2965 5264 3213 5332 Deum.

3931 1645 4076 1695 Adz.

3917 4223 4052 4270 adt.

2333 5372 2438 5439 An
2476 5396 2678 5442 mun
2710 5372 3101 5451 dicendum,
3154 5372 3334 5462 quod
3386 5375 3509 5442 iste
3556 5373 3794 5441 termi-
3840 5398 4086 5500 amur·

2241 5502 2394 5557 nus,
2425 5481 2684 5564 lumen,
2716 5480 3056 5572 significat
3097 5479 3315 5550 lucem
3349 5482 3418 5549 in
3472 5480 3786 5560 habente,

2238 5594 2303 5654 et
2319 5589 2411 5654 ita
2430 5591 2935 5657 concretionem
2964 5589 3591 5680 importatzpropter
3610 5589 3791 5679 quod

2238 5702 2370 5762 stat
2401 5719 2525 5786 pro
2566 5695 2865 5764 habente
2896 5695 3244 5783 deitatem,
3266 5705 3332 5765 et
3360 5697 3491 5766 hoc
3511 5707 3609 5765 est
3639 5720 3796 5786 sup·
