4897 6388
662 349 790 415 468

655 517 786 584 hoc
805 539 818 583 :
838 495 996 607 quia
1020 501 1251 587 Sa'ncti
1275 518 1404 587 hoc
1425 521 1848 587 concorditer
1872 503 2196 585 innuunt:

659 627 834 694 unde
873 627 1050 708 dieo,
1085 637 1412 720 utsupra,
1450 630 1634 720 quod
1672 630 1857 696 aliud
1886 637 1987 696 est
2019 650 2205 695 reve-

653 731 815 798 latio
864 732 1313 811 occultorum,
1367 743 1432 801 et.
1491 734 1676 801 aliud
1735 733 1880 799 Filii
1935 734 2196 799 missio.

655 839 1002 908 Revelatio
1060 844 1242 910 enim
1301 842 1750 919 occultorum,
1795 848 2018 930 potest
2057 838 2199 905 lieri

655 947 857 1013 etiam
904 971 1024 1038 per
1062 948 1365 1038 Angelos
1413 950 1559 1015 sine
1602 949 1925 1015 missione
1976 947 2123 1013 Filii
2179 969 2194 1012 :

650 1076 792 1121 non
838 1055 1021 1121 enim
1063 1054 1306 1122 dicitur
1353 1057 1601 1122 missus
1633 1055 1843 1121 Filius
1886 1055 2013 1120 nisi
2057 1055 2198 1143 ipse

645 1184 800 1229 cum
841 1161 1079 1230 effectu
1115 1164 1454 1232 adveniat.
1495 1164 1686 1233 Unde
1720 1163 2014 1252 Spiritus
2045 1185 2195 1229 san-

644 1275 790 1335 ctus
829 1269 1004 1335 sicut
1041 1292 1180 1336 non
1211 1269 1458 1338 dicitur
1502 1271 1750 1338 missus
1791 1269 1920 1336 nisi
1968 1270 2038 1335 in
2079 1268 2195 1336 do-

641 1377 747 1441 nis
788 1376 857 1441 in
917 1377 1164 1466 quibus
1204 1378 1346 1468 ipse
1379 1387 1480 1446 est
1539 1401 1554 1445 ε
1599 1380 1690 1445 ita
1748 1377 1974 1455 cred0,
2007 1375 2193 1466 quod

641 1479 952 1549 absoluta
1017 1483 1342 1552 missione
1408 1506 1548 1551 non
1614 1484 1876 1551 dicatur
1942 1483 2190 1550 missus

632 1589 851 1657 Filius
917 1592 1045 1658 nisi
1086 1593 1158 1658 in
1205 1592 1403 1660 donis
1461 1593 1697 1683 gratiae
1763 1601 2033 1684 gratum
2089 1591 2187 1659 fa-

642 1697 902 1776 cientiS,
940 1700 1009 1765 in
1048 1699 1296 1789 quibus
1326 1708 1429 1769 est
1456 1701 1600 1791 ipse
1639 1724 1795 1769 cum
1844 1701 2123 1767 homine
2165 1721 2180 1766 :

642 1810 706 1869 et
734 1803 1025 1893 qualiter
1049 1805 1222 1873 bene
1251 1805 1384 1875 hoc
1414 1808 1791 1899 possitesse
1823 1808 1892 1874 in
1923 1807 2189 1875 missio·

638 1933 721 1978 ne
755 1911 1048 2001 Spiritus
1073 1917 1314 2000 sancti,
1346 1917 1493 2004 jam
1524 1940 1730 2006 supra
1759 1916 2014 1983 dictum
2055 1923 2177 1983 est.

635 2015 709 2085 Si
739 2041 903 2086 vero
936 2019 1199 2089 dicatur
1218 2020 1430 2090 Filius
1460 2026 1638 2091 mitti
1680 2025 1749 2091 in
1779 2023 1929 2090 aliis
1957 2022 2181 2105 donis,

629 2123 760 2194 hoc
797 2128 929 2195 erit
956 2129 1331 2198 secundum
1361 2130 1527 2222 quid
1571 2139 1637 2199 et
1679 2115 1838 2200 non*
1863 2130 2188 2221 simplici-

623 2239 727 2298 ter
758 2253 776 2297 ε
810 2233 985 2301 sicut
1041 2243 1109 2303 et
1166 2234 1463 2326 Spiritus
1491 2247 1765 2306 sanctus
1803 2236 2177 2307 secundum

630 2339 792 2429 quid
829 2349 899 2409 et
934 2364 1074 2410 non
1103 2342 1505 2434 simpliciter
1549 2346 1960 2438 quandoque
2005 2344 2181 2413 mitti

632 2445 899 2514 dicitur.
935 2445 1246 2527 Qualiter
1281 2459 1511 2521 autem
1549 2451 1787 2521 eadem
1831 2452 2010 2521 dona
2048 2454 2184 2521 sint

630 2551 782 2619 Filii
823 2561 891 2621 et
929 2553 1223 2646 Spiritus
1278 2561 1520 2638 sancti,
1565 2558 2020 2628 diversimode
2075 2582 2186 2627 su-

1639 349 1725 416 D.
1776 348 1979 414 ALB.
2027 343 2242 412 MAG.
2297 341 2505 411 ORD.
2558 341 2854 408 PRAED.

2403 513 2506 579 Αι)
2553 536 2807 581 PRtMtJM
2857 521 3084 580 autem
3126 510 3308 602 quod
3362 509 3698 598 objicitur,
3761 511 3858 576 di-

2311 621 2602 687 cendum
2664 621 2846 710 quod
2904 620 3111 687 Filius
3196 621 3263 685 in
3329 616 3651 684 missione
3709 639 3857 706 quae

2310 727 2710 816 simpliciter
2738 729 2971 795 missio
3013 736 3135 806 est,
3181 726 3379 794 debet
3416 724 3733 815 cognosci
3771 722 3855 790 ab

2312 832 2445 900 alio
2480 855 2625 900 esse
2667 842 2732 901 et
2761 834 3119 909 nobiscum
3168 856 3337 911 esse,
3373 833 3546 899 sicut
3584 830 3848 906 dicitur,

2313 942 2620 1032 Sapient.
2668 967 2760 1021 lx,
2811 945 2888 1011 10
2953 967 2966 1009 :
3022 946 3220 1010 Mille
3275 943 3477 1010 illam
3530 942 3613 1008 de
3667 940 3852 1008 coelis

2308 1053 2563 1118 sanclis
2621 1054 2783 1130 tut‘S,
2844 1062 2908 1119 el
2940 1053 3096 1119 sede
3142 1051 3645 1141 maqniludinis
3691 1060 3848 1125 luae,

2306 1171 2380 1227 ut
2410 1183 2673 1229 mecum
2701 1163 2791 1228 sit
2821 1172 2884 1228 et
2914 1184 3174 1229 mecum
3202 1159 3483 1242 laboret,
3520 1169 3595 1226 ut
3630 1159 3843 1224 sciam

2301 1269 2476 1358 quid
2502 1277 2849 1359 acceptum
2877 1270 2968 1334 sil
2997 1268 3193 1359 apud
3218 1277 3280 1334 te
3301 1268 3486 1334 omni
3512 1275 3842 1356 tempore.

2301 1375 2427 1442 Illa
2467 1377 2648 1444 enim
2689 1383 2790 1444 est
2827 1376 3107 1444 scientia
3147 1375 3367 1442 infusa
3404 1375 3721 1465 gratuita.
3768 1371 3843 1438 Si

2299 1494 2530 1554 autem
2579 1483 2855 1572 objiciat
2901 1483 3173 1575 aliquiS,
3217 1483 3399 1574 quod
3438 1481 3584 1549 sola
3629 1479 3847 1548 chari-

2298 1601 2399 1661 tas
2424 1600 2657 1684 gratos
2687 1614 2813 1660 nos
2850 1591 3032 1675 facit,
3067 1590 3178 1659 ille
3227 1590 3440 1658 nescit
3469 1589 3633 1679 quid
3660 1588 3771 1676 obj
3783 1592 3844 1656 i·-

2296 1701 2426 1768 ciat
2471 1723 2487 1767 2
2549 1701 2708 1790 quia
2762 1698 2920 1767 licet
2969 1698 3114 1767 sola
3180 1699 3472 1766 charitas
3532 1696 3843 1763 informis

2298 1809 2439 1875 lieri
2482 1830 2624 1876 non
2660 1809 2899 1898 possit,
2925 1830 3061 1874 non
3085 1816 3314 1874 tamen
3343 1812 3444 1873 est
3478 1813 3667 1872 actus
3696 1804 3843 1891 ejus

2294 1922 2525 2005 gratos
2565 1937 2692 1982 nos
2732 1913 2973 1991 facere,
3023 1913 3141 1981 sed
3185 1913 3414 2003 potius
3461 1910 3720 2002 gratiae,
3778 1917 3842 1977 et

2294 2020 2830 2111 uniuscujusque
2850 2019 3122 2087 virtutis
3151 2017 3525 2088 secundum
3556 2015 3834 2106 aliquid.

2380 2132 2478 2197 An
2516 2150 2715 2196 Auno
2745 2127 3136 2205 dicendum.
3171 2128 3355 2218 quod
3395 2150 3532 2195 non
3582 2126 3650 2192 in
3690 2147 3837 2192 om·

2293 2235 2494 2305 nibus
2525 2235 3054 2305 revelationibus
3084 2235 3503 2305 occultorum
3528 2234 3700 2301 mitti
3733 2232 3837 2300 di-

2291 2346 2467 2412 citur
2494 2342 2732 2425 Filius,
2765 2353 2841 2412 ut
2861 2346 3006 2435 jam
3037 2343 3346 2413 habitum
3386 2351 3511 2413 est.

2380 2451 2484 2518 An
2530 2475 2729 2520 Αιιυο
2785 2452 3171 2532 dicendum,
3235 2452 3419 2543 quod
3490 2452 3830 2524 intellectu

2290 2549 2588 2649 gratuito
2649 2559 2940 2628 mittitur
2993 2560 3229 2638 Filius,
3271 2569 3336 2628 et
3376 2584 3512 2628 non
3575 2562 3642 2628 in
3698 2562 3831 2629 alio

634 2682 754 2750 pra
790 2669 889 2728 est
915 2663 1331 2753 expeditum.
2295 2665 2418 2735 nisi
2453 2665 2827 2735 secundum
2870 2666 3056 2757 quid.

1449 3199 1531 3272 C.
1575 3197 2185 3275 Aen-(orientibus
2217 3200 2323 3276 ila
2360 3227 2522 3280 esse
2549 3204 2982 3302 coufirmat.

721 3541 835 3619 Ne
867 3554 1125 3620 autent
1167 3542 1241 3618 in
1275 3566 1357 3619 re
1398 3552 1607 3617 tanta
1639 3540 1929 3641 aliquid
1959 3543 2054 3617 de
2095 3554 2355 3620 nostro
2398 3545 2725 3623 influere
2768 3550 3197 3646 videantur,
3232 3552 3517 3629 saeris·
3560 3567 3830 3631 aucto-

623 3677 974 3754 ritatibus
1003 3677 1208 3777 quod
1239 3677 1529 3753 dictum
1561 3687 1703 3772 est,
1740 3678 2485 3757 corroboremus.De
2521 3683 2664 3756 hoc
2694 3686 3178 3782 Augustinus
3220 3688 3294 3762 in
3332 3690 3708 3768 tihrovnt
3732 3695 3827 3769 de

624 3811 996 3888 Trinitale
1032 3813 1183 3887 ait:
1249 3810 1395 3901 Qui
1464 3812 1902 3912 proximum
1957 3811 2230 3911 diligit,
2275 3839 2763 3917 consequens
2825 3831 3062 3897 estut
3136 3824 3377 3923 ipsam
3434 3827 3821 3929 pra-‚cipue

615 3946 1101 4023 dilectionem
1134 3945 1432 4043 diligat.
1468 3946 1681 4022 Deus
1709 3956 1968 4023 autem
2010 3947 2316 4024 dilectio
2355 3960 2499 4045 est,
2545 3976 3034 4054 consequens
3085 3982 3269 4056 orgo
3300 3972 3411 4037 est
3484 3974 3558 4038 ut
3618 3990 3823 4063 pra·-

614 4082 837 4182 cipue
871 4083 1114 4157 Deum
1160 4080 1496 4179 diligat&
1546 4081 1761 4176 ltem,
1808 4082 1882 4157 iu
1917 4081 2240 4160 eodem:
2305 4085 2518 4162 Deus
2573 4087 2882 4165 dilectio
2949 4103 3091 4184 est,
3177 4106 3254 4169 ιιῑ
3317 4097 3418 4171 nit
3476 4099 3816 4177 ,loannes

614 4215 1096 4316 Apostolus³.
1140 4214 1235 4290 Ut
1273 4214 1457 4313 quid
1501 4241 1687 4313 ergo
1731 4217 1934 4293 imus
1963 4228 2034 4293 et
2085 4220 2473 4295 currimus
2515 4222 2588 4297 in
2642 4224 3005 4300 sublimia
3075 4232 3447 4306 coelorum
3516 4247 3584 4309 et
3668 4237 3817 4310 ima

617 4360 1018 4444 terrarum,
1053 4361 1493 4449 quaerentes
1532 4374 1711 4425 eum
1746 4351 1876 4450 qui
1921 4362 2033 4428 est
2065 4353 2265 4453 apud
2303 4379 2470 4447 nos,
2517 4357 2578 4430 si
2625 4382 2765 4431 nos
2796 4361 2998 4457 apud
3043 4386 3219 4437 eum
3255 4391 3424 4441 esso
3456 4369 3811 4445 velimus.

607 4484 851 4560 Nemo
890 4484 1118 4575 (licat,
1164 4509 1317 4559 non
1354 4484 1533 4560 novi
1573 4484 1760 4583 quid
1802 4485 2117 4583 diligant
2154 4512 2172 4563 ε
2210 4487 2476 4585 diligat
2519 4491 2857 4589 fratrem,
2893 4505 2968 4569 et
3008 4496 3271 4593 diligat
3315 4502 3661 4578 eamdem
3696 4506 3817 4579 ‹ti-

606 4621 1038 4697 lectionem.
1085 4619 1338 4718 Magis
1375 4620 1582 4696 enim
1628 4621 1837 4695 novit
1870 4622 2359 4700 dilectionem
2403 4650 2560 4724 qua
2590 4628 2865 4724 diligit,
2900 4656 3134 4730 quani
3203 4636 3510 4712 fratrem
3582 4666 3810 4739 quem

604 4754 874 4853 diligit.
923 4757 1112 4831 Ecce
1143 4753 1304 4853 jam
1347 4765 1566 4855 potes
1599 4755 1976 4830 notiorem
2020 4757 2263 4833 Deum
2312 4761 2598 4836 habero
2630 4787 2860 4861 quam
2898 4767 3232 4844 fratrem.
3282 4772 3518 4849 Plane
3562 4777 3813 4849 notio-

604 4912 791 4983 rem,
837 4887 1020 4987 quia
1059 4886 1672 4988 proesentiorem,
1715 4887 1899 4987 quia
1934 4887 2408 4980 interiorem,
2445 4894 2632 4992 quia
2663 4898 3096 4975 certiorem.
3172 4906 3650 5004 Amplectore
3691 4908 3812 4984 ‹li-

603 5022 1001 5100 lectionem
1046 5023 1325 5117 Deum,
1388 5032 1465 5098 et
1521 5021 1932 5100 dilectione
2000 5029 2465 5126 amplectere
2521 5030 2799 5108 Deum.
2866 5035 3036 5134 Ipsa
3096 5048 3207 5113 est
3263 5039 3597 5137 dilectio,
3631 5069 3809 5143 quw

598 5181 867 5233 onmes
911 5159 1152 5234 bonos
1190 5157 1555 5252 Angelos,
1598 5167 1675 5233 et
1703 5181 1977 5234 omnes
2025 5159 2162 5237 Dei
2196 5188 2464 5239 servos
2522 5170 2910 5244 consociat
2973 5171 3285 5248 vinculo
3353 5181 3800 5256 sanctitatis.

660 5493 676 5528 ¹
707 5492 857 5549 Edit..
894 5494 1061 5551 loan.
1095 5495 1427 5565 Alleaume,
1458 5498 1645 5566 sactis.

655 5583 678 5619 ²
701 5585 756 5642 S.
785 5587 1164 5657 Arsames,
1196 5587 1320 5648 Lib.
1355 5587 1475 5645 vm
1506 5587 1580 5645 de
1627 5589 1933 5659 Trinitate,
1990 5609 2121 5666 cap.
2156 5600 2206 5652 ῖ.

653 5670 678 5709 ³
704 5673 727 5731 1
755 5674 920 5732 loan.
954 5693 1026 5745 tv,
1056 5678 1111 5746 8,
1147 5678 1212 5734 16
1246 5694 1260 5733 t
1292 5678 1435 5734 Deus
1462 5677 1711 5736 charitas
1733 5685 1832 5737 est.

3968 541 4044 585 Ad
4078 544 4117 589 1.

3939 2176 4016 2222 Ad
4043 2178 4087 2222 2.

3962 2490 4036 2537 Ad
4064 2492 4110 2537 3.
