4897 6388
665 1314 929 1369 lunatione.

650 2736 933 2787 namn.

681 5319 879 5369 solutio.

1741 358 1835 428 IN
1882 355 2388 434 1:8ENTENT.
2440 353 2671 424 DIST.
2725 353 2916 440 XVI,
2968 342 3059 440 A',
3105 357 3305 426 ΛΒΤ.
3363 360 3423 425 1.

979 548 1126 605 tum
1159 549 1259 607 est
1301 545 1344 623 ¹,
1393 535 1576 628 quod
1605 555 1894 625 persona
1925 555 2064 600 non
2095 532 2337 599 dicitur
2369 533 2534 598 mit-

981 649 1053 723 ti,
1099 647 1226 713 nisi
1260 648 1330 712 in
1371 642 1641 719 effectu,
1685 643 1754 709 in
1795 663 1931 732 quo
1985 641 2132 730 ipsa
2189 638 2385 705 aliter
2440 639 2529 704 sit

978 755 1086 822 vel
1128 753 1213 821 ad
1253 753 1439 821 aliud
1495 773 1700 842 quam
1758 749 2132 817 secundum
2192 747 2375 839 quod
2431 754 2533 814 est

977 863 1232 953 ubique
1276 884 1290 929 :
1339 869 1404 928 et
1470 859 1600 926 hoc
1655 857 1945 926 habetur
2010 861 2080 925 in
2155 859 2413 925 Littera
2445 855 2532 922 ab

980 971 1366 1062 Augustino
1413 992 1428 1036 ε
1481 990 1643 1058 ergo
1704 969 1770 1035 in
1838 967 2084 1036 talibus
2151 966 2312 1032 visis
2344 963 2534 1064 nulla

986 1097 1313 1165 umquam
1346 1073 1471 1140 fuit
1499 1094 1786 1163 persona
1817 1071 2049 1139 missa.

1083 1295 1140 1362 l.
1187 1291 1344 1359 Iram
1388 1292 1810 1381 Augustinus
1843 1291 1911 1356 in
1944 1286 2116 1355 libro
2141 1286 2231 1353 lv
2263 1287 2344 1353 de
2381 1287 2528 1353 Tri-

983 1404 1224 1486 nitate,
1257 1400 1418 1468 dicit
1448 1398 1631 1490 quod
1654 1397 1941 1465 absurde
1975 1396 2305 1463 diceretur
2328 1392 2533 1461 Pater

982 1510 1229 1577 missus
1260 1507 1370 1575 vel
1426 1505 1509 1574 ab
1567 1528 1648 1574 eo
1716 1526 1919 1595 quem
1964 1505 2221 1594 genuit,
2265 1502 2371 1569 vel
2402 1500 2529 1589 {jab

979 1640 1060 1685 eo
1103 1618 1216 1708 qui
1260 1616 1346 1684 ab
1380 1617 1526 1707 ipso
1567 1613 1895 1705 procedit,
1931 1613 2050 1679 etsi
2105 1611 2364 1678 dicatur
2402 1631 2533 1700 ap-

981 1725 1308 1815 paruisse.
1343 1721 1526 1813 Ergo
1557 1743 1713 1790 curn
1761 1721 1988 1788 omnis
2046 1721 2158 1809 qui
2210 1719 2525 1796 mittitur,

980 1832 1064 1900 ab
1121 1830 1352 1923 aliquo
1393 1832 1724 1912 mittatur,
1760 1838 1827 1897 et
1853 1827 2059 1895 Pater
2114 1849 2252 1894 non
2308 1827 2528 1916 possit

978 1942 1063 2010 ab
1091 1943 1323 2033 aliquo
1395 1940 1597 2018 mitti,
1639 1938 1913 2006 videtur
1949 1937 2130 2029 quod
2188 1959 2326 2003 non
2376 1937 2533 2004 mit·

976 2058 1183 2118 tatur.

1070 2160 1136 2225 2.
1176 2157 1370 2235 ltem,
1432 2155 1855 2247 Augustinus
1918 2156 1990 2220 in
2058 2152 2229 2221 libro
2294 2152 2388 2219 lv
2444 2151 2531 2219 (le

986 2262 1344 2341 Trinitale,
1390 2269 1467 2329 ut
1493 2257 1803 2328 habitum
1835 2269 1936 2327 est
1987 2259 2233 2350 supra¹
2284 2281 2297 2325 :
2353 2258 2532 2325 Mitti

979 2378 1079 2436 est
1118 2368 1440 2460 cognosci
1480 2365 1663 2458 quod
1692 2366 1776 2435 ab
1818 2366 1952 2435 alio
1984 2368 2067 2433 sit
2115 2389 2130 2433 ε
2175 2367 2376 2433 Pater
2404 2386 2534 2432 au-

980 2485 1118 2545 tem
1151 2477 1237 2544 ab
1276 2477 1412 2545 alio
1444 2498 1589 2545 esse
1627 2497 1763 2544 non
1791 2475 2226 2561 cognoscitur
2292 2496 2307 2540 ε
2362 2494 2531 2560 ergo

983 2609 1121 2655 non
1154 2586 1468 2654 mittitur.

1074 2693 1207 2761 San
1237 2714 1459 2762 annuc
1494 2701 1730 2761 contra
1785 2691 1918 2760 hoc
1957 2692 2207 2782 opponi
2254 2697 2475 2781 potest
2509 2710 2528 2755 ε

1071 2807 1131 2872 1.
1169 2801 1347 2885 Quia
1365 2801 1550 2871 Patri
1581 2802 1971 2871 attribuitur
1998 2803 2339 2894 potentia:
2373 2823 2534 2869 cum

977 2934 1140 3004 crgo
1171 2910 1542 3003 potentiam
1565 2910 1811 2979 efficiat
1841 2912 1909 2978 in
1950 2908 2174 2990 nobis,
2229 2909 2372 3000 ipse
2408 2929 2548 2997 ve·-

977 3022 1074 3088 nit
1118 3021 1186 3087 in
1246 3041 1399 3098 nos,
1450 3018 1621 3085 sicut
1690 3015 1898 3084 Filius
1937 3038 2058 3108 per
2095 3017 2528 3107 sapientiam,

974 3137 1038 3197 et
1083 3126 1378 3220 Spiritus
1406 3133 1677 3197 sanctus
1743 3148 1865 3218 per
1899 3124 2323 3194 charitatem.

1064 3239 1128 3304 2.
1184 3234 1382 3316 Item,
1417 3234 1578 3303 llaec
1617 3233 2036 3316 conceditur,
2072 3242 2130 3303 et
2170 3232 2396 3302 habita
2428 3240 2532 3302 est

973 3329 1204 3438 supra,
1240 3343 1443 3413 Pater
1469 3349 1570 3412 est
1598 3367 1636 3411 a
1676 3345 1901 3435 seipso
1932 3366 1948 3411 ε
1984 3343 2355 3411 secundum
2397 3364 2527 3410 au·

976 3465 1111 3523 tem
1145 3453 1328 3545 quod
1368 3460 1467 3522 est
1497 3475 1536 3519 a
1574 3452 1822 3543 seipso,
1893 3450 2164 3520 videtur
2201 3453 2383 3542 quod
2457 3453 2528 3519 in

974 3561 1213 3630 eadem
1262 3559 1657 3629 habitudine
1713 3560 2216 3652 praepositionis
2283 3559 2528 3629 debeat

973 3667 1248 3737 concedi
1281 3666 1453 3752 baec,
1489 3665 1779 3736 Mittitur
1829 3690 1869 3735 a
1907 3668 2157 3758 seipso,
2208 3678 2272 3735 et
2324 3668 2530 3736 Pater

974 3777 1180 3845 mittit
1207 3777 1535 3868 seipsum.

1063 3885 1128 3953 3.
1189 3882 1387 3964 ltem,
1448 3884 1872 3973 Augustinus
1966 3884 2262 3976 probans
2336 3887 2522 3977 quod

974 3992 1268 4083 Spiritus
1306 4000 1580 4061 sanctus
1611 3994 1812 4060 mittit
1859 4016 1930 4062 se
1980 4002 2044 4062 et
2085 3995 2194 4061 dat
2225 4019 2321 4074 se,
2358 4018 2524 4088 pro-

969 4097 1082 4166 bat
1109 4097 1239 4167 boc
1283 4120 1299 4165 τ
1336 4099 1494 4191 quia
1525 4108 1624 4167 est
1661 4123 1803 4167 sum
1848 4103 2201 4191 potestatis
2235 4125 2250 4170 :
2286 4111 2349 4169 et
2389 4101 2521 4170 boc

969 4215 1068 4274 est
1091 4229 1294 4298 supra
1327 4204 1636 4276 habitum
1683 4209 1750 4277 in
1791 4209 2222 4279 distinctione
2261 4234 2523 4302 praece-

966 4316 1150 4384 denti
1195 4334 1385 4384 :non
1420 4325 1594 4384 esset
1641 4324 1869 4386 autem
1920 4342 2058 4386 sum
2134 4323 2515 4413 potestatis.

966 4425 1020 4491 si
1065 4445 1203 4492 non
1241 4433 1471 4515 posset
1503 4426 1768 4494 mittere
1807 4435 1871 4496 et
1902 4426 2062 4497 dare
2101 4452 2171 4497 se
2214 4450 2231 4500 ε
2275 4453 2438 4520 ergo
2477 4452 2516 4497 a

967 4527 1168 4595 simili
1205 4549 1341 4595 non
1381 4531 1506 4597 erit
1585 4528 1786 4598 l‘ater
1840 4555 1980 4600 sua*
2046 4537 2423 4626 potestatis,
2459 4536 2514 4602 si

966 4661 1107 4704 nnn
1137 4638 1350 4728 possit
1380 4639 1644 4706 mittere
1683 4651 1748 4709 et
1791 4642 1950 4710 dare
1981 4666 2052 4709 se
2087 4666 2102 4711 t
2148 4669 2300 4713 cum
2348 4667 2513 4735 ergo

963 4769 1234 4837 semper
1261 4767 1500 4814 omnes
1540 4769 1843 4838 persona*
1893 4750 2141 4819 fuerint
2192 4776 2328 4820 sua}
2384 4776 2516 4844 po-

966 4854 1246 4931 testatiS,
1280 4877 1551 4946 semper
1579 4868 1945 4948 potnerunt
1973 4862 2235 4929 mittere
2267 4887 2337 4931 se
2364 4886 2509 4931 om-

964 4985 1106 5041 nes,
1151 4970 1216 5029 et
1246 4961 1406 5032 dare
1435 4988 1533 5045 se,
1562 4974 1625 5032 et
1669 4968 1734 5032 in
1770 4965 2028 5050 Veteri,
2071 4979 2128 5035 et
2196 4971 2260 5037 in
2313 4970 2512 5040 Novo

960 5071 1421 5139 TestamentO.

1061 5285 1374 5357 Somno.
1439 5289 1825 5382 Suppositis
1893 5295 1997 5363 bis
2068 5321 2220 5388 quw
2308 5324 2514 5391 supra

965 5393 1412 5466 determinata
1450 5408 1607 5467 sunt
1637 5403 1686 5486 ³,
1741 5402 1935 5474 facile
1967 5414 2067 5473 est
2107 5409 2515 5500 respondere

1034 5657 1049 5692 ¹
1084 5653 1170 5712 Cf.
1213 5654 1424 5728 Supra,
1469 5656 1613 5712 Distss
1671 5660 1793 5716 XV.

1031 5741 1157 5800 ²Cf.
1194 5743 1404 5815 Supra,
1438 5741 1682 5802 Ibidem.

2640 528 2748 596 his
2778 527 3083 617 objectis.
3120 527 3428 595 Dicimus
3463 527 3669 605 enim,
3707 525 3891 617 quod
3920 546 4058 592 non
4091 534 4193 593 est

2642 636 2823 704 idem
2854 657 3204 726 apparere,
3250 644 3316 701 et
3354 635 3526 701 mitti
3563 657 3577 700 ε
3623 645 3687 701 et
3731 634 3902 702 bene
3942 655 4192 701 conce-

2641 746 2893 822 dimus,
2938 744 3123 835 quod
3172 743 3373 810 Pater
3422 746 3490 809 in
3539 743 3836 832 subjecta
3883 752 4189 836 creatura

2641 852 3212 942 apparerepotuit
3250 873 3371 940 per
3435 849 3884 917 ministerium
3942 850 4187 940 Angeli
4263 913 4267 918 .

2642 969 2707 1028 et
2737 983 2861 1049 per
2889 960 3216 1050 seipsum,
3252 966 3318 1025 et
3346 957 3566 1026 adhuc
3598 965 3817 1048 potest
3859 979 3875 1026 ε
3903 958 4020 1025 sed
4050 980 4186 1025 non

2637 1080 2863 1163 potest
2913 1073 3090 1140 mitti
3147 1079 3423 1162 propter
3472 1093 3707 1139 causas
3761 1092 3967 1160 supra
4014 1071 4190 1137 assi-

2636 1190 2878 1273 gnatas
2946 1181 3167 1271 :quia
3232 1181 3464 1248 missio
3532 1181 3802 1287 passixsa
3868 1183 4190 1270 supponit

2639 1291 3138 1379 congruitatem
3161 1290 3406 1366 nuntii,
3439 1296 3504 1356 et
3542 1289 3876 1357 rationem
3906 1291 3976 1356 in
4023 1287 4189 1357 sub-
4266 1301 4269 1304 “

2628 1401 2811 1489 jecto
2895 1423 2912 1467 ε
2973 1406 3039 1467 et
3104 1399 3218 1466 illa
3272 1401 3439 1466 ratio
3501 1408 3598 1466 est
3664 1397 3748 1465 ab
3810 1396 3943 1466 alio
4010 1420 4181 1476 esse,

2638 1507 2823 1597 quod
2854 1506 3039 1574 Patri
3090 1527 3231 1574 non
3262 1507 3587 1574 ‘convenit
3629 1528 3645 1573 ε
3682 1505 3830 1573 ideo
3864 1527 4184 1596 apparere

2639 1615 2883 1703 potuit,
2917 1614 3097 1680 mitti
3130 1621 3358 1680 autem
3400 1636 3533 1680 non
3566 1613 3807 1704 potuit.

2725 1721 2830 1788 An
2878 1742 3135 1788 ranam
3166 1743 3328 1811 ergo
3369 1720 3753 1798 dicendum,
3796 1720 3979 1812 quod
4029 1719 4184 1788 licet

2637 1828 3052 1920 ubicumque
3076 1838 3176 1897 est
3205 1831 3439 1897 missio
3485 1827 3795 1908 visibilis,
3852 1828 3924 1895 sit
3970 1851 4184 1920 appa-

2636 1939 2791 2006 ritio
2895 1937 3184 2028 alicujus
3279 1959 3583 2029 personae
3651 1937 3898 2006 visibili
3955 1939 4176 2029 sign0,

2635 2059 3037 2118 nontamen
3083 2049 3504 2118 convertitur
3544 2070 3559 2117 :
3606 2048 3765 2139 quia
3804 2049 4037 2118 missio
4085 2049 4187 2115 vi·

2636 2157 2850 2225 sibilis
2925 2157 3112 2225 addit
3188 2179 3392 2248 super
3459 2157 3952 2247 apparitionem
4018 2156 4180 2241 duo,

2634 2264 2891 2333 scilicet
2938 2265 3229 2334 existere
3281 2264 3364 2331 ab
3415 2264 3576 2342 ali0,
3627 2272 3692 2331 et
3721 2286 3840 2355 per
3884 2264 4181 2354 seipsum

2636 2376 2872 2444 adesse
2903 2375 3103 2444 aliter
3149 2376 3257 2444 vel
3298 2375 3378 2443 ad
3422 2374 3604 2442 aliud
3653 2397 3858 2466 quam
3907 2373 3993 2442 sit
4031 2374 4179 2442 ubi-

2637 2506 2770 2574 que
2828 2504 2845 2552 :
2913 2481 3047 2551 hoc
3083 2490 3315 2552 autem
3357 2505 3496 2550 non
3543 2481 3791 2574 legitur
3846 2483 3912 2550 in
3953 2481 4181 2551 Veteri

2629 2593 3100 2674 Testamento,
3160 2596 3336 2663 sicut
3394 2603 3624 2685 postea
3672 2593 3929 2684 patebit
3973 2595 4183 2687 :quia

2634 2725 2945 2793 personae
2985 2725 3124 2771 non
3157 2700 3476 2794 leguntur
3515 2724 3634 2793 per
3670 2702 3927 2794 seipsas
3974 2701 4178 2772 fuisso

2636 2811 2703 2879 in
2744 2797 2877 2879 illis
2905 2813 3121 2904 signis
3159 2833 3311 2904 quae
3341 2810 3779 2902 apparebant.

2724 2918 2828 2986 An
2866 2939 3061 2986 Antra
3091 2918 3479 2998 dicendum,
3524 2919 3703 3011 quod
3745 2920 3977 2988 missio
4025 2920 4174 2988 visi·

2633 3027 2789 3095 bilis
2863 3047 3004 3094 non
3079 3026 3435 3095 ordinatur
3516 3026 3599 3094 ad
3675 3049 4177 3119 quamcumque

2632 3135 3033 3204 missionem
3076 3134 3511 3217 invisibilem,
3554 3134 3672 3205 sed
3709 3134 4059 3205 ordinatur
4096 3131 4216 3203 ad'

2635 3243 3033 3312 missionem
3085 3243 3496 3313 invisibilem
3542 3266 3689 3335 quae
3736 3252 3835 3312 est
3890 3241 4181 3312 fundans

2632 3360 2701 3419 et
2729 3349 3044 3441 plantans
3075 3350 3448 3420 Ecclesiam
3492 3373 3509 3419 t
3545 3372 3681 3419 non
3721 3351 3904 3419 enim
3950 3350 4185 3420 visibi-

2632 3456 2715 3524 lis
2752 3479 3026 3550 semper
3085 3457 3411 3550 praecedit
3475 3457 3911 3537 invisibilem,
3973 3459 4177 3526 etiam

2635 3567 2702 3634 in
2735 3564 2933 3634 Novo
2967 3564 3405 3634 Testamento
3459 3589 3476 3636 t
3518 3566 3636 3634 sed
3682 3564 4042 3657 praecessit,
4103 3571 4177 3633 ut

2630 3672 3132 3764 significaretur
3177 3670 3591 3741 abundantia
3633 3673 3845 3764 copim
3888 3669 4179 3763 Spiritus

2628 3804 2778 3850 esse
2818 3780 3001 3872 apud
3071 3780 3221 3849 illos
3259 3780 3506 3873 quibus
3536 3779 3817 3849 visibilis
3847 3779 4019 3848 facta
4047 3789 4174 3858 est,

2634 3893 2726 3958 ita
2776 3898 2850 3959 ut
2895 3913 2983 3959 ex
3040 3891 3347 3981 ipsorum
3400 3890 3597 3981 copia
3655 3890 4054 3960 redundaret
4110 3890 4176 3957 in

2629 3998 3099 4068 fundationem
3119 4008 3185 4068 et
3216 3999 3704 4091 plantationem
3740 4000 4077 4069 Ecclesiae.

2721 4108 2824 4176 An
2879 4129 3079 4176 Attrn
3135 4107 3525 4185 dicendum,
3573 4107 3756 4199 quod
3814 4108 3981 4176 ratio
4027 4109 4170 4198 jam

2626 4216 2806 4285 dicta
2869 4224 2997 4301 est,
3057 4238 3269 4309 quare
3337 4216 3461 4284 boe
3510 4240 3648 4286 non
3713 4216 3956 4285 suflicit
4031 4239 4046 4283 τ
4106 4227 4171 4288 et

2625 4346 2837 4414 quare
2870 4324 3073 4391 Pater
3128 4346 3267 4393 non
3324 4326 3539 4414 potnit
3582 4322 3689 4390 vel
3757 4345 3895 4392 non
3952 4332 4169 4415 potest

2624 4434 2829 4502 mitti.

2714 4543 2817 4611 An
2857 4568 2922 4613 ιι)
2955 4552 3186 4613 autem
3218 4544 3393 4634 quod
3427 4542 3681 4631 objicit,
3716 4543 3899 4637 quod
3930 4545 4164 4617 missio

2622 4651 3017 4742 hujusmodi
3057 4650 3284 4719 debuit
3329 4651 3455 4719 diei
3496 4654 3827 4745 apparitio
3865 4653 4168 4744 angelica

2623 4764 2693 4830 in
2724 4761 2955 4830 Veteri
2984 4761 3419 4829 Testaniento
3469 4779 3486 4830 ε
3545 4760 3943 4846 Dicendum,
3985 4762 4166 4853 quod

2624 4873 2692 4939 in
2723 4872 3007 4938 veritate
3039 4868 3152 4937 illa
3173 4869 3424 4936 solutio
3457 4893 3660 4961 qnam
3706 4880 3964 4961 ponunt
4013 4873 4167 4962 qui-

2621 4981 2779 5047 dam
2803 5002 2941 5047 non
2980 4979 3227 5045 suflicit
3275 5000 3289 5045 :
3325 4979 3438 5045 sed
3472 4978 3581 5046 illa
3611 4987 3710 5046 est
3751 4980 3920 5047 ratio
3959 5003 4164 5071 quam

2620 5085 2945 5160 diximus.
2989 5087 3150 5177 quia
3183 5086 3355 5153 mitti
3411 5084 3591 5153 addit
3625 5108 3829 5176 super
3878 5110 4166 5179 appare-

2623 5219 2718 5272 re,
2770 5196 2943 5263 sicut
2984 5195 3242 5263 dictum
3275 5204 3398 5264 est.

2713 5304 2816 5370 An
2888 5327 3089 5371 Auro
3146 5300 3532 5384 dicendum,
3617 5303 3793 5395 quod
3860 5312 4163 5374 creatura

2624 5410 3102 5480 intellectualis
3167 5411 3410 5479 melius
3475 5411 3767 5479 ostendit
3833 5413 4165 5483 unitatem

2690 5660 2828 5735 ’βῆ
2862 5661 3071 5732 Supra,
3105 5659 3170 5716 ln
3204 5659 3497 5733 principio
3523 5659 3659 5717 dist.
3705 5660 3843 5717 xiv.

4043 349 4234 432 ,443³
4321 454 4323 457 Α

4290 1771 4369 1820 Ad
4402 1772 4442 1820 1.

4302 2955 4450 3004 Adi.

4287 4143 4366 4191 Ad
4399 4143 4442 4192 8.

4274 4583 4356 4631 Ad
4381 4587 4427 4633 G.

4275 5348 4347 5393 Ad
4385 5348 4435 5396 b.
