4897 6388
1987 342 2079 407 ΙΝ
2128 342 2155 409 l
2207 338 2921 412 SENTENT.„1JIST.
2972 340 3161 424 xlv,
3208 342 3280 409 C.
4174 349 4321 432 401.

1084 511 1193 605 lii,
1231 523 1306 587 et
1346 513 1678 612 Spiritus
1709 513 2024 606 saneti1,
2060 515 2454 609 ambigere
2488 536 2644 586 non
2673 513 3076 587 debemus.
3127 512 3298 609 lpse
3347 525 3463 587 est
3518 537 3699 611 ergo
3759 516 3890 611 qui
3947 517 4178 591 etiam
4209 517 4304 592 de

1082 651 1278 722 ooelo
1319 650 1544 724 datus
1574 660 1691 725 est
1730 649 1852 723 die
1897 651 2417 724 Pentecostes.
2459 647 2864 735 Quomodo
2906 671 3091 746 ergo
3133 649 3343 724 Deus
3386 674 3535 723 non
3572 661 3686 726 est
3715 652 3847 748 qui
3879 652 4006 725 dat
4055 651 4305 750 Spiri-

1085 793 1245 857 tum
1313 794 1696 877 sanctum,
1736 784 1887 858 imo
1921 795 2261 882 quantus
2300 793 2418 859 est
2456 784 2669 859 Deus
2710 783 2844 881 qui
2877 784 3006 858 dat
3029 784 3280 860 Deum
3308 785 3348 856 ‘3
3380 787 3572 860 Ecce
3605 786 3725 860 his
3754 785 4010 861 verbis
4040 796 4303 884 aperte

1081 918 1264 993 dicit
1295 917 1665 1016 Spiritum
1693 930 2047 994 sanctum
2091 920 2347 1017 ipsum
2389 919 2686 994 seilicet
2729 919 2979 994 Deum
3045 920 3211 994 dari
3265 920 3706 996 hominibus
3762 944 3808 995 a
3847 920 4098 1014 Patre,
4143 931 4220 996 et
4257 946 4303 997 a

1082 1053 1299 1127 Filio.
1349 1054 1441 1126 Et
1471 1054 1677 1150 quod
1707 1054 1870 1153 ipse
1912 1054 2243 1152 Spiritus
2285 1063 2629 1147 sanctus,
2667 1054 2799 1150 qui
2834 1053 3046 1129 Deus
3077 1065 3193 1130 est
3223 1079 3311 1129 ae
3341 1056 3563 1130 tertia
3604 1057 3680 1128 in
3710 1055 4073 1130 Trinitate
4120 1079 4303 1154 per-

1080 1185 1299 1281 sona,
1338 1186 1562 1262 nobis
1602 1187 1853 1282 detur,
1893 1188 2333 1286 nostrisque
2378 1187 2836 1262 infundatur
2877 1197 3110 1284 atque
3160 1189 3523 1262 illabatur
3573 1188 3984 1282 mentibus,
4037 1199 4298 1287 aperte

1078 1322 1413 1397 ostendit
1450 1322 1905 1398 Ambrosius
1933 1323 2011 1396 in
2057 1324 2251 1398 libro
2288 1324 2311 1396 1
2348 1323 2441 1398 de
2478 1321 2790 1421 Spiritu
2818 1330 3111 1417 sancte,
3148 1323 3456 1400 dicens:
3514 1324 3725 1400 Licet
3764 1323 3982 1398 multi
4024 1323 4296 1399 diean-

1081 1464 1205 1530 tur
1233 1455 1550 1555 spiritus
1594 1480 1610 1531 ε
1643 1456 1830 1554 quia
1869 1457 2175 1554 legitur,
2227 1454 2382 1546 Qui
2403 1455 2606 1554 sacis
2634 1455 2980 1553 Anyelos
3008 1480 3187 1531 suos
3214 1458 3532 1555 spiritus
3552 1450 3576 1485 ²
3608 1480 3624 1531 ε
3661 1480 3866 1532 unus
3895 1466 4011 1532 est
4040 1465 4297 1533 tamen

1076 1591 1215 1666 Dei
1257 1591 1618 1690 Spiritus,
1658 1593 1917 1691 Ipsum
1961 1616 2144 1690 ergo
2181 1617 2428 1666 unum
2470 1591 2843 1690 Spiritum
2892 1601 2967 1666 et
2994 1593 3437 1690 Apostoliet
3464 1594 3870 1692 Prophetae
3901 1603 4083 1668 sunt
4121 1617 4296 1667 con-

1072 1705 1314 1800 secuti
1352 1725 1852 1802 :sicutetiam
1898 1752 2033 1802 vas
2075 1726 2478 1802 electionis
2513 1725 2724 1820 dicit,
2776 1724 2977 1813 Quia
3039 1730 3280 1800 unum
3338 1726 3707 1826 Spiritum
3766 1726 4292 1827 potavimus⁸t

1072 1860 1294 1960 quasi
1338 1886 1519 1936 eum
1553 1862 1872 1960 quinon
1916 1873 2150 1961 queat
2179 1861 2459 1953 scindi,
2486 1861 2622 1937 sed
2657 1859 3115 1937 infundatur
3153 1863 3460 1968 animis,
3493 1875 3568 1940 et
3622 1863 3980 1939 sensibus
4032 1862 4297 1938 illaba-

1077 2007 1227 2090 tur,
1258 2003 1345 2069 ut
1372 1995 1771 2071 saecularis
1810 1996 1978 2070 sitis
2041 1996 2467 2093 restinguat
2526 1994 2885 2070 ardorem
2934 2019 2951 2070 ε
3016 1975 3149 2093 qui
3208 1997 3542 2094 Spiritus
3595 2007 3909 2072 sanetus
3959 2020 4116 2071 non
4180 2004 4298 2070 est

1077 2130 1172 2204 de
1236 2131 1670 2206 substantia
1727 2154 1987 2207 rerum
2045 2100 2800 2229 corporalium‚‘11ec
2848 2131 2944 2206 de
2984 2131 3417 2206 substantia
3468 2130 3939 2207 invisibilum
3990 2140 4294 2206 creatu·

1079 2288 1343 2339 rarum
1376 2282 1427 2339 ⁸.
1467 2265 1606 2340 llis
1645 2265 1904 2341 verbis
1933 2277 2195 2365 aperte
2224 2264 2407 2340 dicit
2446 2264 2820 2366 Spiritum
2856 2273 3213 2340 sanctum
3262 2266 3541 2364 ipsum,
3577 2265 3709 2364 qui
3748 2274 4097 2341 ereatura
4138 2288 4293 2340 non

1073 2413 1216 2493 est,
1244 2401 1544 2477 infundi
1579 2402 1970 2479 mentibus
2010 2402 2320 2478 nostris.
2358 2402 2581 2497 Item,
2629 2401 2708 2476 in
2771 2401 3046 2478 eodem
3094 2425 3111 2477 z
3158 2401 3426 2477 Omnis
3492 2411 3842 2478 creatura
3902 2398 4289 2476 mutabilis

1066 2546 1210 2631 ost,
1244 2536 1379 2612 sod
1443 2560 1596 2611 non
1659 2537 2053 2613 mutabilis
2083 2537 2418 2637 Spiritus
2477 2545 2823 2612 sanctus.
2870 2536 3074 2625 Quid
3105 2548 3363 2614 autem
3396 2538 3649 2615 dicere
3679 2538 4049 2632 dubitem,
4101 2536 4288 2635 quia

1065 2672 1293 2746 (latus
1339 2681 1456 2747 est
1523 2681 1594 2745 et
1672 2671 2008 2772 Spiritus
2059 2683 2402 2765 sanc-tus,
2466 2696 2644 2746 cum
2715 2670 3090 2770 seriptum
3149 2671 3291 2746 sil:
3360 2673 3711 2749 Charitas
3770 2672 3927 2747 Dei
3984 2669 4291 2770 diffie-sa

1055 2811 1167 2879 est
1232 2805 1313 2879 in
1352 2804 1712 2881 cordibus
1778 2807 2062 2883 nostris
2100 2830 2254 2905 per
2298 2805 2693 2906 Spiritemt
2755 2813 3139 2902 sanctum,
3182 2807 3320 2906 qni
3358 2807 3580 2883 datus
3618 2814 3728 2883 est
3778 2803 3995 2881 nobis
4031 2809 4079 2877 ⁸.
4126 2801 4307 2893 Qui'

1052 2968 1230 3018 cum
1273 2943 1374 3017 sit
1423 2943 1980 3020 inaccessibilis
2033 2955 2336 3040 natura,
2396 2943 2872 3044 receptibilis
2935 2953 3192 3020 tamen
3252 2957 3564 3043 propter
3612 2944 4027 3020 bonitatem
4067 2965 4291 3019 suam

1075 3077 1300 3152 nobis
1344 3089 1483 3164 est,
1525 3081 1926 3178 complens
1993 3080 2277 3155 virtute
2317 3080 2583 3154 onmia
2628 3102 2647 3156 ε
2683 3079 2819 3156 sed
2869 3079 3005 3179 qui
3045 3079 3234 3156 solis
3255 3080 3750 3179 participetur
3777 3078 4035 3177 justis,
4104 3076 4285 3154 sim-

1074 3213 1245 3312 plex
1285 3213 1746 3311 substantia,
1799 3217 2132 3314 opulens
2174 3214 2619 3310 virtutibuS,
2678 3214 3107 3313 unicuique
3168 3239 3539 3315 praesens,
3591 3214 3941 3291 dividens
3996 3213 4090 3291 de
4150 3236 4294 3289 suo

1070 3348 1403 3446 singulis
1439 3368 1493 3444 ⁴,
1537 3361 1614 3426 et
1647 3350 1932 3450 ubique
1979 3361 2207 3427 lotus.
2282 3349 3013 3451 incircumscriptus
3052 3375 3239 3451 ergo
3295 3360 3372 3427 et
3419 3349 3769 3427 infinitus
3813 3360 3929 3426 est
3957 3348 4292 3450 Spiritus

1066 3493 1412 3579 sauctus,
1447 3484 1582 3582 qui
1623 3483 2183 3583 discipulorum
2216 3510 2499 3561 sensus
2528 3495 3067 3585 separatorum
3111 3484 3474 3581 infundit,
3517 3508 3748 3587 quem
3808 3482 4000 3560 nihil
4041 3490 4292 3584 potest

1066 3619 1358 3694 fallere.
1406 3619 1680 3716 Angeli
1719 3619 1813 3695 ad
1844 3643 2136 3719 paucos
2176 3620 2714 3715 mittebantur,
2758 3619 3100 3720 Spiritus
3137 3629 3455 3697 sanctus
3502 3632 3758 3697 autem
3822 3618 4130 3719 populis
4176 3617 4304 3693 in-

1065 3752 1565 3829 fundebatur.
1612 3752 1803 3842 Quis
1840 3777 2026 3852 ergo
2059 3754 2357 3831 dubitet
2396 3752 2589 3853 quin
2632 3752 2989 3830 divinum
3031 3754 3131 3830 sit
3169 3753 3378 3856 quod
3410 3753 3845 3830 infunditur
3871 3751 4103 3830 simul
4134 3753 4303 3852 plu·

1075 3887 1316 3978 ribus,
1361 3912 1503 3963 nec
1537 3888 1843 3965 videtur
1874 3889 1917 3963 ⁰?
1960 3888 2181 3965 Unus
2219 3901 2335 3966 est
2376 3914 2563 3989 ergo
2590 3887 2929 3989 Spiritus
2951 3897 3297 3984 sanctus,
3332 3889 3466 3990 qui
3497 3889 3721 3965 datus
3745 3897 3858 3965 est
3899 3886 4297 3981 omnibuS,

1073 4024 1244 4097 licet
1300 4023 1676 4122 separatis
1724 4018 2192 4123 Apostolis⁷.
2237 4027 2325 4100 l⁴2t
2387 4024 2510 4099 nic
2566 4034 2831 4125 aperte
2902 4024 3088 4099 dicit
3145 4024 3636 4119 Ambrosius,
3701 4022 3908 4123 quod
3967 4020 4305 4122 Spiritus

1066 4167 1388 4232 sanctus
1441 4158 1572 4257 qui
1627 4170 1742 4233 est
1806 4160 2239 4233 substantia
2297 4158 2657 4258 simplex,
2719 4184 2896 4234 cum
2959 4158 3059 4234 sit
3129 4183 3360 4252 unuS,
3405 4158 3634 4234 datur
3692 4157 4069 4258 pluribus.
4129 4156 4302 4233 Alia

1068 4319 1380 4393 quoque
1413 4296 1868 4370 auctoritate
1901 4297 2043 4369 nm·
2090 4296 2287 4371 idom
2324 4295 2780 4383 adstruitur,
2843 4296 3141 4371 scilicet
3171 4296 3378 4396 quod
3450 4296 3783 4395 Spiritus
3820 4304 4136 4370 sanctus
4164 4291 4297 4391 qui

1063 4444 1174 4505 ost
1209 4432 1539 4531 wqunlis
1596 4433 1814 4519 Filio,
1856 4433 2305 4508 bominibus
2334 4434 2589 4509 detur.
2635 4433 2758 4509 Ait
2812 4432 3025 4509 enim
3066 4433 3550 4530 Augustinus
3586 4456 3613 4493 ⁸
3663 4431 3756 4509 de
3787 4430 4042 4508 verbis
4098 4434 4302 4531 Apo-

1064 4566 1237 4641 stoli
1280 4565 1421 4661 sir,
1461 4566 1819 4642 Charitas
1851 4567 2008 4643 Dei
2032 4567 2323 4664 diffitsa
2345 4568 2564 4644 estin
2602 4565 2965 4644 cordibus
2991 4568 3277 4644 uostris
3304 4591 3454 4667 per
3491 4566 3874 4666 Spiritum
3917 4571 4295 4659 sanctum,

1141 4958 1158 4991 ¹
1195 4957 1401 5014 Mattln.
1442 4976 1640 5029 xxvtn,
1675 4964 1779 5017 ¹9:
1816 4961 2013 5016 Euntes
2050 4979 2204 5031 erqo,
2245 4961 2434 5017 docete
2484 4977 2671 5018 omnes
2700 4966 2909 5033 ventes,
2959 4960 3303 5032 baptizantes
3348 4976 3437 5017 eos
3463 4962 3522 5015 in
3551 4959 3777 5016 nomine
3823 4960 4024 5026 Patris,
4052 4964 4105 5015 et
4133 4956 4292 5041 Petit,

1063 5052 1118 5100 et
1147 5045 1393 5117 Spiritus
1414 5053 1612 5106 sancti.

1137 5136 1160 5170 ²
1184 5135 1342 5194 Psnl.
1376 5154 1501 5210 (zm,
1530 5141 1584 5196 4.

1129 5223 1154 5256 ³
1185 5226 1209 5279 1
1239 5226 1313 5281 ad
1343 5227 1746 5298 Corinthiun,
1780 5232 1844 5285 ¹3
1876 5246 1890 5287 ε
1941 5234 2135 5287 omnes
2177 5231 2236 5286 in
2265 5246 2376 5287 ιυιο
2407 5229 2635 5303 Spiritu
2654 5228 2847 5303 potati
2867 5247 3080 5288 sumus.

1127 5316 1150 5349 ⁴
1179 5315 1239 5372 S.
1291 5319 1635 5390 Αιιηιοειυε,
1670 5319 1793 5377 Lib.
1827 5321 1847 5376 1
1879 5320 1953 5377 de
1983 5320 2205 5392 Spiritu
2245 5325 2481 5389 sancto,
2510 5338 2645 5395 cup.
2667 5320 2722 5376 ⁴.

1124 5402 1150 5436 ⁵
1176 5404 1262 5460 Ad
1297 5406 1546 5464 Roman.
1577 5426 1634 5476 v,
1667 5413 1724 5466 5.

1126 5493 1151 5528 ⁴
1189 5493 1307 5550 lael
1338 5495 1606 5554 Corinth.
1642 5517 1739 5565 xn,
1776 5503 1829 5554 ll
1872 5516 1886 5555 ε
1929 5500 2193 5557 Dii-Mens
2218 5499 2459 5571 sinqutis
2479 5506 2654 5572 prout
2682 5502 2825 5558 vult.

1122 5580 1148 5615 ⁷
1179 5586 1237 5639 S.
1273 5588 1613 5656 Αιιικοειεε,
1646 5589 1771 5645 Lib.
1819 5591 1839 5644 Ι
1871 5590 1944 5646 de
1977 5591 2200 5663 Spiritu
2231 5597 2463 5659 sancto,
2494 5607 2627 5664 cap.
2662 5593 2717 5647 4.

1129 5674 1154 5704 ’⁴
1184 5673 1242 5728 S.
1274 5679 1649 5748 Auocsriscs,
1682 5680 1868 5735 Serm.
1899 5681 1992 5735 4³.

1349 5810 1461 5848 xxv
3943 5799 4011 5853 20
