4897 6388
432 1408 632 1457 solutio.

732 253 867 320 560
1763 253 1849 321 D.
1891 254 2090 320 ALB.
2136 250 2354 319 MAG.
2409 248 2637 324 ORD.
2669 247 2968 315 PRAED.

734 441 896 510 ergo
928 409 1155 510 plures
1189 394 1442 489 Patres,
1486 430 1644 489 sunt
1685 421 1893 505 DeuS,
1927 407 2297 516 vel-fater
2405 443 2568 510 ergo
2635 418 2820 486 idem
2887 424 3011 495 est,
3074 409 3278 482 Pater
3345 423 3458 499 est,
3501 415 3686 482 solus
3744 415 3951 484 Deus,

729 549 874 622 non
906 536 1004 596 est
1035 528 1218 596 Deus
1251 552 1266 594 ;
1305 531 1464 620 quia
1511 532 1569 597 si
1620 530 1734 597 illa
1791 540 1892 598 est
1931 538 2294 608 vera,‘non
2401 526 2587 619 quod
2624 527 2826 594 Pater
2873 533 2977 593 est
3005 523 3350 592 solitarius
3380 523 3616 615 Deus:
3661 522 3807 590 haec
3834 547 3949 590 au-

731 635 921 703 solus
951 637 1154 705 Pater
1198 646 1300 706 est
1354 638 1565 722 Deu5‚
1640 642 1860 730 gratia
1898 640 2174 708 alterius
2206 641 2291 708 il-
2398 641 2537 702 tem
2568 640 2670 700 est
2709 631 2901 715 falsa,
2939 641 3013 699 ut
3064 653 3270 721 supra
3316 630 3789 698 determinavit
3824 630 3952 696 Hi·-

729 741 949 810 larum
982 744 1390 825 verificatur,
1427 746 1684 814 scilicet
1724 748 1883 836 quia
1924 756 2041 815 aut
2063 747 2291 836 plures

726 860 952 940 patres
975 858 1134 920 sunt
1161 852 1372 933 Deus,
1395 850 1505 920 vel
1536 853 1742 920 Pater
1769 875 1908 920 non
1926 862 2040 921 'est
2061 854 2241 921 Deus
2267 875 2282 918 :

727 961 1006 1050 negatio
1038 961 1219 1028 enim
1250 982 1385 1027 non
1416 968 1644 1050 potest
1673 962 2004 1050 respicere
2038 962 2290 1050 praedi-

728 1076 956 1135 catum
997 1068 1411 1135 removendo
1445 1073 1485 1135 a
1523 1067 1856 1157 subjecto,
1903 1069 2031 1135 nisi
2071 1070 2289 1158 gratia

730 1172 1238 1263 implicationis,
1281 1174 1390 1241 vel
1430 1175 1650 1268 gratia
1688 1175 2058 1264 praedicati.

821 1383 1131 1454 Somno.
1191 1386 1597 1466 Dicendum,
1634 1389 1818 1478 quod
1882 1387 2052 1473 haec,
2097 1389 2283 1457 solus

727 1490 931 1558 Pater
959 1500 1060 1559 est
1086 1491 1294 1573 DeuS‚
1330 1501 1430 1560 est
1466 1493 1739 1584 duplex,
1777 1493 2038 1564 scilicet
2059 1519 2143 1563 ex
2168 1518 2274 1581 eo,

725 1600 909 1689 quod
937 1603 1207 1691 negatio
1266 1610 1492 1692 potest
1545 1603 1780 1672 sistere
1819 1607 1889 1672 in
1945 1604 2277 1693 subj00t0‚

721 1708 830 1777 vel
868 1711 939 1777 in
996 1712 1506 1801 comparatione
1563 1712 1650 1780 ad
1700 1713 2158 1804 praedieatum.
2202 1712 2277 1780 Si

720 1814 972 1883 feratur
1001 1817 1085 1885 ad
1115 1818 1497 1906 subjectum
1529 1821 1600 1885 in
1656 1823 2159 1911 comparatione
2190 1820 2274 1888 ad

715 1923 1186 2012 praedicatum,
1230 1924 1403 1993 falsa
1456 1933 1558 1994 est
1620 1926 1926 1996 locutio:
1972 1929 2133 2019 quia
2177 1931 2274 1996 sic

714 2030 1010 2099 excludit
1041 2030 1209 2100 alias
1272 2055 1598 2123 personas
1648 2056 1687 2101 a
1755 2035 2270 2126 participatione

710 2136 1078 2225 praedicati.
1144 2136 1220 2205 Si
1273 2147 1501 2207 autem
1559 2138 1751 2207 sistat
1833 2142 1903 2208 in
1963 2141 2265 2231 subjecto

708 2243 1042 2325 absolute,
1078 2244 1300 2316 adliuc
1327 2255 1429 2315 est
1466 2246 1716 2338 duplex
1772 2248 2025 2316 scilicet
2069 2271 2153 2316 ex
2182 2272 2263 2317 eo

704 2351 891 2441 quod
945 2359 1169 2443 potest
1217 2362 1455 2422 notare
1510 2353 2049 2445 implicationem
2089 2355 2262 2424 soli-

703 2457 959 2527 tudinis
996 2460 1504 2552 circasPatrem,
1539 2471 1607 2530 et
1653 2463 1753 2532 sic
1798 2463 2043 2531 iterum
2094 2462 2260 2531 falsa

701 2574 804 2634 est
845 2588 862 2635 :
906 2566 1016 2636 vel
1047 2574 1269 2659 potest
1298 2578 1535 2638 notare
1582 2569 2049 2640 exclusionem
2089 2570 2256 2639 alia·

700 2694 854 2740 rum
893 2697 1339 2764 personarum
1397 2699 1437 2744 a
1466 2678 1984 2771 participatione
2022 2677 2258 2749 formae

700 2779 1011 2868 subjecti,
1052 2790 1123 2851 et
1185 2782 1283 2851 sic
1335 2805 1500 2852 vera
1555 2793 1680 2863 est,
1743 2793 1810 2854 et
1866 2783 1999 2854 hoc
2047 2784 2255 2854 modo

699 2886 1050 2978 probatur.

787 2995 874 3065 Et
900 3020 1023 3089 per
1050 2996 1183 3067 hoc
1209 3006 1397 3089 patet
1423 2997 1675 3068 solutio
1705 2999 1792 3068 ad
1831 3007 2078 3070 totum.

1145 3425 1649 3500 ARTICULUS
1679 3431 1801 3501 111.

695 3640 803 3707 An
839 3641 969 3709 ista
995 3644 1087 3710 sit
1126 3666 1309 3727 vera,
1340 3648 1554 3715 Pater
1587 3658 1686 3716 est
1710 3652 1903 3721 solus
1939 3656 2149 3735 Πρω,
2183 3667 2247 3723 el

845 3754 1004 3834 ista,
1047 3759 1262 3826 Pater
1284 3769 1383 3827 est
1411 3783 1590 3829 unus
1612 3765 1804 3832 solus
1842 3768 2027 3835 Deus
2061 3767 2102 3835 ?

785 4074 1042 4143 Deinde
1086 4079 1412 4168 quaeritur
1466 4080 1549 4149 de
1606 4084 1730 4151 ista
1785 4108 1988 4177 quam
2023 4091 2237 4179 ponit,

692 4182 968 4263 ibidem,
1014 4183 1093 4261 Β,
1139 4210 1173 4250 ι
1216 4188 1427 4255 Pater
1452 4199 1550 4257 est
1573 4189 1766 4259 solus
1804 4197 2011 4273 DeuS,
2038 4207 2163 4265 etc.
2203 4226 2234 4263 ι

778 4288 861 4356 Et
891 4289 1048 4358 dicit
1081 4291 1149 4357 in
1191 4294 1477 4372 Littera,
1512 4297 1696 4387 quod
1734 4303 1789 4367 si
1826 4300 2018 4369 solus
2046 4306 2131 4371 sit
2172 4308 2238 4372 in

689 4402 875 4485 parte
972 4397 1333 4487 praedicati,
1429 4402 1706 4492 quidam
1811 4409 2223 4488 concedunt,

686 4501 872 4593 quod
900 4503 1105 4573 Pater
1141 4515 1239 4575 est
1265 4507 1452 4577 solus
1492 4509 1698 4580 Deus.

780 4610 928 4680 lloc
961 4612 1233 4682 videtur
1271 4616 1759 4688 inconveniens
1792 4642 1809 4688 ε

781 4721 839 4787 1.
879 4720 1049 4789 Cum
1082 4724 1262 4791 enim
1296 4724 1364 4814 ly
1391 4727 1585 4794 solus
1639 4728 1815 4797 dicat
1845 4734 2236 4801 associatio·

689 4828 795 4894 nis
860 4829 1336 4918 privationem,
1397 4856 1536 4902 non
1617 4837 1885 4905 videtur
1965 4844 2238 4932 proprie

686 4935 848 5025 poni
889 4935 1067 5005 circa
1108 4941 1473 5008 terminum
1543 4964 1979 5015 communem
2014 4968 2030 5017 ε
2074 4973 2236 5040 ergo

686 5040 856 5128 nihil
921 5052 1020 5112 est
1096 5045 1302 5127 dictu,
1366 5047 1572 5119 Pater
1614 5061 1714 5120 est
1771 5053 1957 5125 solus
1998 5055 2230 5126 Deus:

685 5151 857 5218 sicut
904 5150 1071 5220 nihil
1102 5163 1203 5231 est
1242 5156 1451 5234 dictu,
1525 5156 1843 5230 Socrates
1897 5172 2000 5232 est
2048 5166 2235 5234 solus

685 5255 922 5328 homo.

771 5369 836 5434 2.
881 5366 1074 5452 Item,
1113 5371 1184 5439 Si
1215 5372 1285 5463 ly
1320 5373 1512 5442 solus
1567 5376 1653 5444 sit
1711 5378 1780 5445 in
1835 5381 2227 5471 praedicatO,

685 5472 809 5539 erit
846 5473 1250 5563 adjectivum
1309 5477 1515 5569 hujus
1562 5485 1866 5567 termini,
1907 5489 2117 5564 Deus,
2162 5496 2228 5555 et

683 5579 781 5647 sic
818 5581 1080 5651 notabit
1141 5585 1659 5658 similitudinem
1706 5593 1883 5662 circa
1938 5596 2159 5686 ipsum
2205 5619 2220 5663 ε

2406 739 2663 808 larius:
2711 763 2873 830 ergo
2917 747 2983 807 et
3020 738 3170 807 haec
3208 747 3309 806 est
3373 737 3563 818 falsa,
3606 737 3806 805 Pater
3851 747 3950 807 est

2397 848 2584 916 solus
2623 848 2831 916 DeuS.

2487 956 2550 1023 3.
2596 953 2794 1033 Item,
2839 953 3061 1022 Dictio
3103 954 3475 1032 exclusiva,
3515 954 3728 1039 soluS,
3780 954 3948 1021 diei-

2393 1070 2505 1129 tur
2535 1062 2805 1130 differre
2833 1063 2916 1130 ab
2948 1062 3078 1130 hac
3117 1061 3411 1130 dictione
3461 1071 3754 1140 tantum,
3791 1085 3942 1153 quae

2390 1171 2595 1238 etiam
2644 1179 2837 1238 notat
2885 1169 3352 1239 exclusionem
3394 1171 3459 1236 in
3486 1169 3775 1253 duobus,
3817 1173 3942 1239 sci·

2388 1278 2545 1347 licet
2574 1278 2761 1370 quod
2788 1288 3063 1347 tantum
3101 1288 3325 1369 potest
3383 1278 3658 1369 adjungi
3706 1280 3942 1347 termi-

2389 1409 2477 1453 no
2518 1390 2895 1469 communi,
2950 1387 3145 1454 solus
3182 1395 3410 1454 autem
3449 1385 3819 1477 singulari:
3874 1395 3939 1455 et

2389 1493 2573 1582 quod
2602 1503 2875 1561 tuntum
2932 1501 3129 1561 notat
3182 1492 3726 1582 adaequationem
3764 1516 3933 1584 prae-

2385 1599 2587 1669 dicati
2627 1624 2781 1670 cum
2814 1601 3148 1693 subjecto,
3190 1601 3381 1668 solus
3435 1608 3662 1670 autem
3719 1604 3938 1693 priva·

2380 1707 2643 1777 tionem
2675 1708 3149 1778 associationis
3192 1731 3207 1777 :
3246 1732 3406 1799 ergo
3429 1708 3718 1782 videtur.
3753 1707 3935 1799 quod

2380 1836 2521 1882 non
2550 1816 2765 1905 possit
2812 1813 2961 1882 haec
2999 1815 3234 1904 recipi,
3296 1814 3500 1882 Pater
3578 1823 3677 1881 est
3750 1813 3935 1882 solus

2376 1921 2588 2007 Deus,
2632 1924 2761 1991 nisi
2792 1923 2862 2015 ly
2908 1923 3107 1991 solus
3138 1930 3405 1989 tantum
3451 1922 3674 1991 valeat
3713 1944 3935 2014 quan-

2373 2036 2521 2097 tum
2579 2029 2808 2099 solum
2876 2029 3362 2099 adverbialiter
3442 2039 3813 2122 sumptum,
3855 2039 3931 2098 ut

2372 2136 2461 2203 sit
2487 2126 2751 2217 sensuS,
2790 2137 2997 2205 Pater
3024 2145 3130 2205 est
3177 2136 3364 2205 solus
3409 2136 3614 2217 Deus,
3681 2136 3750 2204 id
3797 2145 3925 2217 est,

2370 2243 2594 2311 solum
2633 2244 2845 2326 DeuS,
2879 2243 3014 2313 hoc
3042 2252 3173 2326 est,
3209 2253 3471 2312 tantum
3511 2244 3696 2313 Deus
3741 2268 3756 2311 ε
3809 2243 3926 2312 sed

2368 2348 2513 2419 haec
2534 2360 2632 2419 est
2654 2351 3067 2435 vera,Pater
3084 2360 3186 2420 est
3211 2360 3472 2419 tantum
3498 2351 3678 2420 Deus
3712 2376 3728 2418 :
3763 2374 3923 2443 ergo

2368 2465 2433 2525 et
2462 2455 2628 2536 haec,
2691 2459 2895 2528 Pater
2932 2467 3035 2529 est
3070 2459 3258 2528 solus
3300 2459 3481 2527 Deus
3516 2482 3531 2525 ε
3595 2470 3659 2526 et
3691 2466 3915 2527 tamen

2366 2565 2693 2658 Magister
2731 2577 2936 2661 negat
2972 2590 3126 2636 eam
3170 2569 3240 2636 in
3275 2569 3560 2635 Littera.

2448 2673 2515 2745 4.
2550 2675 2911 2756 Praeterea,
2944 2675 3273 2767 Magister
3309 2676 3377 2742 in
3403 2676 3664 2743 Littera
3735 2674 3921 2744 vide-

2360 2787 2474 2849 tur
2500 2782 2746 2864 dicere,
2790 2783 2975 2874 quod
3024 2783 3231 2852 dictio
3289 2782 3633 2851 exclusiva
3682 2783 3767 2849 sit
3797 2783 3921 2850 ad-

2352 2888 2684 2976 jectivum
2725 2890 3100 2981 praedicati,
3153 2899 3219 2959 et
3262 2892 3541 2979 exponit
3587 2912 3709 2980 per
3768 2914 3921 2959 mo-

2361 2996 2525 3065 dum
2566 2996 2759 3065 illum
2816 3020 2955 3090 quo
3020 3006 3126 3066 est
3162 2998 3573 3088 adjectivum
3630 2996 3912 3086 subjecti

2357 3104 2480 3188 sic,
2524 3103 2727 3173 Pater
2762 3112 2865 3173 est
2894 3103 3084 3173 solus
3114 3104 3320 3182 DeuS,
3369 3115 3432 3172 et
3473 3126 3610 3173 non
3667 3103 3840 3172 alius
3876 3127 3916 3172 a

2359 3214 2560 3284 Patre
2599 3225 2701 3284 est
2758 3214 2946 3284 Deus
3004 3238 3023 3284 ε
3083 3216 3182 3285 sic
3238 3216 3422 3283 enim
3474 3223 3683 3306 patet,
3726 3217 3909 3307 quod

2358 3319 2661 3390 exclusio
2717 3330 2999 3390 notatur
3077 3322 3218 3391 fieri
3296 3323 3471 3390 circa
3536 3320 3913 3411 subjectum

2355 3427 2425 3495 in
2484 3429 3000 3520 comparatione
3068 3428 3153 3496 ad
3204 3427 3641 3520 praedicatum
3690 3450 3911 3520 :ergo

2354 3536 2535 3607 male
2574 3538 2857 3629 exponit
2891 3558 2908 3607 ε
2943 3537 3106 3628 quia
3135 3537 3559 3628 Augustinus
3597 3536 3904 3613 intendit,

2357 3645 2541 3737 quod
2579 3646 2779 3716 cadat
2815 3648 2885 3714 in
2942 3646 3280 3737 subjecto,
3327 3654 3401 3713 ut
3445 3654 3622 3736 patet
3678 3646 3747 3713 in
3784 3669 3907 3714 ex-

2352 3756 2720 3848 positione,
2778 3766 2847 3825 et
2878 3757 3023 3848 ipse
3062 3756 3222 3825 dicit
3273 3756 3455 3848 quod
3525 3758 3593 3825 in
3662 3756 3907 3848 praedi·

2351 3872 2529 3933 cato.

2445 4080 2776 4149 Unam-s
2814 4082 3148 4173 quaeritur
3194 4082 3276 4150 de
3335 4083 3482 4163 hac,
3552 4083 3754 4152 Pater
3806 4095 3903 4153 est

2353 4212 2529 4257 unus
2559 4190 2746 4257 solus
2777 4190 2989 4274 Deus,
3018 4200 3249 4258 utrum
3290 4190 3357 4282 ly
3389 4194 3573 4259 Deus
3603 4199 3908 4260 teneatur

2350 4296 2827 4378 essentialiter,
2859 4295 2968 4365 vel
3002 4297 3454 4389 personaliter
3482 4302 3518 4365 ἱ)
3561 4299 3634 4365 Si
3673 4323 3906 4367 essen-

2353 4402 2630 4482 tialiter,
2663 4414 2826 4472 tunc
2856 4413 2957 4473 est
2992 4428 3260 4485 sensu3‚
3295 4428 3471 4473 unus
3510 4405 3696 4473 solus
3728 4406 3908 4475 Deus

2350 4513 2599 4604 estqui
2632 4520 2732 4580 est
2768 4512 2969 4582 l‘ater
3010 4536 3026 4580 :
3080 4524 3316 4582 contra
3357 4512 3485 4582 hoc
3515 4515 3694 4605 quod
3748 4514 3906 4582 dicit

2349 4617 2679 4693 Hilarius.
2713 4619 2895 4712 quod
2946 4620 3147 4688 nobis
3177 4621 3522 4690 solitarius
3554 4620 3730 4689 Deus
3769 4644 3905 4689 non

2349 4736 2451 4795 est
2481 4728 2936 4799 confitendus.
3000 4728 3074 4797 Si
3122 4741 3348 4798 autem
3411 4729 3899 4820 personaliter:

2348 4845 2512 4905 tunc
2578 4861 2819 4906 sensus
2878 4848 3004 4919 est,
3068 4862 3203 4907 una
3269 4839 3414 4908 sola
3462 4863 3747 4931 persona
3803 4851 3903 4911 est

2345 4968 2499 5036 quae
2531 4956 2632 5015 est
2685 4947 2885 5015 Pater
2935 4965 2952 5016 ε
3008 4956 3075 5015 et
3142 4946 3271 5015 hoc
3320 4970 3591 5039 quoque
3655 4948 3897 5018 falsum

2345 5060 2472 5132 est,
2507 5054 2666 5143 quia
2695 5053 2926 5145 plures
2952 5077 3266 5146 persona.»
3297 5064 3476 5123 sunt.

2434 5269 2747 5337 Somnio.
2784 5269 2890 5336 Ad
2928 5268 3061 5338 hoc
3087 5269 3474 5354 dicendum,
3516 5271 3698 5362 quod
3738 5295 3890 5341 cum

2341 5373 2610 5455 dicitur,
2649 5375 2849 5444 Pater
2884 5385 2987 5446 est
3015 5377 3205 5445 solus
3234 5376 3442 5458 θυαε,
3503 5378 3754 5449 locutio
3792 5392 3890 5450 est

2341 5487 2586 5577 duplex
2619 5512 2702 5556 ex
2738 5511 2819 5556 eo
2878 5484 3063 5577 quod
3128 5484 3198 5575 ly
3269 5485 3461 5553 solus
3500 5496 3890 5578 potestesse

2338 5595 2677 5683 adjectum
2698 5593 2983 5686 subjecti
3013 5614 3028 5659 ε
3056 5601 3119 5660 et
3152 5599 3313 5659 tunc
3340 5592 3890 5688 distinguendum

3999 4152 4181 4205 Quat.

3989 5328 4193 5379 snt-cio.
