4897 6388
777 531 983 585 Solutio.

1844 349 2003 415 INI
2056 350 2481 417 SENTENT.
2536 347 2760 415 nls'r.
2814 348 3005 425 XIX,
3057 348 3143 431 A,
3198 349 3395 417 ΛΒΤ.
3449 351 3512 416 3.

1167 517 1479 585 Somno.
1531 517 1932 594 Dicendum,
1987 517 2165 606 quod
2198 519 2323 583 tria
2363 519 2431 583 in
2464 518 2623 605 qui-

1071 622 1199 690 bus
1240 622 1613 691 attenditur
1651 623 2025 712 aequalitas,
2098 623 2331 688 omnia
2389 622 2622 689 dicunt

1071 732 1521 819 quantitatem
1606 729 1985 807 virtualem,
2066 752 2146 797 eo
2215 731 2398 820 quod
2489 729 2621 796 alia

1073 840 1417 928 quantitas
1457 837 1868 926 simplicitati
1903 836 2146 904 divinae
2181 846 2436 904 naturae
2480 859 2619 904 uon

1068 947 1415 1033 competit.
1459 944 1619 1011 Haec
1648 954 1870 1012 autem
1904 944 2118 1012 virtus
2149 954 2253 1012 est
2301 945 2618 1012 conside-

1072 1059 1213 1118 rata
1272 1074 1478 1141 penes
1539 1051 1866 1140 triplicem
1933 1051 2291 1130 ambitum,
2362 1052 2614 1119 scilicet

1066 1160 1469 1240 durationis,
1504 1170 1570 1228 et
1602 1161 1754 1241 loci,
1789 1171 1852 1229 ot
1887 1164 2106 1251 operis
2152 1186 2166 1230 :
2205 1162 2451 1252 quibus
2494 1161 2615 1226 tri-

1064 1268 1193 1335 bus
1233 1291 1439 1336 omne
1478 1269 1661 1359 quod
1693 1269 2042 1351 limitatur,
2087 1269 2436 1337 limitatur.
2478 1269 2617 1334 Du·

1065 1378 1328 1443 ratione
1369 1377 1552 1443 enim
1592 1385 1809 1444 stante
1848 1385 1989 1443 tota
2039 1376 2241 1443 simul
2277 1381 2412 1444 tres
2459 1399 2616 1466 per-

1063 1505 1250 1551 sonoe
1315 1483 1671 1551 includunt
1750 1485 2062 1575 praesenti
2149 1507 2330 1551 nunc
2406 1508 2611 1553 omne

1064 1598 1335 1681 tempus
1376 1600 1443 1658 et
1479 1613 1728 1668 aevum,
1764 1599 1830 1659 et
1859 1591 2187 1682 quidquid
2218 1602 2319 1659 est
2365 1592 2430 1664 in
2462 1615 2610 1659 aevo

1063 1707 1129 1766 ct
1160 1707 1465 1789 tempore
1502 1723 1517 1766 ε
1552 1699 1810 1767 ambitu
1842 1709 2070 1767 autem
2102 1699 2231 1767 loci
2256 1699 2613 1768 includunt

1064 1829 1344 1877 omnem
1385 1807 1634 1886 locum,
1681 1815 1745 1875 et
1804 1807 2132 1898 quidquid
2188 1809 2387 1877 estin
2430 1809 2603 1898 ipso,

1061 1934 1188 1980 nec
1238 1912 1680 1981 includuntur
1730 1931 1748 1981 :
1790 1911 2048 1981 ambitu
2087 1923 2317 1981 autem
2364 1922 2611 2005 poten-

1021 2023 1172 2089 ·tia:
1205 2045 1482 2090 omnem
1515 2024 1834 2090 virtutem
1868 2031 2289 2113 operantem,
2323 2025 2468 2092 sive
2498 2047 2612 2092 se-

1064 2129 1367 2197 cundum
1398 2139 1736 2211 naturam,
1769 2130 1913 2198 sive
1942 2130 2316 2199 secundum
2350 2154 2611 2221 propo-

1062 2238 1270 2304 situm
1330 2236 1520 2304 liberi
1586 2237 1870 2318 arbitrii,
1926 2239 2068 2306 sive
2142 2240 2346 2308 etiam
2404 2262 2608 2329 supra

1064 2353 1405 2423 naturam,
1449 2367 1573 2412 nec
1603 2343 2058 2414 includuntur.
2096 2345 2266 2413 Cum
2298 2369 2462 2437 orgo
2505 2347 2611 2417 liis

1063 2452 1282 2520 tribus
1320 2453 1541 2520 modis
1593 2453 1884 2522 includat
1948 2455 2128 2523 Deus
2166 2477 2370 2522 omno
2424 2455 2607 2545 quod

1062 2569 1189 2640 est,
1224 2583 1348 2628 nec
1381 2560 1783 2644 includatur,
1820 2564 1886 2628 in
1919 2561 2023 2629 his
2062 2562 2277 2630 tribus
2315 2563 2609 2653 perlecta

1061 2671 1393 2760 accipitur
1430 2671 1772 2762 quantitas
1818 2672 2126 2740 virtualis
2191 2671 2609 2740 conveniens

1060 2788 1319 2845 naturoe
1350 2777 1599 2846 divinae
1637 2802 1651 2845 :
1685 2785 1750 2847 et
1797 2802 1951 2846 cum
1993 2780 2060 2847 in
2101 2778 2231 2847 hoc
2263 2779 2468 2848 modo
2502 2780 2610 2847 in-

1063 2886 1389 2955 clusionis
1434 2888 1844 2956 conveniant
1905 2899 2041 2957 tres
2107 2913 2436 2980 personm,
2506 2898 2609 2956 est

1063 2994 1205 3063 haec
1243 2999 1587 3087 quantitas
1637 3020 1847 3064 unum
1898 2998 1965 3064 in
2024 2998 2150 3080 eis,
2201 3006 2266 3066 et
2320 3021 2608 3067 causans

1067 3102 1554 3193 aequalitatem.

1149 3212 1351 3293 Quod
1391 3222 1463 3281 nt
1504 3214 1745 3283 melius
1797 3215 2234 3307 intelligatur,
2278 3218 2605 3285 ostenda-

1065 3342 1217 3387 mus
1295 3319 1516 3388 Deum
1575 3321 1892 3389 omnibus
1957 3321 2063 3389 liis
2121 3323 2343 3391 modis
2398 3346 2604 3393 mnne

1058 3435 1362 3496 creatum
1397 3427 1762 3510 includere,
1795 3437 1860 3495 et
1901 3430 2120 3521 ipsum
2156 3454 2290 3498 non
2326 3429 2602 3507 includi,

1058 3534 1177 3602 sed
1216 3534 1565 3604 excedere.
1611 3536 1787 3604 Dicit
1815 3536 2204 3613 Aust-lmus,
2247 3538 2430 3629 quod
2470 3539 2607 3605 sic-

1062 3649 1137 3708 ut
1177 3643 1244 3710 in
1278 3665 1460 3712 nunc
1492 3645 1825 3733 praesenti,
1869 3645 2050 3735 quod
2081 3654 2177 3712 est
2227 3647 2606 3719 substantia

1062 3750 1413 3840 temporis,
1447 3760 1547 3817 est
1585 3751 1808 3818 omnis
1837 3750 2049 3835 locus,
2091 3760 2153 3820 et
2187 3776 2391 3820 omne
2422 3751 2606 3843 quod

1064 3855 1132 3921 in
1166 3853 1318 3922 loco
1348 3862 1447 3921 est
1490 3875 1506 3922 ε
1554 3855 1645 3922 ita
1675 3856 1742 3922 in
1779 3865 2034 3924 aeterno
2074 3865 2172 3925 est
2204 3882 2410 3926 omne
2440 3868 2610 3926 tem-

1061 3985 1214 4053 pus,
1247 3972 1312 4030 ot
1354 3986 1557 4030 omne
1598 3963 1781 4053 quod
1811 3966 1877 4032 in
1909 3973 2216 4057 tempore
2262 3977 2385 4036 est.
2422 3970 2610 4036 Con-

1060 4078 1193 4137 stat
1225 4077 1481 4147 autem,
1516 4071 1696 4160 quod
1736 4072 1960 4140 adhuc
1985 4073 2140 4163 plus
2169 4084 2270 4141 est
2303 4076 2367 4143 in
2403 4076 2551 4166 ipso
2586 4101 2602 4143 ε

1063 4179 1223 4268 quia
1263 4188 1365 4248 est
1415 4179 1483 4246 in
1523 4202 1604 4246 eo
1645 4180 1826 4270 quod
1877 4204 2012 4249 non
2067 4180 2305 4250 habuit
2354 4185 2608 4273 princi-

1064 4289 1278 4377 pium,
1324 4298 1389 4354 et
1421 4311 1557 4355 non
1609 4287 1874 4356 habebit
1909 4292 2111 4358 tinem
2156 4317 2173 4358 t
2217 4316 2381 4381 ergo
2419 4302 2610 4361 zeter-

1064 4397 1241 4464 nitas
1269 4405 1365 4465 est
1398 4420 1717 4465 mensura
1766 4399 2115 4468 includens
2155 4411 2371 4469 totum
2427 4413 2608 4471 tem-

1065 4526 1219 4594 pus,
1250 4513 1316 4572 et
1373 4512 1591 4571 totum
1650 4527 1870 4573 aevum
1911 4505 2146 4576 eadem
2200 4512 2488 4583 ratione.
2545 4519 2612 4578 et

1064 4613 1402 4681 excellens
1434 4622 1797 4704 utrumque
1828 4625 1891 4682 et
1922 4625 2253 4706 quantum
2287 4620 2370 4686 ael
2414 4642 2612 4687 inen-

1066 4731 1322 4801 surata,
1394 4732 1458 4790 et
1522 4734 1850 4813 quantum
1928 4725 2011 4791 ad
2087 4725 2516 4797 durationem
2592 4752 2607 4795 :

1069 4838 1401 4920 quantum
1471 4829 1555 4896 ad
1633 4840 2015 4899 mensurata
2088 4833 2392 4922 quidem,
2450 4837 2609 4924 quia

1071 4946 1422 5008 mensurat
1457 4948 1811 5017 oeternum,
1861 4939 2034 5006 sicut
2082 4940 2242 5008 dicit
2296 4941 2615 5010 l'liiloso-

1071 5044 1272 5137 plius,
1327 5071 1362 5110 α
1397 5044 1595 5123 Quod
1634 5055 1734 5113 est
1780 5055 2106 5114 aeternum
2157 5055 2438 5126 aeterno,
2486 5048 2615 5118 lioc

1073 5181 1108 5220 α
1172 5165 1275 5224 est
1329 5157 1727 5224 aeviternum
1791 5157 2140 5237 aeviterno,
2216 5166 2282 5226 et
2347 5168 2617 5250 tempus

1073 5262 1537 5354 «temporali.
1585 5289 1618 5328 ι
1688 5262 2016 5332 Similiter
2075 5274 2369 5351 constat,
2430 5266 2617 5358 quod

1073 5372 1259 5441 Deus
1296 5381 1393 5440 est
1443 5372 1696 5465 ubique
1750 5374 2218 5453 essentialiter,
2279 5378 2618 5466 potentia-

1072 5477 1249 5558 liter,
1293 5479 1859 5569 praesentialitcr:
1909 5505 2071 5573 ergo
2111 5490 2214 5549 est
2267 5482 2338 5549 in
2389 5485 2620 5551 omni·

1071 5583 1201 5653 bus
1230 5608 1354 5676 per
1387 5590 1776 5667 essentiam,
1811 5597 1873 5656 et
1904 5612 2026 5679 per
2052 5592 2429 5680 potentiam
2461 5614 2621 5660 con·

4162 352 4289 416 515

2731 517 2991 583 notitiae
3028 538 3043 581 ε
3082 538 3245 604 ergo
3289 517 3357 582 in
3398 517 3547 583 loco
3579 523 3645 582 et
3694 514 3941 582 locato.
4002 518 4114 584 Est
4160 541 4289 586 au-

2730 630 2864 691 tem
2899 624 3177 712 insuper
3217 624 3283 689 in
3316 645 3388 689 se
3429 624 3545 712 qui
3580 625 3648 688 in
3708 624 4048 688 inlinitum
4095 647 4285 692 exce·

2727 728 2821 795 dit
2854 752 3059 796 omne
3090 729 3271 819 quod
3315 738 3438 796 est.
3493 730 3670 820 Ergo
3721 753 3843 796 sua
3887 732 4281 819 magnitudo

2726 839 2939 906 ambit
2978 863 3182 906 omne
3224 840 3409 928 quod
3450 849 3573 920 est,
3620 850 3683 907 et
3727 863 3862 907 non
3921 839 4282 907 includitur

2726 948 2793 1019 in
2835 970 3040 1018 omne
3100 947 3282 1035 quod
3322 956 3425 1014 est
3465 971 3479 1014 :
3527 948 3645 1014 sed
3696 947 3915 1013 adhuc
3977 956 4281 1018 renumet

2722 1061 2910 1118 extra
2954 1052 3257 1121 infinitus
3310 1074 3325 1119 ε
3372 1061 3439 1121 et
3481 1052 3611 1119 hoc
3664 1054 3907 1119 iterum
3961 1055 4277 1119 convenit

2724 1158 3045 1224 omnibus
3076 1158 3385 1247 personis
3437 1180 3451 1222 ε
3499 1157 3647 1230 haec
3690 1160 3894 1248 igitur
3942 1168 4041 1224 est
4082 1181 4274 1247 inag-

2723 1266 2985 1334 nitudo.

2813 1373 3006 1453 item,
3044 1373 3262 1442 Omne
3312 1398 3509 1465 posse
3561 1398 3697 1442 non
3759 1385 3858 1440 est
3908 1397 4104 1463 posse
4146 1376 4272 1441 nisi

2722 1503 2841 1569 por
2895 1505 3096 1548 suum
3156 1504 3354 1570 posse
3414 1491 3480 1549 et
3529 1483 3595 1547 in
3653 1504 3802 1556 su0,
3867 1490 3926 1546 ct
4000 1483 4275 1571 insuper

2716 1613 2917 1656 snum
2960 1613 3157 1680 posse
3205 1590 3439 1657 eduxit
3480 1613 3686 1657 omne
3737 1613 3881 1657 esso
3934 1600 3999 1656 et
4050 1614 4270 1680 posse,

2717 1709 2775 1767 et
2816 1701 2983 1766 inse
3046 1710 3272 1765 manet
3320 1708 3624 1789 respectu
3688 1701 3789 1765 sui
3850 1700 4188 1765 inlinitum
4253 1723 4267 1765 :

2716 1828 2879 1894 crgo
2910 1807 3116 1890 etiam
3176 1805 3240 1870 in
3292 1804 3565 1872 virtuali
3611 1814 3942 1894 potestate
3998 1805 4274 1873 includit

2714 1937 2919 1981 otone
2953 1914 3135 2004 quod
3166 1923 3292 1995 est,
3328 1923 3392 1980 et
3425 1937 3562 1981 non
3598 1913 4008 1981 includitur:
4047 1925 4113 1983 et
4142 1914 4273 1981 hoc

2715 2029 2817 2088 est
2845 2020 3030 2109 quod
3064 2020 3608 2089 intendebamus,
3648 2020 3867 2088 Penes
3896 2045 4058 2111 ergo
4091 2019 4273 2089 hunc

2715 2126 3051 2216 triplicem
3109 2125 3443 2194 ambitum
3513 2130 3941 2217 accipiuntur
4011 2131 4133 2195 tria
4204 2129 4267 2192 in

2717 2234 2966 2323 quibus
2996 2233 3468 2301 consideratur
3492 2234 3845 2323 aequalitas
3886 2234 4266 2300 divinarum

2715 2363 3192 2429 personarum.

2806 2459 2907 2523 An
2958 2479 3213 2524 ramim
3247 2481 3411 2543 ergo
3465 2456 3856 2534 diremtum,
3901 2456 4081 2546 quod
4125 2480 4259 2523 ma-

2714 2563 3002 2651 gnitudo
3049 2566 3412 2655 respondet
3454 2565 3630 2640 loco,
3686 2564 3814 2632 hoc
3872 2565 4075 2630 modo
4130 2587 4264 2654 quo

2718 2671 2898 2738 Deus
2929 2694 3056 2739 suo
3100 2673 3361 2740 ambitu
3405 2671 3608 2753 locat,
3655 2672 3719 2738 id
3768 2681 3896 2756 est,
3937 2673 4263 2748 eontinet,

2715 2789 2774 2846 et
2811 2778 3053 2857 salvat,
3088 2787 3150 2846 et
3185 2778 3398 2846 ambit
3431 2802 3636 2846 omne
3667 2779 3850 2869 quod
3883 2790 4008 2857 est,
4035 2790 4098 2846 et
4133 2802 4266 2847 non

2717 2887 3085 2954 includitur
3116 2887 3231 2955 illo
3283 2908 3299 2955 z
3356 2896 3425 2955 et
3472 2910 3606 2955 non
3647 2889 3944 2955 sumitur
3974 2887 4077 2955 hic
4124 2911 4265 2954 nui·

2712 2996 2999 3084 gnitndo
3046 2995 3132 3062 ab
3181 2995 3287 3062 liis
3326 3018 3477 3085 qua·
3537 2997 3942 3064 intrinsecus
3994 3020 4270 3063 mensu-

2717 3112 2863 3171 rant
2903 3102 3385 3177 substantiam,
3449 3111 3524 3169 ut
3589 3102 3793 3178 linea,
3854 3103 4262 3193 superficies,

2713 3220 2779 3279 et
2817 3211 3113 3278 solidum
3148 3233 3166 3278 ε
3203 3213 3364 3300 quia
3405 3210 3519 3277 illa
3560 3210 3641 3277 de
3681 3235 3803 3277 sna
3856 3212 4111 3278 ratione
4161 3211 4270 3279 di-

2711 3328 2872 3387 cunt
2909 3320 3361 3409 quantitatem
3419 3317 3645 3399 molis,
3707 3329 3772 3387 et
3834 3319 3983 3385 ideo
4022 3318 4269 3386 divinis

2711 3426 2926 3516 aptari
2971 3448 3108 3492 non
3141 3435 3478 3516 possunt:
3522 3424 3641 3493 sed
3693 3425 3880 3491 locus
3913 3424 4070 3492 dicit
4114 3448 4269 3492 con·

2713 3535 3067 3602 tine-utiam
3097 3558 3246 3625 quas
3284 3544 3383 3602 est
3419 3532 3819 3609 nobilitatis,
3862 3544 3926 3601 et
3969 3534 4118 3601 ideo
4159 3558 4269 3623 pe·

2714 3666 2831 3709 nes
2862 3646 3348 3732 proprietatem
3382 3642 3820 3710 continentiae
3846 3642 4094 3709 «livinis
4127 3656 4269 3731 pot·

2711 3760 2808 3816 est
2842 3749 3114 3838 aptari:
3161 3772 3487 3817 numerus
3542 3759 3773 3818 autem
3837 3753 3902 3816 in
3963 3749 4267 3839 pluribus

2713 3866 2839 3931 est,
2874 3864 2940 3922 et
2971 3856 3123 3922 ideo
3153 3855 3584 3944 singulorum
3611 3854 3697 3922 ml
3728 3855 4035 3944 singulos
4062 3879 4266 3944 penes

2717 3985 3078 4031 numerum
3113 3986 3249 4032 non
3311 3971 3533 4052 potest
3581 3962 3836 4030 attendi
3886 3964 4262 4053 a·qualitas,

2713 4070 2797 4136 de
2827 4093 2962 4159 qua
3013 4069 3121 4136 liic
3162 4069 3536 4136 intenditur
3578 4091 3593 4135 ε
3639 4069 3756 4135 sed
3800 4071 4024 4158 potius
4067 4092 4266 4157 penes

2718 4200 3078 4245 numerum
3138 4176 3512 4245 attemlitur
3564 4177 3916 4267 :equalitas
3969 4178 4264 4266 plurium

2716 4285 2797 4351 tul
2834 4285 3083 4374 plures·

2808 4402 2910 4465 Ao
2941 4422 3139 4466 Auro
3167 4398 3558 4475 diremtum,
3601 4400 3783 4488 «qued
3848 4402 4265 4487 Augustinus

2719 4507 3029 4597 intelligit
3072 4531 3157 4574 ex
3196 4509 3667 4596 consequenti,
3710 4517 3774 4574 et
3835 4531 3968 4574 non
4018 4510 4267 4597 princi-

2720 4618 2959 4707 paliter
3009 4638 3024 4681 :
3070 4617 3231 4706 ⁴1⁰⁵ss
3299 4617 3365 4682 in
3427 4616 3706 4682 veritat·-
3756 4618 4096 4706 quantitas
4145 4620 4272 4684 vir·

2718 4723 2921 4791 tualis
2961 4723 3338 4789 sei-undum
3374 4725 3706 4790 rationem
3740 4724 3961 4791 ‹lillert
4002 4750 4040 4791 a
4071 4724 4272 4792 boni-

2723 4841 2856 4898 tate
2889 4852 3064 4897 sua:
3118 4829 3234 4895 sed
3290 4830 3373 4896 ml
3437 4829 3769 4916 nmjorem
3827 4833 4275 4920 ‹pnintitatem

2726 4940 2996 5004 virtutis
3035 4936 3346 5026 sequitur
3386 4936 3455 5002 in
3497 4936 3968 5025 spiritualibus
4013 4962 4283 5027 semper

2724 5046 2945 5134 major
2976 5042 3248 5111 bonitas
3291 5064 3309 5107 t
3362 5053 3428 5110 et
3477 5044 3629 5110 ideo
3670 5067 3878 5132 penes
3915 5044 4281 5134 principale

2725 5154 2995 5220 virtutis
3034 5151 3413 5219 attenditur
3466 5153 3848 5244 oequalitaS,
3910 5165 3974 5222 et
4026 5177 4162 5221 non
4194 5156 4282 5221 si·

2729 5262 3067 5330 mititudo.

2819 5370 2922 5435 An
2952 5390 3152 5435 Auro
3197 5367 3593 5448 dicendum,
3656 5369 3840 5460 quod
3890 5371 4285 5460 magnitudo

2728 5477 3024 5544 sumitur
3044 5475 3152 5543 liic
3177 5499 3298 5566 pro
3317 5475 3786 5566 niagnitudine
3826 5479 4090 5546 virtutis
4119 5501 4134 5547 ε
4168 5481 4286 5548 sed

2732 5615 2871 5659 non
2910 5601 3009 5659 est
3042 5614 3177 5659 una
3211 5593 3473 5660 ratione
3512 5592 3690 5659 dicta
3716 5593 3931 5661 virtus
3974 5616 3990 5661 ε
4025 5604 4089 5662 et
4129 5596 4283 5663 ideo

1071 5693 1331 5761 tinendi
1374 5703 1443 5763 et
1479 5696 1828 5786 operandi,
1891 5706 1956 5765 et
2010 5720 2134 5788 per
2185 5703 2623 5788 praesentiam
2732 5701 3035 5791 potentia
3077 5701 3370 5767 sumitur
3418 5699 3527 5768 hic
3572 5703 3826 5779 stricte,
3878 5702 4126 5772 scilicet
4177 5726 4284 5772 se·

4376 2498 4453 2542 Ad
4495 2499 4533 2544 1.

4396 5436 4476 5484 Ad
4510 5436 4556 5480 3.
