4897 6388
346 536 350 540 ‚
517 498 556 523 Α

310 550 391 597 Aa
417 549 469 614 a,
496 549 526 578 ··

304 884 375 930 Ad
401 886 446 936 4.

318 1859 391 1905 Λᾶ
418 1862 463 1908 ⁶.

574 348 615 413 2
664 341 724 410 4³

599 517 609 555 ²
642 498 767 582 ⁴-An
802 495 1002 584 utun
1024 521 1213 607 patet
1255 515 1504 585 solutio
1534 540 1657 607 per
1685 517 1861 596 diota
1896 541 1912 587 :
1951 518 2115 609 q'uia

577 621 870 691 Basilius
897 624 1202 715 loquitur
1230 624 1311 692 de
1356 625 1727 717 indigentia
1783 628 2116 696 sermonis

579 717 699 824 quil
734 740 931 802 sonat
958 734 1030 801 in
1062 756 1239 803 aere.

610 859 617 862 ’
664 842 771 907 An
817 863 1014 909 amun
1055 841 1442 922 dicendum,
1501 842 1682 933 quod
1709 842 1948 911 Glossa
2005 843 2120 911 illa

577 946 881 1038 loquitur
935 947 1016 1016 de
1073 949 1292 1016 causis
1359 948 1945 1017 condemnationis
2011 947 2121 1016 vel

579 1053 975 1122 salvationis
1019 1077 1035 1123 ε
1071 1055 1232 1147 quia
1266 1054 1412 1121 illas
1445 1055 1729 1145 quilibet
1766 1055 2025 1124 videbit
2050 1054 2123 1121 in

580 1162 739 1242 alio,
771 1169 848 1231 ut
863 1164 1117 1252 justior
1137 1171 1457 1254 appareat
1487 1164 1961 1232 condemnatio
1985 1186 2126 1231 ma-

577 1271 802 1340 lorum
832 1280 899 1358 et
963 1271 1251 1340 salvatio
1303 1270 1702 1344 beatorum:
1731 1273 1848 1341 sed
1897 1281 2126 1340 tamen

580 1402 666 1449 ex
693 1378 1014 1468 hoc-non
1072 1385 1464 1447 removetur
1521 1379 1684 1469 quin
1742 1374 2127 1447 adhucne-

581 1487 905 1556 c'esssaria
932 1488 1021 1556 sit
1047 1487 1301 1556 locutio
1354 1494 1419 1554 et
1462 1486 1661 1555 bonis
1690 1496 1757 1556 et
1786 1486 2007 1567 malis,
2043 1485 2128 1553 ad

582 1597 947 1689 conceptus
1004 1597 1159 1666 illos
1201 1598 1317 1688 qui
1371 1596 1659 1666 subsunt
1695 1597 1908 1666 libero
1942 1595 2130 1665 arbi-

580 1706 714 1776 trio
753 1705 946 1774 alteri
977 1704 1500 1798 depromendos.

621 1824 631 1832 '
673 1814 779 1883 An
826 1810 1022 1884 amun
1053 1812 1441 1892 dicendum,
1474 1813 1657 1904 quod
1687 1813 2131 1906 cogitationes

586 1921 921 1992 volubiles
993 1920 1421 2014 appellantur
1484 1916 1928 2012 cogitationes
1990 1920 2135 1989 dis-

587 2038 929 2116 currentes
959 2030 1044 2099 ab
1075 2030 1484 2100 'obscuritate
1522 2030 1791 2122 vestigii
1820 2030 1930 2098 vel
1957 2031 2135 2097 ima-

585 2140 769 2232 ginis
801 2133 913 2208 vel
970 2138 1355 2232 aenigmatis
1401 2146 1467 2206 et
1522 2136 1998 2230 speculi‘fidei,
2048 2136 2135 2205 ad

585 2248 1051 2342 cognitionem
1083 2249 1211 2318 Dei
1243 2245 1655 2325 habendam,
1691 2271 1841 2340 quae
1870 2246 1983 2316 hic
2025 2247 2138 2314 in-

555 2356 751 2454 ,cipit
778 2378 820 2426 a
852 2358 1217 2439 creaturis,
1264 2354 1611 2426 Sed‘tunc
1653 2379 1794 2426 non
1833 2356 1957 2426 erit
1987 2356 2081 2424 ita
2116 2379 2132 2425 ε

589 2465 919 2558 quoniam
962 2465 1181 2535 Deum
1221 2465 1292 2532 in
1331 2485 1403 2532 se
1449 2463 1855 2546 videbimus,
1913 2473 1976 2534 et
2007 2463 2137 2532 alia

591 2573 902 2674 ordinata
932 2572 1016 2641 ad
1073 2571 1564 2642 beatitudinem
1604 2571 1675 2641 in
1706 2572 1849 2642 Deo
1880 2570 2085 2641 simul
2117 2592 2133 2638 :

596 2680 754 2772 quia
793 2680 887 2749 ibi
946 2688 1106 2750 sunt
1164 2677 1396 2764 simul,
1450 2679 1563 2747 ubi
1625 2689 1782 2749 sunt
1808 2687 1885 2749 ut
1922 2701 2139 2748 unum

367 2857 379 2873 ,
496 2833 499 2836 «
593 2787 908 2880 simplex,
944 2787 1126 2880 quod
1160 2794 1260 2856 cst
1286 2807 1488 2855 causa
1528 2794 1594 2854 et
1622 2786 1770 2856 idea
1800 2787 2136 2856 omnium.

313 3489 429 3550 ’Ad
455 3500 503 3551 ⁸.

350 4895 431 4944 Ad
459 4894 502 4942 7.

305 5650 376 5696 Ad
403 5646 584 5705 object.

598 2893 737 2965 Sed
798 2902 1028 2964 tamen
1103 2902 1383 2987 propter
1429 2893 1613 2963 illam
1682 2898 2141 2988 cognitionem

595 3025 737 3073 non
797 3010 1186 3071 removetur
1242 3001 1356 3069 illa
1430 3023 1634 3093 quam
1666 3000 1874 3073 habet
1926 3023 2147 3071 unus-

602 3112 889 3205 quisque
936 3106 1018 3178 de
1046 3117 1379 3201 conceptu
1410 3109 1631 3178 cordis
1662 3113 1765 3179 sui
1801 3133 1817 3178 ε
1862 3118 1927 3179 et
1958 3109 2142 3177 illam

602 3240 744 3290 non
779 3218 1075 3288 ostendit
1129 3216 1443 3299 verbum,
1497 3241 1578 3287 eo
1635 3219 1820 3311 quod
1875 3224 2148 3288 nonest

604 3324 999 3394 beatificans
1030 3351 1047 3394 ε
1079 3325 1198 3395 sed
1228 3324 1524 3416 exigitur
1561 3325 1646 3393 ad
1682 3347 1833 3394 eam
1862 3324 2143 3394 locutio.

697 3431 804 3500 An
867 3454 1063 3500 aum>
1134 3431 1523 3512 dicendum,
1593 3431 1775 3524 quod
1849 3431 2152 3523 loquitur

610 3540 978 3631 Gregorius
1007 3539 1090 3610 de
1122 3538 1684 3609 substantialibus
1724 3537 2146 3619 beatitudini,

608 3654 678 3717 et
711 3667 853 3716 non
881 3646 965 3717 de
1011 3647 1184 3717 aliis.
1217 3645 1345 3715 vet
1394 3647 1679 3732 dicatur,
1724 3648 1906 3739 quod
1934 3646 2155 3740 loqui·

608 3765 721 3826 tur
747 3755 829 3826 de
858 3756 1260 3825 sufficientia
1310 3755 1621 3844 subjecti,
1652 3779 1788 3826 non
1821 3755 1902 3824 de
1941 3758 2157 3825 scien·

612 3866 706 3934 tia
756 3862 1129 3933 secundum
1198 3871 1423 3932 actum
1497 3886 1514 3928 ε
1559 3862 1689 3932 hoc
1746 3872 1847 3933 est
1904 3864 2151 3948 dicere,

614 3969 799 4067 quod
826 3970 1009 4040 Deus
1037 3972 1109 4041 in
1148 3993 1287 4062 quo
1315 3969 1529 4039 videri
1551 3972 1963 4041 sufficienter
1992 3993 2159 4065 pos-

614 4086 774 4148 sunt
801 4080 1035 4148 omnia
1065 4080 1211 4147 sine
1254 4076 1505 4163 medio,
1547 4078 1865 4169 objicitur
1901 4081 1998 4148 eis
2032 4102 2050 4149 τ
2091 4084 2157 4149 et

618 4183 843 4278 quoad
872 4183 1005 4254 hoc
1042 4183 1212 4254 nihil
1247 4193 1345 4253 est
1378 4183 1559 4276 quod
1589 4206 1729 4255 non
1764 4185 2068 4269 videant,
2091 4184 2159 4252 id

618 4302 745 4376 est,
800 4294 1032 4363 videre
1076 4294 1344 4386 possint
1385 4315 1402 4360 τ
1439 4316 1575 4362 non
1613 4302 1842 4363 tamen
1899 4302 1998 4362 est
2036 4317 2161 4363 ve-

621 4425 800 4483 rum,
850 4401 1033 4496 quod
1101 4424 1340 4470 omnes
1397 4400 2025 4471 actualiter.omnia
2063 4403 2165 4469 vi·

621 4510 825 4580 deant
847 4511 916 4580 in
945 4533 1030 4581 eo
1057 4534 1073 4581 ε
1096 4512 1255 4602 quia
1275 4510 1418 4600 jam
1441 4507 1724 4600 quilibet
1752 4518 1853 4579 tot
1883 4508 2161 4579 haberet

625 4623 693 4689 in
745 4640 826 4688 eo
862 4621 1010 4688 visa
1065 4626 1132 4687 et
1195 4617 1388 4697 scita,
1441 4623 1607 4706 quot
1646 4615 1814 4686 alter
1864 4640 1884 4684 ε
1945 4625 2011 4687 et
2066 4616 2164 4684 sic

622 4727 917 4820 aequales
957 4735 1183 4796 essent
1223 4727 1292 4794 in
1324 4747 1610 4793 numero
1630 4726 1978 4795 scitorum.

715 4836 819 4904 An
854 4858 1050 4904 Anum
1097 4832 1484 4912 dicendum,
1528 4833 1711 4924 quod
1737 4834 2165 4927 Augustinus

627 4969 766 5017 non
792 4946 1096 5038 loquitur
1123 4944 1204 5014 de
1243 4942 1531 5035 cognitis
1588 4967 1735 5035 quae
1763 4943 2052 5014 subsunt
2078 4945 2168 5012 ii·-

625 5056 788 5124 bero
826 5053 1127 5134 arbitrio,
1171 5051 1290 5122 sed
1328 5050 1410 5120 de
1456 5054 1742 5144 cognitis
1799 5054 1866 5121 in
1917 5056 2166 5145 quibus

623 5160 1116 5231 subtantialiter
1167 5168 1264 5231 est
1302 5158 1669 5245 beatitudo,
1723 5159 1853 5230 hoc
1908 5168 2036 5244 est,
2099 5164 2167 5229 in

626 5267 871 5361 quibus
910 5267 1186 5337 resultat
1224 5268 1296 5334 in
1356 5274 1579 5334 mente
1631 5275 1695 5334 et
1747 5268 1815 5336 in
1883 5290 2168 5359 corpore

628 5400 748 5468 per
783 5398 1201 5467 consequens
1234 5375 1414 5442 Deus
1453 5372 1839 5444 beatificans
1887 5383 1959 5442 ut
2001 5374 2173 5443 bea-

629 5482 913 5552 tilicans.

722 5588 825 5656 An
872 5612 934 5655 m
962 5589 1144 5681 quod
1165 5597 1398 5659 contra
1438 5589 1775 5678 objicitur,
1811 5589 1986 5660 bene
2015 5612 2174 5659 con-

638 5694 801 5766 cedo
831 5696 1014 5787 quod
1042 5695 1433 5789 loquuntur.

1536 344 1640 413 ·D.
1692 343 1899 414 ALB.·
1943 343 2158 415 MAG.
2215 343 2421 416 ORD.
2475 346 2771 414 PRAED.

2308 517 2413 584 An
2454 540 2578 586 noc
2615 524 2843 587 autem
2873 511 3061 610 quod
3098 525 3448 612 quaeritur,
3475 503 3808 605 Qualiter*
3831 557 3903 601 aa
3931 501 4103 614 {ui-eei.
4157 561 4169 572 ⁴

2224 626 2648 715 loquuntur?
2677 627 2843 695 Dico
2875 649 3034 696 cum
3067 628 3311 699 Glossa
3365 632 3548 723 quod
3596 633 3781 701 nuti·

2227 730 2351 799 bus
2390 739 2455 799 et
2486 732 2696 822 signis
2724 740 2841 800 :⁴et
2868 744 3083 802 nutus
3128 746 3415 805 vocatur
3460 737 3555 805 ibi
3614 739 3780 807 ordo

2227 846 2294 906 et
2384 839 2734 907 conversio
2796 839 2882 908 ad
2950 840 3242 910 alterum
3320 867 3477 912 cum
3543 845 3788 913 volun·
3907 893 3912 898 -
3971 875 3978 882 ⁷

2227 952 2366 1012 tate
2440 947 2931 1027 innotescendi,
3007 955 3076 1018 e't
3132 972 3289 1018 cum
3369 951 3789 1020 determina-

2228 1054 2414 1121 tione
2454 1053 2916 1123 similitudinis
2941 1079 3166 1147 ,quam
3205 1056 3415 1126 habet
3480 1060 3661 1150 apud
3717 1082 3788 1127 se

2231 1161 2316 1228 ad
2388 1183 2558 1230 rem.
2601 1162 2899 1252 Siqnum
2959 1171 3190 1233 autem
3253 1173 3543 1235 vocatur
3569 1153 3800 1235 forma

2232 1290 2382 1359 quae
2414 1269 2612 1336 estin
2658 1269 2954 1362 Ange10,
3014 1294 3170 1362 quae
3244 1282 3347 1342 est
3403 1275 3679 1365 signum
3727 1282 3793 1342 et

2233 1375 2604 1444 similitudo
2647 1378 2766 1454 rei,
2829 1399 2910 1446 eo
2953 1379 3139 1469 quod
3188 1381 3644 1473 intelligentia
3690 1389 3791 1451 est

2233 1483 2437 1575 plena
2463 1484 2698 1552 formis
2737 1508 2777 1553 a
2814 1487 3160 1556 creatione
3192 1490 3324 1567 sui,
3361 1513 3513 1581 quae
3553 1490 3790 1558 lormae

2234 1601 2394 1662 sunt
2458 1616 2684 1661 rerum
2759 1594 3244 1666 similitudines
3319 1619 3462 1666 non
3519 1599 3795 1690 quidem

2237 1709 2527 1793 acceptae
2552 1725 2591 1769 a
2628 1700 2855 1783 rebuS,
2880 1703 2999 1771 sed
3029 1725 3068 1772 a
3098 1707 3444 1775 creatione
3479 1730 3494 1774 ε
3540 1716 3607 1776 et
3639 1717 3798 1775 sunt

2239 1808 2715 1879 similitudines
2764 1813 2977 1879 totius
3072 1804 3370 1882 ordinis'
3436 1838 3797 1885 causarum

2237 1916 2722 1986 universalium
2801 1917 2913 1987 vel
2969 1911 3486 2011 particularium
3551 1909 3638 1991 ad
3696 1915 3799 1991 res

2238 2026 2473 2107 factae,
2515 2049 2666 2118 quae
2726 2037 2911 2114 sunt,
2974 2037 3043 2099 et
3087 2028 3174 2098 ad
3210 2029 3518 2100 futuras:
3552 2038 3621 2100 et
3669 2019 3799 2100 'sub

2241 2135 2510 2205 illarum
2541 2137 3109 2208 determinatione
3139 2139 3228 2208 ad
3265 2139 3446 2211 hanc
3501 2164 3646 2211 rem
3692 2140 3801 2210 vel

2242 2243 2429 2311 illam
2466 2244 2711 2335 Angeli
2752 2247 3146 2337 exprimunt
3186 2244 3521 2338 quidquid
3558 2246 3803 2317 volunt

2242 2348 2456 2442 loqui
2700 2369 2705 2374 ·
3518 2341 3524 2352 ’

2331 2459 2436 2528 An
2483 2482 2547 2527 m
2577 2466 2806 2529 autem
2833 2461 3019 2554 quod
3049 2460 3289 2532 contra
3319 2462 3663 2554 objicitur,
3704 2462 3803 2531 di·

2244 2567 2532 2638 cendum
2566 2568 2750 2659 quod
2779 2577 2987 2638 nutus
3028 2569 3142 2640 hic
3188 2579 3292 2639 est
3353 2569 3804 2664 intelligibilis

2248 2678 2764 2757 demonstratio,
2800 2678 2886 2746 ad
2905 2701 3117 2771 quam
3137 2678 3387 2748 sufficit
3404 2679 3572 2749 ordo
3604 2680 3805 2748 unius

2247 2785 2332 2856 ad
2370 2787 2653 2854 alterum
2697 2808 2853 2853 cum
2898 2786 3260 2856 voluntate
3308 2788 3803 2858 innotescendi.

2336 2894 2440 2962 An
2478 2916 2675 2961 Anum
2736 2892 3128 2975 dicendum,
3163 2895 3351 2987 quod
3386 2896 3662 2988 signum
3707 2903 3813 2966 est

2249 3026 2291 3071 a
2318 3008 2585 3078 natura,
2619 2999 2736 3068 sed
2791 3000 3271 3071 determinatio
3324 3009 3427 3071 est
3481 3001 3567 3070 ad
3611 3001 3817 3094 placi·

2250 3119 2395 3180 tum
2439 3106 2727 3201 Angeli:
2764 3117 2831 3176 et
2892 3106 3045 3177 ideo
3113 3132 3255 3179 non
3314 3110 3615 3203 exigitur
3674 3109 3818 3179 dis-

2252 3216 2501 3310 ciplina
2540 3214 2887 3286 idiomatis
2922 3242 2938 3286 :
2973 3225 3042 3286 et
3098 3227 3202 3288 est
3257 3217 3577 3288 similiter
3642 3219 3815 3289 sicut

2252 3328 2307 3396 si
2364 3347 2493 3417 ego
2552 3323 2844 3393 habeam
2912 3324 3444 3395 similitudinem
3512 3323 3816 3397 hominis

2254 3433 2434 3527 apud
2467 3456 2600 3516 me,
2634 3440 2700 3501 et
2738 3431 2925 3502 illam
2964 3456 3091 3526 per
3153 3434 3581 3504 voluntatem
3647 3458 3818 3503 con-

2254 3548 2445 3610 verto
2485 3540 2572 3609 ad
2616 3539 3138 3632 exprimendum
3180 3550 3248 3611 et
3290 3541 3814 3635 significandum

2256 3648 2448 3718 illum
2487 3646 2863 3717 velillum:
2896 3656 2965 3719 et
3018 3671 3389 3741 ponamus,
3450 3647 3819 3743 quodjioc

2257 3755 2544 3827 sufficiat
2563 3754 2898 3824 locutioni
2931 3757 3019 3825 ad
3047 3764 3114 3826 te
3150 3778 3167 3824 ε
3203 3764 3392 3849 patet
3419 3759 3604 3826 enim
3627 3766 3814 3839 tunc,

2260 3864 2444 3958 quod
2471 3872 2632 3933 tunc
2648 3886 2788 3933 non
2828 3864 3215 3956 susciperes
3269 3864 3531 3958 aliquid
3568 3887 3610 3933 a
3657 3888 3813 3935 me:

2260 3973 2376 4044 sed
2421 3972 2937 4042 determinando
2981 3970 3504 4042 similitudinem
3547 3981 3820 4042 natura·

2259 4084 2392 4153 lem
2435 4083 2555 4165 rei,
2588 4081 2673 4150 ad
2709 4080 2844 4151 hoc
2887 4085 3416 4175 restringeretur
3451 4082 3577 4152 tibi
3623 4105 3814 4152 com-

2262 4192 2558 4261 munitas
2588 4189 3057 4260 similitudinis
3094 4188 3400 4260 hominis
3434 4212 3451 4258 ε
3494 4193 3668 4260 utin
3708 4191 3824 4259 illa

2263 4321 2468 4391 quam
2509 4297 2716 4366 habes
2755 4297 2936 4389 apud
2976 4308 3071 4381 te,
3116 4296 3533 4391 intelligeres
3572 4321 3825 4368 conce-

2265 4416 2455 4497 ptum
2488 4428 2713 4474 meum
2746 4428 2761 4472 ε
2806 4413 2872 4473 et
2910 4403 3043 4473 hoc
3103 4414 3306 4474 vocat
3359 4404 3824 4477 Damascenus

2267 4511 2525 4579 tradere
2565 4508 2690 4576 sibi
2731 4509 3247 4604 intellligentias
3277 4510 3424 4581 sine
3456 4535 3625 4581 voce
3662 4537 3823 4605 pro·

2269 4616 2403 4685 lato
2444 4640 2781 4686 sermone.

2359 4832 2756 4899 Sarranum
2784 4830 3142 4923 objicitur:
3189 4835 3351 4926 quia
3373 4858 3646 4905 necesse
3694 4847 3820 4921 est,

2270 4939 2452 5032 quod
2498 4938 2753 5032 aliquid
2810 4941 3056 5011 excitet
3126 4939 3517 5010 audientem
3562 4944 3647 5012 ad
3693 4946 3827 5016 hoc

2271 5045 2453 5142 quod
2492 5048 2814 5140 percipiat
2857 5070 2873 5117 t
2916 5056 2984 5117 et
3023 5047 3193 5116 illud
3215 5049 3519 5119 excitans
3557 5062 3824 5145 oportet

2273 5179 2428 5226 eum
2471 5157 2807 5248 suscipere
2841 5180 2881 5225 a
2918 5155 3289 5250 loquente:
3351 5181 3515 5251 ergo
3569 5159 3827 5256 aliquid

2274 5264 2508 5356 recipit
2554 5265 2637 5333 ab
2686 5266 2877 5355 ipso:
2915 5272 2983 5333 et
3022 5266 3118 5333 ita
3181 5263 3442 5358 aliquid
3482 5269 3830 5361 egreditur

2274 5371 2359 5441 ab
2400 5395 2536 5441 uno
2578 5374 2646 5440 in
2688 5372 2927 5453 alium,
2963 5380 3030 5441 et
3069 5395 3251 5440 unus
3282 5382 3383 5441 est
3422 5375 3490 5443 in
3522 5381 3829 5468 potentia

2275 5480 2359 5549 ad
2397 5480 2632 5548 alium.

2365 5586 2475 5654 Ad
2506 5585 2635 5655 hoc
2663 5586 3057 5665 dicendum,
3100 5586 3287 5676 quod
3332 5586 3504 5686 nihil
3543 5593 3829 5663 omnino

2280 5696 2513 5785 recipit
2547 5695 2731 5785 quod
2759 5717 2899 5763 non
2975 5691 3182 5762 habet
3248 5693 3333 5763 de
3379 5696 3828 5784 naturalibuS,

3857 2937 3992 2985 Aut.
4020 2934 4137 2984 “8-

3904 4872 4137 4932 obj-cao.
