4897 6388
1540 323 1581 356 ,Λ

1830 262 1925 329 lN
1976 214 2003 327 1
2055 250 2478 326 sssss'rssx'r.
2528 245 2757 322 ms'r.
2812 242 2933 321 lx,
2989 242 3073 320 H,
3125 244 3323 310 ART.
3383 247 3486 311 ιι.

4138 249 4267 316 289

2730 395 2935 481 modo
2957 414 3118 482 insit
3164 416 3249 483 ei.
3288 414 3596 483 Secunda
3628 426 3855 484 autem
3886 419 4204 487 scribitur
4230 422 4270 489 a

2611 529 2614 532 ’
2731 521 2971 590 Boetio
3005 523 3075 589 in
3111 521 3285 590 libro
3327 522 3410 591 de
3442 525 3791 592 Trinitate.

1502 851 2003 921 Ammonos
2051 850 2173 918 Χι.
2278 939 2281 940 ἢ

1158 1071 1261 1137 De
1304 1047 1511 1136 verbo·
1544 1066 1942 1136 Ambrosii:
1980 1066 2220 1134 Primo
2256 1074 2424 1142 erat,
2466 1073 2528 1130 el

1419 1184 1661 1266 postea
1695 1176 1903 1242 Pater
1928 1175 2160 1263 sactus
2183 1182 2303 1240 est.

1162 1500 1421 1568 Deinde
1462 1500 1795 1591 quaeritur
1821 1500 1903 1567 de
1942 1499 2073 1567 hoc
2110 1499 2294 1590 quod
2331 1498 2615 1566 habetur

1065 1608 1138 1674 in
1177 1606 1479 1675 secunda
1519 1607 1784 1675 ratione
1813 1606 2158 1674 Ambrosii
2198 1614 2433 1675 contra
2465 1605 2614 1673 hae-

1065 1714 1352 1783 reticum
1408 1738 1424 1783 :
1472 1741 1508 1779 α
1566 1716 1755 1783 Deus
1810 1736 1967 1804 erqo
2025 1714 2255 1805 primo
2307 1724 2478 1797 erat,
2552 1724 2613 1780 et

954 1896 961 1901 ,
1059 1830 1307 1911 postea
1342 1823 1560 1888 Pater
1593 1824 1832 1911 sactus
1859 1828 1978 1888 est.
2018 1844 2051 1885 ιι
2138 1886 2149 1896 ,

1160 1928 1221 1996 1.
1256 1927 1409 1995 Hoc
1448 1928 1633 1995 enim
1672 1949 1814 1996 non
1862 1926 2135 1995 videtur
2197 1926 2421 1996 valere
2466 1950 2481 1995 ε
2531 1951 2612 1995 eo

1065 2031 1253 2123 quod
1295 2031 1666 2100 relationes
1702 2031 1879 2100 fiunt
1916 2031 1986 2098 in
2041 2030 2272 2122 aliquo
2307 2032 2454 2101 sine
2508 2031 2612 2099 sui

1063 2141 1471 2209 mutatione.
1509 2137 1616 2207 Sit
1642 2138 1753 2208 hic
1790 2138 2055 2231 lignum
2093 2138 2514 2224 tricubitum,
2549 2147 2616 2209 et

1062 2245 1301 2314 Romae
1330 2247 1421 2316 sit
1446 2245 1715 2338 lignum
1748 2245 2150 2326 bicubitum,
2185 2254 2251 2315 et
2281 2253 2613 2315 resecetur

1063 2353 1247 2423 istud
1275 2353 1543 2446 lignum
1576 2354 1764 2446 quod
1791 2361 1895 2423 est
1928 2352 2041 2424 hic
2069 2355 2255 2446 quod
2286 2355 2614 2424 efficiatur

988 2465 991 2468 ’
1061 2459 1669 2546 bicubitum,'tunc
1699 2460 1775 2529 fit
1800 2461 2060 2553 aequale
2089 2461 2278 2555 ligno
2319 2461 2554 2531 Romae
2588 2484 2604 2532 ε

1062 2592 1228 2661 ergo
1257 2569 1612 2663 aequalitas
1651 2571 1826 2641 facta
1856 2581 1957 2640 est
1982 2571 2051 2639 in
2079 2571 2268 2664 ligno
2299 2570 2480 2663 quod
2509 2578 2612 2642 est

1063 2677 1330 2757 Romae,
1367 2701 1521 2771 quae
1561 2678 1800 2750 relatio
1829 2704 1983 2750 cum
2013 2680 2202 2750 nulla
2232 2682 2609 2750 mutatione

1062 2784 1239 2854 faeta
1266 2787 1462 2854 estin
1492 2785 1684 2878 ligno
1717 2786 1951 2857 Romae
1987 2810 2002 2855 :
2031 2811 2193 2881 ergo
2233 2811 2373 2857 non
2399 2788 2602 2868 valet,

1066 2889 1141 2961 Si
1163 2892 1371 2962 modo
1413 2887 1745 2963 Pater'est
1772 2894 2157 2977 relativum,
2182 2903 2249 2965 et
2285 2904 2439 2965 ante
2470 2919 2608 2966 non

1060 2999 1192 3069 fuit
1224 3001 1616 3082 relativum,
1650 3004 1738 3073 sit
1766 3012 2087 3074 mutatus.

1150 3111 1217 3177 2.
1241 3109 1445 3207 Item,
1470 3108 1816 3203 Quidquid
1848 3110 2015 3180 nihil
2044 3113 2264 3183 inesse
2291 3114 2610 3205 praedicat

1063 3219 1125 3285 ei
1164 3217 1249 3286 de
1299 3241 1437 3310 quo
1493 3219 1919 3311 praedicatur,
1959 3220 2327 3291 adveniens
2362 3222 2468 3290 vel
2500 3246 2611 3292 re-

1063 3325 1311 3395 cedens
1366 3327 1430 3395 ei
1488 3326 1573 3395 de
1624 3350 1760 3418 quo
1818 3328 2221 3419 praedicatur
2264 3354 2399 3400 non
2457 3332 2612 3399 facit

1066 3435 1522 3504 mutationem
1555 3436 1623 3503 in
1656 3436 1804 3528 ipso
1848 3459 1865 3505 ε
1910 3436 2078 3506 nibil
2120 3448 2349 3508 autem
2378 3439 2609 3530 praedi·

1067 3549 1176 3609 cat
1215 3540 1454 3611 relatio
1511 3543 1730 3612 inesse
1768 3544 1830 3612 ei
1874 3545 1957 3614 de
1988 3568 2124 3636 quo
2163 3547 2611 3638 praedicatur:

1071 3670 1237 3741 ergo
1284 3649 1659 3721 adveniens
1705 3650 1813 3721 vel
1863 3654 2179 3723 recedens
2226 3677 2266 3723 a
2314 3654 2616 3742 relativo,

1063 3754 1239 3825 nihil
1286 3758 1694 3828 mutationis
1743 3760 2041 3830 ostendit
2074 3763 2142 3830 in
2179 3761 2320 3832 illo.
2357 3762 2621 3831 Paom-

1066 3885 1198 3933 ‘rua
1229 3873 1462 3934 autem
1492 3865 1712 3957 prima
1749 3890 1766 3935 ε
1800 3890 1882 3937 eo
1912 3869 2098 3960 quod
2137 3872 2362 3939 omnis
2392 3878 2621 3938 muta-

1065 3968 1165 4041 tio
1195 3994 1319 4063 per
1344 3995 1445 4054 se,
1487 3970 1597 4044 vel
1629 3996 1752 4064 per
1778 3973 2089 4043 accidens
2118 3983 2246 4052 est.
2269 3983 2382 4043 aut
2406 3974 2622 4044 inhoc

1070 4079 1257 4171 quod
1322 4088 1547 4150 totum
1608 4079 1863 4151 mobile
1894 4082 2335 4151 transferatur
2370 4083 2439 4150 in
2469 4080 2620 4150 loco

1062 4185 1177 4256 vel
1245 4186 1329 4255 ad
1370 4187 1625 4269 locum,
1677 4187 1789 4258 vel
1853 4189 2036 4281 quod
2085 4190 2368 4279 accipiat
2415 4188 2619 4257 aliam

1063 4290 1363 4361 formam
1423 4316 1634 4387 quam
1699 4295 1888 4385 prius
1940 4318 2080 4364 non
2140 4294 2401 4380 habuit,
2470 4317 2619 4386 quae

2820 735 3125 802 Somno.
3162 735 3366 803 Aliud
3395 744 3495 805 est
3523 737 3604 805 de
3628 736 3921 805 relativis
3952 737 4259 829 originiS,

2725 842 2835 910 vel
2873 844 3245 911 secundum
3307 867 3579 912 causam
3637 854 3702 913 et
3745 854 4123 925 causatum,
4154 846 4265 914 vel

2727 950 3098 1017 secundum
3131 951 3535 1042 principium
3568 960 3635 1020 et
3653 954 4128 1043 principiatum
4159 953 4269 1020 di-

2727 1059 2849 1126 ctis
2872 1066 2981 1125 :et
3017 1057 3200 1125 aliud
3230 1068 3332 1126 est
3370 1060 3454 1127 de
3482 1058 3631 1128 aliis
3663 1059 3957 1129 relativis
3988 1061 4270 1129 inferio-

2729 1155 2913 1233 ribus
2954 1188 3106 1256 quae
3143 1166 3512 1245 fundantur
3548 1191 3750 1258 super
3769 1168 4023 1260 aliquid
4056 1168 4264 1238 aliud.

2725 1274 2973 1343 Primae
3002 1278 3186 1345 enim
3221 1276 3577 1346 relationes
3610 1301 3745 1346 non
3774 1287 4139 1347 causantur
4176 1267 4266 1346 si-

4346 771 4539 820 solutio.

2728 1408 2812 1454 ne
2861 1396 3016 1454 actu
3058 1386 3486 1456 substantiali
3544 1390 3657 1480 qui
3718 1396 3819 1457 est
3863 1390 4210 1481 generatio
4249 1411 4265 1456 :
4369 1419 4376 1425 ·

2726 1502 2793 1561 et
2850 1493 2999 1563 ideo
3048 1495 3210 1563 talia
3272 1505 3666 1587 supponunt
3704 1499 4151 1566 mutationem
4197 1498 4269 1565 in

2724 1602 3027 1692 subjecto
3059 1606 3115 1671 si
3157 1605 3522 1673 adveniant
3559 1605 3640 1674 de
3680 1614 3885 1674 novo'.

2812 1709 3174 1795 Praeterea,
3211 1711 3415 1780 Aliud
3452 1720 3554 1781 est
3592 1712 3673 1780 de
3726 1713 4027 1782 relativis
4066 1714 4136 1781 in
4165 1714 4269 1781 di-

2723 1818 2900 1885 vinis
2939 1825 3005 1886 et
3059 1818 3515 1887 inferioribus.
3549 1820 3628 1886 ln
3658 1819 3905 1889 divinis
3954 1821 4139 1890 enim
4169 1844 4271 1888 re-

2723 1922 2887 1992 latio
2919 1932 3021 1993 est
3058 1926 3264 1993 etiam
3296 1926 3368 1992 in
3398 1925 3658 1995 ratione
3702 1927 4135 2017 proprietatis
4162 1926 4268 1994 fa-

2722 2031 2960 2099 cientis
3011 2053 3374 2122 personam
3431 2033 3503 2100 in
3550 2055 3695 2102 esse
3751 2032 4139 2125 personali:
4199 2040 4266 2101 et

2722 2138 2874 2208 ideo
2952 2140 3044 2207 ibi
3113 2140 3483 2210 adventum
3541 2141 3886 2210 relationis
3959 2142 4267 2233 sequitur

2721 2249 3008 2316 mutatio
3044 2235 3435 2339 ‘personalis
3471 2273 3487 2318 ε
3536 2249 3693 2319 licet
3723 2251 3792 2316 in
3833 2247 4265 2318 inferioribus

2721 2354 2792 2421 in
2831 2354 3239 2444 quibusdam
3288 2356 3729 2453 relationibus
3779 2380 3918 2440 non
3958 2357 4027 2424 in
4076 2364 4264 2425 utro-

2722 2483 2851 2551 que
2881 2462 3318 2531 relativorum
3350 2473 3675 2556 sequatur
3695 2466 3981 2533 mutatio
4014 2486 4098 2532 ex
4140 2463 4268 2532 ad-

2718 2577 2926 2638 ventu
2988 2570 3361 2650 relationis,
3439 2573 3559 2641 sed
3598 2575 3667 2640 in
3718 2571 3931 2641 altero
3996 2595 4268 2663 semper

2718 2677 3047 2767 sequitur.
3072 2688 3087 2710 ’

2806 2786 2911 2852 Au
2958 2808 3155 2854 Λιιιςο
3185 2786 3543 2856 dicendum
3586 2786 3766 2879 quod
3808 2788 4087 2855 Boetius
4117 2809 4256 2855 non

2718 2891 3002 2961 attendit
3057 2892 3459 2962 relationem
3511 2894 3881 2963 secundum
3941 2892 4004 2962 id
4071 2892 4255 2984 quod

2718 3008 2819 3068 est
2845 3001 3222 3090 proprietas
3251 2999 3562 3093 qua-dam
3600 3000 3857 3069 habens
3886 3002 4081 3092 quasi
4109 3001 4250 3067 vim

2715 3108 3110 3178 differentiae
3141 3110 3212 3177 in
3233 3110 3716 3179 constitutione
3743 3132 4050 3203 perseum
4086 3134 4102 3179 :
4136 3108 4258 3178 sed

2719 3217 2959 3308 accipit
3000 3217 3386 3300 relativum,
3428 3228 3495 3287 et
3531 3242 3670 3288 non
3709 3218 4109 3289 relationem
4154 3225 4265 3287 :et

2723 3329 2948 3418 ipsum
2981 3324 3336 3394 relativum
3371 3349 3508 3395 non
3547 3327 3830 3396 attendit
3869 3326 4000 3395 nisi
4027 3348 4268 3395 secun·

2725 3434 2888 3503 dum
2922 3443 3303 3527 respectum
3357 3458 3560 3527 quem
3603 3437 3921 3527 importat
3954 3457 3970 3502 ε
4004 3444 4073 3503 et
4109 3434 4270 3525 quia

2727 3540 3103 3610 secundum
3167 3540 3357 3610 illum
3398 3551 3614 3611 totum
3683 3542 3768 3609 ad
3813 3541 4101 3610 alterum
4140 3549 4269 3619 est,

2729 3657 2796 3717 et
2835 3671 2972 3717 non
3012 3649 3097 3717 ad
3146 3672 3247 3734 se,
3290 3659 3363 3718 ut
3428 3649 3592 3719 dicit
3627 3650 4076 3741 Augustinus,
4119 3647 4274 3717 ideo

2731 3755 2891 3825 dicit
2928 3757 3113 3849 quod
3154 3757 3327 3827 nibil
3356 3757 3676 3849 praedicat
3725 3759 3793 3826 in
3835 3757 4168 3826 relativo:
4210 3764 4280 3826 et

2731 3862 2863 3933 hoc
2891 3874 2991 3933 est
3021 3888 3261 3934 verum
3294 3864 3521 3957 quoad
3562 3874 3938 3957 respectum
3979 3864 4271 3947 relativi,

2731 3981 2795 4040 et
2830 3995 2966 4041 non
3007 3974 3235 4064 quoad
3266 3973 3399 4043 boc
3428 3973 3611 4066 quod
3643 3973 3876 4042 relatio
3897 3973 4277 4064 proprietas

2730 4090 2831 4149 est
2870 4080 3180 4171 quaedam
3217 4103 3369 4173 quae
3399 4080 3768 4151 secundum
3803 4082 4137 4149 rationem
4175 4079 4277 4146 in-

2733 4187 3077 4280 telligendi
3111 4189 3286 4258 inest
3325 4188 3630 4258 relativo.

1081 4844 1180 4920 ll.
1223 4840 1637 4940 Inellabile
1667 4848 1779 4917 est
1813 4841 2194 4941 quomodo
2229 4841 2486 4918 Filius
2536 4842 2662 4936 sil,
2689 4849 2762 4917 el
2790 4866 2942 4917 non
2981 4842 3260 4919 habeat
3292 4843 3608 4919 Patrem
3639 4844 4035 4943 priorem:
4083 4844 4282 4921 sicul

1569 4976 1842 5054 modus
1866 4976 2386 5078 yeueralionis
2426 4975 3026 5076 inintellt'yibilis
3064 4984 3138 5053 et
3184 4975 3600 5076 ineffabilis
3652 4985 3782 5054 est.

1172 5317 1324 5396 Sed
1365 5320 1655 5419 quaeris
1685 5348 1731 5397 a
1764 5343 1911 5415 me,
1956 5319 2209 5420 inquit
2261 5320 2740 5415 AmbrosiuS‚
2786 5321 3172 5420 quomodo
3201 5321 3262 5397 si
3307 5322 3548 5399 Filius
3585 5324 3708 5418 sit,
3751 5347 3906 5399 non
3940 5324 4272 5423 priorem

1074 5453 1358 5530 habeat
1409 5434 1779 5532 Patrem?
1807 5454 2087 5544 Quaero
2128 5455 2307 5532 item
2348 5456 2485 5531 abs
2525 5466 2624 5546 te,
2659 5455 2970 5554 quando
3046 5457 3167 5532 vel
3229 5457 3618 5555 quomodo
3708 5458 3980 5534 Filium
4050 5470 4276 5558 putes

1067 5610 1241 5666 esse
1272 5589 1793 5687 generatum?
1829 5588 2023 5694 Mihi
2055 5588 2261 5666 enim
2303 5588 2776 5690 impossibile
2816 5601 2931 5666 est
2969 5590 3497 5689 generationis
3571 5592 3763 5668 scire
3822 5604 4199 5670 secretum
4249 5618 4266 5670 ε

1321 5750 1434 5793 XXV

3976 5741 4040 5795 ¹⁹

4377 2833 4449 2881 Ad
4476 2838 4518 2881 2.
