4897 6388
1891 269 1986 336 IN
2035 269 2062 336 1
2113 269 2536 339 SENTENT.
2586 266 2816 356 DIST„
2870 264 3090 347 XXV,
3145 266 3219 345 L,
3271 266 3363 333 M.
3862 337 3865 340 ,
4118 264 4243 331 037

1043 511 1046 514 ,
1130 439 1453 532 Somno.
1514 425 1621 507 Ad
1656 438 1788 510 hoc
1843 439 1990 510 leve
2030 450 2131 509 est
2186 439 2591 531 respondere
2700 438 2852 506 Ioco
2890 461 3195 529 personae
3232 461 3246 504 ε
3293 448 3359 506 et
3413 437 3565 505 ideo
3607 437 3925 504 dicuntur
3954 443 4088 502 tres
4127 434 4250 524 hy-

1037 548 1415 616 secundum
1476 548 2066 639 praedeterminata
2106 569 2123 618 ;
2194 550 2353 638 quia
2421 546 2592 613 sub·
2699 554 3053 634 postases:
3108 546 3231 612 etsi
3273 544 3680 635 quandoque
3711 541 4097 608 inveniatur
4124 541 4249 606 sic-

1038 657 1287 722 stantia
1363 663 1646 744 propter
1711 654 2224 744 ambiguitatem
2292 652 2590 721 nominis
2636 641 2639 646 ¹
2703 662 2779 720 ut
2809 653 2894 720 ab
2920 654 3302 744 Augustino
3327 661 3395 720 et
3424 651 3749 719 Anselmo
3773 659 3905 717 tres
3936 647 4248 715 substan-

1040 761 1224 853 apud
1262 762 1541 830 Latinos
1593 785 1737 830 non
1795 764 2110 851 recipitur
2171 763 2243 830 in
2289 761 2535 852 plurali
2568 781 2584 830 ε
2701 762 2838 841 tiae,
2873 762 3165 829 sumitur
3202 760 3580 829 substantia
3617 759 3700 827 ab
3741 765 3895 827 actu
3925 755 4244 824 substan-

1041 870 1225 960 apud
1265 868 1538 938 Graecos
1566 879 1796 938 autem
1826 870 2092 939 videtur
2122 877 2414 943 ὑπόστασις
2443 892 2588 937 esse
2701 870 2794 951 di,
2829 878 2897 938 et
2922 893 3045 960 pro
3070 868 3445 960 hypostasi.
3794 881 3800 886 ’

1040 1360 1127 1446 L.
1192 1356 1589 1452 Quomodo
1667 1355 2084 1432 secundum
2144 1356 2347 1430 lzunc
2407 1357 2725 1433 modum
2801 1357 3031 1432 etiam
3108 1356 3190 1430 in
3255 1352 3659 1452 praedictis
3740 1350 4260 1433 locutionibus*

2351 1499 2608 1594 potest
2655 1489 2971 1591 accipi?
3826 1482 3831 1487 ’

1139 1829 1307 1905 Hoc
1344 1827 1578 1905 etiam
1631 1816 1860 1902 modo
1908 1851 2095 1903 sane
2136 1839 2384 1926 potest
2412 1826 2656 1927 accipi
2711 1850 3044 1927 persona
3101 1828 3180 1902 in
3214 1829 3637 1927 praemissis
3689 1830 4245 1924 locutionibuS,

1037 1987 1217 2039 cum
1248 1962 1762 2058 dicitur,·Alia
1819 1986 2148 2061 persona
2177 1955 2471 2058 Patris,
2515 1962 2670 2039 alia
2717 1962 2916 2058 Filii,
2960 1963 3035 2036 id
3085 1972 3226 2057 est,
3272 1963 3426 2039 alia
3463 1973 3581 2040 est
3631 1963 4057 2063 proprietas
4096 1988 4251 2063 qua

1033 2099 1264 2174 Pater
1301 2106 1417 2174 est
1456 2098 1711 2188 Pater,
1746 2097 1896 2172 alia
1926 2119 2081 2196 qua
2110 2091 2347 2174 Filius
2375 2107 2492 2173 est
2530 2097 2797 2191 Filius,
2834 2097 2985 2173 alia
3024 2119 3180 2196 qua
3209 2096 3542 2196 Spiritus
3579 2111 3897 2176 sanctus
3926 2108 4046 2175 est
4074 2099 4242 2198 Spi-

1046 2234 1239 2310 ritus
1288 2242 1635 2309 sanctuS.
1681 2233 1796 2309 Ita
1826 2232 2051 2309 etiam
2116 2232 2429 2309 nomine
2476 2255 2831 2332 personoe
2880 2231 3194 2331 quidam
3237 2233 3740 2332 proprietates
3772 2235 3789 2270 ¹
3824 2233 4255 2332 intelligere

1048 2357 1353 2463 volunt,
1398 2391 1577 2444 cum
1610 2367 1978 2443 dicuntur
2014 2376 2167 2444 tres
2197 2389 2552 2467 personae
2588 2390 2605 2442 :
2642 2367 2778 2442 sed
2821 2365 3097 2442 melius
3136 2376 3251 2442 est
3280 2377 3361 2441 ut
3389 2367 3929 2444 subsistentias
3966 2370 4088 2443 vel
4124 2370 4256 2467 hy-

1049 2511 1404 2602 postases
1432 2501 1986 2601 intelligamuS‚
2017 2525 2192 2578 cum
2224 2501 2555 2578 dicimus
2586 2511 2740 2577 tres
2780 2523 3183 2600 personas,

1153 2641 1262 2714 Ex
1303 2637 1693 2739 praedictis
1732 2638 2142 2737 colligitur,
2175 2636 2381 2738 quod
2416 2659 2698 2712 nomen
2732 2659 3087 2736 personoe
3118 2635 3194 2711 in
3220 2637 3584 2713 Trinitate
3629 2637 4004 2738 triplicem
4049 2647 4261 2715 tenet

1052 2775 1460 2850 rationem.
1494 2773 1859 2851 Estenim
1902 2774 2028 2850 ubi
2065 2773 2238 2851 tacit
2277 2771 2864 2870 intelligentiam
2891 2772 3276 2860 essentize,
3307 2783 3383 2850 et
3419 2783 3535 2850 est
3578 2773 3704 2847 ubi
3748 2773 3926 2849 facit
3966 2774 4264 2851 intelli·-

1053 2911 1395 3012 gentiam
1439 2910 1905 3012 hypostasis,
1946 2920 2023 2986 et
2050 2919 2165 2985 est
2205 2908 2335 2984 ubi
2370 2907 2544 2985 facit
2575 2906 3164 3005 intelligentiam
3207 2908 3723 3008 proprietatis.

2711 3261 3062 3351 ceptiones
3098 3284 3410 3353 personae
3450 3263 3547 3332 sic
3584 3263 3825 3354 accipi,
3881 3259 4065 3354 quod
4116 3285 4272 3352 per·

2714 3390 2884 3436 sona
2955 3370 3292 3461 significat
3364 3371 3813 3440 substantiam
3891 3368 4264 3459 subjectam

1464 3505 1863 3585 Egpogmo
1904 3506 2208 3568 Tenum
2717 3497 2877 3543 cum
2917 3481 3330 3569 proprietate
3375 3501 3391 3545 ε
3435 3489 3501 3548 et
3553 3478 3700 3548 ideo
3751 3478 3971 3570 gratia
4013 3477 4272 3568 signiti-

2720 3586 2852 3652 cati
2883 3588 3209 3676 accipitur
3236 3588 3456 3679 prima
3486 3587 3891 3679 significatio
3913 3586 4086 3676 ejus,
4120 3608 4270 3677 quae

2723 3696 2824 3757 est
2863 3693 3155 3761 essentia
3198 3715 3214 3760 ε
3250 3694 3466 3784 gratia
3514 3694 3844 3785 suppositi
3883 3692 3993 3760 vel
4032 3691 4268 3780 subje-

1159 3818 1420 3889 Deinde
1460 3828 1623 3888 nota
1652 3821 1831 3888 circa
1872 3819 2181 3887 ultimam
2216 3826 2478 3910 partem
2516 3820 2622 3889 di·
2725 3796 2812 3864 αἱ
2844 3799 3170 3889 ιισώρῖωῐ·
3188 3802 3509 3880 Secunda·
3532 3823 3682 3891 ‹1¹¹ae
3711 3809 3811 3869 ⁰⁸¹
3840 3798 4265 3892 ¹¹)'POSU15353

1068 3925 1456 3995 stinctionis
1477 3947 1630 4018 quae
1653 3926 1890 4016 incipit
1921 3923 2035 4002 ibi,
2064 3923 2138 4010 L,
2162 3924 2337 3994 circa
2365 3925 2571 3996 tinem
2601 3944 2619 3996 ε
2728 3906 2946 3996 grafia
2979 3909 3412 3999 Psol‘siefflfis
3433 3910 3655 3979 ¹⁰⁸5&

1074 4065 1110 4101 α
1145 4041 1263 4108 Ex
1286 4035 1641 4129 praedictis
1667 4036 2053 4125 colliqitur,
2081 4043 2239 4120 etc„
2285 4062 2321 4101 n
2353 4045 2492 4105 tres
2519 4059 2630 4106 ac-

1608 4522 1717 4600 M.
1772 4521 2381 4601 Auctoritatibus
2413 4479 2882 4603 Sanctorum
2922 4526 3253 4602 ostendit
3305 4528 3755 4626 quodem-it.

1183 4872 1404 4960 Quod
1446 4882 1703 4948 autem
1746 4871 2169 4948 secundum
2213 4871 2721 4948 substantiam
2770 4871 3096 4962 dicatur,
3140 4872 3674 4966 etesseutiam
3720 4871 4138 4971 aliquando
4178 4870 4288 4944 si-

1084 5006 1428 5105 guificat,
1464 5031 1703 5107 supra
1749 5032 1843 5084 ex
1892 5005 2113 5081 dictis
2158 5006 2568 5104 Augustini
2614 5017 2877 5107 aperte
2932 5006 3440 5083 ostendimus,
3485 5006 3703 5096 Quod
3745 5031 3929 5083 vero
3963 5031 4099 5106 pro
4137 5008 4280 5104 hy-

1087 5142 1374 5245 postasi
1429 5153 1659 5242 atque
1711 5141 2169 5242 proprietate
2217 5141 2666 5244 accipiatur,
2710 5166 2804 5218 ex
2843 5142 3429 5219 auctoritatibus
3469 5144 3933 5221 Sanctorum
3985 5140 4287 5218 ostendi

1087 5287 1415 5379 oportet,
1454 5301 1550 5354 ne
1591 5275 2052 5375 conjecturis
2092 5274 2373 5352 nostris
2403 5276 2694 5376 aliquid
2727 5277 2897 5353 ausi
2925 5277 3178 5353 dicere
3220 5275 3647 5354 videamur.
3694 5279 3804 5354 De
3849 5279 3993 5353 hoc
4024 5276 4287 5352 lliero-

1167 5637 1185 5672 ¹
1217 5634 1370 5693 Edit.
1401 5635 1569 5691 Joan.
1605 5630 1932 5695 Alleaume,
1951 5630 2370 5701 proprietatem.
