4897 6388
1512 377 1523 384 ·
1655 338 1659 341 ’
1750 343 1843 409 ΙΝ
1890 342 1917 409 l
1971 326 2409 438 SENTENT?
2445 336 2678 405 DIST.
2731 333 2921 415 vm,
2977 315 3314 413 n‚'AR'r.
3367 335 3479 401 22.

1480 741 1721 786 mvlslo
1768 741 2038 788 TssxTUS.

1081 962 1116 1002 ι
1158 937 1555 1026 Eademque
1580 935 1734 1003 sola
1757 938 2035 1027 proprie
2071 959 2151 1003 ac
2178 959 2327 1003 vere
2361 937 2530 1003 sim·-

980 1043 1153 1135 plex
1189 1054 1309 1120 est,
1355 1050 1481 1111 etc.
1528 1068 1562 1108 n

1074 1150 1207 1218 Hic
1236 1151 1470 1241 incipit
1500 1150 1697 1218 tertia
1723 1172 1879 1240 pars
1915 1150 2110 1218 istius
2150 1150 2534 1217 distinctio-

986 1258 1120 1343 niS,
1156 1261 1224 1327 in
1265 1281 1401 1349 qua
1439 1258 1666 1347 agitur
1711 1257 1793 1325 de
1823 1257 2252 1348 simplicitate
2281 1257 2531 1324 divinae

983 1373 1291 1434 naturae:
1326 1372 1394 1433 et
1449 1364 1772 1432 dividitur
1828 1365 1897 1430 in
1953 1364 2122 1431 duas
2156 1370 2407 1454 partes.
2454 1362 2533 1430 ln

980 1474 1229 1563 prima,
1272 1472 1568 1540 ostendit
1614 1470 2116 1561 simplicitatem
2167 1493 2312 1539 esse
2367 1493 2534 1561 pro-

980 1582 1199 1669 priam
1239 1579 1489 1647 divinae
1521 1586 1775 1646 naturae
1809 1580 1875 1645 in
1906 1579 2412 1669 comparatione
2443 1578 2531 1646 ad

932 1779 935 1780 ⁷
981 1685 1410 1775 corporalem
1449 1693 1759 1752 naturam
1821 1692 1887 1752 et
1942 1684 2028 1752 ad
2080 1683 2526 1774 spiritualem.

984 1794 1061 1862 lu
1100 1797 1420 1877 secunda,
1455 1795 1799 1864 concludit
1843 1819 1927 1863 ex
1973 1795 2102 1864 hoc
2158 1795 2344 1887 quod
2392 1818 2530 1863 non

980 1902 1161 1971 cadit
1216 1904 1286 1971 iu
1339 1904 1866 1994 praedicamento
1931 1902 2359 1984 substantiae,
2409 1903 2529 1988 ibi,

979 2009 1068 2090 Η,
1105 2038 1140 2074 α
1188 2011 1380 2080 Unde
1425 2033 1546 2078 nec
1575 2013 1858 2103 proprie
1886 2011 2161 2079 *dicitur
2205 2012 2534 2079 substan-

986 2121 1112 2190 tia.
1148 2149 1180 2181 υ

1074 2230 1307 2300 Prima
1351 2230 1804 2300 subdividitur
1858 2232 1929 2300 in
1959 2232 2262 2323 quinque
2305 2254 2321 2299 ε
2368 2254 2542 2323 qua·-

987 2362 1138 2407 rum
1191 2340 1413 2430 prima
1476 2349 1602 2417 est,
1673 2338 1856 2431 quod
1905 2339 1992 2406 sit
2056 2339 2370 2429 simplex,
2439 2341 2532 2408 ita

983 2446 1165 2537 quod
1223 2456 1323 2515 est
1388 2446 1719 2539 quidquid
1782 2444 2376 2514 habetsSecunda
2441 2446 2527 2515 ab

979 2551 1111 2623 hac
1144 2554 1573 2646 simplicitate
1622 2553 1920 2622 excludit
1945 2561 2259 2622 naturam
2288 2576 2528 2645 corpo·

980 2660 1215 2741 ralem,
1249 2660 1369 2741 ibi,
1413 2687 1448 2728 α
1486 2661 1972 2731 Animadverte
2004 2662 2265 2754 primo,
2311 2684 2529 2755 quare

975 2772 1220 2850 omnis,
1263 2779 1390 2840 etc.
1450 2797 1483 2836 ι
1528 2770 1612 2838 Et
1668 2772 1867 2840 tertia
1910 2768 1997 2838 ab
2045 2769 2173 2839 hac
2227 2770 2527 2840 excludit

974 2887 1289 2947 naturam
1341 2878 1789 2971 spiritualem,
1840 2877 1957 2958 ibi,
2001 2878 2082 2957 E,
2120 2906 2155 2941 «
2190 2879 2526 2949 Crealeera

970 3009 1242 3081 quoque
1257 2987 1674 3079 spiritualis,
1725 2997 1851 3057 etc.
1889 3013 1923 3053 n
1956 2987 2035 3055 In
2074 2996 2340 3079 quarta,
2391 2988 2528 3058 sol-

969 3096 1073 3163 vit
1121 3094 1578 3184 objectionem
1612 3118 1765 3188 quae
1804 3103 2034 3186 posset
2079 3095 2223 3163 [ieri
2263 3117 2348 3165 ex
2392 3094 2526 3167 hoc

973 3202 1159 3293 quod
1199 3203 1388 3272 Deus
1440 3204 1686 3273 dicitur
1730 3203 2218 3293 multipliciter,
2260 3202 2382 3288 ibi,
2442 3204 2521 3288 F,

970 3337 1005 3374 α
1036 3312 1171 3380 Hie
1224 3311 1593 3403 diliqevzter
1642 3313 2051 3392 violandum,
2128 3320 2257 3380 etc.
2337 3336 2371 3379 ι
2441 3313 2522 3382 In

972 3419 1237 3509 quinta,
1295 3426 1595 3488 removet
1664 3418 2268 3510 praedicamentum
2334 3421 2522 3489 aeci-

967 3524 1234 3595 dentale
1290 3526 1375 3594 ab
1423 3529 1592 3618 ipsa,
1654 3526 1773 3605 ibi,
1823 3554 1857 3591 α
1924 3527 2128 3612 Quod
2165 3538 2396 3598 autem
2445 3530 2518 3597 in

965 3642 1255 3712 natura,
1298 3643 1428 3704 etc.
1475 3660 1509 3700 n

1348 4068 1850 4139 AIlTlcumfs
1901 4069 2122 4139 xxn.

970 4280 1217 4349 Utrum
1269 4281 1508 4349 divina
1572 4290 1829 4349 viatura
1879 4284 1972 4350 sit
2019 4283 2341 4375 simple-t,
2401 4283 2513 4353 vel

1096 4390 1473 4479 composita
1499 4413 1586 4455 ex
1610 4410 1746 4479 quo
1783 4399 1884 4456 est
1903 4400 1967 4457 et
1992 4390 2182 4482 quod
2213 4400 2311 4458 est
2333 4389 2376 4459 P

1050 4710 1178 4779 Hic
1209 4719 1435 4779 sutem
1484 4710 1705 4800 primo
1745 4710 2072 4800 quaeritur
2107 4706 2189 4778 de
2231 4710 2506 4802 simpli-

960 4819 1162 4887 citate
1200 4817 1446 4886 divinae
1484 4826 1769 4900 naturae,
1812 4826 1879 4885 et
1907 4826 2307 4909 quaeruntur
2335 4817 2496 4887 duo.

960 4924 1272 4994 Primum
1312 4934 1438 5009 est,
1470 4949 1557 4993 an
1595 4927 1678 4993 sit
1724 4923 2068 5015 simplex?
2108 4924 2501 4995 Secundum

911 5085 925 5098 .
960 5042 1064 5102 est
1100 5034 1184 5101 de
1230 5033 1453 5101 modis
1499 5034 2096 5124 compositionum,
2131 5055 2306 5123 quos
2351 5033 2504 5102 Ma-

956 5142 1171 5234 gister
1196 5138 1306 5209 hic
1336 5142 1549 5232 ponit.
1590 5139 1921 5221 Tertium,
1954 5162 2162 5231 quare
2199 5163 2340 5211 non
2380 5164 2500 5231 po·

958 5252 1061 5317 nit
1090 5247 1318 5340 plures
1336 5251 1372 5316 ⁸?

1045 5461 1149 5529 An
1173 5458 1783 5552 rnmuulobjicitur
1811 5462 1907 5528 sic
1941 5482 1956 5526 ε

1047 5571 1109 5636 1.
1155 5566 1375 5637 Omne
1413 5568 1596 5661 quod
1645 5578 1745 5638 est
1774 5569 1859 5638 ab
1899 5570 2035 5639 alio
2072 5567 2280 5639 habet
2309 5570 2494 5660 quod

951 5676 1063 5751 sit,
1126 5675 1367 5751 etalio
1423 5674 1627 5752 habet
1681 5677 1864 5774 quod
1920 5676 2051 5747 hoc
2105 5680 2194 5746 sit
2244 5699 2260 5744 ε
2310 5676 2494 5747 Deus

4147 257 4174 299 ι

4063 335 4185 402 251

2640 513 2741 573 est
2788 529 2803 573 :
2848 513 2968 571 aut
3005 525 3168 593 ergo
3212 510 3315 568 est
3359 505 3584 592 ipsum
3636 526 3780 571 esse
3825 503 4192 572 secundum

2642 612 2828 702 quod
2857 634 3031 692 esse,
3068 620 3187 678 aut
3231 620 3332 679 est
3370 610 3502 678 hoc
3540 609 3817 701 aliquid.
3858 611 3930 677 Si
3974 614 4192 701 primo

2642 718 2874 799 mode,
2929 728 3088 787 tunc
3158 721 3299 808 ipse
3354 726 3455 785 est
3507 718 3791 785 intenlio
3837 720 4008 785 entis
4050 743 4198 808 quae

2641 826 2964 893 convenit
3017 825 3366 908 omnibuS,
3413 824 3597 915 quod
3653 824 3971 891 frivolum
4028 834 4128 891 est
4172 848 4188 892 :

2642 939 2802 1027 quia
2845 946 3009 1004 tunc
3054 945 3234 1005 esset
3288 959 3409 1005 ens
3477 936 3661 1027 quod
3720 946 3820 1004 est
3878 937 3946 1003 in
4006 938 4194 1003 omni

2640 1046 3058 1136 particulari,
3093 1055 3158 1113 et
3204 1046 3533 1137 generali,
3577 1055 3643 1113 et
3690 1043 3961 1134 speciali
4011 1043 4196 1112 disse·

2643 1155 2858 1221 rentia
2905 1154 3107 1236 entiS,
3144 1153 3328 1244 quod
3362 1150 3684 1221 frivolum
3725 1161 3848 1220 est.
3887 1152 4067 1243 Ergo
4098 1153 4195 1241 ip-

2641 1282 2713 1326 se
2762 1268 2862 1327 est
2906 1259 3036 1328 hoc
3089 1258 3350 1349 aliquid
3400 1280 3416 1326 :
3465 1258 3546 1325 ab
3598 1258 3730 1325 alio
3791 1280 3953 1348 ergo
3993 1256 4196 1326 habet

2640 1389 2812 1445 esse,
2859 1375 2925 1433 et
2968 1365 3053 1433 ab
3102 1367 3241 1434 alio
3292 1365 3478 1456 quod
3526 1365 3657 1433 hoc
3712 1367 3847 1433 sit:
3887 1388 4046 1456 ergo
4094 1374 4196 1434 est

2639 1475 3087 1564 compositus
3134 1473 3221 1541 Et
3267 1473 3562 1557 videtur,
3607 1473 3791 1562 quod
3838 1471 3981 1540 haec
4024 1476 4193 1542 ratio

2640 1592 2840 1673 cogat
2916 1583 3292 1651 secundum
3371 1590 3681 1650 nostrum
3750 1582 4189 1661 intellectum,

2640 1713 2847 1758 omne
2879 1686 3066 1780 quod
3097 1689 3228 1759 hoc
3273 1689 3531 1780 aliquid
3581 1698 3682 1757 est
3718 1713 3861 1757 esse
3908 1712 4195 1779 compo-

2639 1797 2877 1864 silum.

2733 1905 2798 1971 2.
2844 1903 3215 1986 Praeterea,
3259 1903 3449 1973 Deus
3498 1893 3612 1973 est'
3645 1927 3786 1986 ens,
3820 1913 3886 1971 et
3914 1914 4015 1972 est
4064 1907 4195 1995 pri-

2639 2035 2833 2079 mum
2864 2034 3009 2091 ene,
3045 2019 3112 2080 et
3159 2012 3346 2081 Deus
3391 2021 3493 2081 est
3534 2034 3550 2081 ε
3596 2020 3713 2080 aut
3742 2035 3903 2104 ergo
3952 2012 4192 2082 eodem

2635 2128 2736 2189 est
2780 2121 3016 2189 omnia
3055 2119 3229 2203 haec,
3273 2129 3393 2189 aut
3428 2121 3721 2191 diverso.
3771 2122 3845 2190 Si
3893 2122 4185 2190 eodem:

2635 2250 2800 2320 ergo
2853 2251 2934 2298 eo
2989 2237 3094 2297 est
3149 2250 3270 2297 ens
3320 2251 3458 2320 quo
3511 2238 3613 2297 est
3659 2231 3984 2321 primum,
4033 2238 4099 2298 et
4153 2251 4189 2297 e

2635 2357 2973 2404 converso
3010 2359 3026 2404 z
3061 2357 3228 2427 ergo
3259 2338 3366 2405 cui
3408 2338 3730 2405 convenit
3767 2361 3913 2417 enS,
3945 2359 4190 2406 conve-

2635 2444 2736 2510 nit
2802 2445 3010 2512 etiam
3090 2444 3392 2533 primum
3459 2468 3631 2527 esse,
3697 2445 3877 2535 quod
3944 2443 4186 2512 falsum

2634 2557 2736 2616 est
2769 2571 2786 2615 :
2821 2571 2988 2641 ergo
3038 2572 3175 2618 non
3224 2549 3466 2618 eodem
3521 2549 3726 2619 habet
3776 2573 3922 2619 esse
3965 2573 3979 2618 :
4024 2573 4184 2641 ergo

2632 2657 2719 2724 ab
2750 2658 2886 2725 alio
2922 2679 2939 2725 ε
2979 2666 3045 2726 et
3088 2660 3180 2726 ita
3211 2659 3336 2727 erit
3374 2660 3814 2750 compositus

2729 2766 2863 2833 Suo
2912 2765 3225 2834 Conna:

2729 2877 2787 2940 l.
2823 2873 3042 2942 Detur
3080 2874 3267 2966 quod
3301 2873 3435 2943 alio
3471 2884 3572 2944 est
3600 2898 3744 2956 enS,
3780 2885 3845 2944 et
3894 2876 4026 2945 alio
4057 2875 4186 2947 hoc

2632 3004 2754 3050 ens
2817 3004 2832 3048 ε
2887 3005 3055 3073 ergo
3112 2990 3217 3052 est
3284 2984 3708 3074 compositus
3777 3008 3794 3054 τ
3869 2985 3986 3052 sed
4033 2996 4187 3054 ante

2630 3112 2837 3157 omne
2867 3092 3330 3182 compositum
3371 3101 3529 3160 sunt
3561 3116 3683 3160 sua
3706 3095 4185 3184 componentia

2628 3220 2751 3288 per
2798 3208 3116 3268 naturam
3170 3222 3187 3269 ι
3250 3224 3415 3291 ergo
3476 3201 3658 3269 Deus
3712 3226 3851 3269 non
3909 3211 4010 3269 est
4057 3205 4188 3293 pri-

2633 3327 2850 3377 mum.

2717 3415 2784 3480 2.
2862 3413 3062 3496 Item,
3145 3416 3318 3483 Cum
3423 3438 3627 3485 omne
3730 3419 4183 3507 compositum

2627 3519 2962 3609 principia
3030 3522 3138 3587 sui
3205 3543 3352 3590 esse
3421 3520 3667 3590 habeat
3721 3546 3844 3590 sua
3897 3547 4189 3616 compo-

2627 3628 2884 3707 nentia,
2915 3631 3228 3720 sequitur
3255 3630 3443 3720 quod
3482 3630 3660 3699 Deus
3692 3655 3826 3699 non
3876 3633 3962 3700 sit
4027 3634 4185 3699 uni-

2622 3739 2968 3807 versitatis
3005 3740 3444 3832 principium.

2714 3848 2780 3916 3.
2816 3845 3019 3931 Item,
3051 3847 3226 3915 Cum
3280 3869 3486 3917 omne
3541 3850 3994 3940 compositum
4042 3872 4179 3919 non

2620 3975 2744 4043 per
2770 3974 2843 4019 se
2873 3954 2961 4021 sit
3000 3976 3304 4036 necesse,
3347 3955 3468 4024 sed
3513 3979 3636 4047 per
3699 3980 3823 4025 sua
3896 3980 4179 4050 compo-

2620 4062 2882 4140 nentia,
2917 4062 3230 4153 sequilur
3268 4062 3454 4153 quod
3514 4062 3695 4132 Deus
3727 4087 3863 4132 non
3910 4066 3991 4132 sit
4060 4089 4179 4135 ens

2619 4189 2924 4249 necesse,
2968 4177 3036 4236 et
3067 4168 3253 4260 quod
3284 4191 3423 4237 non
3475 4171 3562 4238 sit
3622 4173 3840 4261 ipsum
3910 4195 4177 4243 necesse

2616 4299 2766 4346 esse
2795 4301 2920 4369 per
2948 4301 3047 4348 se.

2715 4388 2773 4455 l.
2810 4387 3011 4468 Item,
3045 4387 3217 4457 Cum
3287 4413 3494 4459 omne
3559 4394 4012 4484 compositum
4070 4418 4176 4464 se-

2612 4494 2916 4563 cundum
2948 4518 3073 4564 sua
3100 4498 3589 4587 componentia
3617 4499 3703 4566 sit
3731 4499 3800 4567 in
3832 4502 4168 4590 potentia:

2614 4605 2927 4694 sequitur
2982 4627 3068 4673 ex
3124 4604 3280 4683 hoc,
3351 4606 3538 4697 quod
3604 4605 3785 4675 Deus
3831 4609 3918 4676 sit
3953 4632 4073 4677 ens
4103 4612 4172 4679 in

2611 4712 2918 4803 potentis
2960 4710 3196 4804 aliquo
3228 4710 3462 4783 modo.
3507 4711 3674 4793 Quae
3718 4717 3950 4783 omnia
4012 4719 4171 4808 quia

2610 4817 3110 4887 absurdissima
3139 4828 3323 4898 sunt.
3360 4830 3625 4910 oportet
3686 4821 3929 4906 dicere,
3988 4824 4165 4914 quod

2610 4925 2796 4995 Deus
2834 4928 2924 4994 sit
2961 4950 3084 4995 ens
3109 4927 3400 5019 simplex
3433 4930 3500 4996 in
3533 4929 3663 4997 tine
3688 4929 4159 5020 simplicitatis·

2702 5140 3014 5221 Somno,
3048 5138 3577 5210 Concedendum
3614 5153 3711 5211 est
3756 5142 3971 5211 Deum
4014 5167 4157 5212 esse
4237 5176 4441 5223 somno,

2605 5247 3015 5338 simplicem.

2696 5357 2802 5424 An
2841 5380 2968 5425 noc
3017 5365 3248 5425 autem
3315 5358 3500 5450 quod
3565 5358 3904 5448 objicitur,
3973 5362 4153 5453 quod
4264 5395 4334 5440 Ad
4368 5396 4404 5442 ι.

2605 5484 2812 5531 omne
2843 5464 3028 5554 quod
3068 5473 3171 5533 est
3207 5464 3294 5532 ab
3333 5465 3468 5533 alio
3500 5464 3743 5536 habeat
3772 5490 3940 5545 esse,
3973 5478 4039 5536 et
4067 5469 4152 5537 ab

2603 5569 2739 5639 alio
2778 5572 2966 5663 quod
3003 5571 3138 5641 hoc
3165 5581 3293 5652 est,
3344 5574 3733 5656 dicendum,
3801 5578 3984 5668 quod
4042 5577 4151 5648 illa

2602 5680 2986 5769 propositio
3016 5690 3118 5750 est
3157 5681 3379 5750 Boetii
3439 5692 3507 5750 et
3549 5684 3915 5754 Avicennae
3983 5687 4051 5753 in
4090 5687 4151 5751 Y

4215 2802 4312 2851 Sed
4336 2810 4522 2853 contre.
