4897 6388
735 387 862 454 442

653 569 664 576 ⁴
729 560 942 626 stinus
989 557 1207 625 dicere
1270 559 1338 624 in
1385 541 1671 635 Littera,
1733 545 1890 622 oum
1942 553 2008 618 in
2049 550 2277 618 Veteri

725 666 1152 734 Testamento
1233 650 1542 756 personae
1624 661 2009 730 visibilibus
2067 659 2279 749 signis

729 798 907 866 saepe
939 782 1419 866 apparuerunt,
1455 773 1729 841 videtur
1759 771 1942 862 quod
1966 772 2091 837 ista
2114 770 2277 836 mis-

730 884 829 949 sio
860 883 930 949 in
968 882 1199 950 Veteri
1237 883 1669 948 Testamento
1710 900 1888 968 saepe
1931 877 2104 944 facta
2139 875 2279 942 fue-

733 991 838 1058 rit.

819 1101 882 1166 2.
927 1098 1267 1167 Praeterea
1297 1095 1428 1162 hoc
1457 1096 1727 1164 videtur
1767 1095 1973 1163 etiam
2019 1091 2150 1160 alia
2180 1115 2283 1159 ra·

730 1209 910 1273 tione
966 1228 981 1274 ε
1045 1205 1278 1271 missio
1338 1204 1522 1269 enim
1575 1199 1867 1268 visibilis
1928 1199 2281 1266 ordinatur

729 1313 815 1382 ad
846 1311 1255 1380 invisibilem
1301 1333 1316 1378 :
1361 1310 1481 1379 sed
1510 1307 1875 1378 invisibilis
1933 1311 2003 1375 in
2059 1306 2280 1374 Veteri

726 1419 1155 1486 Testamento
1208 1437 1385 1504 saepe
1417 1414 1593 1482 facta
1624 1421 1725 1481 est
1758 1436 1772 1479 :
1811 1434 1972 1502 ergo
2004 1418 2070 1477 et
2124 1408 2283 1478 visi-

729 1524 907 1606 bilis,
933 1523 1268 1591 Pnosuio
1282 1522 1556 1612 primae.
1583 1519 1662 1588 In
1682 1522 1944 1588 Littera
1966 1518 2124 1585 dicit
2143 1517 2282 1584 Au·

730 1632 1041 1723 gustinus
1071 1630 1254 1721 quod
1274 1630 1346 1695 in
1385 1628 1519 1695 illis
1551 1629 1877 1696 creaturis
1899 1624 2278 1694 visibilibus

734 1737 1026 1829 Spiritus
1055 1745 1327 1804 sanctus
1357 1734 1443 1803 ad
1488 1735 1623 1804 hoo
1660 1742 1826 1817 erat,
1878 1742 1955 1801 ut
2010 1755 2129 1823 per
2168 1753 2280 1798 eas

731 1844 1195 1913 ostenderetur
1226 1841 1522 1932 Spiritus
1566 1848 1840 1909 sanctus
1870 1840 1941 1906 in
1975 1838 2103 1906 illis
2132 1860 2281 1906 esse

731 1950 817 2019 ad
854 1972 1026 2041 quos
1057 1942 1188 2017 illae
1218 1954 1546 2016 creaturae
1583 1944 1974 2016 veniebant.
2017 1943 2282 2013 Secun-

731 2057 817 2126 da
878 2065 1105 2127 autem
1172 2055 1527 2147 probatur,
1611 2052 1918 2145 Sspient.
1980 2073 2076 2131 ix,
2134 2052 2213 2119 10
2258 2070 2275 2120 ε

730 2166 929 2235 Mitte
966 2163 1170 2244 illam
1201 2165 1286 2233 de
1313 2163 1501 2232 coelis
1530 2163 1786 2232 sanctis
1815 2163 1978 2241 tuis,
2011 2170 2077 2229 et
2104 2184 2148 2228 α
2172 2182 2284 2228 se·

734 2277 817 2346 de
860 2276 1366 2367 maqnitudinis
1414 2284 1577 2359 tuae,
1638 2283 1717 2343 ut
1772 2295 2034 2344 mecum
2075 2273 2168 2341 sit
2220 2280 2284 2340 ec

735 2406 996 2452 mecum
1029 2381 1312 2452 laboret.
1361 2381 1511 2451 Hoc
1557 2382 1741 2450 enim
1787 2381 2043 2450 dictum
2076 2388 2178 2448 est
2212 2379 2283 2446 in

734 2491 965 2560 Veteri
991 2489 1476 2559 Testamento:
1536 2510 1701 2581 ergo
1757 2487 2050 2570 videtur,
2101 2484 2285 2578 quod

736 2597 1125 2688 hujusmodi
1165 2599 1400 2667 missio
1430 2593 1719 2665 visibilis
1751 2603 1910 2665 tunc
1947 2594 2173 2665 fuerit.

821 2707 886 2776 3.
921 2706 1119 2784 Item,
1166 2704 1243 2773 Si
1306 2702 1596 2774 visibilis
1654 2711 1965 2773 creature
2038 2709 2139 2771 est
2182 2724 2287 2770 os·

730 2814 1013 2886 tendens
1058 2812 1316 2906 aliquid
1359 2813 1695 2891 divinum,
1747 2811 1997 2881 suflicit
2060 2809 2145 2878 sd
2182 2832 2287 2878 ra-

739 2927 995 2997 tionem
1051 2923 1337 2993 visibilis
1401 2923 1752 2992 missionis
1812 2945 1828 2990 :
1898 2943 2079 3000 cum,
2114 2920 2286 2989 sicut

735 3058 940 3130 supra
965 3033 1353 3115 habuimus,
1399 3033 1606 3102 Pater
1645 3031 1717 3101 in
1741 3029 1994 3100 visibili
2024 3035 2286 3099 creatu·

738 3168 815 3215 rs
852 3145 1188 3236 apparuit,
1228 3142 1498 3213 videtur
1549 3139 1758 3211 Pater
1823 3161 1971 3211 esse
2009 3138 2280 3210 missus.

742 3253 984 3322 Geues,
1017 3274 1208 3333 xvtn,
1250 3252 1317 3334 2,
1341 3250 1506 3318 Tres
1534 3248 1729 3329 vidit,
1764 3256 1830 3316 et
1878 3270 2094 3316 unum
2125 3243 2285 3315 ado-

743 3361 939 3429 ravit.

829 3469 893 3535 4.
932 3466 1005 3536 Si
1035 3468 1243 3557 dicas,
1282 3465 1464 3559 quod
1491 3464 1640 3534 haec
1668 3464 1817 3533 visa
1855 3463 2133 3531 Petrum
2163 3484 2288 3553 per

737 3575 1040 3667 Angelos
1078 3573 1548 3643 administrata
1584 3580 1771 3651 sunt,
1830 3579 1897 3640 et
1945 3569 2095 3638 ideo
2144 3592 2282 3638 non

740 3684 1139 3777 intelligitur
1167 3687 1236 3753 in
1264 3684 1361 3751 eis
1392 3681 1628 3751 missio
1668 3703 1684 3749 ε
1719 3677 1851 3750 hoc
1881 3702 2020 3748 non
2071 3701 2286 3748 excu-

738 3799 841 3862 sat
878 3788 1328 3880 objectionem
1367 3787 1587 3857 tribus
1646 3783 2069 3857 rationibus:
2113 3807 2282 3879 qus·

741 3921 892 3967 rum
919 3897 1139 3990 prima
1197 3905 1323 3981 est,
1385 3893 1571 3989 quod
1607 3893 2037 3987 Augustinus
2090 3890 2284 3973 dicit,

740 4005 922 4099 quod
961 4004 1525 4074 absurdissimum
1571 4009 1676 4073 est
1715 4000 1938 4072 dicere
1977 3999 2281 4081 Patrem,

740 4116 794 4182 si
825 4112 1176 4197 voluisset,
1209 4113 1281 4181 in
1328 4118 1637 4181 creatura
1675 4109 1928 4180 visibili
1960 4132 2286 4203 apparere

743 4244 879 4290 non
918 4220 1218 4312 potuisse
1273 4219 1547 4311 :posito
1603 4240 1794 4309 ergo,
1845 4218 2029 4313 quod
2082 4241 2287 4310 appa-

743 4331 973 4410 ruerit,
1043 4329 1211 4399 nihil
1257 4327 1454 4398 debet
1492 4329 1686 4423 sequi
1735 4328 2221 4398 inconveniens
2263 4350 2282 4397 t

743 4438 1050 4531 sequitur
1096 4445 1349 4522 sutem,
1410 4434 1595 4530 quod
1658 4435 1909 4505 missus
1938 4436 2076 4506 sit:
2118 4458 2282 4527 ergo

744 4546 874 4616 hoc
929 4568 1068 4615 non
1120 4544 1391 4614 videtur
1458 4543 1947 4615 inconvenieus
1990 4567 2006 4613 ε
2060 4540 2287 4612 etboc

744 4662 1066 4745 negatum
1104 4660 1204 4723 est
1235 4675 1438 4745 supra
1473 4674 1488 4719 ε
1525 4674 1717 4744 ergo,
1750 4658 1879 4722 etc.

833 4764 895 4830 3.
921 4761 1234 4831 Secunda
1255 4762 1467 4830 ratio:
1501 4759 1678 4840 Quis
1707 4761 1764 4829 si
1787 4768 2093 4829 creatura
2116 4759 2289 4827 irra-

746 4868 1016 4939 tionalis
1037 4878 1103 4938 et
1136 4867 1681 4938 inintellectuulis
1716 4869 1816 4957 (ut
1844 4868 1940 4936 ita
1967 4866 2163 4935 liceat
2190 4867 2289 4934 di-

743 4979 1162 5071 cere)sul'licit
1177 4979 1260 5049 sd
1277 4977 1876 5047 demonstrandam
1891 4975 2286 5045 missionem

745 5106 1076 5176 personae,
1118 5085 1287 5153 sicut
1328 5078 1672 5162 columba,
1703 5080 1810 5150 vel
1845 5080 2042 5149 ssatus
2075 5101 2090 5149 ε
2119 5078 2291 5148 mul-

822 5371 1104 5429 ¹Daniol.
1164 5390 1241 5440 ix,
1289 5378 1323 5424 9
1380 5379 1439 5427 ct
1495 5372 1565 5427 ⁴0
1621 5387 1635 5426 :
1685 5370 2071 5443 Adspiciebam
2118 5371 2288 5427 donec

752 5461 949 5519 throni
994 5462 1341 5535 positi-{sunu
1391 5468 1445 5518 et
1491 5463 1760 5531 antiquus
1805 5459 2019 5517 dierum
2073 5459 2284 5516 zedim

749 5553 1026 5609 Iudicium
1055 5552 1215 5621 sedit,
1246 5558 1300 5607 et
1329 5550 1461 5606 libri
1500 5552 1688 5624 aperti
1708 5554 1862 5607 sunt.

821 5641 846 5678 ¹
884 5642 994 5698 lsa.
1029 5656 1104 5711 vr,
1133 5640 1165 5698 3
1193 5657 1208 5696 :
1239 5642 1308 5697 Et
1359 5637 1680 5696 clamabant
1718 5636 1866 5694 alter
1909 5642 1963 5693 et
2030 5637 2288 5711 alterum,

754 5738 806 5788 et
835 5729 1087 5787 dicebant
1115 5746 1135 5787 .·
1166 5730 1420 5798 sanctus,
1457 5734 1701 5798 sanctu,
1730 5728 1949 5784 candus
2007 5727 2285 5798 Dominus,

1764 380 1851 450 n.
1899 378 2097 447 ALB.
2150 376 2371 446 MAG.
2423 374 2634 446 om).
2685 377 2997 469 PRAED,

2388 557 2459 617 to
2493 530 2739 640 magis*
2762 553 3072 618 creatura
3140 549 3632 628 intellectualis,
3668 557 3734 617 et
3773 572 3938 639 prae·

2384 660 2584 749 cipue
2624 658 2954 750 Angelus.
2999 659 3078 727 In
3116 660 3232 728 illa
3280 660 3459 729 enim
3490 666 3678 727 tanto
3720 661 3935 750 magis

2385 766 2698 835 divinum
2731 769 2991 859 aliquid
3037 771 3492 859 cognoscitur,
3537 775 3791 858 quanto
3831 767 3937 857 ip-

2385 896 2462 941 sa
2491 883 2597 942 est
2649 873 2949 943 nobilior
3014 884 3082 943 et
3148 875 3499 942 divinior:
3562 896 3718 942 curn
3773 896 3933 965 ergo

2311 993 2316 996 ⁴
2386 983 2559 1051 tales
2615 982 2977 1051 missiones
3046 982 3467 1073 Angelorum
3535 983 3602 1049 in
3710 981 3933 1049 Veteri

2384 1090 2819 1159 Testamento
2886 1092 3138 1180 saepius
3207 1091 3395 1157 faotae
3446 1098 3628 1172 sunt,
3669 1088 3938 1157 videtur

2388 1199 2575 1289 quod
2601 1221 2780 1289 saepe
2808 1200 3036 1267 missae
3067 1206 3226 1267 sunt
3253 1220 3587 1288 personae,
3630 1206 3697 1266 et
3724 1200 3933 1266 etiam

2390 1304 2618 1375 Pater.
3146 1387 3153 1393 ⁵

2479 1417 2544 1482 6.
2585 1413 2810 1483 Tertia
2849 1416 3021 1483 ratio
3063 1422 3165 1482 est
3211 1415 3293 1482 ab
3353 1416 3749 1483 auctoritate
3794 1414 3939 1481 Ds-

2386 1521 2608 1601 nieliS,
2645 1520 2760 1589 ubi
2791 1520 3067 1613 legitur,
3102 1522 3285 1615 quod
3324 1524 3644 1613 antiquus
3674 1522 3937 1590 dierum

2385 1631 2585 1716 sedit,
2620 1640 2686 1700 et
2716 1631 2873 1699 libri
2912 1633 3131 1723 aperti
3159 1639 3316 1699 sunt
3344 1653 3572 1700 coram
3605 1653 3685 1698 eo
3719 1633 3764 1696 ¹.
3825 1629 3933 1714 Et,

2384 1739 2603 1817 Issiae,
2646 1763 2739 1819 vr,
2789 1742 2814 1806 ¹
2879 1761 2895 1805 τ
2981 1739 3136 1807 Vidi
3169 1741 3549 1808 Dominum
3602 1737 3936 1804 sedentem

2380 1871 2589 1940 super
2613 1847 2875 1915 solium
2913 1848 3255 1916 excelsum
3295 1858 3359 1914 et
3395 1846 3761 1926 elevatum,
3802 1854 3928 1913 etc.

2383 1954 2529 2025 Nec
2557 1956 2811 2047 poteris
2860 1955 3109 2037 dicere,
3153 1956 3337 2047 quod
3393 1954 3525 2024 hoc
3560 1954 3758 2023 fuerit
3790 1954 3940 2021 An-

2339 2075 2344 2084 ·
2384 2061 2581 2156 gelus
2608 2062 2680 2131 in
2719 2084 3015 2155 persons
3054 2063 3179 2132 Dei
3214 2083 3233 2132 τ
3277 2063 3436 2154 quia
3493 2060 3757 2154 Angelo
3807 2059 3939 2128 Se-

2384 2168 2654 2262 raphim
2710 2193 2853 2240 non
2904 2169 3230 2251 clamant,
3272 2172 3591 2253 Sanctus,
3630 2176 3933 2251 sanctus,

2379 2286 2660 2346 sanctus
2724 2267 2747 2306 ²

2375 2383 2733 2475 judicabit.

2477 2492 2546 2563 7.
2582 2490 2655 2560 Si
2677 2492 2851 2561 forte
2880 2492 3092 2576 dicas,
3125 2492 3310 2584 quod
3340 2493 3470 2562 hoc
3513 2491 3711 2560 fuerit
3743 2512 3940 2560 reve-

2385 2598 2578 2680 lstio,
2621 2607 2689 2668 et
2725 2621 2867 2668 non
2906 2600 3267 2692 apparitio,
3321 2600 3433 2668 vel
3473 2599 3731 2668 missio.
3766 2596 3942 2667 cox-

2387 2728 2520 2776 τιυι
2548 2728 2568 2776 2
2598 2705 2779 2778 Talis
2810 2707 3115 2778 ostensio
3173 2729 3627 2801 quoecumque
3663 2708 3777 2787 sit,
3815 2705 3945 2774 fuit

2784 2300 2800 2347 :
2861 2298 2989 2347 nec
3033 2276 3337 2369 Angelus
3376 2277 3446 2344 in
3483 2297 3776 2368 persons
3811 2274 3936 2343 Dei

2389 2817 2810 2886 constituens
2866 2813 3247 2908 Prophetas
3292 2838 3309 2886 :
3360 2817 3523 2908 quis
3570 2813 3941 2906 Prophetas

2388 2945 2721 2993 vocamus
2751 2924 3002 3017 quihus
3032 2923 3161 2994 ista
3190 2923 3362 2993 facts
3398 2931 3557 2992 sunt
3591 2944 3611 2989 z
3639 2921 3756 2992 sed
3789 2944 3940 3014 pro·

2387 3029 2580 3125 prius
2611 3029 2890 3101 effectus
2919 3030 3267 3101 missionis
3312 3039 3413 3100 est
3458 3028 3836 3122 Prophetas
3873 3037 3941 3097 et

2390 3140 2650 3210 amicos
2687 3138 2814 3209 Dei
2863 3140 3305 3222 constituere,
3363 3140 3537 3208 sicut
3575 3136 3942 3208 habuimus

2388 3251 2463 3318 in
2502 3246 2907 3339 precedenti
2972 3247 3430 3327 distinctione,
3489 3270 3572 3316 ex
3631 3244 3935 3337 Sapit-nt.

2387 3379 2513 3441 vn,
2545 3357 2631 3426 27
2664 3378 2680 3425 ε
2715 3358 2853 3425 Per
2896 3358 3208 3425 nationes
3258 3358 3326 3424 in
3365 3356 3637 3425 animas
3670 3365 3942 3423 satietas

2386 3489 2460 3535 se
2509 3468 2871 3555 transfert,
2940 3487 3055 3532 am
3067 3465 3204 3533 icos
3268 3465 3404 3533 Dei
3454 3474 3520 3533 et
3556 3463 3941 3556 Prophetas

2386 3571 2766 3640 constituit.
2802 3569 2973 3639 Item
3003 3567 3332 3639 faciamus
3359 3570 3500 3638 vim
3542 3572 3613 3638 in
3642 3591 3725 3638 eo
3755 3568 3938 3661 quod
4022 3568 4029 3576 '

2387 3681 2573 3759 dicit,
2608 3704 2738 3776 per
2762 3683 3075 3751 nationes
3104 3705 3129 3751 .·
3166 3704 3330 3773 ergo
3388 3704 3527 3751 non
3592 3682 3662 3749 in
3710 3690 3940 3750 nostra

2390 3794 2667 3862 natione
2705 3798 3004 3874 tantum,
3069 3790 3189 3860 sed
3255 3792 3462 3861 etism
3527 3792 3598 3859 in
3663 3791 3938 3859 natione

2388 3899 2675 3970 Petrum
2730 3898 2862 3968 ists
2925 3896 3104 3969 facts
3166 3907 3327 3969 sunt
3366 3921 3385 3968 ε
3418 3922 3581 3990 ergo
3643 3897 3937 3978 videtur,

2390 4007 2577 4103 quod
2614 4016 2777 4078 tunc
2838 4006 3015 4078 facts
3086 4007 3288 4078 fuerit
3345 4008 3579 4077 missio
3624 4004 3935 4084 visibilis,

2389 4125 2457 4186 ct
2493 4113 2680 4209 quod
2719 4113 2924 4185 Pater
2962 4122 3033 4186 et
3083 4112 3370 4208 singulae
3423 4136 3731 4208 personoe
3772 4115 3943 4183 mis-

2388 4245 2484 4292 sae
2525 4225 2686 4293 sint.

2481 4440 2618 4508 San
2636 4461 2892 4508 comm
2913 4461 2931 4508 ε

2476 4547 2586 4618 Ad
2617 4545 2837 4619 Galat.
2873 4572 2973 4634 ιιι,
3012 4552 3118 4631 19,
3151 4546 3289 4618 Lex
3319 4551 3388 4618 in
3418 4572 3625 4619 manu
3673 4548 3939 4619 medis-

2389 4658 2559 4727 toris
2603 4656 2825 4748 posita
2881 4666 3008 4736 est,
3077 4656 3389 4726 ordinata
3435 4681 3556 4749 per
3608 4655 3936 4749 Angelos,

2387 4764 2608 4832 donec
2644 4764 2906 4833 veniret
2945 4786 3180 4833 semen
3227 4765 3335 4833 cui
3377 4765 3848 4856 repromiserat
3890 4766 3937 4833 ⁸.

2390 4872 2571 4963 Ergo
2601 4870 2896 4952 videtur,
2968 4871 3153 4964 quod
3192 4874 3426 4941 omnin
3474 4871 3617 4940 visa
3662 4871 3941 4941 Patr-um

2388 4977 2663 5048 fuerunt
2695 5002 2815 5070 per
2846 5003 3092 5048 manus
3150 4978 3572 5072 Angelorum
3611 5003 3826 5072 usque
3854 4980 3941 5048 ad

2389 5086 2762 5157 adventum
2821 5084 3095 5155 Christi.
3160 5085 3384 5178 Supra
3421 5095 3648 5156 autem
3691 5087 3944 5178 probs-

2390 5376 2734 5432 eaeerct'tmem
2769 5390 2785 5430 z
2809 5373 2989 5444 plena
3019 5380 3098 5430 est
3128 5371 3308 5429 omnis
3339 5379 3489 5428 terra
3518 5373 3701 5442 oloris
3731 5373 3874 5444 ejvs.

2462 5462 2487 5499 ³
2516 5463 2606 5520 Ad
2636 5462 2825 5521 Gstst.
2856 5478 2943 5529 ιιι.
2971 5465 3035 5518 19
3069 5478 3084 5518 :
3114 5461 3261 5529 Quid
3307 5464 3483 5533 initur
3521 5462 3660 5520 lez?
3712 5466 3948 5536 Propter

2393 5554 2886 5624 transvectionem
2903 5552 3105 5627 posita
3153 5558 3253 5622 est,
3284 5550 3458 5608 donec
3501 5554 3711 5609 veniret
3763 5568 3942 5611 semen

2392 5641 2485 5698 cui
2507 5641 2917 5713 repromiserat,
2962 5639 3224 5697 ordinata
3265 5657 3369 5713 per
3409 5641 3655 5717 Angelos
3680 5641 3743 5699 in
3774 5659 3943 5700 manu

2393 5730 2735 5789 mediatoris.

3961 4477 4057 4523 stt
4079 4483 4237 4523 contr·
