4897 6388
819 1460 894 1506 Ad
934 1463 978 1508 2.

2028 359 2663 471 Iurs‘fflxerNT.
2716 378 2948 448 DlsT.
2999 376 3192 455 xm,
3239 375 3314 444 c.

1085 575 1236 643 quae
1267 561 1369 620 est
1390 560 1652 619 naturae
1681 559 1756 618 ut
1786 559 2027 617 natura
2058 557 2160 616 est
2203 572 2218 616 τ
2256 550 2415 640 quia
2455 546 2640 638 quod

1083 660 1177 727 ibi
1218 661 1518 751 primum
1549 667 1676 739 est,
1745 657 1877 725 hoc
1913 656 2025 725 hic
2083 665 2185 724 est
2239 656 2639 745 adjunctum

1084 790 1207 857 per
1235 768 1657 835 identitatem
1702 788 1717 833 ε
1762 764 1956 833 unde·
1981 788 2103 856 per
2133 787 2204 833 se
2235 763 2345 832 hic
2392 787 2638 855 proce-

1084 872 1182 939 dit
1220 871 1478 939 donum
1510 871 1785 956 amoriS,
1821 870 2005 961 quod
2050 879 2286 940 tamen
2342 870 2639 960 perfecta

1083 988 1186 1047 est
1213 1000 1504 1067 persona
1534 985 1812 1069 propter
1849 978 2330 1068 perfectionem
2379 985 2640 1044 naturae

1085 1086 1332 1153 divinae
1349 1094 1416 1153 et
1441 1085 1864 1153 identitatem
1895 1084 2347 1176 simplicitatis
2374 1107 2389 1151 :
2421 1092 2486 1151 et
2506 1082 2640 1150 hoc

1085 1193 1448 1284 probatum
1488 1201 1592 1260 est
1644 1215 1850 1282 supra
1895 1193 1965 1259 in
1995 1194 2217 1283 prima
2261 1192 2638 1283 quaestione

1089 1300 1294 1391 hujus
1324 1301 1655 1369 lectionis,

1179 1410 1285 1476 Ao
1323 1431 1521 1476 Amun
1577 1407 1967 1487 dicendum,
2018 1408 2203 1501 quod
2254 1409 2513 1476 donum
2558 1407 2643 1475 ab

1093 1525 1248 1586 actu
1278 1511 1577 1586 donandi
1609 1517 1863 1585 dictum
1893 1517 2218 1586 convenit
2243 1515 2527 1607 Spiritui
2560 1539 2645 1585 ex

1090 1636 1424 1717 tempore,
1449 1625 1570 1695 sed
1590 1625 1674 1694 ab
1706 1626 2082 1717 aptitudine
2120 1627 2375 1694 dictum
2399 1647 2649 1694 conve-

1087 1734 1193 1801 nit
1231 1735 1290 1801 ei
1330 1733 1415 1801 ab
1446 1741 1727 1802 aeterno.

1181 1941 1314 2010 Sco
1361 1964 1583 2010 Anum:
1622 1964 1761 2011 non
1797 1941 2070 2011 videtur
2113 1939 2342 2010 valere
2398 1941 2650 2033 Augu-

1085 2049 1246 2117 stini
1278 2047 1620 2117 distinctio
1665 2069 1681 2116 τ
1719 2049 1881 2139 quia
1920 2050 2126 2117 etiam
2159 2047 2369 2116 Filius
2400 2070 2647 2139 proce-

1080 2158 1176 2227 dit
1205 2166 1281 2226 ut
1308 2159 1594 2226 donum.
1639 2181 1978 2227 mommo.
2018 2157 2150 2228 Isa.
2187 2181 2281 2238 xx,
2327 2161 2367 2227 6
2406 2183 2421 2227 :
2461 2163 2651 2228 Par-

1081 2267 1292 2335 vulas
1322 2268 1507 2335 enim
1546 2278 1753 2335 natus
1791 2275 1889 2334 est
1915 2266 2137 2352 nobis,
2179 2278 2245 2336 et
2278 2267 2482 2357 filius
2513 2270 2649 2336 da-

1082 2401 1166 2446 us
1202 2384 1301 2444 est
1338 2374 1558 2443 nobis.
1594 2375 1798 2444 Nihil
1853 2386 2085 2445 autem
2134 2375 2369 2446 datum
2422 2387 2525 2446 est
2581 2380 2648 2448 in

4160 367 4287 436 377

2751 546 2901 614 fuit.
2950 546 3130 635 Ergo
3185 543 3395 610 Filius
3435 541 3517 608 ab
3558 551 3805 608 aeterno
3852 539 4294 629 processitut

2752 653 3110 723 donabilis,

2844 871 3154 938 Somno,
3196 864 3599 940 Dicendum,
3661 864 3838 954 quod
3887 862 4093 930 Filius
4151 884 4288 928 non

2748 976 3052 1069 procedit
3080 983 3156 1042 ut
3212 974 3469 1041 donum
3503 997 3517 1040 :
3556 995 3635 1039 eo
3667 971 3848 1061 quod
3872 972 4040 1038 ratio
4080 992 4290 1058 gene-

2751 1086 3032 1153 rationis
3070 1105 3211 1150 non
3259 1082 3420 1149 dicit
3467 1081 3792 1147 rationem
3841 1080 4039 1167 primi
4097 1077 4282 1157 doni,

2748 1196 2924 1263 sicut
2970 1214 3167 1261 amor
3202 1190 3560 1282 gratuitus,
3603 1189 3717 1255 sed
3759 1188 3915 1255 dicit
3956 1187 4285 1254 rationem

2753 1302 2956 1393 primi
2989 1300 3340 1369 existentis
3374 1319 3389 1366 :
3426 1305 3489 1364 et
3532 1296 3680 1365 ideo
3724 1296 4060 1386 =Magister
4112 1292 4285 1360 infra

2755 1410 2917 1477 dicit
2947 1411 2992 1488 ¹,
3037 1407 3216 1499 quod
3264 1406 3469 1472 Filius
3542 1406 3861 1495 processit
3899 1401 3981 1469 ab
4011 1411 4286 1480 aeterno,

2756 1540 2897 1586 non
2936 1525 3010 1583 ut
3049 1516 3334 1595 donum,
3396 1512 3514 1581 sed
3559 1512 3671 1602 qui
3719 1509 3860 1577 dari
3916 1514 4165 1598 posset,
4210 1529 4289 1574 eo

2756 1622 2940 1717 quod
2970 1623 3055 1691 ab
3086 1621 3299 1689 altero
3329 1629 3433 1689 est
3465 1641 3481 1688 :
3527 1628 3591 1686 et
3620 1617 3766 1685 ideo
3808 1617 4075 1683 dantem
4108 1637 4203 1692 se,
4228 1622 4295 1681 et

2757 1735 3140 1802 mittentem
3187 1728 3440 1798 habere
3478 1735 3762 1818 poterat.
3798 1723 3883 1791 Et
3921 1723 4069 1790 ideo
4108 1722 4292 1811 obje-

2757 1842 2891 1910 ctio
2930 1847 3116 1908 tenet
3154 1838 3244 1924 ‚de
3285 1835 3455 1903 Filio
3496 1857 3645 1925 quae
3694 1833 3910 1923 primo
3951 1830 4118 1896 facta
4163 1837 4289 1908 est,

2758 1960 2824 2020 et
2881 1951 2961 2020 de
3030 1948 3291 2040 Spiritu
3347 1953 3606 2024 sanct0,
3675 1943 3854 2034 quod
3910 1941 4081 2009 ratio
4130 1940 4290 2007 doni

2759 2059 3200 2149 consequitur
3238 2077 3384 2123 esse
3422 2053 3574 2120 Filii
3612 2049 3978 2119 secundum
4027 2046 4294 2114 intelle-

2759 2176 2943 2236 ctum
2982 2188 2996 2233 ε
3042 2164 3159 2233 sed
3191 2162 3365 2231 ratio
3397 2161 3554 2231 doni
3588 2169 3683 2227 est
3722 2159 3802 2226 de
3845 2159 3986 2248 ipsa
4033 2156 4293 2224 rationo

2759 2276 3212 2370 processionis
3244 2274 3536 2366 Spiritus
3565 2274 3797 2346 sancti,
3833 2280 3907 2338 ut
3936 2292 4128 2337 amor
4165 2275 4289 2346 est,

2759 2393 2826 2454 et
2855 2385 2940 2454 ab
2970 2381 3358 2453 minantibus
3397 2381 3717 2473 procedit.

1083 2507 1368 2576 empore
1417 2485 1544 2552 nisi
1626 2483 1815 2576 quod
1871 2484 1953 2578 ab
2023 2491 2284 2553 aeterno
2324 2485 2645 2556 donabile

1281 3046 1364 3121 C.
1405 3042 1631 3138 Quod
1661 3069 1819 3121 non
1844 3049 2099 3145 potest
2125 3041 2507 3142 distinqui
2548 3069 2598 3119 a
2643 3041 2868 3119 nobis
2908 3042 3110 3118 inter
3142 3042 3710 3141 [fenerationem
3757 3037 3974 3134 Filii,
4023 3048 4096 3114 et
4156 3016 4163 3020 ’

2036 3169 2613 3270 processionem
2648 3167 2996 3270 Spiritus
3040 3169 3313 3245 sancti.

1180 3550 1390 3626 Inter
1416 3548 1998 3647 generationem
2037 3572 2226 3625 vero
2267 3548 2434 3625 Filii
2489 3558 2567 3626 et
2609 3546 3187 3651 processionem
3233 3548 3568 3649 Spiritus
3606 3549 3876 3636 sancti,
3920 3549 4102 3623 (lum
4164 3548 4288 3623 hic

1079 3687 1448 3783 vivimuS,
1482 3686 1959 3784 distinguere
1991 3710 2148 3762 non
2171 3685 2633 3763 sufficimus.
2672 3684 2896 3762 Unde
2953 3685 3436 3784 Augustinus
3493 3685 3909 3761 Maximino
3952 3685 4292 3785 praemis·

1079 3849 1244 3900 sam
1285 3824 1800 3922 quaestionem
1833 3822 2254 3917 refricanti,
2288 3822 2584 3899 scilicet
2623 3822 3007 3923 quoerenti
3057 3847 3200 3897 cur
3236 3822 3570 3922 Spiritus
3635 3834 3944 3898 sanctus
3993 3847 4144 3896 non
4185 3821 4293 3896 di-

1080 3970 1385 4036 ceretur
1423 3959 1693 4053 Filius,
1735 3983 1912 4034 cum
1945 3958 2040 4035 de
2083 3958 2331 4034 Patris
2361 3970 2564 4035 esset
2605 3958 3041 4035 substantia
3081 3984 3101 4035 t
3139 3959 3615 4059 respondens
3662 3960 3769 4033 sic
3818 3959 3948 4053 ait,
3992 3958 4292 4047 Qtueris

1080 4118 1127 4170 a
1166 4117 1288 4170 me
1330 4094 1392 4169 si
1435 4093 1530 4170 de
1562 4077 1998 4170 substantia
2037 4094 2291 4170 Patris
2329 4105 2444 4169 est
2479 4093 2747 4180 Filius,
2780 4093 2876 4170 de
2906 4092 3339 4170 substantia
3382 4094 3628 4168 Patris
3689 4104 3799 4168 est
3851 4094 4075 4169 eliani
4127 4093 4292 4193 Spi-

1080 4228 1274 4304 ritus
1313 4238 1676 4304 sanctus:
1714 4252 1855 4302 cur
1886 4251 2092 4303 unus
2133 4226 2342 4304 filius
2369 4227 2496 4324 sit,
2530 4240 2605 4304 et
2645 4228 2848 4304 alius
2890 4252 3041 4302 non
3105 4227 3204 4301 sit
3258 4226 3529 4302 filius?
3585 4230 3768 4303 Here
3832 4229 4286 4329 responden,

1078 4363 1244 4442 sive
1285 4362 1574 4465 capias,
1609 4363 1774 4440 sive
1802 4386 1956 4439 non
1982 4363 2244 4463 capias
2275 4387 2292 4441 :
2338 4362 2450 4439 De
2480 4363 2710 4440 Patre
2750 4373 2866 4438 est
2898 4361 3165 4458 Filius,
3199 4363 3293 4439 de
3336 4364 3559 4439 Patre
3592 4376 3702 4439 est
3751 4364 4081 4464 Spiritus
4121 4389 4292 4439 sau·

1082 4508 1300 4575 ctus:
1346 4498 1482 4576 sed
1526 4498 1652 4574 ille
1683 4498 1994 4596 genitus
2024 4509 2168 4593 est,
2205 4499 2345 4575 iste
2387 4468 2845 4599 procedens.
2893 4499 3072 4574 Ideo
3114 4499 3244 4575 ille
3285 4499 3524 4575 Filius
3554 4511 3666 4576 est
3706 4501 3951 4575 Patris
3990 4502 4082 4576 ‹le
4131 4524 4287 4599 quo

1083 4645 1197 4711 est
1228 4634 1540 4733 genitus
1575 4657 1592 4708 ε
1628 4634 1769 4711 iste
1809 4644 2066 4710 autem
2099 4635 2435 4734 Spiritus
2466 4645 2785 4711 sanctus
2823 4645 2936 4711 est
2981 4634 3411 4733 utriusque,
3437 4637 3799 4735 quoniam
3832 4637 3923 4710 de
3967 4648 4291 4735 utroque

1083 4770 1428 4870 procedit
1463 4793 1480 4846 ε
1518 4768 1653 4844 sed
1685 4768 1857 4845 ideo
1897 4793 2073 4845 cuni
2116 4769 2211 4845 de
2254 4770 2384 4845 illo
2426 4772 2878 4869 loqueretur
2915 4770 3047 4866 ait,
3086 4771 3196 4846 De
3240 4771 3462 4847 Patre
3497 4771 3854 4871 procedit,
3922 4771 4287 4870 quoniam

1082 4906 1313 4983 Pater
1337 4904 1857 5005 processionis
1895 4903 2067 5002 ejus
2095 4916 2367 4982 auctor
2403 4918 2548 4995 est,
2594 4906 2728 5006 qui
2764 4908 3001 5009 ‘talem
3037 4905 3281 4982 filium
3332 4907 3626 5003 genuit,
3675 4917 3749 4980 et
3784 4906 4169 5003 gignendo
4215 4905 4283 4980 ei

1079 5041 1292 5119 dedit
1330 5050 1415 5118 ut
1444 5041 1674 5117 etiam
1714 5040 1808 5116 de
1862 5039 2032 5141 ipso
2064 5043 2510 5142 procederet
2574 5043 2916 5143 Spiritus
2973 5053 3316 5119 sanctus.
3388 5042 3582 5117 Nam
3643 5043 3786 5116 nisi
3841 5041 4289 5141 procederet

1078 5176 1310 5254 etiam
1351 5176 1446 5253 de
1480 5176 1676 5277 ipse,
1724 5201 1878 5251 non
1943 5176 2227 5254 diceret
2283 5178 2765 5277 discipulis¹,
2824 5179 3180 5277 Accipite
3225 5178 3609 5278 Spiritum
3656 5186 4028 5270 sanctum,
4078 5201 4290 5253 euin-

1078 5335 1232 5413 que
1263 5311 1734 5387 insufflando
1775 5312 2018 5409 daret,
2064 5322 2146 5387 ut
2187 5337 2231 5387 a
2271 5338 2353 5389 se
2384 5337 2701 5415 quoque
2745 5315 3162 5415 procedere
3188 5312 3661 5412 significanS,
3724 5324 3981 5414 aperte
4038 5327 4288 5391 osten-

1147 5651 1171 5692 ⁸
1196 5655 1284 5714 CI.
1321 5654 1504 5728 Infra,
1536 5656 1684 5715 nist.
1716 5657 1911 5715 xvm.

1148 5746 1173 5781 ¹
1200 5748 1366 5804 loan.
1398 5763 1496 5814 xx,
1533 5747 1627 5803 22.

4384 907 4579 955 solutio.
