4897 6388
1862 391 1960 457 IN
2007 351 2521 458 1'sssNTEN'r.
2574 386 2803 457 msr.
2854 359 3432 470 XVI,-A,'ART.
3490 386 3550 450 1.
4179 385 4304 453 441

2188 1002 2907 1098 DISTINCTIO
2975 1002 3222 1096 XVI.

1515 1362 1603 1433 Α.
1651 1358 1776 1431 De
1827 1356 2193 1430 missione
2238 1352 2588 1452 Spiritus
2617 1350 2888 1437 sancti,
2929 1374 3102 1448 quae
3141 1348 3234 1447 fic
3269 1349 3559 1423 duobus
3598 1350 3870 1444 modia,

1890 1487 1897 1494 ’
2146 1487 2565 1562 visibiliter
2616 1491 2690 1560 et
2718 1484 3241 1559 invisibiliter.

1187 1930 1413 2005 Nunc
1452 1930 1547 2006 de
1588 1929 1878 2029 Spiritu
1921 1937 2184 2004 sancto
2218 1925 2641 2002 videndum
2684 1936 2825 2021 est,
2858 1936 3140 2025 proeter
3189 1926 3393 2000 illam
3437 1924 3898 2002 ineffabilem
3941 1936 4017 2003 et
4073 1938 4305 2004 aeter-

1089 2089 1270 2140 nam
1304 2063 1878 2164 processionem
1913 2086 2067 2161 qua
2098 2061 2443 2162 procedit
2472 2085 2520 2136 a
2561 2061 2788 2136 Patre
2829 2071 2904 2137 et
2946 2060 3164 2154 Filio,
3227 2071 3299 2134 et
3342 2084 3491 2135 non
3560 2084 3606 2135 a
3645 2061 3896 2160 seipso
3942 2085 3959 2137 ε
3997 2085 4174 2161 qua!
4206 2063 4306 2139 sit

1085 2202 1254 2299 ejus
1294 2200 1742 2299 temporalis
1798 2197 2212 2298 processio,
2256 2219 2436 2296 qum
2470 2196 2752 2272 dicitur
2794 2195 3057 2272 missio
3089 2196 3251 2271 sive
3292 2195 3522 2270 datio.
3559 2195 3671 2270 Ad
3704 2196 3906 2294 quod
3939 2184 4295 2293 dicimus,

1084 2327 1268 2425 quia
1305 2326 1504 2401 sicut
1538 2325 1780 2400 Filius
1817 2324 2123 2399 duobus
2165 2322 2414 2397 modis
2459 2321 2743 2397 dicitur
2783 2320 3006 2416 mitti,
3048 2345 3200 2397 uno
3242 2345 3396 2419 quo
3448 2322 3852 2397 visibiliter
3909 2325 4294 2423 apparuit,

1080 2463 1323 2536 altero
1354 2483 1512 2559 quo
1544 2458 2037 2534 invisibiliter
2067 2482 2109 2532 a
2152 2455 2383 2531 castis
2426 2457 2817 2532 mentibus
2859 2456 3282 2556 percipitur
3315 2456 3462 2532 :ita
3514 2467 3589 2532 et
3618 2456 3948 2556 Spiritus
3980 2468 4298 2537 sanctus

1076 2612 1122 2660 a
1157 2587 1379 2661 Patre
1420 2595 1495 2661 et
1524 2584 1716 2659 Filio
1749 2606 1840 2658 ac
1868 2609 1912 2657 a
1943 2583 2197 2682 seipso
2230 2582 2540 2657 duobus
2575 2581 2822 2656 modis
2854 2583 3271 2680 procedere
3311 2583 3474 2659 sive
3499 2582 3661 2658 miti
3702 2583 3863 2660 sive
3896 2583 4059 2659 dari
4104 2584 4290 2660 dici·

1081 2731 1203 2795 tur
1238 2745 1254 2795 ε
1310 2743 1465 2794 uno
1505 2716 1940 2811 visibiliter,
1983 2719 2226 2793 altero
2281 2715 2802 2792 invisibiliter.
2832 2694 3094 2791 ‘Datus
3141 2727 3256 2792 est
3293 2718 3501 2792 enim
3541 2716 3865 2792 visibilis
3903 2727 4282 2795 creatura}

1078 2853 1766 2947 demonstratione,
1812 2851 2012 2927 sicut
2051 2853 2127 2926 in
2171 2852 2297 2928 die
2340 2852 2867 2947 PentecosteS,
2910 2851 3239 2950 aliisque
3279 2853 3630 2929 vicibus:
3677 2863 3751 2929 et
3791 2854 4016 2930 datur
4046 2855 4295 2953 quoti-

1083 2991 1205 3066 die
1250 2989 1766 3084 invisibiliter,
1811 2988 2198 3064 illabendo
2235 2988 2633 3065 mentibus
2672 2986 3054 3063 fidelium.

1571 3577 1815 3622 mvtsto
1865 3578 2136 3622 rexne.

1174 3893 1207 3932 «
1253 3868 1455 3937 Num·
1494 3867 1579 3935 de
1633 3868 1908 3959 Spiritu
1962 3881 2197 3938 sancto
2265 3871 2635 3940 ridendum

1079 3989 1200 4057 est,
1235 3987 1365 4047 etc.
1406 4004 1439 4041 ι

1175 4085 1299 4153 llic
1340 4085 1579 4176 incipit
1616 4108 1772 4176 pars
1805 4084 1918 4152 illa
1966 4109 2117 4177 quae
2155 4097 2257 4155 est
2296 4086 2379 4155 de
2412 4089 2638 4158 modis

1075 4196 1420 4263 missionis
1489 4193 1784 4286 Spiritus
1831 4196 2039 4263 sancti
2087 4218 2102 4262 :
2147 4205 2211 4263 et
2265 4205 2422 4263 suut
2481 4197 2621 4265 duo

1075 4307 1288 4387 nundi,
1322 4305 1576 4374 scilicet
1629 4304 1943 4386 visibilis,
1976 4316 2040 4374 et
2100 4307 2486 4375 invisibilis.
2532 4307 2633 4376 De

1072 4414 1323 4482 visibili
1374 4415 1514 4503 ugit
1577 4413 1901 4504 Magister
1954 4415 2176 4505 primu
2233 4417 2302 4482 in
2369 4414 2497 4484 liae
2526 4416 2636 4484 di-

1068 4522 1438 4590 stinctione
1499 4542 1515 4589 :
1578 4519 1662 4587 de
1723 4521 2043 4589 invisibili
2110 4533 2339 4591 autem
2398 4547 2635 4591 conse·

1071 4637 1360 4719 quenter
1399 4628 1467 4694 in
1516 4628 1854 4717 sequenti,
1912 4627 2026 4703 ibi,
2065 4629 2238 4700 nist.
2285 4629 2510 4710 xvn,
2545 4633 2629 4713 Λ,

1086 4768 1115 4802 α
1149 4740 1312 4806 lam
1342 4759 1526 4804 nunc
1553 4736 1980 4815 acce-damus,
2016 4748 2143 4808 etc.
2184 4768 2216 4801 »ι

1175 4846 1307 4914 ista
1344 4853 1572 4912 autem
1605 4845 1945 4913 distinctio
1998 4846 2325 4916 dividitur
2361 4850 2429 4916 in
2464 4849 2635 4916 duas

1087 4965 1332 5046 partes.
1409 4952 1484 5020 ln
1559 4952 1780 5044 prima
1853 4954 2282 5041 determinat,
2342 4957 2638 5048 qualiter

1086 5063 1383 5152 Spiritus
1439 5068 1714 5129 sanctus
1770 5061 2013 5130 dicitur
2067 5065 2314 5131 missus
2382 5065 2632 5134 visibili

1088 5170 1316 5237 modo.
1383 5168 1457 5238 ln
1511 5170 1833 5250 secunda,
1887 5171 2174 5263 qualiter
2227 5197 2365 5242 non
2409 5176 2638 5243 minor

1083 5280 1328 5346 dicitur
1396 5278 1593 5346 Patre
1651 5289 1927 5370 propter
1972 5280 2156 5348 illam
2235 5284 2636 5352 missionem

1082 5385 1449 5462 visibilem,
1479 5408 1636 5453 cum
1669 5394 1893 5454 tamen
1929 5388 2136 5455 Filius
2175 5392 2403 5458 minor
2435 5390 2637 5461 Patre

1084 5495 1370 5567 dicatur,
1405 5499 1684 5581 propter
1717 5491 1900 5560 illam
1934 5494 2356 5578 missionem,
2392 5497 2513 5578 ibi,
2556 5496 2634 5575 C,

1085 5630 1117 5662 a
1160 5597 1304 5667 Sed
1322 5597 1526 5687 prius
1562 5600 2005 5687 qua-rendum
2052 5612 2173 5680 est,
2207 5625 2363 5671 cum
2406 5603 2640 5673 Filius

1088 5713 1387 5780 dicatur.
1421 5714 1548 5774 etc.
1597 5736 1630 5767 υ

3227 3545 3730 3618 ARTlCULUS
3781 3545 3835 3616 1.

2755 3760 2947 3846 Quid
2978 3761 3070 3827 si!
3106 3760 3294 3828 mitti
3324 3759 3703 3844 visibiliter,
3742 3770 3808 3827 et
3845 3769 4080 3828 utrum
4122 3761 4293 3828 mis-

2824 3866 2941 3937 'sio
2980 3867 3274 3937 visibilis
3307 3870 3521 3960 sueri!
3550 3869 3619 3937 in
3665 3870 3878 3937 Veteri
3909 3872 4292 3938 Testamen-

2840 3989 2908 4045 lu
2943 3979 3121 4046 sicu!
3151 3981 3220 4046 in
3261 3980 3475 4058 Novo,
3530 3989 3595 4046 et
3635 3989 3866 4047 ulrum
3922 3980 4135 4047 Pater
4165 4004 4292 4071 po-

2838 4097 2964 4155 lest
3002 4088 3187 4156 mitti
3212 4089 3389 4154 sicut
3422 4088 3648 4155 Filius
3672 4086 3713 4154 ?

2838 4412 2911 4480 ln
2944 4413 3158 4504 prima
3191 4421 3378 4504 parte
3409 4435 3543 4479 non
3582 4420 3683 4480 est
3706 4412 3830 4479 nisi
3862 4435 4075 4479 unum
4106 4414 4288 4503 capi·

2745 4522 2991 4600 tulum,
3042 4524 3217 4591 circa
3264 4522 3445 4614 quod
3505 4522 3735 4591 incidit
3783 4521 4067 4591 dubium
4128 4531 4283 4591 ante

2744 4633 3105 4715 Line-ram,
3154 4631 3332 4711 Quid
3399 4633 3483 4699 sit
3551 4631 3724 4699 mitti
3774 4630 4187 4699 visibiliter?
4223 4640 4287 4698 et

2744 4740 3072 4819 secunde,
3100 4740 3335 4808 Utrum
3364 4741 3488 4808 ista
3522 4740 3752 4808 missio
3779 4742 3892 4807 liat
3912 4761 4289 4829 congruen-

2744 4860 2850 4918 ter
2876 4849 2962 4916 ad
3028 4872 3268 4917 omnes
3309 4847 3418 4916 vel
3448 4847 3535 4915 ad
3576 4846 3839 4939 aliquos
3873 4847 3909 4915 ⁴?
3956 4856 4022 4916 et
4062 4848 4283 4925 tertie.

2749 4958 2994 5027 Utrum
3036 4958 3120 5024 sit
3162 4955 3245 5023 ad
3293 4957 3582 5046 gratiam
3621 4965 3888 5047 gratum
3929 4956 4284 5025 facientem

2748 5065 2854 5133 vel
2885 5066 3097 5153 gratis
3127 5064 3406 5130 ilatum?
3443 5073 3508 5132 et
3545 5074 3809 5156 quarte,
3849 5063 4090 5133 Utrum
4130 5086 4281 5132 eam

2748 5171 3195 5242 conveniebat
3230 5173 3368 5238 lieri
3394 5194 3513 5261 per
3536 5171 3774 5239 Filium
3817 5171 3920 5240 vel
3956 5172 4285 5262 Spiritum

2749 5286 3059 5345 sanctum
3090 5283 3122 5343 ‘2

2837 5497 2945 5564 Λυ
2984 5518 3240 5563 »mmm
3271 5493 3657 5586 proceditur
3683 5495 3779 5562 sic
3811 5513 3829 5562 t

2847 5610 2908 5673 t.
2954 5605 3026 5673 Si
3058 5607 3236 5674 mitti
3263 5605 3619 5675 visibiliter
3645 5613 3744 5674 est
3781 5625 4101 5696 apparere
4140 5625 4291 5695 per·

2752 5738 2995 5786 sonam
3033 5713 3286 5783 visibili
3318 5715 3539 5804 signe,
3572 5718 3747 5782 sicut
3772 5712 4035 5781 videtur
4063 5712 4294 5802 Augu-
