4897 6388
786 3436 979 3482 soluto.

1770 272 1868 338 JN
1914 274 1944 338 1
1993 273 2417 341 SENTENT.
2473 274 2701 344 nls‘r.
2756 277 2845 359 11,
2897 278 3234 381 &ART-
3294 281 3321 347 1
3376 279 3486 346 ET
3533 283 3599 348 2.
3652 304 3661 309 -
4039 358 4045 364 .
4192 240 4320 349 53³

1162 445 1222 511 1.
1256 444 1546 513 Videtur
1586 443 1770 511 enim
1817 436 2201 533 pervertere
2256 445 2612 517 ordinem:

1066 554 1372 623 Verbum
1407 556 1613 634 enim,
1650 561 1726 621 ut
1764 552 1926 622 dicit
1948 554 2624 637 DamascenuS,.An-
2657 595 2666 603 ·

1066 663 1258 753 gelus
1299 671 1394 729 est
1463 659 1953 753 intelligentiae,
1997 663 2064 731 id
2122 675 2246 743 cst,
2284 669 2566 734 nuntius
2600 689 2615 735 ε

1067 789 1229 857 crgo
1264 768 1447 857 prius
1478 776 1578 836 est
1608 770 2008 862 intelligere,
2042 795 2243 863 quam
2278 773 2523 840 dicere.

1156 878 1220 941 2.
1258 876 1452 955 Item,
1497 876 1783 947 Credere
1814 880 1974 947 dicit
2011 882 2374 947 assentire:
2410 902 2617 947 nemo

1065 993 1293 1052 autem
1335 989 1614 1054 assentit
1662 989 1731 1053 in
1773 986 1904 1054 hoc
1942 987 2122 1077 quod
2172 1009 2309 1054 non
2360 987 2620 1055 inlelli-

1065 1093 1213 1184 git:
1267 1116 1428 1185 ergo
1469 1094 1738 1162 videtur
1783 1092 2157 1184 intelligere
2215 1095 2421 1163 etiam
2472 1117 2618 1162 esse

1067 1211 1222 1272 ante
1262 1200 1561 1283 credere,
1595 1208 1660 1268 et
1690 1200 1961 1270 credere
1994 1210 2148 1270 ante
2178 1201 2400 1270 dicere
2435 1225 2451 1269 ε
2482 1202 2621 1269 sic-

1064 1321 1138 1380 ut
1169 1311 1437 1394 dicitur,
1482 1309 1562 1377 ad
1595 1309 1887 1378 Roman.
1924 1333 1991 1388 x,
2034 1311 2152 1379 10:
2200 1309 2421 1379 Corde
2470 1332 2617 1377 cre-

1062 1419 1255 1485 ditur
1296 1417 1792 1508 adjustitiam,
1848 1440 1961 1485 ore
2007 1427 2235 1484 aule-m
2283 1417 2614 1506 confessio

1057 1526 1143 1614 fil
1183 1525 1281 1592 ad
1304 1524 1628 1592 salutem.
1657 1524 1764 1603 Et,
1803 1523 1982 1590 Psal.
2017 1546 2123 1601 cx,
2163 1524 2243 1589 10
2275 1545 2289 1588 :
2329 1522 2617 1591 Credidi

1055 1643 1338 1725 propiet·
1374 1632 1564 1724 quod
1604 1630 1871 1698 locutus
1906 1652 2084 1697 sum.
2125 1629 2300 1720 Ergo
2336 1649 2615 1718 perver-

1063 1743 1144 1808 tit
1181 1740 1513 1810 ordinem.

1151 1851 1217 1918 3.
1263 1847 1335 1916 Si
1403 1847 1571 1915 forte
1626 1847 1913 1933 dicatur,
1968 1845 2167 1937 ‚quod
2206 1844 2609 1912 ordinantur

1061 1956 1607 2027 haec·secundum
1637 1955 1824 2047 quod
1855 1956 2071 2047 magis
2122 1976 2489 2046 possumus
2537 1954 2608 2019 in

1058 2066 1306 2134 divinis
1337 2088 1456 2155 per
1495 2065 1621 2131 ista
1657 2087 1672 2131 :
1706 2073 1774 2132 et.
1826 2064 1987 2154 quia
2026 2063 2251 2130 minus
2290 2062 2609 2144 dicimuS,

1058 2197 1265 2265 quarn
1297 2172 1658 2249 credimus,
1703 2169 1810 2239 vel
1856 2170 2057 2239 etiam
2086 2168 2554 2260 2intelligimus
2590 2190 2605 2235 :

1060 2284 1211 2352 ideo
1271 2281 1400 2350 hoc
1440 2279 1782 2372 praecedit.
1841 2280 2153 2349 Com-na:
2221 2278 2450 2347 Minus
2499 2280 2611 2346 in-

1061 2390 1455 2483 telligimus„
1496 2411 1702 2480 quarn
1734 2388 2115 2457 credimus:
2150 2410 2312 2479 ergo
2353 2385 2613 2456 intelli-

1058 2522 1218 2591 gere
1250 2497 1623 2567 secundum
1658 2496 1785 2565 hoc
1814 2505 1990 2565 esset
2029 2506 2184 2564 ante
2217 2495 2518 2565 credere.

1151 2611 1212 2676 4.
1254 2609 1609 2685 Praeterea,
1662 2606 1841 2674 Dicit
1896 2607 2348 2696 Augustinus,
2429 2604 2612 2696 quod

1059 2713 1374 2804 quaedam
1416 2715 1601 2802 prius
1641 2709 2137 2801 intelliguntur,
2194 2732 2399 2800 quam
2466 2716 2618 2776 cre-

1060 2822 1347 2889 dantur:
1381 2817 1693 2911 quaedam
1753 2826 1979 2886 autem
2045 2818 2173 2885 nisi
2230 2818 2419 2909 prius
2477 2838 2618 2884 cre·

1062 2929 1334 3013 dantur,
1370 2951 1508 2995 non
1564 2925 2074 3017 intelliguntur:
2146 2924 2456 3016 quaedam
2487 2947 2617 2992 au·

1064 3049 1199 3109 tem
1244 3061 1513 3129 semper
1541 3036 1932 3115 creduntur,
1976 3046 2039 3104 et
2074 3058 2447 3126 numquam
2507 3036 2620 3102 in-

1062 3147 1521 3239 telliguntur:
1582 3166 1746 3236 crgo
1809 3143 2073 3213 videtur
2133 3143 2620 3212 insufficienter

1064 3256 1276 3348 loqui.

1161 3468 1469 3537 Saturio.
1509 3466 1910 3544 Dicendum,
1945 3466 2128 3558 quod
2159 3468 2285 3534 ista
2332 3466 2460 3534 tria
2509 3464 2621 3533 hic

1067 3585 1553 3645 enumerantur
1590 3574 1962 3643 secundum
2004 3574 2189 3665 quod
2217 3582 2376 3641 sunt
2404 3595 2622 3664 gene-

1071 3686 1283 3753 rativa
1332 3684 1652 3754 doctrinm
1721 3682 1875 3750 fidei
1940 3684 2006 3750 in
2045 3681 2401 3750 audiente:
2447 3681 2622 3770 fides

1068 3795 1251 3860 enim
1282 3794 1382 3880 (ut
1416 3791 1576 3861 dicit
1611 3789 1978 3883 Apostolus
2011 3789 2056 3878 ¹)
2086 3800 2184 3858 est
2215 3813 2301 3858 ex
2329 3788 2621 3857 auditu.-

1069 3901 1353 3967 αηιίίΙιωι
1391 3911 1618 3968 aulem
1686 3922 1816 3990 per
1863 3898 2132 3966 verbum
2198 3898 2478 3967 Christi.
2543 3896 2627 3964 Et

1069 4009 1293 4078 adhuc
1333 4033 1414 4079 ex
1455 4017 1641 4100 parte
1674 4007 2005 4088 docentiS,
2054 4007 2275 4097 primo
2330 4008 2625 4096 requiri-

1069 4127 1183 4184 tur
1220 4116 1483 4184 dicere:
1512 4116 1670 4207 quia
1704 4137 1866 4183 vera
1931 4112 2238 4181 doctrina
2297 4111 2450 4180 lidei
2523 4135 2624 4180 ra-

1070 4227 1256 4293 tione
1333 4223 1667 4313 penetrari
1720 4244 1859 4289 non
1929 4230 2187 4312 potest:
2225 4218 2377 4289 ideo
2409 4242 2623 4310 opor-

1067 4343 1161 4401 tet
1201 4330 1422 4423 primo
1482 4331 1677 4401 dictis
1745 4331 2069 4399 assentire
2108 4339 2174 4398 et
2212 4329 2511 4412 credere,
2546 4338 2615 4396 ut

1068 4468 1186 4536 per
1218 4443 1444 4511 lumen
1478 4440 1631 4510 tidei
1662 4442 1972 4509 veniatur
2003 4440 2086 4509 ad
2152 4440 2571 4511 intellectum
2601 4464 2615 4509 ε

1067 4563 1134 4622 et
1171 4553 1300 4622 hoc
1358 4560 1456 4621 est
1524 4551 1709 4642 quod
1775 4549 2041 4632 dicitur,
2079 4549 2208 4618 lsa.
2266 4573 2386 4629 vu,
2418 4551 2501 4617 Ως
2540 4551 2620 4617 Si

1067 4685 1199 4730 non
1230 4660 1680 4739 crediderite's,
1722 4681 1855 4726 non
1899 4658 2321 4749 inlelliqetis.
2358 4657 2437 4726 Et
2517 4664 2613 4725 est

1067 4770 1283 4838 littera
1326 4768 1603 4837 alterius
1634 4764 2134 4834 translationis:
2190 4766 2351 4857 quia
2406 4765 2616 4834 altera

1067 4877 1253 4946 ham:
1299 4877 1379 4946 Sa·
1407 4897 1540 4942 non
1577 4873 2027 4952 crediderilt‘S,
2062 4897 2194 4940 non
2248 4896 2619 4965 permane-

1071 4986 1230 5054 bitis
1270 5002 1316 5055 2.
1354 4982 1557 5068 Unde,
1586 4982 1954 5051 Anselmus
1984 4982 2169 5061 dicit,
2216 4982 2400 5074 quod
2456 4981 2621 5050 tides

1069 5095 1314 5185 quaerit
1347 5091 1761 5160 intellectum
1798 5114 1813 5161 :
1847 5093 1943 5159 sic
1980 5114 2141 5182 ergo
2185 5099 2366 5183 patet
2432 5090 2623 5160 solu-

1068 5202 1164 5268 tio
1198 5200 1280 5267 ad
1312 5223 1389 5269 ea
1422 5222 1572 5291 qua?
1613 5208 2007 5288 quoeruntur
2045 5199 2124 5266 de
2156 5197 2414 5266 ordine.

1142 5562 1159 5596 ¹
1191 5557 1280 5614 Ad
1328 5559 1573 5616 Roman.
1625 5573 1680 5623 x,
1734 5557 1793 5612 Π
1838 5572 1852 5613 :
1896 5560 2045 5629 Erae
2094 5557 2228 5627 fides
2284 5573 2354 5612 es
2391 5531 2637 5624 auditu(

1067 5648 1292 5706 auditus
1317 5656 1500 5705 autem
1522 5658 1627 5720 per
1654 5647 1876 5705 verbum
1907 5646 2125 5706 Christi.
2537 5664 2544 5672 ·
2627 5653 2635 5660 '

2789 496 2792 501 -
2826 448 2930 516 Ab
2961 472 3335 517 mvtsloNEM
3367 457 3592 517 autem
3624 440 4045 517 credibilium
4072 435 4324 541 quam}
4394 476 4475 525 Aa
4514 480 4545 523 ι.
4657 479 4663 482 “

2736 557 2932 646 ponit
2978 557 3427 649 Augustinu5‚
3481 556 3856 625 Dicendum
3908 556 4090 648 quod
4138 559 4324 646 ipses

2733 666 2978 754 accipit
3034 667 3298 733 credere
3370 666 3556 757 large
3647 664 4018 767 secundum
4098 664 4319 754 quod·

2659 814 2666 819 -
2734 771 2896 867 dicit
2928 773 3207 838 rationis
3239 780 3490 851 actum,
3535 773 3646 862 qui
3688 781 3787 840 est
3819 795 3902 840 ex
3959 772 4277 862 opinione
4317 794 4322 800 ·

2690 878 2970 965 'juvata
3007 878 3438 947 rationibus:
3483 879 3640 945 dicit
3715 880 3898 947 enim
3965 876 4312 947 Philoso-

2733 982 2939 1074 phuS,
2975 984 3159 1076 quod
3193 987 3424 1075 opinio
3493 986 3729 1075 juvata
3759 986 4132 1054 rationibus
4197 988 4282 1054 sit

2732 1092 2938 1161 sides:
3014 1101 3081 1161 et
3145 1102 3304 1161 tunc
3362 1104 3466 1162 est
3494 1094 3810 1164 credibile
3876 1094 4058 1187 quod
4097 1077 4321 1186 prius³

2730 1200 3153 1292 intelligitur,
3199 1225 3405 1292 quam
3437 1203 3783 1272 credatur:
3820 1211 3885 1271 et
3933 1212 4030 1271 est
4059 1187 4319 1276 credi-³.

2730 1305 2866 1375 bile
2900 1309 2969 1374 in
3006 1307 3186 1399 quod
3216 1331 3355 1375 non
3388 1317 3611 1399 potest
3656 1311 3827 1377 ratio
3894 1331 3976 1377 ex
4030 1310 4276 1400 seipsa,
4308 1328 4319 1337 ·

2727 1416 2845 1485 sed
2876 1439 3035 1486 cum
3064 1417 3214 1486 luce
3254 1418 3382 1486 sibi
3415 1420 3633 1487 infusa
3662 1442 3782 1509 per
3817 1419 4031 1487 fidem*
4056 1428 4279 1510 potest
4308 1435 4317 1497 ζ

2727 1523 2795 1589 in
2828 1522 3021 1604 illud,
3066 1526 3239 1592 sicut
3267 1533 3427 1592 sunt
3465 1525 3726 1593 articuli
3761 1524 3947 1595 ,fidei
3980 1548 3995 1593 ε
4057 1526 4277 1594 credi-
4300 1546 4315 1556 ·

2722 1628 2858 1697 bile
2923 1638 3155 1698 autem
3220 1631 3406 1722 quod
3481 1655 3746 1724 semper
3814 1633 4129 1712 creditur,
4209 1620 4316 1702 εἰ)

2725 1763 3104 1832 numquam
3174 1743 3596 1835 intelligitur,
3656 1754 3757 1813 est.
3823 1745 4002 1837 quod
4032 1746 4273 1835 accipit

2727 1847 2929 1916 fidem
2988 1872 3075 1917 ex
3149 1873 3352 1918 sensu
3427 1860 3717 1933 tantum,
3803 1861 3877 1919 ut
3967 1850 4266 1921 histori‘ae
4386 1890 4398 1905 ·

2722 1956 3185 2047 quorumlibet
3224 1966 3633 2049 temporum.

3196 2376 3694 2447 ARTICULUS
3731 2377 3821 2449 11.

2729 2594 2979 2661 Uerum
3034 2607 3387 2658 summum
3417 2592 3732 2684 'aliquid
3779 2593 3996 2661 addat
4069 2592 4267 2671 bono,

2918 2721 3076 2766 cum
3106 2699 3362 2766 dicitur
3387 2721 3735 2768 summum
3778 2699 4026 2767 bonum
4054 2697 4096 2766 P

2813 3022 3077 3091 Deinde
3118 3023 3447 3114 quaeritur
3488 3021 3570 3091 de
3614 3020 3742 3091 hoc
3767 3023 3948 3114 quod
3994 3023 4137 3115 ipse
4165 3023 4276 3093 di-

2728 3134 2858 3203 cit:
2914 3161 2946 3196 α
2982 3133 3151 3218 Quae
3203 3143 3301 3200 es!
3353 3154 3701 3200 summum
3759 3130 4036 3212 bonum,
4069 3140 4196 3203 etc.
4235 3159 4270 3198 n
4381 3222 4390 3229 ἢ

2732 3241 2979 3310 Utrum
3055 3263 3406 3308 summum
3463 3238 3717 3333 aliquid
3784 3239 3985 3310 addat
4075 3263 4304 3333 super-

2733 3349 2864 3419 hoc
2893 3347 3079 3439 quod
3109 3356 3207 3416 est
3238 3346 3497 3415 bonum
3519 3350 3554 3416 ‘2
3581 3347 3664 3416 Et
3693 3348 3749 3416 si
3780 3347 4064 3430 dicatur,
4093 3348 4306 3440 quod-

2731 3456 2916 3526 addit
2959 3478 3311 3524 excessum
3351 3454 4126 3547 superabundantiae,ad
4148 3455 4298 3525 hoc'

2732 3564 3005 3632 videtur
3041 3564 3232 3655 sequi
3282 3562 3531 3654 duplex
3562 3563 4045 3632 inconveniens
4077 3581 4094 3632 τ

2834 3676 2886 3743 Ι.
2935 3672 3164 3742 Unum
3208 3681 3338 3754 est,
3373 3672 3556 3764 quod
3620 3682 3784 3742 tunc
3842 3670 4099 3741 bonum
4158 3695 4282 3743 ex-

2732 3780 2979 3849 cedens
3017 3802 3138 3872 per
3180 3779 3870 3871 superabundantiam
3930 3800 4283 3870 compara-

2731 3887 2867 3957 bile
2899 3889 3024 3957 erit
3057 3888 3238 3955 bono
3269 3897 3494 3956 creato
3521 3886 3983 3957 velincreato:
4026 3892 4290 3957 constat

2732 3995 2917 4089 quod
2957 4018 3098 4063 non
3130 3996 3457 4080 increato,
3491 3995 3649 4086 quia
3691 3993 3759 4062 in
3805 4001 4108 4063 creatum
4145 4015 4285 4064 non

2732 4103 3451 4174 excediturasummo
3509 4102 3737 4173 bonoz
3807 4125 3970 4196 ergo
4026 4110 4278 4174 creato.

2737 4210 2912 4281 Dicit
2990 4218 3218 4279 autem
3289 4208 3773 4302 Philosophus,
3834 4210 4018 4302 quod
4061 4211 4285 4280 omnis

2733 4323 3157 4413 comparatio
3189 4328 3286 4387 est
3344 4319 3715 4389 secundum
3777 4319 4184 4389 univocum:
4224 4322 4282 4389 si

2733 4452 2898 4521 ergo
2938 4431 3023 4497 sit
3063 4451 3411 4498 summum
3477 4428 3734 4497 bonum
3797 4426 4277 4519 comparabile,

2734 4539 2858 4607 erit
2899 4538 3268 4607 univocum
3311 4538 3491 4607 bono
3538 4547 3789 4619 creatu,
3822 4535 4278 4631 quodfalsum

2735 4655 2858 4715 est.
3681 4730 3692 4740 ·

2824 4759 2890 4823 2.
2936 4756 3142 4823 Aliud
3173 4757 3654 4825 inconveniens
3692 4765 3818 4835 est,
3867 4753 4050 4847 quod
4086 4775 4280 4823 sum-

2735 4886 2926 4931 mum
2959 4886 3097 4932 non
3130 4863 3334 4933 habet
3372 4865 3944 4954 comparationem
3995 4863 4125 4931 nisi
4159 4859 4301 4954 per‘

2731 4994 3080 5042 accessum
3156 4971 3242 5040 ad
3308 4973 3699 5051 terminum,
3761 4973 3870 5042 vel
3937 4994 4294 5043 recessum·

2731 5103 2771 5149 a
2807 5078 3194 5150 contrario:
3242 5088 3302 5148 et
3334 5081 3389 5148 si
3428 5081 3648 5171 primo
3681 5079 3885 5149 modo
3928 5101 4277 5171 compara·

2731 5201 2868 5273 tur,
2901 5191 3172 5260 videtur
3208 5180 3813 5283 terminus'aliquis
3851 5214 3995 5262 esse
4024 5193 4299 5260 summi·

2736 5301 2925 5375 boni,
2996 5307 3063 5368 et
3128 5300 3224 5367 sic
3280 5301 3502 5388 ipsum
3533 5308 3703 5368 esset
3766 5300 4277 5391 linitumzquo-

2802 5557 2826 5594 ²
2857 5552 2992 5610 Hoec
3020 5561 3107 5610 est
3138 5552 3333 5612 littera
3367 5555 3642 5632 Vulgatae.
