4897 6388
296 1021 493 1069 Salutio.

316 1800 400 1849 Ad
429 1805 468 1850 1.

560 269 723 360 '436

594 463 859 555 quoties
890 465 1234 533 interioris
1264 463 1494 554 grat‘rae
1525 460 1778 550 aliquid
1807 462 2128 551 percipit:

593 574 725 642 hoe
762 581 990 641 autem
1023 596 1202 664 saepe
1233 572 1588 661 contingit.

682 684 746 750 2.
791 682 989 760 Item,
1023 682 1153 749 Hic
1184 681 1368 759 dicit,
1415 679 1597 769 quod
1651 679 1856 746 Filius
1898 680 2134 746 invisi-

593 790 820 857 biliter
856 812 1039 879 saepe
1079 789 1398 855 mittitur.

687 999 994 1068 Somno.
1040 998 1373 1075 DicimuS,
1417 996 1600 1085 quod
1642 996 1870 1063 missio
1920 998 1994 1063 sit
2067 998 2135 1062 in

545 1093 558 1104 ⁵
594 1106 1027 1197 perceptione
1056 1105 1291 1195 gratiae
1330 1110 1398 1169 et
1434 1102 1502 1167 in
1560 1111 1924 1192 augmento
1991 1125 2136 1194 gra-

594 1216 705 1282 tioe
737 1233 755 1281 2
793 1214 952 1304 quia
991 1235 1261 1302 semper
1336 1209 1531 1277 aliter
1585 1209 1870 1276 sentitur
1906 1211 2134 1278 adesse

596 1321 916 1413 Spiritus,
962 1343 1170 1412 quam
1202 1321 1392 1410 prius
1430 1318 1647 1401 ass’uit,
1684 1325 1750 1385 et
1776 1318 1859 1384 ad
1906 1320 2131 1408 Ange—

590 1430 695 1500 los
735 1431 982 1498 missus
1015 1437 1138 1507 est,
1185 1437 1251 1498 et
1291 1429 1581 1496 mittitur
1637 1427 1860 1516 quoad
1923 1450 2134 1495 novas

591 1537 1092 1620 revelationes:
1137 1536 1296 1605 licet
1343 1559 1483 1604 non
1537 1544 2010 1626 augmentetur
2065 1537 2133 1601 in

592 1648 690 1717 eis
726 1649 945 1738 gratia
983 1668 1139 1737 quae
1171 1643 1639 1712 substantialis
1677 1651 1775 1711 est
1820 1644 2128 1734 proemio.

679 1755 787 1822 An
842 1777 969 1822 noc
1025 1760 1254 1821 autem
1314 1751 1497 1843 quod
1542 1753 1760 1841 primo
1792 1751 2125 1841 objicitur,

590 1862 953 1931 dicendum
987 1861 1177 1952 quod
1215 1859 1519 1951 Angelus
1549 1882 1686 1926 non
1717 1867 1819 1928 est
1854 1861 2130 1928 nuntius

491 2059 494 2062 Ι
589 1972 660 2040 in
700 1971 816 2040 illa
844 1972 1199 2049 missione,
1238 1971 1331 2037 ita
1361 1968 1545 2059 quod
1574 1970 1715 2059 ipse
1763 1992 1917 2038 cum
1982 1993 2131 2061 gra-

587 2080 681 2149 tia
707 2077 916 2149 menti
948 2078 1270 2148 illabatur
1312 2101 1328 2145 :
1372 2076 1489 2146 sed
1564 2086 1664 2146 est
1720 2082 1996 2148 nuntius
2057 2087 2130 2148 ut

584 2189 969 2281 obsequens
998 2187 1298 2257 Domino
1355 2187 1588 2265 misso,
1638 2196 1705 2256 et
1748 2211 2128 2281 praeparans

584 2287 769 2367 Viam
823 2320 945 2389 per
994 2298 1417 2366 amotionem
1457 2297 2121 2387 impedimentorum,

582 2417 653 2479 et
713 2406 845 2478 hoc
914 2431 1040 2501 per
1120 2409 1588 2499 operationem
1680 2409 2122 2479 extrinsecam

582 2518 822 2599 menti,
871 2518 1048 2585 sicut
1083 2525 1187 2586 est
1241 2517 1615 2608 suggestiO,
1675 2524 1740 2584 et
1793 2517 2120 2598 doctrina,

580 2631 648 2693 et
685 2622 1098 2702 adhortatio,
1169 2632 1237 2691 et
1302 2621 1742 2712 hujusmodi:
1813 2623 1928 2694 sed
1985 2648 2122 2694 non

1573 290 1658 356 D.
1709 288 1907 357 ALB.
1960 288 2175 357 MAG.
2225 286 2430 358 ORD.
2482 287 2778 355 PRAED.

2330 461 2432 527 An
2495 442 2692 527 amun
2766 457 3155 536 dicendum,
3227 456 3412 548 quod
3466 451 3788 538 distantia

2244 591 2445 657 quarn
2482 569 2689 656 exigit
2720 568 2846 633 ista
2884 567 3118 634 missio
3148 588 3292 634 non
3331 571 3434 632 est
3496 559 3782 629 localis:

2243 676 2359 743 sed
2387 678 2560 744 sicut
2587 683 2828 742 natura
2857 676 3058 743 distat
3092 700 3131 743 a
3157 675 3378 766 gratia
3412 697 3426 741 :
3471 673 3633 763 quia
3669 691 3791 759 per

2244 794 2555 854 naturam
2586 794 2652 852 et
2687 785 3023 854 naturalia
3061 810 3201 855 non
3245 791 3467 877 potest
3522 779 3784 857 haberi,

2201 932 2210 939 ·
2243 891 2356 959 sed
2389 915 2425 959 a
2457 891 2602 959 solo
2640 890 2784 959 Deo
2823 914 2836 957 :
2881 899 2952 957 et
2992 892 3141 960 ideo
3183 915 3339 961 cum
3379 891 3475 960 sic
3502 911 3542 955 a
3569 887 3790 979 gratia

2245 999 2445 1066 distat
2498 998 2824 1089 AngeluS,
2896 999 2980 1064 ad
3017 1022 3175 1066 eum
3242 997 3623 1067 necessaria
3687 1002 3789 1061 est

2245 1107 2504 1174 missio.

2330 1217 2433 1282 An
2480 1237 2676 1282 Amen
2742 1213 3130 1296 dicendum,
3203 1213 3390 1305 quod
3465 1232 3785 1281 revocare

2243 1324 2664 1392 aberrantem
2732 1323 3113 1414 dupliciter>
3148 1333 3275 1406 est,
3346 1323 3601 1391 scilicet
3666 1319 3784 1410 qui

2243 1433 2579 1501 aberravit
2599 1434 2767 1523 jam,
2799 1431 2909 1499 vel
2938 1454 3024 1499 ne
3052 1433 3319 1501 aberret
3354 1430 3467 1499 ille
3517 1431 3634 1519 qui
3684 1435 3787 1496 est

2241 1542 2312 1608 in
2339 1542 2448 1608 via
2483 1563 2500 1608 :
2533 1547 2599 1609 et
2636 1539 2767 1608 hoc
2793 1539 3092 1609 secundo
3133 1539 3339 1608 modo
3390 1545 3494 1607 est
3548 1536 3783 1604 missio

2242 1648 2326 1716 ad
2362 1647 2702 1739 Angelum
2742 1655 2809 1715 et
2846 1646 2932 1714 ad
2972 1645 3285 1727 Sanctos,
3334 1646 3453 1737 qui
3501 1645 3648 1734 jam
3690 1650 3787 1711 ta-

2240 1778 2397 1824 men
2427 1753 2679 1823 habent
2707 1753 3037 1845 Spiritum
3067 1764 3377 1824 sanctum
3407 1777 3422 1822 ε
3456 1752 3614 1820 licet
3643 1774 3785 1819 non

2238 1864 2372 1930 sint
2434 1861 2813 1931 confirmati
2879 1861 3055 1930 sicut
3114 1859 3445 1952 AngeluS,
3506 1867 3575 1927 et
3618 1857 3782 1936 ,ideo

2236 1969 2561 2039 crebriori
2598 1970 2948 2060 indigeant
2974 1970 3328 2039 missione.

2320 2079 2426 2146 An
2488 2100 2686 2147 Auno
2759 2077 3002 2147 eodem
3093 2079 3302 2148 modo
3385 2075 3774 2159 dicendum,

2235 2186 2419 2278 quod
2465 2186 2905 2256 sanctificatio
2959 2187 3036 2273 tit
3079 2187 3153 2256 in
3198 2192 3571 2279 augmento
3618 2205 3782 2275 gra-7

2232 2298 2367 2379 tiae,
2400 2304 2468 2365 et
2496 2299 2564 2365 in
2596 2297 2814 2388 prima
2841 2297 3059 2388 gratia
3093 2320 3108 2365 ε
3143 2297 3305 2390 quia
3332 2294 3779 2365 sanctificatio

2233 2405 2477 2474 dicitur
2511 2404 2726 2474 tribus
2756 2404 3002 2484 modis,
3034 2406 3291 2474 scilicet
3326 2403 3530 2474 simul
3562 2403 3780 2472 facere

2232 2514 2679 2583 substantiam
2744 2523 2813 2582 et
2869 2515 3161 2606 gratiam
3202 2522 3278 2583 ut
3339 2515 3412 2582 in
3450 2512 3778 2582 Christo:

2228 2621 2337 2691 vel
2376 2623 2591 2691 faeere
2630 2630 2944 2690 naturam
2984 2631 3053 2691 et
3078 2622 3325 2692 addere
3354 2620 3672 2714 gratiam,
3706 2627 3782 2687 ut

2228 2730 2299 2799 in
2347 2730 2567 2822 primo
2634 2728 2914 2798 homine
2969 2739 3039 2799 et
3074 2728 3344 2823 Angelo
3385 2728 3568 2797 bono
3611 2750 3629 2797 ε
3671 2725 3782 2796 vel

2232 2837 2447 2906 faeere
2485 2836 2568 2905 de
2597 2859 2735 2905 non
2791 2845 3027 2905 sancto
3093 2844 3430 2916 sanctum,
3499 2835 3677 2904 sicut
3712 2835 3780 2901 in

2243 2944 2708 3037 peccatoribus
2736 2947 3107 3015 conversis.

578 2731 753 2802 sicut
813 2739 915 2801 est
981 2731 1336 2821 inspiratio
1398 2753 1546 2822 quae
1605 2730 1962 2803 intrinseca
2021 2741 2122 2802 est

578 2841 788 2908 menti
833 2860 850 2908 ε
914 2847 984 2907 et
1050 2836 1205 2907 ideo
1262 2838 1345 2906 ad
1388 2862 1536 2906 eam
1568 2847 1666 2906 est
1698 2839 1889 2919 facta,
1933 2851 1998 2910 et
2050 2842 2121 2909 fit

576 2966 844 3015 missio.

573 3430 683 3509 M.
722 3429 947 3525 Quod
967 3431 1389 3508 secuudum
1422 3431 1744 3508 alterum
1786 3436 2092 3511 modum
2146 3437 2432 3515 dicitur
2461 3436 2738 3513 missus
2770 3436 2849 3511 ἰη
2885 3438 3292 3536 mundum,
3351 3438 3777 3516 secundum

1894 3570 2216 3648 alterum
2265 3597 2450 3649 nou.

676 3886 1063 3961 Prmterea
1099 3885 1520 3960 notandum
1553 3894 1695 3978 est,
1739 3889 1940 3984 quod
1982 3912 2154 3964 cum
2191 3889 2310 3965 bis
2337 3887 2643 3964 duobus
2672 3886 2921 3964 modis
2952 3888 3296 3966 mittatur
3325 3890 3595 3986 Filius,
3641 3915 3768 3967 se-

573 4022 918 4098 cuudum
960 4023 1288 4106 alterum
1323 4022 1599 4098 dieitur
1632 4022 1910 4100 missus
1950 4026 2024 4100 in
2070 4027 2471 4121 mundum,
2505 4026 2933 4101 seeundum
2974 4030 3302 4106 alterum
3347 4052 3532 4105 vero
3583 4054 3766 4104 non.

576 4159 687 4234 Eo
726 4156 933 4233 enim
979 4135 1206 4233 modo
1240 4156 1520 4233 missus
1549 4157 1827 4234 dieitur
1866 4160 1940 4236 in
1977 4161 2375 4257 mundum,
2421 4185 2575 4261 quo
2615 4159 2943 4236 visibilis
3013 4165 3301 4240 mundo
3378 4164 3767 4264 apparuit.

575 4291 797 4368 Unde
828 4293 1313 4389 Augustinus
1355 4294 1428 4367 in
1462 4294 1728 4369 eodem
1779 4296 1972 4371 libro
2006 4304 2020 4337 ¹
2053 4298 2155 4372 ait
2201 4320 2219 4373 2
2262 4299 2451 4373 Cum
2493 4321 2584 4373 ex
2619 4309 2961 4396 tempore
2989 4299 3451 4400 cujusquam
3516 4308 3770 4375 mente

578 4428 1023 4528 percipitur,
1070 4428 1261 4504 mitti
1297 4429 1606 4528 quidem
1640 4430 1941 4527 dieitur,
1976 4434 2107 4508 sed
2142 4457 2292 4507 non
2338 4432 2412 4507 iu
2448 4434 2656 4507 hunc
2694 4433 3094 4509 mundum.
3130 4434 3303 4510 Nou
3346 4434 3553 4510 enim
3588 4458 3772 4511 sen-

576 4563 904 4640 sibiliter
941 4573 1285 4664 apparet,
1319 4563 1389 4638 id
1434 4575 1572 4656 est,
1608 4566 1986 4666 eorporis'
2025 4567 2379 4643 sensibus
2419 4578 2701 4667 pra=sto
2732 4578 2872 4643 est.
2921 4568 3112 4645 Nam
3148 4583 3220 4647 et
3253 4596 3419 4659 uos,
3486 4595 3774 4648 secun-

577 4701 762 4776 dum
804 4699 1014 4799 quod
1058 4707 1314 4775 mente
1347 4699 1633 4799 aliquid
1668 4711 2040 4780 mternum
2074 4702 2446 4804 capimus,
2492 4727 2645 4778 nou
2681 4704 2756 4777 iu
2796 4705 2940 4780 boe
2984 4708 3271 4784 mundo
3317 4732 3642 4784 sumus:
3697 4718 3771 4785 et

574 4834 1336 4934 omniumjustorum
1371 4834 1702 4935 Spiritus
1730 4838 1957 4915 etiam
1987 4841 2061 4914 in
2105 4864 2332 4916 carne
2400 4840 2858 4935 viventium,
2923 4842 2999 4917 in
3069 4856 3448 4945 quantum
3506 4845 3773 4919 divina

547 4962 913 5072 sapiunt,
956 4996 1112 5046 non
1155 4982 1335 5046 sunt
1372 4971 1447 5045 in
1481 4974 1969 5050 boemundo.
2010 4978 2113 5051 Ex
2142 4975 2532 5073 proedictis
2572 4976 2839 5076 liquet,
2884 4980 3089 5075 quod
3117 4990 3400 5079 praeeter
3431 4979 3775 5057 ineffabi-

573 5111 726 5185 lem
757 5109 1219 5207 genituram,
1254 5108 1558 5184 duobus
1600 5110 1845 5185 modis
1886 5113 2205 5188 mittitur
2245 5112 2512 5208 Filius,
2549 5114 2848 5190 scilieet
2880 5141 3054 5192 cum
3087 5117 3502 5195 visibiliter
3549 5143 3777 5219 appa-

574 5247 756 5342 ruit,
797 5248 921 5323 vel
956 5244 1451 5323 invisibiliter
1489 5246 1903 5348 percipitur
1943 5259 2219 5326 mente.

645 5574 661 5609 ¹
694 5573 752 5629 S.
793 5574 1171 5642 Accusamus,
1205 5568 1331 5625 Lib.
1376 5569 1444 5622 IV
1475 5568 1547 5624 de
1578 5569 1880 5639 Trinitate‚
1910 5588 2036 5644 cap.
2069 5574 2157 5629 20.

642 5661 667 5698 ¹
693 5659 849 5719 Edit.
885 5661 1055 5718 Joan.
1086 5658 1418 5729 Alleaume,
1448 5661 1740 5732 corporeis.

3918 470 4006 514 Ad.

4037 472 4126 528 2.,

3894 1247 3965 1290 Ad
3997 1246 4049 1292 8.

3887 2097 3966 2147 Ad
3996 2100 4040 2147 4.
