4897 6388
722 326 854 402 354

717 516 921 586 ceret,
979 517 1050 602 et
1097 507 1226 577 hoe
1286 513 1529 579 iterum
1591 515 2072 581 inconveniens
2137 523 2258 592 est,

619 705 624 709 ⁶
717 614 888 682 sicut
925 619 1112 704 patet
1166 616 1570 686 discurrenti
1628 635 1745 711 pei·
1790 622 2089 711 singulas
2129 635 2263 689 no-⁴

425 2263 622 2314 Solatia.

428 4112 505 4156 Ad
543 4114 575 4160 Ι.

712 724 954 790 tiones,
1003 723 1075 792 Si
1099 724 1306 806 dieas,
1336 729 1518 818 quod
1548 728 1616 818 ly
1673 729 1837 795 ordo
1904 747 2041 796 non
2105 723 2263 797 dicit

708 830 1017 898 ordinem
1049 847 1132 901 ex
1160 844 1352 923 parte
1408 835 1898 915 ordinatorum,
1944 837 2061 904 sed
2103 837 2262 904 dlcit

702 940 1035 1006 rationem
1067 941 1347 1008 ordinis,
1408 942 1723 1010 CONTnAi
1765 944 1959 1011 Ratio
2007 944 2260 1011 ordinis

702 1049 996 1113 sumitur
1024 1070 1108 1115 ex
1140 1051 1402 1118 ratione
1450 1052 1695 1140 prioris
1737 1060 1800 1118 et
1830 1054 2251 1142 posterioris:

703 1161 768 1238 et
798 1177 937 1221 non
975 1156 1178 1223 estin
1246 1157 1494 1225 divinis
1539 1161 1707 1225 ratio
1742 1161 1981 1249 prioris
2011 1164 2077 1227 et
2130 1179 2255 1249 po-

701 1264 1028 1342 sterioriS,
1090 1272 1163 1332 ut
1215 1265 1575 1355 probatum
1600 1275 1740 1334 est:
1777 1290 1935 1358 ergo
1980 1289 2117 1336 non
2157 1271 2256 1336 est

701 1370 793 1437 ibi
827 1372 999 1439 ratio
1032 1369 1313 1441 ordinis.
1350 1372 1424 1441 Si
1456 1382 1681 1442 autem
1712 1376 1945 1457 dicass
1970 1378 2149 1467 quod
2189 1378 2256 1468 ly

703 1478 868 1545 ordo
892 1477 1054 1547 dicit
1081 1480 1396 1549 ordinatu
1427 1485 1594 1572 ipsa,
1631 1491 1697 1551 et
1726 1483 1794 1574 ly
1814 1483 2064 1552 natura
2093 1485 2252 1553 dicit

703 1585 770 1652 id
800 1587 869 1652 in
907 1603 1047 1677 quo
1096 1589 1468 1656 attenditur
1526 1592 1693 1658 ratio
1763 1592 2063 1661 ordinis:
2123 1593 2250 1662 hoc

703 1694 947 1761 iterum
972 1716 1109 1762 non
1141 1694 1431 1776 videtur,
1468 1700 1624 1788 quia
1668 1701 1732 1765 in
1765 1709 2002 1767 natura
2039 1723 2249 1768 unum

704 1808 769 1868 et
791 1815 931 1868 non
980 1803 1307 1871 ordinatae
1357 1814 1515 1873 sunt
1593 1826 1894 1896 personae
1951 1807 2244 1876 ‹livinaet

701 1933 863 2000 ergo
885 1911 1175 1992 videtur,
1204 1914 1387 2004 quod
1419 1915 2252 2005 impropriissimeloeutus

705 2018 792 2084 sit
819 2017 1276 2109 Augustinus.

803 2230 1110 2300 Sontmoi
1147 2233 1251 2301 Ad
1272 2233 1402 2302 hoe
1431 2235 1815 2315 dicendum,
1848 2238 2030 2328 quod
2060 2240 2127 2305 in
2158 2239 2252 2305 di·

709 2341 887 2408 vinis
916 2353 1016 2409 est
1054 2342 1222 2410 ordo
1255 2341 1483 2433 aliquo
1515 2345 1744 2418 modo.
1779 2368 1915 2412 non
1975 2348 2158 2436 prius
2186 2354 2250 2414 et

707 2452 1071 2539 posterius,
1094 2452 1267 2519 sicut
1290 2450 1420 2520 hoc
1439 2455 1842 2543 supponitur
1863 2455 1929 2520 in
1954 2457 2209 2522 Littera
2226 2479 2249 2522 .·

702 2557 766 2622 et
798 2555 965 2624 ordo
999 2576 1136 2625 non
1166 2568 1268 2627 est
1296 2559 1463 2626 ordo
1494 2559 1911 2650 simpliciter,
1939 2561 2051 2628 sed
2085 2563 2250 2630 ordo

702 2664 1075 2732 secundum
1107 2664 1297 2756 quid.
1334 2666 1502 2734 Cum
1527 2669 1707 2734 enim
1739 2666 1904 2735 ordo
1934 2667 2016 2736 de
2045 2690 2115 2736 se
2146 2669 2251 2736 ‹li-

701 2771 989 2853 catduo,
1031 2773 1288 2842 scilic-et
1318 2773 1848 2852 distinctionem,
1881 2786 1945 2846 et
1976 2779 2158 2868 prius
2187 2783 2251 2845 et

702 2881 1062 2970 posterius,
1104 2879 1215 2950 hic
1251 2881 1665 2951 abstrahitur
1702 2884 1786 2951 ab
1825 2884 2060 2968 altero,
2111 2888 2246 2954 sci-

703 2987 854 3056 licet
896 3011 934 3055 a
983 2989 1189 3079 priori
1248 2997 1312 3057 et
1378 2993 1759 3082 posteriori,
1814 2999 1878 3061 et
1945 2999 2244 3061 remanet

702 3092 828 3162 sibi
862 3095 1201 3165 distinctio
1234 3102 1521 3168 tuntum.
1567 3100 1736 3167 Cum
1777 3112 2002 3169 nutem
2060 3099 2245 3168 addi·

700 3212 833 3284 tur,
875 3216 1182 3274 natm-ee:
1212 3226 1363 3274 cum
1406 3215 1647 3276 natura
1668 3210 1778 3291 sit,
1801 3220 1870 3277 ut
1899 3209 2056 3278 dicit
2091 3211 2242 3278 l'tii·

697 3313 1048 3405 insopitus,
1091 3339 1174 3383 ex
1230 3339 1366 3408 quo
1404 3317 1689 3408 pullulat
1742 3317 2102 3409 pullulans,
2141 3321 2239 3387 in·

689 3419 1017 3512 telligitur
1034 3420 1204 3490 alter
1228 3424 1698 3492 distinctorum
1731 3449 1873 3493 esse
1896 3448 1977 3493 ex
2000 3426 2235 3504 altero,

685 3539 749 3596 et
781 3552 918 3597 non
958 3528 1129 3598 alter
1150 3533 1335 3621 prior
1364 3531 1603 3601 altero.
1641 3533 2024 3614 Unde-«lico,
2058 3534 2236 3626 quael

683 3637 749 3727 ty
779 3637 948 3703 ordo
985 3644 1254 3706 natum-e
1286 3641 1474 3729 quusi
1513 3642 1577 3707 in
1622 3642 1683 3706 vi
1732 3641 1929 3708 unius
1970 3642 2233 3709 termini

680 3752 837 3810 sunt
866 3744 1241 3812 sumt-nolu:
1283 3753 1356 3811 ut
1395 3770 1474 3812 ex
1500 3747 1719 3836 primu
1749 3746 2072 3813 hain-atur
2111 3747 2239 3813 ‹lis-

686 3852 947 3934 tiuetio,
981 3874 1062 3918 ex
1118 3853 1419 3919 secundo
1459 3861 1684 3920 auti-m
1720 3857 1886 3921 ratio
1909 3842 2237 3923 exisivmti

689 3956 975 4024 atterum
1025 3982 1107 4024 ex
1157 3958 1397 4025 altero.

781 4070 886 4134 An
938 4090 1192 4133 runnu
1268 4092 1432 4154 ergo
1499 4068 1881 4146 ‹lici-nilum,
1935 4072 2115 4160 quod
2169 4075 2233 4137 in

690 4176 940 4243 «livinis
966 4197 1101 4241 non
1134 4184 1236 4243 est
1264 4195 1509 4244 causa:
1571 4179 1728 4268 quia
1769 4199 1967 4244 rausa
2007 4184 2106 4245 est
2152 4180 2232 4246 ael

689 4284 884 4369 enjus
919 4307 1062 4348 esse
1101 4283 1408 4373 sequitur
1455 4284 1676 4351 aliud:
1720 4284 1894 4351 uuili·
1940 4308 2138 4352 caiisa
2171 4295 2232 4353 et

689 4400 1038 4458 causatum
1083 4403 1342 4482 puniunt
1378 4395 1562 4483 prius
1593 4403 1651 4458 vt
1697 4393 2069 4483 posti-rius:
2117 4393 2227 4460 secl

689 4500 906 4566 (ira-ci
952 4510 1236 4566 utuntur
1293 4499 1420 4567 lunc
1479 4503 1778 4582 nornine,
1829 4524 2059 4577 rausa,
2112 4523 2230 4590 pro

687 4632 767 4673 eo
807 4605 988 4698 qucul
1025 4628 1150 4675 nos
1198 4610 1455 4674 utimur
1486 4610 1842 4699 princ-ipio.
1878 4608 2057 4699 «putul
2103 4609 2229 4676 «lic-i

692 4716 915 4782 minus
956 4738 1159 4805 quam
1207 4738 1434 4784 causa.

760 4948 886 5002 ¹Cs.
923 4949 1130 5020 Supra.
1179 4946 1322 5004 nist.
1363 4949 1453 5004 lx.

1719 342 1797 410 D.
1852 340 2044 409 ALB.
2097 337 2313 412 MAG,
2372 338 2576 416 ORD.
2628 339 2922 416 PRAED.

2460 516 2563 583 An
2602 540 2797 584 Aemo
2856 517 3241 595 dicendum,
3286 512 3470 605 quod
3518 512 3927 602 principium

2372 646 2511 690 non
2542 623 2621 691 de
2649 626 3004 714 principio,
3031 648 3171 692 non
3200 631 3302 693 est
3341 628 3495 690 ante
3518 619 3927 708 principium

2371 728 2453 796 de
2483 731 2836 820 principi0‚
2871 732 2988 799 sed
3044 730 3273 810 simul,
3308 738 3385 796 ut
3414 748 3621 819 supra
3676 724 3929 815 proba-

2370 845 2516 903 tum
2551 845 2651 903 est
2680 848 2697 879 ¹
2731 863 2745 904 :
2793 840 2952 928 quia
2989 840 3057 905 in
3088 838 3418 929 principio
3460 857 3601 903 non
3631 832 3713 900 de
3739 833 3933 921 prin-

2368 946 2545 1033 cipio
2588 945 2983 1036 intelligitur
3058 939 3466 1035 principium
3539 943 3623 1010 de
3682 939 3926 1032 princi·

2367 1055 2523 1143 pio:
2571 1076 2696 1121 nec
2725 1077 3051 1144 umquam
3088 1055 3292 1122 etiam
3343 1077 3462 1144 per
3502 1051 3924 1120 intellectum

2363 1160 2709 1249 praecedih
2756 1161 2838 1228 Et
2891 1182 3043 1251 quae
3091 1155 3327 1229 contra
3366 1160 3570 1248 objici
3610 1165 3917 1249 possunt,

2365 1268 2434 1332 in
2479 1267 2907 1336 distinctione
2954 1268 3050 1336 IX
3109 1292 3312 1359 supra
3358 1277 3518 1336 sunt
3564 1266 3790 1334 soluta
3856 1273 3922 1332 et

2365 1374 2653 1465 objecta.

2450 1483 2553 1549 An
2583 1501 2777 1550 Αιιυῐ)
2828 1483 3213 1569 dicendum,
3267 1484 3452 1574 quod
3506 1495 3646 1551 non
3695 1489 3795 1551 est
3844 1483 3913 1548 in

2361 1588 2609 1656 divinis
2665 1590 3010 1679 pluralitas
3075 1591 3404 1658 confusa:
3472 1592 3635 1680 quia
3676 1597 3779 1656 est
3821 1590 3911 1656 ibi

4032 495 4110 555 ΑΒ
4138 511 4183 555 2.
4276 499 4283 510 ’

4020 1501 4192 1553 Ad&

2361 1699 2527 1766 ordo
2560 1708 2839 1779 naturae,
2884 1709 2949 1767 et
2987 1698 3324 1767 non'ordo
3373 1699 3805 1788 simplicitet-1
3851 1706 3913 1766 et
4028 1765 4035 1774 ,

2361 1804 2512 1872 ideo
2552 1823 2676 1872 nec
2731 1813 2831 1873 est
2872 1805 2975 1871 ibi·
3004 1806 3339 1888 confusio,
3393 1828 3519 1873 nec
3573 1806 3761 1897 prius
3792 1814 3917 1872 nec

2358 1911 2716 2002 posterius,
3434 1961 3439 1970 .

2446 2015 2552 2082 An
2588 2037 2783 2083 Anien
2813 2015 3198 2096 dicendum,
3245 2017 3430 2108 quod
3459 2016 3763 2085 Ecclesia
3789 2038 3915 2085 or·-

2360 2121 2634 2191 dinante
2663 2144 3012 2213 personas,
3036 2146 3244 2192 unam
3270 2127 3670 2215 pronuntiat
3695 2123 3910 2216 priua,

2360 2240 2425 2296 et
2464 2228 2666 2297 aliam
2698 2233 3059 2321 posterius,
3090 2240 3158 2299 et
3191 2230 3323 2299 hoc
3362 2232 3699 2322 contingit
3752 2252 3918 2321 proe-

2360 2348 2509 2428 pter
2580 2337 2912 2406 defectum
2964 2340 3181 2407 nostri
3233 2339 3602 2408 materialis
3651 2338 3920 2409 intelle-

2356 2446 2548 2515 ctus:
2583 2456 2647 2515 et
2692 2447 2982 2515 Ecclesia
3015 2447 3214 2516 refert
3272 2448 3582 2516 ordinem
3609 2470 3919 2538 pronun-

2358 2554 2656 2621 tiationis
2694 2554 2777 2621 ad
2827 2554 3135 2623 ordinem
3174 2561 3471 2636 naturae,
3532 2564 3599 2623 et
3644 2578 3784 2625 non
3834 2556 3918 2624 ad

2357 2661 2544 2751 prius
2566 2670 2632 2728 et
2662 2664 2994 2751 posterius
3024 2662 3399 2730 secundum
3421 2662 3736 2731 ordinem
3757 2665 3919 2731 sim·-

2358 2769 2640 2861 pliciter.

2426 2965 2544 3054 'An
2584 3005 2648 3054 m
2686 2986 2868 3078 quod
2919 2985 3201 3055 ulterius
3248 2987 3603 3077 quoeritur,
3670 2985 3908 3054 uicena

2350 3093 2511 3161 dum
2535 3093 2716 3184 quod
2749 3096 2815 3184 ty
2853 3094 3019 3161 ordo
3039 3102 3309 3161 nature
3331 3095 3908 3184 supponitessen—

2350 3202 2513 3269 tiam
2556 3225 2692 3270 non
2749 3201 3122 3271 secundum
3172 3201 3355 3292 quod
3409 3202 3728 3282 essentia,
3787 3201 3906 3270 sed

2348 3310 2717 3377 seeundum
2742 3309 2922 3400 quod
2946 3318 3211 3388 natura,
3235 3308 3362 3377 hoc
3378 3318 3501 3389 est,
3529 3308 3904 3378 secundum

2349 3415 2533 3508 quod
2562 3417 2809 3484 virtute
2840 3418 2985 3505 ejus
3024 3425 3125 3485 est
3164 3417 3468 3508 potentia
3521 3416 3944 3508 processio--

2349 3526 2455 3590 nis
2498 3525 2697 3590 unius
2761 3544 3065 3613 persona·
3121 3521 3205 3590 (le
3271 3522 3445 3590 alia:
3508 3522 3663 3591 licet
3720 3523 3902 3590 enim

2349 3633 2636 3698 essentia
2677 3646 2813 3698 non
2846 3638 3145 3718 generet,
3181 3640 3409 3699 tamen
3457 3630 3657 3698 l‘ater
3692 3650 3906 3721 gene-

2351 3748 2446 3804 rat
2480 3739 2726 3805 virtute
2766 3738 3070 3805 essentiae
3129 3746 3202 3805 ut
3248 3745 3350 3806 est
3407 3747 3672 3805 natura.
3726 3738 3903 3806 Dicit

2346 3868 2510 3935 ergo
2548 3847 2907 3912 essentiam
2948 3846 3015 3912 in
3060 3866 3352 3935 persona
3400 3866 3539 3913 non
3581 3843 3904 3936 simplici-

2347 3963 2472 4030 ter,
2514 3950 2629 4018 sed
2661 3961 2730 4018 ut
2764 3962 2863 4019 est
2904 3961 3143 4019 natura
3181 3951 3503 4043 praedicto
3545 3951 3752 4019 modo
3796 3975 3903 4018 ac-

2344 4071 2574 4151 cepta:
2610 4072 2673 4129 et
2708 4060 2857 4126 ideo
2900 4085 3034 4127 non
3068 4070 3164 4127 est
3202 4060 3379 4128 idem
3423 4060 3594 4127 ordo
3639 4070 3897 4128 natum·

2342 4179 2406 4236 et
2445 4168 2613 4235 oriln
2653 4168 3044 4235 substantia»
3106 4168 3211 4235 vel
3273 4170 3584 4235 essentia*⁴
3623 4177 3898 4258 propter

2342 4278 2681 4345 diversum
2737 4279 3012 4345 niodum
3082 4276 3536 4366 significandi.

2433 4386 2507 4453 tit
2542 4409 2658 4476 per
2689 4386 2814 4453 Ιιυι·
2847 4390 3049 4454 utinm
3085 4393 3262 4475 pati-t
3305 4385 3552 4452 solutio
3585 4387 3891 4452 omnium

2341 4516 2494 4582 quw
2534 4497 2705 4560 riri-a
2747 4492 2872 4560 lior
2904 4493 3167 4580 objecta
3215 4504 3396 4560 sunt.

1957 5388 2447 5427 ——aedng—u—
2482 5404 2577 5416 ·--

4023 2043 4093 2088 Aa
4137 2043 4181 2091 4.

3962 3030 4040 3075 Ad
4061 3042 4235 3090 quen.
