4897 6388
641 575 708 636 et
733 566 816 635 ab
851 590 927 636 ea
957 589 1104 658 quae
1132 569 1201 634 in
1232 568 1376 657 ipso
1408 569 1518 636 et
1503 575 1572 635 ιιι
1602 569 1839 660 seipsis
1870 579 1936 638 et
1986 571 2057 637 in
2084 571 2186 637 in'-

636 680 855 747 vicem
933 688 1268 749 coaeterna
1323 680 1773 770 pullulatione
1828 684 2184 750 mansione

635 797 1161 877 permanserunt
1226 788 1740 880 inegressibilia.
1799 790 1886 857 Et
1949 811 2186 864 secun-

637 895 800 963 dum
853 905 1318 964 commentum
1369 903 1571 963 vocat
1614 919 1733 964 cor
1769 896 2046 972 Patrem
2084 919 2187 965 se-

635 1004 935 1071 cundum
975 1003 1144 1071 illud
1200 1002 1454 1097 Psalmi
1484 999 1666 1083 κων.
1702 1006 1782 1072 2:
1819 1007 2184 1072 Eructavit

634 1134 748 1178 cor
785 1132 1011 1178 meum
1043 1110 1322 1177 verbum
1353 1111 1626 1180 bomem.
1663 1111 1843 1204 Ergo
1883 1112 2183 1202 pullula-

631 1219 850 1286 tiones
906 1218 1060 1285 Filii
1119 1228 1185 1285 et
1244 1216 1537 1308 Spiritus
1596 1221 1810 1288 sancti
1875 1228 2037 1288 sunt
2099 1243 2179 1288 ex

631 1326 833 1394 corde
866 1327 1046 1418 quod
1080 1335 1180 1394 est
1211 1326 1453 1395 Pater:
1490 1350 1650 1418 ergo
1682 1328 1971 1433 videtur,
1998 1328 2183 1451 quod
2215 1401 2218 1410 Ἰ

630 1431 788 1501 licet
815 1435 997 1503 sint
981 1458 1049 1500 ιιι
1090 1435 1238 1524 ipso
1281 1435 1455 1502 sicut
1482 1436 1555 1503 in
1603 1436 1938 1526 principio
1979 1436 2183 1532 origi-
2203 1511 2208 1516 Β

629 1541 758 1621 ιιί5,
831 1549 897 1608 et
951 1541 1022 1608 in
1078 1542 1256 1609 sein
1305 1543 1659 1611 existentia
1697 1542 2061 1634 personali,
2115 1550 2182 1611 et

631 1649 921 1717 invicem
987 1649 1358 1717 secundum
1415 1651 1839 1719 identitatem
1888 1659 2176 1737 naturae,

630 1755 815 1846 quod
850 1764 1081 1834 tamen
1112 1757 1487 1825 secundum
1529 1761 1865 1850 originem
1921 1767 2179 1837 naturae
2229 1806 2234 1810 -

632 1861 926 1956 Spiritus
964 1888 1104 1933 non
1144 1866 1488 1934 reducitur
1516 1867 1602 1935 ad
1642 1867 1916 1954 Filium,
1977 1890 2105 1936 nec
2141 1892 2177 1937 e

628 1993 983 2040 converso.
1019 1971 1523 2064 ,Hypotyposes
1574 1981 1802 2043 autem
1854 1974 2034 2044 idem
2077 1982 2180 2043 est

621 2079 807 2171 quod
837 2080 1089 2149 divinae
1120 2104 1457 2174 personae.
1513 2080 1773 2178 Caetera
1818 2084 2178 2153 auctorita·

625 2186 711 2256 tis
747 2187 958 2257 verba
990 2189 1190 2280 plana
1232 2199 1414 2259 sunt.

715 2294 781 2362 4.
846 2294 1042 2377 ltem,
1087 2296 1603 2367 Damascenus:
1673 2299 2003 2390 Spiritum
2053 2299 2178 2368 Dei

625 2401 846 2470 edocti
877 2415 1279 2495 sequentem
1321 2428 1475 2474 cum
1505 2406 1765 2492 Verbo,
1798 2415 1865 2476 et
1901 2407 2183 2476 manife-

626 2517 919 2579 stantem
950 2514 1098 2602 ejus
1147 2515 1638 2603 operationem,
1691 2539 1830 2584 non
1885 2517 2182 2606 exspira-

623 2615 886 2684 tionem
934 2618 1374 2688 subsistentia
1431 2621 1820 2690 destitutam
1860 2622 2183 2714 intelligi-

630 2746 782 2791 mus
815 2726 860 2792 ¹.
895 2724 999 2792 Ex
1065 2726 1195 2795 hoc
1242 2730 1589 2820 accipitur,
1646 2731 1829 2822 quod
1888 2730 2181 2821 Spiritus

628 2832 935 2921 sequitur
955 2831 1286 2915 Verbum,
1304 2843 1368 2903 et
1388 2837 1774 2906 manitestat
1800 2860 1973 2930 opus
1992 2838 2138 2926 ejus
2160 2860 2176 2905 ε

632 2961 795 3030 ergo
827 2962 965 3007 non
1009 2942 1311 3031 procedit
1348 2965 1386 3010 a
1423 2943 1659 3015 verbo.

716 3049 784 3116 5.
845 3046 1202 3130 Praeterea,
1255 3050 1763 3122 Damascenus:
1826 3052 2179 3124 Credimus

629 3157 701 3223 in
738 3177 953 3225 unum
987 3155 1315 3249 Spiritum
1346 3170 1656 3230 sanctum
1687 3161 1934 3247 Deum,
1977 3171 2044 3232 et
2081 3164 2182 3233 vi-

629 3265 1016 3334 vificantem
1075 3291 1155 3335 ex
1211 3268 1409 3338 Patre
1449 3270 1951 3361 procedentem,
1998 3279 2068 3340 et
2109 3272 2180 3341 in

634 3371 805 3440 Filio
851 3378 1379 3466 requiescentem
1420 3389 1468 3446 ⁸.

727 3497 789 3564 6.
831 3496 1025 3580 ltem,
1061 3498 1271 3579 ldem,
1301 3524 1449 3593 cap.
1488 3503 1563 3569 11
1603 3523 1619 3571 :
1660 3501 1990 3594 Spiritum
2025 3528 2181 3574 san-

640 3610 825 3670 ctum
865 3612 930 3672 et
974 3627 1058 3673 ex
1117 3606 1314 3676 Patre
1364 3608 1677 3690 dicimus,
1719 3618 1788 3679 et
1845 3610 2180 3703 Spiritum

640 3708 864 3777 Patris
895 3712 1371 3782 nominamus:
1416 3737 1497 3783 ex
1534 3714 1705 3786 Filio
1744 3726 1974 3786 autem
2022 3717 2187 3810 Spi-

641 3817 847 3885 ritum
877 3841 1015 3888 non
1073 3821 1383 3902 dicimus,
1448 3822 1777 3915 Spiritum
1828 3848 1991 3895 vero
2034 3826 2184 3896 Filii

641 3925 1100 3993 nominamus.
1132 3928 1331 3996 Joan.
1367 3952 1412 4007 1,
1449 3932 1574 4000 33:
1609 3933 1834 4025 Super
1860 3956 2060 4025 quem
2089 3935 2187 4002 vi·

638 4031 822 4101 deris
858 4035 1198 4126 Spiritum
1239 4036 1765 4124 descendentem,
1799 4051 1862 4108 et
1900 4063 2187 4109 manen-

637 4150 770 4209 tem
824 4166 1030 4235 super
1083 4168 1259 4222 eum,
1316 4147 1427 4214 hie
1483 4157 1581 4215 est
1661 4151 1786 4239 qui
1851 4149 2182 4241 baptizat.

643 4247 814 4315 Cum
846 4248 1205 4318 descensus
1244 4252 1633 4343 temporalis
1680 4257 2183 4346 processionem

640 4365 960 4424 aeternam
993 4359 1396 4440 manifestet,
1440 4371 1514 4429 ut
1552 4360 1724 4430 inira
1760 4362 2182 4453 probabitur,

639 4462 908 4531 videtur
938 4466 1119 4556 quod
1157 4489 1196 4533 a
1237 4466 1437 4537 Patre
1484 4469 1809 4560 procedit,
1857 4480 1923 4540 et
1968 4474 2034 4540 in
2071 4471 2122 4539 F
2127 4474 2187 4540 i-

641 4567 732 4637 lio
760 4572 1119 4661 requiescit
1156 4581 1216 4641 et
1252 4583 1503 4653 manet,
1550 4583 1622 4643 ut
1669 4575 1899 4645 dicunt
1938 4576 2182 4648 Graeci.

726 4678 792 4745 7.
839 4676 1034 4761 ltem,
1073 4679 1146 4746 ln
1186 4680 1470 4771 legenda
1503 4684 1714 4752 sancti
1762 4684 2052 4754 Andreae
2090 4687 2190 4754 di-

637 4788 853 4855 citur:
892 4786 1034 4854 Pax
1065 4787 1260 4855 vobis
1282 4798 1345 4855 et
1381 4792 1715 4859 universis
1755 4794 1868 4882 qui
1902 4794 2183 4862 credunt

637 4894 707 4961 in
746 4917 959 4961 unum
989 4894 1288 4976 Patrem,
1321 4906 1384 4965 et
1418 4897 1485 4966 in
1519 4921 1730 4967 unum
1764 4899 2009 4968 Filium
2041 4902 2184 4990 ejus

639 5002 1015 5071 Dominum
1061 5004 1175 5072 Jes
1146 5029 1296 5072 um
1340 5005 1709 5085 Christum,
1754 5015 1820 5075 et
1851 5009 1919 5075 in
1969 5031 2182 5077 unum

640 5110 971 5201 Spiritum
1012 5122 1320 5180 sanctum
1353 5114 1828 5219 procedentem
1859 5138 1942 5184 ex
1984 5114 2182 5186 Patre

637 5219 749 5285 et
732 5242 802 5287 ιιι
835 5218 1003 5286 Filio
1032 5230 1570 5309 permanentem.

725 5325 789 5393 8.
843 5323 1040 5406 Item,
1111 5325 1477 5416 Gregorius
1546 5326 2007 5396 Nazianzenus
2062 5333 2178 5419 qui

634 5439 917 5499 vocatur
941 5431 995 5497 ‘l
999 5431 1329 5524 lieologus
1361 5457 1375 5500 ε
1405 5432 1595 5502 Sicut
1616 5435 1783 5503 radii
1817 5435 2058 5505 solaris
2081 5437 2179 5506 lu-

635 5538 838 5606 minis
878 5538 963 5605 ab
1008 5561 1086 5606 eo
1135 5540 1598 5629 procedentes,
1641 5564 1767 5611 nec
1819 5566 2088 5636 semper
2136 5569 2176 5613 a

707 5769 728 5805 ¹
760 5767 817 5828 S.
846 5768 896 5827 J.
925 5771 1312 5840 Duascsxus,
1346 5769 1470 5828 Lib.
1489 5772 1536 5844 1,
1564 5788 1693 5846 cap.
1735 5779 1788 5829 7.

1633 398 1722 466 D.
1774 399 1975 467 ALB.
2003 396 2247 466 MAG.
2289 394 2509 464 ORD.
2562 394 2859 530 PRAED.

2299 557 2561 637 lumine
2583 541 2721 637 nec
2738 570 3006 658 semper
3025 565 3151 635 ab
3134 566 3428 634 1nvicem
3451 561 3853 631 abscindun-

2298 693 2435 761 tur,
2489 688 2557 748 et
2616 700 2833 769 usque
2890 676 2978 744 ad
3039 699 3166 744 nos
3222 675 3511 766 gratiam
3577 671 3851 737 luminis

2301 794 2607 868 emicant,
2631 790 2743 862 vel
2790 790 3111 856 emittunt
3145 810 3159 853 ε
3208 786 3456 854 eodem
3495 783 3698 851 modo
3740 780 3852 846 Fi-

2295 900 2428 967 lius
2466 906 2534 967 et
2576 896 2870 987 Spiritus
2935 900 3208 962 sanctus
3266 893 3577 982 geminus
3636 887 3851 955 Patris

2298 1009 2553 1085 radius,
2614 1028 2831 1097 usque
2886 993 2991 1072 ad*
3024 1026 3151 1070 nos
3218 1004 3549 1068 miserunt
3621 999 3850 1064 lumen

2297 1101 2671 1194 charitatiS,
2734 1112 3053 1182 etPatri
3118 1118 3278 1179 sunt
3342 1108 3710 1196 conjuncti.
3769 1105 3854 1173 Et

2297 1223 2879 1318 quemadmodum
2908 1244 2949 1306 a
2978 1220 3279 1312 quodam
3305 1218 3492 1286 fonte
3523 1238 3851 1307 aquarum

2295 1334 2429 1402 duo
2472 1331 2676 1410 rivuli
2715 1336 2996 1397 manant
3044 1327 3388 1418 positione
3435 1324 3658 1406 divisi,
3719 1321 3852 1389 hu-

2284 1431 2591 1532 jusmodi
2648 1461 2810 1518 vero
2860 1435 3258 1527 qualitatem
3302 1454 3508 1500 unam
3563 1439 3629 1498 et
3669 1452 3849 1498 eam-

2291 1549 2444 1618 dem
2496 1545 2892 1653 possident:
2930 1542 3174 1611 eodem
3216 1540 3422 1608 modo
3455 1539 3659 1606 Pater
3694 1537 3846 1604 fons

2288 1655 2445 1725 vitae
2485 1678 2606 1746 per
2619 1645 2937 1754 fluvium
2954 1648 3322 1742 quemdam
3362 1647 3514 1715 Filii
3540 1654 3605 1714 et
3639 1644 3848 1737 Spiri-

2291 1771 2400 1831 tus
2438 1764 2655 1831 sancti
2685 1762 2757 1828 in
2805 1751 2930 1836 nos
2971 1758 3181 1826 mittit
3226 1756 3566 1848 gratiam.
3633 1762 3699 1820 et
3741 1752 3848 1821 isti

2236 1913 2241 1918 >
2290 1894 2507 1963 usque
2539 1869 2632 1938 ad
2654 1892 2780 1938 nos
2807 1871 3310 1966 processerunt,
3348 1868 3416 1931 et
3443 1859 3848 1952 inseparabi-

2288 1980 2388 2048 les
2420 2003 2460 2047 a
2498 1969 2701 2057 Patre
2744 1956 3205 2078 nibilominus
3259 1971 3684 2041 exstiterunt.
3744 1968 3845 2035 Ex

2261 2081 2420 2190 ''hoc
2459 2069 2644 2154 idem
2664 2051 3085 2175 accipifihr.

2277 2235 2280 2244 ·
2384 2199 2473 2265 9.
2496 2195 2819 2264 Rationes
2856 2194 3063 2261 etiam
3102 2192 3262 2260 sunt
3310 2188 3698 2260 Groecorum
3719 2209 3846 2262 su·-

2289 2329 2410 2397 per
2441 2302 2609 2371 illud
2635 2300 2997 2392 Dionysii
2979 2322 3053 2367 m
3091 2297 3266 2385 libro
3306 2297 3390 2365 de
3417 2296 3693 2365 Divinis
3719 2317 3844 2361 no·-

2290 2410 2616 2489 minibuS,
2659 2431 2808 2499 cap.
2849 2410 2911 2489 1,
2964 2406 3151 2498 quod
3191 2403 3664 2472 universaliter
3708 2422 3845 2468 non

2292 2522 2678 2593 audendum
2729 2519 2932 2588 nobis
2979 2517 3203 2587 dicere
3244 2514 3500 2607 aliquid
3556 2513 3638 2581 de
3679 2512 3845 2580 sub-

2291 2628 2590 2699 stantiali
2619 2628 2865 2697 deitate
2894 2634 3145 2718 praeter
3182 2646 3263 2692 ea
3303 2645 3455 2714 quae
3509 2621 3707 2689 nobis
3762 2643 3846 2687 ex

2291 2738 2542 2808 sanctis
2597 2735 2888 2827 eloquiis
2945 2739 3105 2801 sunt
3161 2752 3527 2821 expressa:
3570 2735 3638 2796 et
3691 2749 3845 2795 cum

2290 2847 2361 2913 in
2392 2842 2767 2935 Evangelio
2799 2862 3140 2931 nusquam
3182 2838 3446 2929 legatur
3486 2835 3777 2926 Spiritus
3807 2854 3847 2900 a

2292 2952 2464 3020 Filio
2494 2949 2884 3041 procedere,
2918 2969 3059 3015 non
3090 2946 3219 3015 erit
3264 2942 3625 3013 dicendum
3662 2965 3677 3010 :
3730 2948 3847 3008 aut

2294 3082 2461 3153 quas
2501 3059 2798 3126 rationes
2846 3056 3041 3146 ponit
3080 3053 3403 3146 Magister
3457 3052 3528 3117 in
3587 3050 3843 3117 Littera

2292 3168 2375 3237 de
2413 3164 2719 3236 conciliis
2757 3170 2825 3234 et
2852 3159 3308 3232 anathemate.

2387 3277 2493 3344 10.
2528 3274 2728 3353 Item,
2761 3271 2911 3341 lloc
2949 3293 3077 3340 nos
3121 3267 3432 3337 videmus
3491 3267 3560 3334 in
3601 3263 3847 3333 simili-

2292 3383 2459 3451 bus:
2493 3379 2817 3472 splendor
2844 3380 3028 3449 enim
3062 3386 3129 3447 et
3162 3375 3391 3447 radius
3420 3375 3737 3443 oriuntur
3763 3395 3841 3440 ex

2296 3491 2464 3572 sole,
2506 3492 2599 3559 ita
2640 3488 2824 3582 quod
2863 3495 3179 3557 neutrum
3210 3508 3332 3577 per
3367 3482 3574 3553 aliud.

2389 3603 2496 3668 11.
2539 3600 2735 3676 ltem,
2771 3598 2850 3666 In
2879 3604 3108 3665 mente
3147 3603 3215 3664 et
3242 3595 3486 3664 notitia
3524 3600 3592 3662 et
3619 3612 3846 3660 amore

2295 3731 2471 3801 saepe
2524 3716 2627 3777 est
2680 3706 3037 3776 conversio
3105 3703 3350 3772 mentis
3404 3700 3485 3769 ad
3545 3722 3845 3769 amorem

2295 3824 2537 3907 praeter
2575 3836 2782 3905 quam
2813 3811 2999 3903 quod
3030 3810 3268 3879 notitia
3298 3806 3652 3899 praecedat.

2390 3923 2496 3990 12.
2541 3921 2738 4004 item,
2793 3919 3013 3987 Amor
3067 3915 3478 4008 quandoque
3535 3912 3848 4005 proecedit

2298 4030 2641 4114 notitiam,
2674 4035 2749 4095 ut
2777 4023 3416 4116 dicitAugustinuS,
3450 4023 3622 4090 sicut
3648 4019 3849 4089 ardor

2301 4135 2644 4231 quaerendi
2684 4144 3054 4227 antequam
3083 4135 3171 4202 sit
3209 4140 3450 4201 notum
3485 4153 3694 4221 :ergo
3738 4128 3845 4198 ille

2299 4249 2502 4318 ardor
2529 4269 2617 4317 ex
2654 4245 2800 4315 sola
2830 4253 3059 4314 mente
3099 4240 3428 4335 procedit.

2394 4358 2498 4426 13.
2537 4355 2736 4434 ltem,
2779 4353 2858 4421 In
2913 4353 3155 4445 spiritu
3200 4350 3515 4421 exteriori
3577 4349 3845 4441 quando

2297 4463 2586 4534 verbum
2607 4460 3112 4553 pronuntiatur,
3145 4457 3460 4527 videmus
3489 4456 3671 4547 quod
3692 4465 3845 4525 ante

2299 4594 2546 4642 sonum
2584 4568 2774 4639 verbi
2836 4566 3199 4637 attrahitur
3243 4565 3519 4656 spiritus
3577 4564 3645 4632 in
3711 4586 3844 4655 quo

2299 4684 2633 4751 formatur
2670 4678 2985 4763 verbum,
3028 4686 3093 4745 et
3162 4675 3272 4743 ille
3320 4674 3623 4766 procedit
3654 4698 3693 4742 a
3742 4674 3849 4742 di-

2300 4803 2491 4863 cente
2515 4794 2584 4860 in
2606 4791 2795 4861 verbi
2820 4813 2992 4882 opus
3023 4788 3206 4882 quod
3229 4795 3327 4856 est
3351 4787 3800 4855 manifestatio
3827 4808 3843 4851 ε

2298 4924 2463 4995 ergo
2493 4901 2787 4982 videtur,
2832 4898 3014 4990 quod
3043 4897 3337 4988 Spiritus
3367 4896 3454 4963 sit
3500 4892 3702 4963 Verbi
3752 4894 3851 4961 si-

2296 5018 2410 5077 cut
2438 5009 2509 5075 in
2541 5029 2678 5099 quo
2738 5003 3270 5081 manisfestatur,
3339 5001 3561 5069 Patris
3622 5010 3846 5069 autem

2294 5120 2468 5185 sicut
2497 5139 2537 5183 a
2576 5138 2714 5207 quo
2759 5112 3086 5204 procedit.

2387 5224 2520 5313 San
2584 5245 2881 5292 comm:
2955 5220 3077 5287 11ae
3165 5216 3475 5309 plurimae
3550 5217 3844 5284 rationes

2293 5340 2561 5399 suntet
2615 5330 3076 5409 auctoritateS,
3137 5334 3275 5393 tam
3341 5325 3413 5391 in
3470 5322 3841 5413 Evangelio

2291 5461 2495 5530 quarn
2521 5439 2591 5505 in
2621 5432 3068 5527 originalibus
3092 5431 3526 5510 Sanctorum,
3553 5453 3840 5521 quarum

2287 5545 2765 5613 sufficientiam
2796 5545 2866 5610 in
2895 5543 3158 5610 Littera
3193 5538 3515 5631 Magister
3542 5537 3835 5609 adducit.

2358 5778 2380 5815 ²
2410 5777 2567 5848 lusu,
2599 5774 2724 5833 Lib.
2754 5777 2801 5844 1,
2834 5789 2963 5848 cap.
3000 5775 3087 5830 10.
3128 5742 3129 5745 Ἴ

3865 476 3903 497 «⁸⁶.

3874 5205 3970 5252 sod
3998 5211 4183 5252 eontra.
