4897 6388
433 2319 630 2371 solutio.

697 363 828 454 458

695 560 1127 650 Dionysium,
1165 559 1324 649 quia
1351 559 1507 647 jpse
1539 558 1713 634 vult,
1768 556 1949 648 quod
2006 541 2251 640 secun-

696 668 859 735 dum
894 649 1145 759 gradus
1176 668 1431 735 entium
1478 675 1581 734 est
1633 667 2100 756 propinquitas
2167 664 2251 732 ad

694 774 956 842 Deum:
1005 773 1183 842 unde
1225 771 1699 839 intellectualis
1768 781 2009 838 natura
2075 770 2251 839 vici-

695 884 847 949 nior
876 889 1001 959 est,
1047 902 1253 970 quam
1288 876 1663 945 rationalis,
1704 877 1788 943 Et
1824 886 2058 944 contra
2104 878 2253 943 Au-

694 989 1047 1077 gustinum
1070 988 1138 1052 in
1168 984 1341 1052 libro
1375 983 1505 1049 XII
1542 984 2089 1072 Confessionum,
2134 983 2251 1049 ubi

698 1095 881 1173 dicit,
927 1092 1110 1183 quod
1155 1116 1188 1156 «
1221 1091 1526 1180 Angelus
1567 1098 1831 1157 creatus
1887 1098 1988 1157 est
2043 1112 2253 1180 prope

703 1202 945 1268 Deum.
986 1229 1016 1262 »

785 1314 848 1378 2.
878 1312 1074 1393 Item,
1104 1311 1250 1378 Erit
1280 1318 1514 1378 contra
1547 1306 2078 1398 philosophiam,
2100 1330 2252 1399 quae

697 1421 891 1511 ponit
956 1422 1258 1487 animam
1327 1417 1731 1486 rationalem
1792 1438 1936 1483 esse
1994 1416 2253 1483 instru-

701 1536 1011 1595 mentum
1051 1526 1516 1615 intelligentiae
1547 1524 1656 1592 vel
1695 1525 1966 1615 Angeli.

788 1636 852 1702 3.
909 1633 1554 1716 Item,E1·itcontra
1631 1634 1963 1700 rationem
2018 1655 2033 1700 :
2097 1633 2255 1722 quia

702 1741 1111 1809 illuminatio
1144 1740 1488 1809 descendit
1527 1764 1565 1806 a
1597 1741 1933 1829 superiori
1973 1739 2056 1807 ad
2080 1739 2256 1807 infe-

707 1856 890 1921 rius:
926 1853 1463 1921 illuminationes
1492 1859 1723 1919 autem
1773 1850 1945 1919 fiunt
1991 1851 2074 1918 ab
2107 1852 2257 1919 An-

706 1959 873 2050 gelis
903 1960 974 2027 in
1014 1958 1375 2027 animabus
1413 1957 1801 2035 hominum,
1858 1959 2031 2025 sicut
2095 1957 2257 2025 dicit

708 2068 1136 2158 Augustinus
1175 2068 1244 2134 in
1285 2065 1379 2133 xl
1412 2087 1618 2156 super
1660 2066 1994 2134 Genesim.

795 2277 1109 2347 Somno.
1206 2275 1369 2344 Sine
1464 2275 1856 2366 praejudicio
1939 2274 2251 2352 dicimuS‚

710 2385 894 2475 quod
931 2385 1239 2476 angelica
1277 2392 1524 2451 natura
1564 2385 1635 2451 in
1671 2390 1914 2451 natura
1943 2379 2258 2450 conside-

708 2503 874 2573 rata,
909 2493 1126 2562 multo
1167 2491 1463 2561 nobilior
1493 2501 1594 2560 est
1632 2514 1840 2583 quam
1907 2489 2248 2559 humana:

702 2613 764 2670 et
806 2601 1103 2670 nobilior
1140 2610 1241 2670 est
1269 2602 1472 2669 etiam
1508 2623 1716 2691 quam
1764 2601 1993 2668 anima
2045 2598 2255 2666 ratio-

701 2711 873 2779 nalis
921 2713 989 2779 in
1057 2735 1181 2779 sua
1256 2719 1499 2778 natura
1567 2709 2043 2778 considerata:
2094 2708 2255 2798 quia

699 2821 946 2888 animae
980 2817 1294 2888 rationali
1334 2816 1643 2885 naturale
1710 2823 1810 2885 est
1875 2817 2053 2885 uniri
2102 2838 2252 2885 cor-

701 2928 874 3018 pori,
916 2933 981 2995 et
1012 2925 1158 2995 haec
1199 2926 1551 2993 unibilitas
1584 2925 1797 3015 ipsius
1835 2924 1993 2992 facit
2031 2925 2250 3014 ipsam

700 3032 1225 3102 materialiorem
1311 3041 1371 3100 et
1435 3032 1836 3099 viciniorem
1922 3031 2246 3108 materiae,

701 3164 905 3234 quam
946 3142 1029 3209 sit
1074 3139 1404 3232 Angelius
1452 3162 1466 3206 ε
1531 3147 1763 3208 tamen
1819 3147 2061 3207 natura
2117 3136 2252 3205 hu-

702 3273 905 3317 mana
945 3248 1320 3316 secundum
1364 3247 1546 3338 quod
1588 3246 1875 3315 refertur
1901 3246 1982 3314 ad
2025 3236 2253 3313 unita-

643 3372 646 3375 ·
699 3366 838 3424 tem
870 3381 1026 3424 cum
1089 3356 1255 3431 Deo,
1290 3365 1354 3422 et
1423 3364 1620 3445 prout
1665 3355 1950 3423 refertur
1992 3352 2078 3421 ad
2115 3362 2250 3420 sta·

375 5507 454 5552 Ad
484 5508 522 5560 l.
550 5508 694 5553 20⁸³.

701 3473 846 3531 tum
881 3463 1344 3543 beatitudinis,
1379 3461 1662 3553 :equalis
1698 3461 1806 3529 vel
1864 3460 2109 3530 melior
2152 3468 2252 3529 est

701 3572 1006 3663 Angelis,
1042 3582 1103 3639 et
1148 3571 1273 3640 hoc
1315 3582 1411 3639 est
1444 3571 1819 3639 secuudum
1878 3571 2041 3662 quid
2106 3593 2251 3637 esse

705 3681 946 3748 melius
975 3678 1083 3745 vel
1104 3681 1387 3770 (equale.
1419 3679 1728 3746 Refertur
1752 3689 1975 3747 autem
1999 3679 2080 3746 ad
2107 3679 2254 3745 uni·

703 3795 905 3852 tatem
938 3808 1093 3853 cum
1128 3783 1271 3852 Deo
1302 3784 1685 3874 dupliciter,
1728 3786 1979 3853 scilicet
2009 3808 2253 3853 secun·

701 3891 862 3958 dmn
897 3892 960 3958 id
1005 3891 1184 3982 quod
1221 3892 1488 3957 unitum
1530 3901 1626 3957 est
1666 3891 1807 3959 Deo
1856 3892 1937 3958 de
2014 3900 2258 3960 natura

701 4005 930 4064 nostra
973 3997 1374 4064 iutttiristn:
1420 4006 1481 4063 et
1506 3997 1879 4064 secundum
1915 3999 1979 4066 id
2011 4022 2095 4066 ex
2117 4022 2254 4089 quo

703 4114 1049 4193 sumptum
1094 4114 1189 4168 est
1225 4102 1408 4192 quud
1444 4102 1710 4169 unitum
1764 4113 1888 4186 est,
1957 4107 2129 4172 sicut
2187 4107 2254 4172 in

708 4211 909 4275 Beata
943 4207 1251 4295 Virgine,
1287 4210 1356 4275 in
1396 4231 1601 4298 quam
1652 4213 1973 4301 proevenit
2037 4212 2258 4302 Spiri-

706 4327 812 4382 tus
850 4324 1126 4381 sanctus
1165 4338 1318 4381 cum
1371 4316 1621 4382 virtute
1675 4316 2034 4393 Altissimi,
2105 4341 2260 4407 pur·

709 4446 877 4509 gans
911 4422 1152 4510 ipsam,
1185 4432 1250 4489 et
1291 4422 1609 4490 virtutem
1649 4423 1766 4489 Dei
1811 4422 2014 4490 Verbi
2085 4447 2259 4492 con-

711 4530 930 4597 ferens
998 4529 1121 4618 ipsi
1197 4529 1398 4595 simul
1457 4540 1518 4596 et
1561 4532 2054 4619 generativam,
2088 4534 2260 4599 sicut

717 4634 1079 4701 habebitur
1142 4634 1310 4701 infra
1356 4633 1412 4702 ⁸:
1491 4636 1673 4702 unde
1745 4638 1947 4703 etiam
1991 4637 2262 4727 dignior

713 4749 810 4806 est
841 4741 1026 4806 omni
1062 4762 1230 4829 pura
1269 4750 1601 4818 creatura,
1673 4751 1738 4809 et
1804 4742 2096 4809 exaltata
2161 4751 2258 4810 est

711 4872 912 4939 super
939 4847 1184 4915 cboros
1214 4847 1636 4938 Angelorum
1679 4849 1759 4916 ad
1812 4849 2108 4917 coelestia
2164 4874 2265 4919 re·

714 4979 868 5041 gna.
931 4956 1323 5023 Secundum
1396 4956 1792 5025 relationem
1852 4959 1935 5026 ad
2011 4968 2261 5027 statum

715 5061 1309 5152 contemplationis
1366 5086 1602 5130 verum
1646 5073 1768 5142 est,
1805 5065 1986 5154 quod
2026 5087 2264 5155 aequa-

716 5167 943 5233 bimur
981 5168 1293 5256 Angelis:
1356 5171 1515 5259 quia
1584 5170 1955 5239 secundum
2016 5169 2265 5261 gradus

718 5273 916 5338 sortis
962 5275 1382 5364 Angelorum
1453 5279 1575 5343 erit
1628 5278 2003 5367 assumptio
2033 5286 2265 5344 nostra

725 5402 787 5445 m
823 5401 1131 5469 regnum.

813 5484 913 5549 An
963 5507 1104 5550 ιιιΑ
1164 5508 1325 5574 ergo
1388 5489 1513 5555 tria
1582 5511 1732 5578 quae
1805 5490 2027 5578 primo
2088 5488 2269 5577 obji-

802 5716 818 5750 ⁸
849 5714 934 5770 Cf.
968 5714 1146 5786 Infra,
1176 5717 1252 5772 111
1282 5718 1751 5794 Sententiarum,
1784 5723 1926 5782 Dist.
1957 5725 2052 5784 IV.

1704 382 1782 448 D.
1835 383 2034 451 ΑΕΒ.
2088 383 2307 450 MAG.
2362 382 2568 452 ORD.
2622 381 2918 449 PRAED.
3709 439 3737 459 f

2365 558 2638 623 ciuntur
2670 579 2753 624 ex
2785 552 3437 625 considerationibus
3481 547 3905 638 Philosophi,

2365 663 2728 731 dicendum
2763 664 2945 753 quod
2974 669 3207 729 tenent
3237 662 3305 727 in
3335 659 3442 726 his
3483 680 3636 749 quae
3670 680 3786 747 per
3840 680 3909 723 se

2367 780 2434 838 et
2474 793 2559 836 ex
2597 779 2839 836 natura
2868 778 3025 838 sunt
3065 769 3250 848 talia,
3289 776 3354 836 et
3380 790 3517 834 non
3548 789 3668 856 per
3732 766 3909 831 acci-

2359 878 2525 945 dens
2566 886 2631 943 et
2661 900 2779 967 per
2819 877 3213 945 relationem
3254 876 3339 944 ad
3377 875 3588 942 aliud.
3626 872 3738 940 Sic
3771 894 3902 938 non

2359 993 2462 1052 est
2490 991 2720 1050 nostra
2778 991 3015 1050 natura
3074 984 3143 1050 in
3178 981 3471 1064 Christo,
3505 1003 3631 1048 nec
3695 978 3903 1045 electa

2359 1092 2443 1161 ab
2483 1093 2657 1183 ips0.

2445 1201 2550 1268 An
2597 1224 2794 1268 Alaun
2825 1201 3211 1279 dicendum,
3256 1200 3440 1290 quod
3478 1201 3898 1289 Augustinus

2359 1310 2661 1400 loquitur
2690 1309 2772 1377 de
2804 1309 3006 1404 modo
3025 1308 3641 1398 contemplationiS,
3676 1317 3740 1374 et
3763 1330 3897 1373 non

2361 1417 2443 1485 de
2485 1426 2750 1486 natura.
2787 1415 2860 1483 Si
2889 1408 3460 1504 autem'objiciaS,
3518 1414 3700 1505 quod
3755 1416 3901 1481 Au-

2325 1565 2330 1568 ·
2358 1525 2674 1615 gustinus
2704 1523 2865 1592 dicit
2893 1524 2962 1590 in
2991 1522 3164 1591 libro
3196 1522 3277 1590 de
3312 1523 3714 1608 Quantieace
3757 1523 3905 1586 am‘-

2361 1654 2513 1715 mae,
2559 1630 2741 1721 quod
2782 1639 3022 1698 natura
3062 1632 3303 1697 animae
3334 1628 3658 1719 quiddam
3703 1627 3901 1694 habet

2360 1738 2638 1806 inferius
2668 1747 2745 1805 ut
2790 1739 3088 1806 animam
3126 1738 3522 1828 peccatoris»,
3582 1734 3901 1826 quiddam

2361 1850 2674 1941 superius
2712 1858 2783 1916 ut
2845 1848 3088 1927 Deum,
3136 1845 3457 1937 quiddam
3497 1867 3621 1936 par
3648 1852 3723 1910 ut
3760 1845 3905 1910 An-

2362 1957 2618 2049 gelum.
2654 1957 2907 2025 lterum
2936 1956 3112 2035 dico,
3148 1955 3331 2046 quod
3385 1953 3690 2044 parilitas
3769 1974 3904 2018 non

2363 2065 2647 2136 refertur
2674 2065 2761 2133 ad
2798 2074 3132 2142 naturam,
3195 2072 3270 2131 ut
3336 2072 3577 2132 natura
3634 2073 3757 2141 est,
3789 2062 3906 2130 sed

2361 2173 2448 2241 ad
2487 2181 2736 2241 statum
2780 2174 2897 2263 qui
2926 2171 3267 2263 possibilis
3308 2179 3409 2239 est
3456 2180 3717 2238 naturae
3789 2192 3910 2260 per

2363 2280 2726 2348 meritum:
2761 2281 2922 2371 quia
2968 2287 3225 2348 naturae
3272 2279 3517 2345 animae
3549 2285 3623 2345 ut
3679 2278 3908 2345 anima

2361 2397 2486 2471 est,
2521 2388 2800 2456 inferior
2829 2396 2930 2456 est
2954 2395 3196 2456 natura
3234 2387 3504 2479 Angeli.

2446 2495 2552 2563 An
2580 2518 2776 2563 Amen
2823 2493 3208 2572 dicendum,
3260 2493 3444 2586 quod
3502 2492 3628 2561 boc
3663 2493 3904 2561 iterum

2359 2603 2644 2671 refertur
2670 2603 2756 2671 ad
2804 2603 3146 2680 meritum,
3198 2601 3379 2692 quod
3420 2600 3604 2669 dono
3634 2599 3757 2667 Dei
3798 2623 3909 2666 as-

2357 2713 2734 2803 sequimur,
2785 2719 2850 2779 et
2889 2733 3027 2779 non
3055 2709 3142 2778 ad
3169 2718 3507 2778 naturam.

2445 2821 2551 2888 An
2588 2842 2786 2888 Αιιυυ
2814 2817 3200 2902 dicendum,
3233 2819 3405 2885 sicut
3428 2840 3634 2909 supra
3653 2816 3905 2887 dictum

2356 2939 2484 3012 est,
2500 2928 2684 3020 quod
2705 2925 3260 3018 assumptibilitas
3280 2924 3579 2995 bominis
3600 2948 3735 2993 non
3758 2926 3911 2993 facit

2357 3045 2670 3104 naturam
2703 3033 2849 3124 ejus
2879 3032 3232 3101 meliorem
3280 3054 3428 3100 esso
3485 3040 3725 3100 natura
3764 3035 3912 3100 An-

2356 3142 2491 3236 geli
2526 3164 2541 3211 :
2576 3143 2736 3235 quia
2758 3163 2899 3211 non
2927 3140 3243 3210 convenit
3277 3141 3336 3209 ei
3367 3162 3452 3210 ex
3484 3139 3909 3209 naturalibus

2358 3250 2516 3321 sibi.

4020 1238 4099 1285 Ad
4124 1239 4162 1282 4.

4016 2497 4093 2544 Ae
4132 2499 4174 2544 ὁ.

4019 2869 4088 2913 Ad
4128 2871 4170 2916 G.

2448 3359 2551 3424 An
2581 3380 2778 3425 anuto
2816 3355 3203 3434 dicendum,
3237 3355 3419 3447 quod
3460 3356 3644 3425 Deus
3681 3355 3910 3448 dupli·
3942 3378 4261 3436 Adoni-cm.

2357 3468 2462 3537 cia
2517 3468 2697 3535 dona
2754 3464 3062 3543 effundit,
3121 3464 3371 3533 scilicet
3440 3465 3797 3540 naturalia,
3849 3476 3909 3533 et

2360 3574 2509 3643 haec
2538 3572 2820 3642 effundit
2879 3572 3249 3640 secundum
3281 3583 3539 3640 natura*
3569 3575 3911 3664 capacita-

2359 3691 2500 3751 tem
2538 3706 2554 3751 :
2594 3681 2782 3749 verbi
2825 3682 3038 3772 gratia
3070 3679 3662 3749 materiaebabcnti
3697 3682 3909 3749 solam

2361 3790 2735 3882 potentiam
2777 3788 2861 3856 ad
2894 3788 3033 3864 ubi,
3078 3788 3366 3855 infundit
3398 3788 3686 3856 formam
3727 3788 3909 3856 ccx-li:

2364 3896 2665 3964 materiae
2715 3905 2946 3963 autem
3002 3896 3236 3986 primae
3284 3894 3576 3986 simplici
3637 3894 3911 3963 babenti

2361 4004 2735 4095 potentiam
2764 4003 2846 4071 ad
2877 4001 2991 4071 ubi
3024 4011 3084 4071 et
3128 4003 3210 4071 ad
3251 4004 3569 4081 formam,
3622 4004 3906 4071 infundit

2361 4112 2649 4178 formam
2684 4108 2996 4177 elementi
3044 4133 3058 4177 :
3106 4111 3405 4177 inaterize
3439 4120 3667 4178 autem
3718 4136 3911 4179 com-

2365 4219 2591 4285 mixta·
2624 4226 2911 4291 tantum,
2964 4216 3251 4284 infundit
3294 4217 3581 4284 formam
3626 4221 3911 4285 minera-

2365 4325 2540 4392 lem:
2581 4326 2808 4389 mixtae
2847 4331 3072 4389 autem
3106 4331 3168 4389 et
3202 4322 3582 4413 aliqualiter
3622 4324 3914 4416 comple-

2365 4434 2656 4500 xionatae
2710 4435 2777 4499 in
2844 4432 3145 4521 partibus
3201 4431 3562 4514 similibus,
3626 4434 3911 4503 infundit

2365 4539 2656 4606 formam
2711 4536 3107 4626 vegetabilis
3155 4538 3397 4605 animae
3442 4560 3458 4606 ε
3501 4538 3618 4606 sed
3689 4542 3911 4608 mixiae

2368 4645 2930 4734 complexionatae
2996 4648 3389 4735 compositae
3472 4668 3552 4713 ex
3636 4647 3911 4737 organis

2366 4750 2835 4827 dissimilibus,
2881 4750 3169 4818 infundit
3210 4752 3497 4819 formam
3529 4754 3906 4823 sensibilis:

2370 4859 2671 4926 materia·
2731 4868 2956 4925 autem
3039 4860 3335 4926 maxime
3421 4861 3762 4928 accedenti
3830 4864 3910 4929 ad

2367 4965 2851 5057 aequalitatem,
2886 4975 2951 5034 et
2992 4968 3324 5035 recedenti
3365 4991 3403 5034 a
3442 4972 3798 5036 contrariis
3830 4970 3913 5037 ad

2368 5074 2883 5142 similitudinem
2905 5072 3199 5165 aliquam
3234 5073 3412 5158 coeli,
3455 5076 3747 5145 infundit
3786 5078 3916 5144 for·

2371 5203 2551 5246 mam
2622 5204 2828 5270 quam
2886 5190 3065 5248 creat
3120 5181 3200 5248 ad
3260 5203 3454 5249 suam
3517 5183 3910 5274 imaginem,

2369 5287 2624 5355 scilicet
2679 5290 2977 5355 animam
3044 5289 3464 5357 rationalem.
3528 5290 3677 5359 Alia
3735 5292 3911 5361 dona

2370 5394 2653 5462 effundit
2704 5419 2855 5486 quae
2905 5404 3055 5462 sunt
3108 5395 3284 5463 dona
3343 5400 3627 5487 gratiae:
3693 5410 3753 5467 et
3804 5401 3913 5469 illa

2371 5524 2512 5567 non
2544 5499 2655 5566 dat
2685 5499 3055 5567 secundum
3089 5505 3597 5592 proportionem
3629 5514 3909 5582 natur-ze,
