4897 6388
1955 357 2047 423 IN
2097 355 2124 420 I
2175 338 2600 420 SENTENT.
2651 351 2878 421 DIST.
2929 355 3291 435 XX111,-1.
4144 358 4269 426 601

1058 961 1115 1033 1.
1169 957 1391 1048 Quod
1428 959 1512 1033 in
1551 958 1925 1034 Trinitate
1962 982 2112 1032 non
2156 965 2266 1032 esc
2301 957 2727 1051 diversata-3,
2772 980 2912 1031 nec
2940 955 3465 1053 sinqularitcw,
3509 956 3637 1031 vel
3672 955 4003 1031 solitudo
4042 981 4069 1029 .·
4132 956 4273 1029 secl

1726 1094 2009 1188 unium,
2055 1101 2127 1168 et
2162 1095 2494 1187 trinita-3,
2539 1099 2612 1166 et
2647 1091 3064 1186 destinato,
3111 1098 3182 1166 ct
3218 1092 3605 1166 identitas

1150 1484 1322 1558 Jam
1366 1483 1869 1575 sufficienter,
1903 1491 2218 1579 utputo,
2262 1479 2760 1579 responsum¹
2806 1491 2947 1577 est,
2979 1505 3136 1580 qua
3166 1482 3619 1558 necessitate
3688 1482 4036 1557 dicamus
4118 1491 4268 1557 tres

1053 1642 1456 1719 personaS,
1494 1629 1569 1692 et
1608 1640 1848 1716 quare
1882 1640 2034 1690 non
2068 1616 2419 1692 similiter
2444 1626 2597 1691 tres
2635 1617 2820 1691 deos
2858 1618 2982 1692 vel
3015 1617 3393 1692 essentias
3435 1641 3451 1691 :
3499 1617 3684 1714 quia
3715 1616 4005 1691 scilicet
4038 1614 4115 1688 in
4161 1616 4267 1688 al-

1053 1765 1218 1829 tero
1252 1752 1515 1826 obviat
1553 1751 1979 1850 Scriptura,
2017 1751 2090 1824 in
2125 1753 2362 1826 altero
2385 1750 2851 1826 diversitatis
2891 1751 3427 1847 intelligentia,
3466 1751 3648 1849 quia
3674 1751 3779 1825 ibi
3805 1751 4020 1824 nulla
4040 1748 4268 1849 peni—

1053 1899 1180 1963 tus
1219 1898 1335 1963 est
1365 1886 1800 1975 diversitaS‚
1846 1885 2044 1960 sicut
2077 1910 2214 1961 nec
2245 1886 2741 1983 singularitas
2775 1887 2893 1962 vel
2928 1885 3260 1961 solitudo
3308 1911 3325 1961 ;
3364 1886 3496 1961 sed
3539 1885 3815 1972 unitaS,
3882 1895 3958 1961 et
4020 1859 4264 1958 Trini-

1052 2033 1196 2098 tas.
1246 2021 1469 2097 Unde
1501 2020 1983 2118 Augustinus
2015 2020 2089 2093 in
2120 2021 2314 2095 libro
2345 2020 2483 2094 vn
2524 2020 2615 2094 de
2664 2020 3038 2095 Trinitate
3078 2020 3183 2095 ait
3227 2044 3243 2095 :
3293 2021 3653 2095 Humana
3704 2019 3964 2118 inopia
4040 2042 4267 2117 quac—

1058 2181 1239 2232 rens
1279 2155 1464 2254 quid
1508 2156 1799 2231 diceret
1840 2155 2007 2248 tria,
2043 2154 2230 2229 dixit
2269 2164 2423 2230 tres
2463 2177 2833 2253 personas
2874 2156 2994 2230 vel
3027 2155 3525 2230 substantias.
3564 2153 3862 2241 Quibus
3924 2151 4271 2227 nomini-

1057 2293 1205 2366 bus
1249 2315 1400 2365 non
1436 2291 1958 2366 diversitatem
2000 2290 2242 2363 voluit
2271 2288 2620 2384 intelligi,
2683 2289 2815 2364 sed
2886 2289 3501 2385 singularitatem
3570 2288 3815 2362 noluit
3850 2313 3867 2363 :
3951 2298 4035 2362 ut
4111 2312 4266 2362 non

994 2529 1007 2541 ⁶
1055 2431 1308 2504 solum
1345 2428 1447 2502 ibi
1497 2429 1751 2502 unitas
1786 2426 2256 2523 intelligatur
2294 2451 2387 2501 ex
2419 2450 2510 2502 eo
2550 2427 2752 2525 quod
2790 2427 3071 2501 dicitur
3107 2451 3260 2501 una
3302 2426 3666 2520 essentia,
3734 2428 3866 2501 sed
3905 2424 4266 2520 TrinitaS,

1056 2589 1148 2640 ex
1182 2589 1274 2641 eo
1315 2565 1524 2662 quod
1558 2564 1925 2638 dicuntur
1953 2573 2103 2638 tres
2144 2587 2496 2661 porsonae
2525 2563 2572 2635 ².
2624 2562 2962 2637 Hilarius
3004 2586 3315 2660 quoque
3353 2563 3428 2635 in
3462 2562 3660 2637 libro
3701 2562 3838 2636 Vll
3880 2563 3972 2637 de
4025 2562 4280 2637 Trini-

1058 2710 1214 2777 tale
1254 2701 1359 2776 ait
1396 2724 1414 2776 ε
1450 2700 1834 2775 Dominus
1873 2699 2081 2794 dicit,
2121 2697 2273 2790 Qui
2305 2699 2512 2774 videt
2543 2723 2690 2792 me,
2733 2698 2944 2774 videl
2972 2706 3045 2774 el
3082 2698 3399 2773 Patrem
3434 2695 3482 2772 ⁸.
3529 2698 3721 2772 Cum
3757 2698 3900 2773 hoc
3955 2697 4267 2791 dicitur,

1061 2834 1504 2911 excluditur
1533 2833 2057 2931 singularitaS,
2091 2844 2322 2932 atque
2359 2833 2593 2927 unici,
2630 2833 2703 2907 id
2745 2843 2886 2923 est,
2922 2833 3248 2908 solitarii
3296 2832 3827 2929 intelligentia.
3876 2833 4072 2908 Nam
4136 2856 4281 2909 nec

963 3065 972 3073 .
1064 2943 1502 3044 solitarium
1546 2992 1802 3045 sermo
1844 2968 2251 3065 significat,
2288 2979 2359 3043 et
2394 2967 2955 3044 indifferentem
3001 2979 3252 3044 tamen
3311 2978 3664 3043 naturam
3704 2969 4074 3068 professio
4142 2969 4287 3044 do-

1059 3116 1204 3179 cet.
1245 3105 1481 3179 Visus
1514 3116 1625 3179 est
1669 3104 1876 3179 enim
1914 3104 1986 3177 in
2025 3104 2212 3178 Filio
2244 3105 2471 3178 Pater
2501 3127 2637 3202 per
2666 3114 2965 3178 natura}
3002 3103 3299 3178 unitam
3343 3103 3955 3180 similitudinem.
4024 3103 4284 3179 Unum

1064 3252 1244 3316 sunt
1286 3242 1493 3315 enim
1533 3252 1760 3315 uatus
1791 3253 1861 3315 et
1903 3264 2336 3336 generans:
2386 3266 2625 3315 unum
2660 3250 2839 3314 sunt
2882 3264 3134 3338 neque
3172 3265 3401 3313 uuus.
3473 3240 3644 3314 Non
3693 3241 3947 3340 itaque
4029 3241 4286 3316 solita·

1069 3376 1231 3450 rius
1275 3376 1515 3451 Filius
1552 3386 1695 3469 est,
1734 3400 1875 3452 nec
1905 3376 2348 3472 singularis,
2385 3400 2524 3450 nec
2566 3376 2851 3475 dispar.
2892 3377 3113 3468 ltem,
3151 3375 3222 3448 in
3270 3375 3541 3450 eodem
3584 3399 3600 3451 :
3649 3376 3863 3452 Sicut
3922 3376 3997 3451 in
4056 3379 4283 3453 Patre

1070 3522 1141 3585 et
1183 3511 1371 3584 Filio
1404 3510 1719 3584 credere
1760 3510 1957 3584 duos
1996 3511 2178 3585 deos
2213 3509 2530 3608 impium
2573 3521 2713 3602 est,
2771 3510 2873 3583 ita
2934 3510 3236 3584 Patrem
3315 3520 3386 3585 et
3460 3510 3732 3585 Filium
3803 3509 4278 3607 singularem

1075 3647 1321 3718 Deum
1361 3644 1813 3743 praedicare,
1858 3644 2315 3741 sacrilegum
2357 3654 2498 3719 est.
2532 3644 2738 3718 Nihil
2785 3645 2857 3718 in
2900 3645 3017 3719 bis
3048 3669 3367 3738 novum,
3406 3644 3593 3721 nihil
3627 3645 4048 3741 diversum,
4086 3648 4279 3723 nibil

1069 3779 1446 3872 alienum,
1494 3777 1685 3851 nibil
1729 3778 2158 3878 separabile
2188 3790 2327 3853 est.
2367 3780 2478 3853 De
2512 3780 2652 3852 linc
2686 3779 2914 3854 etiam
2950 3780 3434 3875 Augustinus
3478 3781 3551 3852 in
3634 3780 3828 3854 libro
3900 3779 4284 3871 Quaestio-

1065 3941 1250 3988 umn
1288 3913 1572 3988 veteris
1612 3939 1699 3988 ac
1742 3939 1967 3989 nova}
2010 3913 2200 4010 legis
2240 3914 2345 3989 ait
2375 3939 2409 4007 z,
2444 3914 2660 3987 {Inus
2689 3926 2800 3988 est
2838 3915 3075 4010 Deus,
3119 3915 3249 3989 sed
3298 3941 3448 3989 non
3493 3916 3981 4011 singularis‘.
4058 3919 4279 4011 Item,

1067 4050 1528 4125 Ambrosius
1571 4050 1642 4124 in
1683 4050 1876 4124 libro
1911 4051 1935 4123 l
1970 4050 2063 4125 de
2114 4047 2534 4125 Trinitate²
2563 4050 2662 4123 ait
2701 4074 2716 4124 :
2763 4050 2984 4138 Quod
3022 4050 3254 4125 unius
3294 4062 3408 4125 est
3449 4051 3930 4146 substantiae,
3976 4077 4285 4152 separa·

1067 4180 1128 4258 ‘ri
1167 4211 1318 4259 non
1369 4196 1610 4284 potest
1652 4209 1668 4260 :
1706 4184 1844 4260 etsi
1879 4208 2028 4258 non
2065 4184 2154 4258 sit
2199 4184 2778 4281 singularitatis,
2824 4186 2957 4259 sed
3006 4185 3320 4261 unitatis
3355 4187 3560 4261 Deus
3607 4212 3809 4262 [inus
3867 4212 4042 4262 cum
4086 4188 4284 4263 dici-

1065 4330 1217 4413 tur,
1253 4344 1749 4418 nequaquam
1791 4318 2094 4393 deitatis
2130 4318 2573 4393 Trinitatem
2609 4320 2942 4393 excludit
2990 4347 3005 4393 ε
3043 4332 3115 4394 et
3161 4320 3331 4394 ideo
3383 4346 3531 4394 neem
3586 4322 3791 4421 quud
3856 4323 4282 4419 singulari-

1064 4455 1267 4544 tatis,
1314 4454 1449 4528 sed
1494 4454 1703 4552 quud
1751 4453 2066 4528 unitatis
2103 4463 2217 4529 est
2249 4453 2739 4552 praedic-atur.

1166 4591 1356 4663 lit-ee
1399 4613 1491 4663 ex
1539 4588 1923 4687 pra-dictis
1950 4588 2405 4681 ostenditur,
2452 4589 2632 4687 quia
2677 4615 2816 4663 nec
2845 4589 3296 4688 singularis,
3338 4617 3475 4667 nee
3509 4592 3890 4687 diversuS,
3936 4616 4080 4668 nec
4112 4594 4280 4668 uni·

1062 4752 1201 4800 rus
1247 4727 1364 4799 vel
1401 4725 1801 4799 solitarius
1832 4724 2318 4799 confitendus
2350 4735 2461 4799 est
2509 4725 2715 4801 Deus
2759 4750 2774 4801 ε
2823 4727 3011 4823 quia
3040 4727 3542 4822 singularitas
3580 4729 3702 4803 vel
3735 4730 4069 4804 solitudo
4112 4753 4253 4829 per

1058 4885 1434 4936 sonarum
1470 4860 1991 4960 pluralitatem
2026 4860 2387 4953 excludit,
2422 4872 2494 4937 et
2528 4860 2936 4937 diversitas
2980 4864 3355 4937 unitatem
3417 4865 3773 4941 essentia}
3844 4865 4062 4939 tollit.
4136 4867 4276 4940 ni-

1056 4997 1385 5072 versitas
1417 4995 1715 5069 inducit
1755 4997 2318 5095 separationem
2354 4996 2807 5091 divinitatis,
2843 4998 3354 5097 singularitas
3393 4987 3658 5075 adimit
3690 5000 4262 5077 distinctionem

1125 5340 1140 5373 ¹
1177 5336 1329 5392 Edit.
1360 5338 1529 5392 Joan.
1571 5334 1898 5399 ,tlteanmm
1931 5340 2216 5389 ostensum.

1123 5430 1143 5463 ²
1170 5430 1226 5481 θ’.
1253 5426 1642 5497 Augustinus,
1676 5423 1798 5480 Lib.
1833 5424 1928 5477 vu
1959 5423 2030 5479 de
2059 5426 2362 5494 Trinitate,
2395 5442 2524 5498 cap.
2556 5429 2609 5480 4.

1122 5517 1147 5550 ³
1176 5519 1342 5573 Joan.
1376 5533 1488 5581 xiv,
1522 5520 1576 5569 ss.

1078 5615 1084 5619 '
1124 5608 1146 5642 ⁴
1178 5608 1235 5662 S.
1268 5610 1874 5675 Acamans-‚quma
1907 5618 2081 5670 cxxn,
2110 5608 2211 5673 §5-

1124 5700 1146 5733 ⁸
1178 5696 1280 5751 vel
1313 5695 1554 5764 molius,
1589 5699 1908 5751 Amtnnslts
1941 5695 1999 5749 in
2031 5693 2182 5751 libro
2225 5695 2298 5750 de
2333 5697 2469 5753 Fide
2498 5697 2572 5752 ad
2600 5699 2840 5764 Petrum,
2867 5714 2999 5771 cap.
3032 5704 3086 5755 2.
