4897 6388
707 671 916 717 Salutio.
1000 680 1003 683 ’

560 736 565 781 ;
668 780 672 784 ¹
735 725 818 771 Ad
851 728 888 769 Ι.

1814 252 1988 359 1151
2037 246 2460 318 SENTENT.
2509 224 2739 313 msT.
2775 240 2847 320 ·1,
2901 236 3230 356 B’ffss'f‘
3294 237 3395 300 12.
4130 197 4215 293 29

1004 429 1161 496 dem
1206 437 1306 496 est
1347 425 1517 492 ratio
1563 444 1577 487 ε
1615 441 1776 509 ergo
1818 418 1950 486 hoc
1998 402 2126 484 'ibit
2181 416 2251 483 in
2318 412 2552 481 infini-

1008 541 1181 600 tum.
1225 538 1230 543 ⁴
1473 524 1480 529 ’

1097 639 1410 706 Somno.
1445 632 1828 703 Dicendum
1869 633 1955 701 ad
1998 632 2318 723 primum,
2371 624 2555 716 quod

1003 746 1134 813 frui
1200 753 1301 810 est
1358 750 1549 810 actus
1616 741 1897 810 affectus
1943 738 2288 828 sequentis
2328 741 2553 800 actum

1001 850 1389 919 intellectus
1454 851 1835 919 secundum
1903 845 2085 938 quod
2132 836 2548 930 hujusmodi,

1003 963 1069 1024 et
1109 968 1251 1023 non
1276 965 1467 1023 actus
1497 954 1777 1023 affectus
1804 949 2223 1039 simpliciter.
2269 944 2354 1011 Et
2382 962 2554 1010 voco

1002 1065 1244 1133 aflectu
1257 1088 1321 1131 m
1352 1064 1806 1142 voluntatem,
1841 1067 1910 1127 et
1937 1056 2080 1124 haec
2108 1063 2208 1123 est
2236 1054 2338 1122 vis
2377 1051 2559 1120 altis-

1002 1174 1179 1240 sima
1209 1174 1455 1239 animae
1490 1192 1506 1235 ε
1543 1168 1705 1259 quia
1744 1169 1813 1234 in
1846 1164 1961 1232 illa
1997 1172 2074 1233 ut
2111 1165 2180 1230 in
2209 1158 2561 1249 completi-

1000 1304 1092 1349 vo
1123 1278 1475 1371 perficitur
1532 1274 1862 1367 gaudium
1901 1273 2082 1362 ejus,
2107 1279 2173 1339 et
2220 1268 2561 1359 quietatur

1005 1397 1191 1456 totus
1231 1386 1541 1455 affectus,
1585 1381 1750 1450 Frui
1805 1383 2009 1450 etiam
2057 1400 2196 1446 non
2236 1374 2560 1462 accipitur

1004 1502 1082 1561 ut
1137 1500 1405 1561 tantum
1478 1492 1550 1559 in
1615 1487 2076 1581 speculatione
2141 1485 2489 1550 remaneat
2537 1498 2554 1544 ε

1007 1604 1169 1693 quia
1208 1601 1584 1693 speculatio
1618 1600 1701 1667 de
1739 1621 1813 1667 se
1844 1619 1985 1664 non
2012 1592 2204 1686 ponit
2232 1587 2562 1659 inhaeslb-

894 1784 897 1787 .
1006 1736 1194 1793 nem,
1229 1711 1350 1783 sed
1378 1719 1602 1804 potest
1639 1732 1786 1779 esse
1812 1730 1933 1799 per
1968 1705 2354 1774 distantiam
2394 1700 2491 1768 rei
2522 1720 2562 1765 a

666 2610 670 2615 ’
750 2625 837 2673 ΑΔ
864 2628 909 2672 2.

767 3481 918 3530 Ada-

1009 1821 1406 1912 speculante
1440 1842 1456 1887 :
1491 1817 1611 1887 sed
1639 1817 1896 1885 fructus
1924 1813 2114 1905 ponit
2141 1812 2468 1880 unionem
2497 1794 2565 1873 et

1011 1939 1298 2021 gustum
1330 1925 1709 1996 dulcedinis
1756 1921 2217 1993 substantialis
2255 1917 2564 1986 intimius

1016 2037 1090 2103 in
1126 2036 1227 2106 rei
1286 2033 1766 2126 complexione
1805 2040 1873 2100 et
1923 2038 2164 2114 natura
2206 2025 2503 2094 fundatae
2542 2042 2559 2103 ς

1014 2152 1083 2213 et
1110 2143 1264 2212 ideo
1297 2143 1454 2212 licet
1482 2141 1865 2223 intellectus
1894 2140 1982 2208 sit
2016 2138 2088 2206 in
2119 2134 2335 2203 altiori
2376 2140 2566 2224 parte

1016 2255 1290 2335 animae,
1371 2276 1513 2321 non
1578 2260 1811 2319 tamen
1867 2247 2054 2318 solus
2110 2255 2210 2315 est
2256 2243 2379 2323 ibi,
2450 2240 2571 2310 sed

1018 2365 1227 2431 etiam
1263 2360 1587 2430 voluntas
1615 2368 1682 2427 et
1719 2355 2040 2450 perfectio
2074 2350 2466 2421 inhaesionis
2497 2348 2569 2416 in

1018 2469 1246 2540 fructu
1275 2476 1377 2537 est
1411 2489 1625 2559 penes
1662 2471 1890 2535 actum
1929 2461 2323 2531 voluntatis.

1108 2577 1216 2644 An
1253 2598 1453 2644 Anno
1483 2572 1877 2654 dicendum,
1916 2569 2098 2664 quod
2134 2564 2570 2636 habitualiter

1018 2682 1133 2752 vel
1163 2680 1519 2751 actualiter
1554 2678 1933 2750 secundum
1965 2684 2276 2745 naturam
2312 2669 2575 2742 intelle·

1024 2798 1179 2860 ctus
1248 2788 1442 2880 prius
1507 2785 1806 2877 concipit
1870 2792 1937 2852 et
1998 2779 2500 2872 contemplatur
2552 2800 2569 2845 ε

1023 2908 1259 2968 tamen
1282 2918 1496 2991 penes
1524 2896 1881 2987 concipere
1913 2892 2079 2962 illud
2108 2914 2246 2960 non
2285 2898 2387 2960 est
2412 2911 2578 2981 per-

1024 3009 1230 3077 fectio
1289 3004 1691 3075 inhaesionis
1765 3010 1832 3072 et
1877 2999 2135 3094 gaudii,
2203 2996 2324 3068 sed
2368 3017 2578 3088 penes

1026 3124 1254 3185 actum
1293 3111 1670 3181 voluntatis
1713 3133 1729 3179 ε
1774 3119 1842 3180 et
1878 3108 2033 3180 ideo
2100 3130 2219 3200 per
2267 3105 2580 3174 habitum

1026 3221 1403 3291 voluntatis
1450 3220 1784 3289 diffinitur
1818 3219 1978 3302 frui,
2013 3217 2172 3309 quia
2206 3216 2415 3284 etiam
2469 3235 2579 3281 ac·

1034 3341 1145 3402 tus
1180 3330 1559 3400 voluntatis
1589 3326 1890 3419 complet
1929 3328 2177 3418 ipsum.

1121 3440 1230 3507 An
1274 3461 1478 3506 anion
1526 3434 1914 3513 dicendum,
1986 3432 2168 3526 quod
2231 3438 2420 3501 actus
2466 3453 2589 3522 po-

1032 3547 1407 3616 tentiarum
1455 3543 1759 3636 duplices
1797 3550 1957 3611 sunt
1998 3563 2014 3610 :
2060 3539 2339 3632 quidam
2398 3537 2584 3606 enim

1036 3664 1198 3723 sunt
1256 3655 1560 3745 ipsarum
1626 3649 2002 3719 secundum
2069 3649 2271 3739 ipsae,
2341 3645 2411 3713 id
2456 3652 2582 3724 est,

1035 3761 1414 3832 secundum
1457 3757 1641 3851 quod
1684 3757 2066 3828 referuntur
2111 3756 2196 3825 ad
2241 3778 2365 3824 sua
2401 3752 2591 3842 obie-

1037 3879 1144 3939 cta
1207 3866 1546 3947 absolute,
1619 3875 1687 3935 et
1752 3865 1849 3934 illi
1910 3864 2436 3934 denominantur
2500 3859 2586 3930 ab

1041 3978 1231 4071 ipsis,
1310 3977 1487 4047 sicut
1533 3974 1791 4054 videre,
1863 3973 2265 4065 intelligere,
2334 3969 2507 4039 velle
2567 3991 2584 4037 :

1041 4086 1323 4180 quidam
1383 4093 1612 4155 autem
1670 4092 1831 4152 sunt
1895 4085 1964 4151 in
2036 4084 2133 4150 eis
2215 4078 2590 4148 secundum

1045 4195 1235 4288 quod
1288 4218 1430 4264 una
1486 4192 1846 4263 ordinatur
1908 4190 1993 4260 ad
2047 4188 2275 4270 aliam,
2327 4195 2395 4257 et
2432 4195 2593 4255 tunc

1046 4301 1309 4395 aliquid
1348 4299 1794 4394 praecedentis
1842 4306 2144 4368 remanet
2216 4298 2287 4365 in
2332 4296 2594 4365 ratione

1043 4421 1236 4481 actus
1268 4409 1624 4502 sequentis
1651 4407 1977 4501 potentiae
2020 4428 2038 4475 ε
2073 4415 2136 4474 et
2184 4404 2351 4474 tales
2405 4412 2595 4474 actus

1043 4520 1349 4611 quinque
1381 4524 1543 4585 sunt
1575 4516 1643 4583 in
1687 4512 1927 4584 ordine
1984 4513 2480 4605 cognitivaruin
2511 4509 2596 4578 ad

1043 4627 1341 4695 invicem
1380 4632 1677 4702 tantum,
1710 4622 1889 4693 sicut
1915 4629 2018 4690 est
2061 4623 2254 4700 scire,
2297 4618 2593 4700 credere,

1046 4735 1344 4828 opinari,
1388 4742 1455 4803 et
1492 4729 1918 4823 hujusmodi.
1983 4729 2170 4800 Scire
2226 4732 2408 4797 enim
2458 4748 2597 4795 non

1047 4844 1451 4914 nominatur
1508 4839 1790 4908 nomine
1848 4837 2136 4927 alicujus
2197 4835 2516 4929 potentiae
2576 4858 2593 4901 ε

1047 4973 1190 5019 non
1220 4951 1404 5018 enim
1436 4948 1683 5017 dicitur
1720 4944 2124 5030 intellectuS,
2156 4966 2280 5012 nec
2319 4941 2599 5012 rationis

1049 5056 1479 5150 simpliciter,
1548 5053 1673 5124 sed
1766 5053 2047 5122 rationis
2106 5051 2413 5120 formatae
2514 5072 2599 5118 ex

1048 5166 1406 5259 principiis
1438 5185 1734 5256 quorum
1767 5170 1871 5232 est
1915 5159 2293 5230 intellectus
2334 5184 2349 5228 ε
2404 5157 2602 5249 quin·

1053 5296 1187 5365 que
1227 5281 1457 5341 autem
1486 5278 1647 5340 sunt
1687 5270 1757 5336 in
1786 5267 2024 5337 ordine
2067 5269 2477 5338 motivarum
2516 5262 2602 5332 ad

1053 5380 1463 5471 cognitivaS,
1522 5377 1698 5446 sicut
1772 5381 1874 5442 est
1928 5372 2201 5465 eligere,
2263 5375 2386 5453 uti,
2442 5371 2599 5458 frui,

1058 5493 1125 5553 et
1153 5481 1552 5570 hujusmodi
1587 5501 1605 5551 :
1641 5486 1708 5549 et
1739 5477 1835 5547 illi
1865 5500 2006 5546 non
2033 5487 2317 5570 possunt
2352 5476 2436 5546 ab
2468 5500 2605 5546 una

1055 5594 1128 5660 vi
1167 5590 1595 5661 denominari
1644 5610 1661 5659 ε
1694 5587 1855 5680 quia
1884 5608 2008 5655 nec
2049 5595 2204 5655 sunt
2240 5587 2443 5656 unius
2493 5586 2606 5655 ab·

2658 410 2904 493 solute,
2949 402 3067 474 sed
3105 401 3476 472 secundum
3518 396 3698 487 quod
3750 398 3893 484 ipsa
3933 404 4033 464 est
4095 418 4213 463 or-

2660 518 2888 585 dinata
2927 514 3010 581 ad
3049 513 3243 580 alias.

2710 704 2713 706 v
2747 625 2853 690 Ao
2883 647 2948 689 m
2978 621 3163 712 quod
3193 626 3426 687 contra
3465 614 3800 704 objicitur,
3844 609 4207 677 dicendum
4331 608 4411 669 Ad
4441 610 4481 653 ⁴·

2663 730 2849 821 quod
2877 728 3179 819 potentia
3219 749 3356 793 non
3389 721 3819 811 componitur
3859 738 4013 785 cum
4080 738 4212 805 po-

2662 838 2874 905 tentia
2896 836 2981 903 ad
3010 832 3494 925 perficiendum
3515 830 3783 897 tertiam
3807 824 4209 915 potentiam,

2665 945 2784 1014 sed
2822 943 3176 1012 ordinatur
3234 939 3406 1007 hene
3455 936 3540 1003 ad
3613 938 3833 1025 ipsam
3892 930 3977 999 ad
4016 928 4217 1019 perfi-

2663 1053 2977 1122 ciendum
3042 1048 3316 1118 alterius
3402 1042 3679 1111 rationis
3724 1049 3972 1117 actum,
4009 1059 4215 1127 quam

2664 1164 2754 1231 sit
2800 1160 2914 1228 ille
2943 1160 3061 1250 qui
3092 1166 3193 1226 est
3222 1178 3384 1224 suus
3432 1149 3765 1220 absolute.

2758 1270 2858 1337 An
2913 1291 3111 1335 Anno
3164 1263 3551 1342 dicendum,
3612 1256 3795 1350 quod
3845 1258 3912 1323 in
3960 1254 4218 1323 diffini-
4339 1276 4411 1320 Aa
4438 1275 4481 1322 ⁵.

2669 1379 2854 1447 tione
2892 1375 3169 1444 alterius
3200 1375 3292 1441 rei
3326 1394 3464 1439 non
3519 1374 3788 1458 oportet
3824 1385 4078 1455 ponere
4139 1384 4218 1430 ea

2670 1510 2819 1579 quae
2884 1493 3045 1554 sunt
3098 1505 3219 1574 per
3307 1480 3590 1549 modum
3686 1473 4216 1565 dispositionum

2668 1592 3199 1687 praecedentium
3245 1612 3259 1657 :
3294 1587 3414 1657 sed
3443 1585 3688 1653 sufficit
3710 1581 3894 1674 quod
3925 1586 4220 1672 ponatur

2669 1703 2887 1772 forma
2927 1697 3360 1788 completiva,
3396 1701 3462 1762 et
3514 1693 3610 1760 sic
3675 1692 3748 1758 in
3809 1687 4217 1757 diffinitione

2668 1809 2821 1901 frui
2847 1807 3126 1898 ponitur
3163 1826 3378 1879 amor,
3422 1823 3504 1870 eo
3536 1797 3719 1889 quod
3757 1795 3828 1864 in
3876 1793 3995 1861 illo
4036 1814 4223 1860 com-

2671 1916 2896 2007 pletur
2933 1920 3003 1982 et
3024 1910 3392 2003 perficitur.

2762 2139 2869 2207 Ao
2896 2161 2963 2208 m
2991 2158 3161 2215 Quot)
3192 2153 3502 2203 amamus
3530 2148 3899 2207 Qusamrun,
3942 2120 4222 2213 quidam
4284 2107 4536 2208 {3233ss

2678 2249 2910 2318 dicunt
2964 2244 3149 2337 quod
3205 2264 3398 2311 amor
3483 2242 3551 2307 in
3618 2233 4020 2306 diffinitione
4075 2230 4224 2320 ejus
4334 2215 4431 2261 ¹⁸³¹
4454 2216 4492 2260 ¹·

2680 2353 2863 2447 quod
2903 2361 3003 2422 est
3034 2352 3191 2431 frui,
3234 2372 3371 2418 non
3403 2347 3679 2438 ponitur
3704 2340 4047 2411 intellectu
4077 2358 4229 2430 spe-

2681 2462 2834 2531 ciali
2900 2459 3272 2542 charitatis,
3338 2454 3455 2524 sed
3514 2453 3739 2545 potius
3795 2446 4224 2542 generaliter,

2682 2571 3057 2641 secundum
3083 2566 3266 2661 quod
3295 2574 3394 2634 cst
3444 2564 3661 2632 forma
3715 2558 4027 2650 quaedam
4073 2578 4233 2625 om-

2682 2681 2790 2748 nis
2831 2677 3129 2762 virtutiS,
3201 2672 3573 2742 secundum
3642 2665 3824 2759 quod
3872 2664 4034 2734 dicit
4077 2664 4228 2730 Au·

2683 2789 2998 2882 gustinus
3030 2787 3100 2855 in
3141 2782 3316 2852 libro
3373 2781 3455 2849 de
3513 2774 3816 2848 moribus
3880 2772 4227 2850 Ecclesiae,

2685 2895 2868 2990 quod
2901 2919 2936 2960 ι
2972 2894 3186 2963 virtus
3219 2887 3387 2958 nihil
3436 2885 3622 2956 aliud
3661 2892 3764 2953 est
3793 2904 3998 2974 quam
4067 2879 4235 2949 ordo

2691 3029 2724 3065 κ
2764 3000 3020 3070 amoris
3061 3022 3138 3068 z»
3169 3005 3234 3066 et
3270 2995 3421 3064 ideo
3451 2991 3743 3080 objectio
3773 3011 3911 3057 non
3942 2994 4125 3056 tenet
4155 2984 4237 3053 de

2686 3133 2770 3181 eo
2834 3108 3018 3203 quod
3084 3104 3381 3175 succedit
3451 3099 3630 3177 fidei,
3692 3107 3758 3167 et
3815 3097 4012 3188 spei:
4077 3094 4241 3186 quia

2690 3222 2856 3294 illud
2887 3243 3026 3290 non
3064 3218 3162 3288 sic
3189 3226 3291 3286 est
3328 3211 3615 3284 formale
3649 3211 3717 3278 in
3746 3208 3935 3278 omni
3959 3206 4235 3275 virtute.

2692 3332 2778 3401 Et
2805 3327 3181 3400 secundum
3213 3324 3365 3394 illos
3416 3326 3687 3413 oportet
3740 3317 3989 3395 dicere,
4058 3310 4244 3405 quod

2693 3441 2949 3510 fructus
2976 3443 3081 3506 est
3115 3432 3461 3506 confectus
3498 3452 3582 3497 ex
3611 3424 3930 3494 omnibus
3968 3420 4248 3491 virtuti-

2694 3548 2846 3619 bus,
2919 3543 3056 3613 Sed
3123 3541 3366 3611 melius
3446 3536 3717 3604 videtur
3782 3531 4004 3610 nohis,
4062 3529 4247 3621 quod

2695 3677 2889 3728 amor
2915 3651 3237 3744 supponit
3270 3667 3576 3716 amorem
3645 3639 3992 3711 charitatis
4025 3658 4042 3707 :
4087 3637 4248 3729 quia

2697 3762 2811 3831 ille
2838 3760 3027 3829 solus
3066 3780 3263 3827 amor
3319 3751 3684 3846 perfectam
3736 3753 3972 3816 causat
4027 3742 4253 3812 inhae-

2698 3872 2962 3939 sionem
2999 3890 3014 3936 ε
3060 3866 3219 3958 quia
3248 3864 3430 3932 enim
3463 3858 3575 3928 ille
3628 3855 4083 3947 completivus
4149 3860 4252 3920 est

2700 3976 3070 4054 fruitionis,
3128 3971 3279 4041 ideo
3357 3968 3636 4060 ponitur
3707 3965 3774 4031 in
3842 3958 4250 4029 diffinitione

2701 4086 2849 4177 ejus
2879 4104 2897 4152 ε
2932 4080 3085 4151 aliae
3114 4086 3343 4146 autem
3374 4077 3659 4143 virtutes
3689 4070 3842 4138 licet
3887 4068 4256 4158 disponant

2702 4198 3004 4283 exparte
3043 4185 3354 4275 subjecti,
3415 4204 3553 4250 non
3602 4188 3830 4246 tamen
3879 4173 4248 4265 complent.

2702 4298 2788 4368 Et
2816 4295 2949 4365 hoc
2974 4295 3072 4363 sic
3102 4299 3335 4384 patet:
3389 4287 3580 4355 Visio
3620 4284 3801 4353 enim
3854 4281 4016 4349 dicit
4083 4301 4256 4347 con-

2699 4405 3087 4475 versionem
3144 4422 3353 4491 super
3416 4393 3848 4487 praesentiam
3922 4396 4249 4457 tantum:

2703 4512 3223 4607 comprehensio
3255 4517 3485 4578 autem
3532 4528 3682 4597 quae
3728 4500 4026 4571 succedit
4079 4499 4253 4591 spei,

2706 4624 2867 4695 dicit
2928 4619 3413 4690 adhaerentiam
3456 4636 3473 4684 ε
3526 4613 3643 4682 sed
3691 4634 3886 4679 amor
3926 4633 4007 4677 eo
4072 4605 4259 4699 quod

2706 4739 2808 4802 est
2831 4731 3002 4799 vitta
3064 4727 3430 4817 stringens,
3499 4732 3565 4790 et
3638 4728 3910 4789 acutum
3970 4712 4252 4794 mobile,

2704 4844 3071 4928 penetrans
3117 4837 3446 4907 amatum,
3500 4834 3573 4893 ut
3628 4824 3787 4893 dicit
3854 4821 4251 4910 Dionysius,

2708 4944 2870 5013 dicit
2907 4939 3411 5010 inhaerentiam.

2794 5049 2902 5117 An
2926 5068 3125 5115 Αιιυυ
3163 5042 3548 5117 dicendum,
3601 5037 3785 5131 quod
3831 5057 3969 5104 non
4008 5033 4257 5102 sufficit
4377 5029 4449 5075 Ad
4472 5028 4518 5078 ²·

2710 5154 2895 5249 quod
2963 5156 3174 5224 virtus
3213 5152 3360 5220 Deo
3419 5147 3788 5236 conjungat
3832 5140 4138 5209 absolute
4168 5137 4254 5206 ad

2708 5263 2843 5334 hoc
2907 5261 3094 5354 quod
3166 5262 3312 5351 ipsa
3369 5264 3660 5347 ponatur
3718 5254 3784 5320 in
3849 5248 4254 5317 diffinitione

2711 5371 3074 5440 fruitionis.
3118 5366 3239 5436 Est
3286 5365 3469 5434 enirn
3521 5358 3770 5450 duplex
3831 5355 4254 5445 conjunctio,

2713 5478 2971 5548 scilicet
3024 5499 3145 5568 per
3208 5472 3554 5548 meritum,
3615 5475 3681 5535 et
3725 5487 3846 5556 per
3891 5461 4257 5555 quemdam

2720 5585 2912 5678 quasi
2986 5590 3397 5654 contactum.
3485 5576 3619 5645 Per
3673 5573 3987 5642 meritum
4072 5568 4256 5638 enim

4352 2322 4424 2366 Ad
4454 2323 4492 2368 l.
