4897 6388
350 798 431 846 Ad
458 799 501 847 2.

614 392 739 458 100

611 561 733 632 sed
762 563 1091 653 quasdam
1134 585 1149 631 ε
1202 572 1277 630 ut
1343 547 1541 630 nobis
1598 559 1927 639 ostendat,
1971 559 2152 651 quod

598 671 781 741 tales
811 681 877 741 et
905 670 1163 738 similes
1203 691 1501 760 quaerere
1531 667 1879 736 debemus

1634 389 1721 457 D.
1772 388 1968 457 ALB.
2018 387 2236 455 me.
2289 386 2491 455 om).
2545 385 2844 471 PRAED.

2266 559 2379 625 via
2406 547 2763 625 divisionis
2793 559 2862 625 in
2890 556 3367 647 Philosophia,
3424 566 3503 624 ut
3533 556 3820 638 dicatur,

2266 666 2445 733 Deus
2505 672 2607 733 est
2661 673 2777 733 aut
2842 687 3249 756 corporeum
3325 671 3443 731 aut
3499 665 3823 753 incorpo-

702 781 806 847 ΑΒ
853 801 1053 847 Auno
1094 775 1480 854 dicendum,
1535 775 1715 865 quod
1763 777 2029 866 negatio
2077 781 2154 841 ut
2267 795 2456 840 reum
2503 796 2519 840 z
2581 795 2722 839 non
2778 794 3184 863 corporeum
3228 795 3244 839 :
3291 794 3457 863 ergo
3498 773 3822 861 incorpo-

612 890 885 979 negatio
916 885 1088 953 nihil
1134 884 1502 953 certificat:
1548 884 1664 952 sed
1716 885 1984 973 negatio
2035 906 2153 973 op-

612 995 993 1087 positorum
1026 992 1710 1084 praedicamentorum
1739 992 1912 1059 circa
1934 990 2152 1078 subje-

612 1108 797 1168 ctum
828 1098 1130 1189 aliquod,
1162 1122 1284 1189 per
1311 1097 1442 1165 hoc·
1474 1099 1693 1186 ipsum
1724 1096 1905 1185 quod
1936 1118 2150 1164 remo-

608 1216 723 1275 vet
759 1209 1095 1298 opposita,
1129 1207 1288 1274 facit
1317 1205 1857 1295 appropinquare
1888 1206 1947 1272 ei
1968 1203 2147 1294 quod

605 1338 728 1407 per
764 1339 835 1385 se
874 1316 1195 1404 convenit
1222 1314 1548 1403 subjecto,
1592 1311 1897 1401 Ethujus
1928 1334 2144 1380 exem·

606 1424 797 1517 plum
837 1422 971 1492 tale
1001 1424 1198 1514 ponit
1219 1421 1496 1512 quidam
1532 1419 1988 1511 Philosophus
2021 1442 2036 1486 :
2072 1428 2146 1487 ut

606 1540 951 1624 quaeratur
988 1531 1275 1623 quidest
1305 1529 1540 1609 hom0‚
1576 1538 1642 1598 et
1669 1529 1930 1598 dicatur
1965 1528 2144 1620 quod

603 1650 741 1709 non
780 1649 879 1709 est
917 1639 1116 1732 lapiS,
1151 1648 1220 1708 et
1256 1661 1394 1706 non
1452 1646 1552 1706 est
1597 1661 1700 1706 res
1734 1630 2139 1722 inanimata,

600 1771 724 1841 per
787 1747 966 1817 hanc
1012 1748 1450 1839 negationem
1500 1768 1751 1837 magna
1797 1747 2141 1836 inquisitio

601 1864 939 1925 coarctata
968 1862 1094 1935 est,
1129 1856 1288 1946 quia
1314 1855 1456 1944 jam
1486 1854 1662 1921 inter
1689 1855 1983 1922 animata
2002 1862 2147 1922 tan-

602 1968 749 2030 tum
800 1961 1011 2030 homo
1055 1961 1382 2051 quaeritur
1419 1981 1434 2028 :
1469 1967 1535 2028 et
1583 1960 1640 2027 si
1691 1959 1972 2043 dicatur,
2003 1982 2144 2028 non

601 2078 703 2138 est
739 2067 1147 2160 vegetabile,
1176 2069 1322 2157 jam
1354 2091 1474 2157 per
1503 2090 1924 2158 consequens
1961 2091 2142 2159 quae-

598 2177 772 2246 ritur
807 2177 985 2244 inter
1021 2175 1369 2243 sensibilia
1406 2198 1421 2243 ε
1466 2184 1532 2243 et
1560 2176 1615 2243 si
1667 2175 1929 2243 dicatur
1968 2176 2147 2245 ulte-

599 2284 766 2362 rius,
824 2305 967 2351 non
1015 2290 1116 2351 est
1169 2282 1475 2368 brutum,
1536 2284 1783 2350 scietur
1824 2280 2144 2374 quoniam

600 2398 703 2460 est
733 2389 1063 2459 rationale
1093 2388 1347 2458 animal
1381 2412 1396 2457 :
1431 2397 1497 2458 et
1523 2387 1668 2458 haec
1706 2398 1807 2459 est
1834 2390 2143 2459 diffinitio

598 2496 901 2566 hominis
932 2519 1054 2588 per
1091 2495 1401 2566 accidens
1450 2498 1731 2565 inventa>
1770 2519 1890 2589 per
1935 2520 2145 2591 nega-

599 2605 823 2674 tiones
857 2605 1066 2674 l'actas
1097 2605 1273 2674 circa
1322 2602 1697 2674 hominem.
1749 2605 1832 2674 Et
1871 2604 2014 2676 liaec
2043 2618 2144 2676 est

2263 904 2478 950 reum.
2514 882 2600 950 Et
2628 883 2719 950 ita
2744 882 3054 949 ulterius.
3099 881 3391 972 Negatio
3426 881 3639 971 igitur
3667 902 3821 948 cer-

2261 989 2471 1058 tificat
2528 992 2597 1057 in
2664 998 2997 1080 quantum
3053 997 3364 1057 removet
3421 990 3816 1079 oppositum

2261 1097 2341 1165 de
2371 1099 2723 1189 proposito
2754 1098 3058 1186 subjecto
3092 1122 3108 1165 z
3146 1098 3305 1189 quia
3363 1119 3485 1188 per
3541 1096 3674 1164 hoc
3705 1099 3817 1162 in-

2256 1206 2467 1273 fertur
2495 1205 2662 1273 illud
2692 1206 2875 1297 quod
2895 1205 3272 1274 secundum
3294 1213 3615 1274 naturam
3648 1226 3812 1272 con-

2256 1314 2464 1381 venit.

2340 1424 2850 1492 Affirmationes
2897 1435 3121 1492 autem
3175 1424 3496 1492 dicuntur
3544 1425 3806 1492 incom-
3836 1456 4158 1513 Adohjecm.

2246 1536 2490 1619 pactae,
2563 1530 2721 1619 quia
2759 1551 2900 1596 non
2934 1527 3227 1618 perfecte
3258 1527 3494 1596 dicunt
3525 1527 3686 1618 quid
3709 1533 3809 1595 est

2255 1635 2434 1704 Deus
2467 1657 2484 1705 ι
2532 1644 2598 1704 et
2625 1636 2829 1726 hujus
2868 1659 3072 1705 causa
3100 1659 3307 1727 supra
3346 1635 3525 1706 dicta
3555 1645 3680 1706 est.

2339 1853 2443 1920 An
2501 1875 2699 1921 Amul)
2743 1851 3133 1939 dicendum,
3181 1852 3368 1944 quod
3435 1853 3806 1922 eminentia
3852 1874 3929 1922 Aa
3956 1881 4127 1933 quam.

2254 1982 2391 2028 non
2424 1968 2527 2028 est
2562 1960 2745 2028 idem
2792 1984 2948 2030 cum
2986 1983 3192 2030 causa
3226 1983 3242 2029 ε
3290 1960 3454 2052 quia
3497 1962 3803 2029 eminen-

2252 2069 2347 2135 tia
2374 2070 2647 2160 proprie
2687 2076 2791 2138 est
2846 2069 2916 2136 in
2974 2070 3282 2160 mysticis
3339 2089 3493 2160 quae
3539 2089 3807 2157 semper

2252 2181 2672 2249 conveniunt
2703 2181 2846 2249 Deo
2877 2180 3291 2249 eminentius
3311 2202 3523 2272 quam
3553 2200 3807 2247 nomen

2245 2289 2585 2377 'exprimat
2620 2310 2636 2357 :
2679 2288 2793 2356 via
2831 2297 3062 2357 autem
3104 2288 3388 2357 effectus
3427 2287 3499 2354 in
3529 2308 3804 2355 causam

2252 2404 2354 2463 est
2386 2394 2847 2464 indifferenter
2866 2397 2934 2463 in
2967 2395 3276 2487 quolibet
3296 2403 3606 2477 causato,
3634 2394 3809 2462 sicut

2252 2510 2434 2591 patet
2491 2507 2561 2571 in
2602 2502 2922 2572 omnibus
2981 2502 3093 2572 hic
3139 2502 3436 2571 inductis
3483 2526 3524 2569 a
3580 2500 3809 2591 Magi-

2249 2618 2412 2678 str0.
2531 2684 2534 2687 Α

1583 3088 1667 3161 Ε.
1708 3084 2037 3178 Quartus
2076 3085 2373 3179 modus,
2417 3082 2547 3161 vel
2579 3084 2806 3161 ralia.

695 3434 1251 3510 Intellexerunt
1276 3434 1505 3510 etiam
1547 3436 1890 3535 corporis
1920 3436 2254 3535 speciem
2292 3459 2461 3514 esse
2484 3434 2963 3530 sensibilem,
3006 3445 3083 3513 et
3108 3435 3431 3536 spiritus
3461 3437 3800 3538 speciem

592 3565 1212 3665 intelligibilem:
1263 3575 1337 3642 et
1402 3566 1955 3664 intelligibilem
2017 3567 2346 3666 speciem
2398 3567 2744 3645 sensibili
2797 3567 3337 3667 praetulerunt.
3384 3568 3803 3647 Sensibilia

592 3704 953 3800 dicimuS,
997 3726 1176 3804 qum
1239 3707 1406 3779 visu
1459 3714 1815 3803 tactuque
1878 3703 2220 3805 corporis
2282 3703 2548 3781 sentiri
2581 3712 2875 3802 queunt
2937 3727 2954 3780 :
3013 3702 3553 3802 intelligibilia,
3621 3730 3798 3806 quoe

589 3851 1008 3940 conspectu
1036 3839 1317 3915 mentis
1357 3849 1680 3938 possunt
1708 3838 2056 3936 intelligi.
2100 3840 2291 3914 Cum
2323 3863 2506 3938 ergo
2547 3839 2921 3917 incorum
2959 3850 3382 3940 conspectu
3418 3852 3799 3943 etcorpus

585 3985 662 4053 et
700 3974 1010 4052 animus
1050 3975 1298 4074 magis
1341 3975 1750 4074 minusque
1782 3975 2128 4075 speciosa
2179 3985 2437 4052 essent
2471 4000 2489 4051 ε
2527 3976 2591 4051 si
2644 3986 2901 4052 autem
2962 3977 3177 4051 omni
3227 3978 3491 4078 specie
3532 4003 3794 4059 carere

582 4122 927 4215 possent,
971 4111 1293 4189 omnino
1334 4113 1548 4187 nulla
1580 4121 1836 4189 essent
1879 4135 1896 4188 ε
1937 4112 2299 4188 viderunt
2342 4136 2512 4190 esse
2544 4113 2837 4213 aliquid
2878 4137 3035 4213 quo
3076 4113 3210 4189 illa
3268 4116 3626 4214 speciosa
3682 4119 3796 4194 fa-

580 4257 705 4325 cta
729 4258 938 4339 sunt,
975 4246 1107 4324 ubi
1130 4256 1246 4323 est
1272 4245 1518 4346 prima
1549 4257 1626 4324 et
1663 4247 2317 4324 incommutabilis
2356 4247 2681 4350 species,
2728 4249 3056 4348 ideoque
3097 4248 3734 4351 incomparabilis
3768 4281 3786 4332 ε

581 4395 657 4462 et
696 4384 885 4461 illud
929 4406 1102 4461 esse
1159 4406 1418 4460 rerum
1466 4383 1928 4484 principium
1984 4384 2403 4462 rectissime
2442 4385 2965 4481 crediderunt,
3024 4386 3232 4485 quod
3292 4388 3579 4465 sactum
3633 4416 3787 4468 non

580 4528 810 4613 esset,
866 4528 943 4596 et
999 4542 1093 4595 ex
1141 4541 1232 4595 eo
1293 4542 1450 4618 quo
1509 4527 1787 4594 cuncta
1835 4519 2026 4594 facta
2072 4530 2356 4596 essent.
2415 4521 2611 4596 Ecce
2653 4530 2763 4595 tot
2812 4521 3066 4596 modis
3126 4523 3380 4621 potuit
3427 4527 3788 4624 cognosci

577 4656 864 4732 veritas
894 4656 1064 4733 Dei.
1110 4657 1303 4733 Cum
1336 4681 1524 4755 ergo
1563 4655 1776 4733 Deus
1817 4681 1967 4732 una
1993 4657 2091 4732 sit
2156 4666 2231 4733 et
2277 4656 2606 4759 simplex
2644 4658 3007 4754 essentia,
3051 4681 3232 4759 quoe
3271 4684 3366 4736 ex
3430 4665 3648 4740 nulla
3673 4664 3793 4740 di-

578 4793 942 4869 versitate
974 4793 1309 4893 partium
1340 4795 1466 4870 vel
1526 4791 2033 4870 accidentium
2109 4793 2484 4889 consistit,
2578 4794 2982 4894 pluraliter
3043 4805 3299 4872 tamen
3354 4797 3540 4875 dicit
3590 4806 3795 4902 Apo-

577 4930 850 5024 stoluS,
881 4928 1328 5007 Invisibilia
1356 4930 1515 5006 Dei
1553 4941 1569 4975 ¹
1608 4954 1624 5005 ε
1690 4929 1870 5028 quia
1910 4928 2261 5029 pluribus
2306 4929 2553 5006 modis
2591 4931 3089 5027 cognoscitur
3133 4933 3426 5010 veritas
3469 4935 3610 5013 Dei
3658 4962 3797 5039 per

576 5089 670 5141 ea
742 5087 919 5164 qum
989 5066 1183 5142 facta
1249 5074 1456 5140 sunt.
1552 5067 1660 5140 Ex
1726 5065 2227 5165 perpetuitate
2310 5089 2647 5166 namque
2714 5077 3250 5144 creaturarum
3332 5070 3797 5173 intelligitur

576 5202 927 5279 conditor
956 5214 1298 5280 {eternus
1343 5227 1359 5278 :
1398 5227 1490 5279 ex
1533 5201 2056 5300 magnitudine
2096 5211 2655 5299 creaturarum,
2702 5204 3196 5304 omnipotens
3234 5231 3251 5283 :
3290 5231 3385 5285 ex
3415 5210 3689 5307 ordine
3719 5225 3790 5289 et

574 5314 1106 5441 dispositione,
1140 5339 1453 5440 sapiens
1497 5363 1513 5414 :
1561 5362 1653 5415 ex
1692 5337 2275 5436 gubernatione,
2310 5339 2591 5416 bonus.
2647 5340 2834 5418 llaec
2885 5352 3146 5419 autem
3199 5345 3465 5421 omnia
3497 5346 3596 5422 ad
3631 5348 3792 5423 uni·

577 5487 806 5554 tatem
840 5476 1151 5554 deitatis
1190 5477 1579 5577 pertinent
1612 5474 2210 5550 monstrandam.

648 5760 666 5796 ¹
703 5757 788 5814 Ad
821 5759 1068 5814 Roman.
1102 5772 1145 5823 ι,
1174 5758 1263 5811 20.
