4897 6388
665 335 793 403 532
1644 337 1727 405 Ι).
1778 337 1975 406 ALB.
2032 335 2246 404 MAG.
2303 335 2512 405 ORD.
2566 336 2868 404 PRAED.

1078 851 1135 922 Ι.
1173 849 1326 924 Hic
1344 849 1630 947 probat
1657 849 1866 948 quod
1898 874 2051 924 non
2085 850 2371 924 dicitur
2407 855 2495 923 ut
2528 848 2819 946 species
2849 847 2944 922 de
2975 847 3430 922 individuis.

762 1161 841 1236 Si
884 1187 1063 1239 vero
1105 1166 1374 1241 dicunt
1403 1165 1718 1241 nomine
1760 1189 2113 1263 persona}
2145 1189 2301 1239 non
2345 1152 2682 1263 speeiem
2725 1161 3179 1261 significari,
3217 1164 3350 1238 sed
3382 1157 3674 1257 aliquid
3716 1159 3878 1234 sin-

660 1298 927 1393 gulare
969 1308 1199 1397 atque
1240 1300 1755 1394 individuum,
1793 1309 1867 1374 et
1907 1300 2217 1376 nomine
2259 1297 2616 1374 essentiae
2641 1298 2980 1397 speeiem
3010 1297 3333 1395 intelligi
3365 1322 3380 1371 :
3424 1305 3506 1371 ut
3544 1318 3876 1394 persona

659 1452 812 1505 non
854 1432 1153 1508 dieatur
1192 1434 1391 1510 sieut
1429 1436 1687 1529 hom0‚
1723 1434 1856 1509 sed
1897 1434 2281 1531 quomodo
2314 1432 2595 1508 dieitur
2635 1429 2761 1506 hie
2825 1433 3060 1506 homo
3094 1456 3112 1508 :
3176 1432 3391 1506 vetut
3454 1430 3868 1521 Abraham,

654 1567 892 1659 Isaac,
935 1570 1202 1666 Jacob,
1249 1572 1369 1646 vel
1412 1571 1587 1668 quis
1626 1570 1826 1646 alius
1866 1570 1997 1669 qui
2038 1571 2267 1646 etiam
2301 1569 2539 1666 digito
2618 1591 2966 1668 praesens
3007 1567 3521 1645 demonstrari
3570 1565 3869 1665 possit:

663 1703 773 1779 sie
811 1727 1121 1804 quoque
1198 1707 1370 1783 illos
1438 1707 1704 1782 eadem
1768 1706 1960 1782 ratio
2015 1706 2461 1782 confutabit.
2519 1705 2734 1781 Sieut
2782 1705 2989 1780 enim
3055 1706 3420 1780 dicuutur
3457 1693 3917 1797 Abraham‚'

660 1837 898 1934 Isaac,
931 1841 1169 1916 Jaeob
1207 1840 1348 1916 tria
1385 1841 1834 1918 individua:
1883 1842 1985 1917 ita
2019 1854 2167 1918 tres
2212 1841 2592 1937 homineS‚
2647 1850 2724 1916 et
2782 1841 2928 1916 tria
2994 1840 3389 1917 animalia.
3471 1840 3628 1915 Cur
3690 1862 3871 1937 ergo

659 1972 883 2051 Pater
912 1987 988 2050 et
1025 1976 1263 2052 Filius
1289 1988 1366 2053 et
1403 1977 1738 2076 Spiritus
1768 1989 2107 2073 sanetuS,
2144 1977 2208 2054 si
2240 1977 2673 2054 seeundum
2715 2000 2967 2075 genus
3020 1985 3098 2051 et
3127 1976 3464 2075 speeiem
3531 1985 3608 2051 et
3670 1974 3868 2049 indi-

654 2105 970 2185 viduum
1016 2110 1162 2185 ista
1198 2111 1680 2207 disserimus,
1728 2137 1882 2188 non
1924 2113 2026 2188 ita
2056 2113 2422 2188 dicuntur
2459 2122 2615 2188 tres
2655 2110 3019 2188 essentiae
3060 2119 3143 2185 ut
3170 2121 3324 2186 tres
3357 2098 3773 2210 personae?

1675 2612 1768 2687 K.
1805 2611 1988 2688 Alio
2021 2612 2243 2688 modo
2274 2612 2562 2712 probat
2585 2611 2820 2687 idem.

742 2954 910 3030 Alio
950 2977 1260 3054 quoque
1296 2954 1519 3030 modo
1563 2955 1762 3031 idem
1793 2957 2061 3055 probat
2097 2955 2583 3054 Augustinus
2623 2964 2670 3043 ¹,
2718 2954 3015 3030 seilicet
3063 2954 3270 3055 quod
3337 2952 3672 3030 essentia
3736 2953 3857 3027 di-

644 3090 822 3165 vina
862 3115 1014 3166 non
1057 3101 1171 3167 est
1197 3114 1474 3190 genus,
1512 3115 1653 3168 nee
1693 3116 2044 3192 personae
2102 3091 2455 3191 speeies:
2518 3092 2641 3167 vel
2708 3090 3049 3167 essentia
3116 3114 3269 3165 non
3342 3099 3457 3165 est
3517 3089 3842 3188 speeieS,

641 3251 782 3304 nee
849 3251 1201 3328 persona>
1270 3228 1692 3304 individua.
1777 3228 1974 3323 Una,
2055 3229 2331 3327 inquit,
2394 3229 2732 3305 essentia
2798 3252 2956 3304 non
3020 3229 3251 3304 habet
3281 3227 3606 3328 speeieS,
3643 3226 3837 3301 sicut

638 3388 875 3440 unum
915 3364 1198 3439 animal
1241 3388 1395 3440 non
1431 3365 1661 3440 habet
1689 3365 2012 3464 speeies
2052 3365 2277 3441 Pater
2315 3389 2500 3463 ergo
2541 3374 2617 3441 et
2668 3363 2911 3439 Filius
2986 3373 3064 3439 et
3131 3362 3463 3463 Spiritus
3525 3372 3838 3438 sanctus

634 3525 786 3575 non
827 3510 1008 3575 sunt
1047 3510 1201 3578 tres
1238 3500 1536 3600 speeies
1568 3499 1803 3576 unius
1827 3500 2185 3576 essentia·
2222 3524 2239 3575 :
2286 3499 2554 3575 divina
2590 3523 2778 3598 ergo
2817 3498 3159 3576 essentia
3188 3522 3438 3595 genus
3478 3522 3631 3573 non
3693 3507 3834 3573 est.

632 3635 781 3713 Sed
823 3659 963 3711 nee
992 3635 1291 3735 speeies
1320 3647 1433 3711 est
1465 3635 1799 3712 essentia
1840 3635 2129 3731 divina,
2165 3647 2241 3712 et
2271 3660 2628 3736 persona>
2657 3634 3104 3710 individua:
3149 3633 3349 3709 sieut
3382 3635 3611 3708 homo
3660 3658 3839 3733 spe-

628 3770 783 3848 cies
821 3780 962 3866 est,
1000 3769 1395 3846 individua
1436 3782 1693 3847 autem
1727 3773 2140 3867 Abraham,
2181 3773 2421 3867 isaac,
2460 3782 2533 3847 et
2561 3772 2830 3848 Jacob.
2866 3771 2948 3847 Si
2992 3769 3203 3847 enim
3259 3768 3594 3847 essentia
3661 3793 3838 3869 spe-

626 3906 781 3983 cies
810 3916 950 3998 est,
997 3915 1076 3981 ut
1121 3908 1397 3981 homo:
1443 3906 1642 3981 sieut
1683 3932 1833 3982 non
1870 3906 2147 3982 dieitur
2188 3931 2392 3984 unus
2445 3910 2675 3983 homo
2738 3931 2909 3984 esse
2968 3906 3388 4001 Abraham,
3471 3907 3704 3992 Isaac,
3760 3915 3836 3981 et

621 4042 905 4117 Jacob:
941 4040 1040 4115 ita
1072 4066 1223 4115 non
1266 4041 1548 4117 dicitur
1581 4066 1734 4117 una
1774 4044 2105 4119 essentia
2146 4068 2315 4119 esse
2348 4052 2501 4118 tres
2558 4066 2940 4143 personae.
3006 4042 3178 4118 Non
3242 4042 3499 4140 itaque
3556 4065 3837 4117 seeun-

623 4177 806 4252 dum
838 4202 1087 4275 genus
1124 4188 1199 4253 et
1239 4178 1541 4276 speeies
1575 4178 1720 4254 ista
1750 4180 2101 4255 dicimus.

619 4656 703 4734 L.
737 4658 904 4733 Nec
939 4657 1361 4732 set-undum
1396 4658 1875 4734 materialem
1909 4685 2213 4735 causam
2256 4659 2627 4734 (licuntur
2663 4665 2819 4733 tres
2864 4680 3231 4756 per-some
3273 4683 3426 4731 mm
3482 4656 3831 4732 essentia.

715 4993 1154 5070 Notandum
1198 4997 1456 5092 etiam,
1492 4998 1698 5095 quod
1741 4997 2071 5074 essentia
2139 4998 2402 5073 diviua
2464 5021 2615 5072 non
2664 5007 2776 5073 est
2823 4997 3147 5072 materia
3190 4995 3421 5070 trium
3465 5018 3832 5092 persona-

614 5154 813 5224 rum,
867 5141 948 5206 ut
978 5132 1460 5229 Augustinus
1502 5133 1577 5207 in
1621 5134 1888 5210 eodem
1927 5134 2117 5208 libro
2165 5135 2381 5210 docet
2425 5133 2475 5228 2,
2520 5144 2913 5232 tamquam
2985 5131 3415 5207 seeundum
3483 5154 3836 5206 commu-

613 5292 792 5343 nem
834 5268 1339 5368 eamdemque
1373 5269 1770 5345 materiam
1806 5279 1960 5346 tres
2000 5294 2351 5369 personoe
2391 5269 2747 5344 dieantur
2772 5291 2943 5345 esse
2988 5291 3145 5342 una
3194 5266 3571 5343 essentia:
3635 5267 3832 5342 sieut

679 5610 695 5644 ¹
730 5609 789 5666 S.
819 5614 1190 5684 Aucusnxvs,
1219 5614 1339 5671 Lib.
1366 5612 1460 5668 vu
1494 5612 1566 5669 de
1587 5612 1892 5685 Trinitate,
1919 5629 2045 5685 cap.
2070 5614 2125 5668 6.

668 5699 691 5735 ³
723 5699 780 5756 S.
808 5704 1180 5773 Αυῦυετικοε,
1213 5703 1334 5761 Lib.
1362 5708 1420 5760 et
1445 5719 1574 5778 cap.
1608 5702 1856 5761 eisdem.
