4897 6388
2009 275 2106 342 IN
2153 274 2183 341 1
2234 270 2664 341 SENTENT.
2715 269 2955 339 DIST.-
3000 267 3196 369 XIX,
3249 269 3485 360 M,[N.
4068 291 4096 310 ‘
4216 271 4346 339 533

1122 478 1213 529 ex
1255 452 1528 527 eodem
1561 472 1751 523 auro
1783 447 1845 521 si
1879 444 2155 520 fierent
2194 455 2346 518 tres
2377 452 2683 535 statuae,
2730 441 3173 515 diceremus
3206 447 3362 515 tres
3403 449 3694 513 statuas
3728 464 3968 514 unum
4038 465 4341 516 aurum.

1120 588 1292 662 Non
1328 594 1587 660 autem
1619 583 1729 658 sic
1755 579 2228 672 Trinitatem,
2274 577 2348 650 id
2391 586 2531 670 est,
2578 586 2733 651 tres
2766 598 3143 674 personas
3184 573 3517 648 dicimus
3594 596 3824 648 unam
3900 575 4343 669 essentiam,

1123 734 1201 798 et
1227 722 1478 795 Deum
1511 741 1782 812 unum,
1816 725 2209 813 tamquam
2243 736 2336 788 ex
2371 715 2528 787 una
2568 710 2891 786 materia
2921 711 3069 785 tria
3121 710 3480 808 quaedam
3532 710 3979 785 subsistant.
4053 711 4136 785 In
4206 720 4352 785 sta-

1123 857 1275 931 tuis
1307 855 1511 931 enim
1548 834 2008 951 aequalibus,
2054 852 2231 949 plus
2269 850 2438 924 auri
2473 858 2591 924 est
2639 856 2793 922 tres
2867 847 3101 957 simul
3181 870 3416 945 quam
3476 847 3807 942 singulae
3850 871 3865 921 :
3939 856 4013 921 et
4091 848 4347 921 minus

1123 994 1292 1068 auri
1333 1001 1449 1068 est
1477 1014 1659 1082 una,
1700 1013 1930 1088 quam
1963 989 2166 1063 duae.
2200 988 2285 1062 In
2329 988 2463 1062 illa
2492 1009 2678 1060 vero
2710 984 3050 1060 essentia
3087 983 3481 1058 Trinitatis
3514 986 3726 1059 nullo
3771 985 3995 1058 modo
4051 995 4166 1060 est
4212 984 4341 1059 ita.

1120 1129 1294 1203 Non
1349 1151 1535 1225 ergo
1567 1125 1996 1202 secundum
2040 1122 2516 1199 materialem
2558 1144 2876 1196 causam
2908 1129 3064 1196 tres
3096 1143 3472 1220 personas
3514 1144 3746 1195 unam
3794 1120 4121 1196 dicimus
4180 1143 4348 1195 esse

1124 1263 1633 1340 substantiam
1674 1263 1796 1338 vel
1828 1261 2272 1354 essentiam,
2307 1260 2511 1334 sicut
2529 1268 2687 1334 tres
2718 1266 2996 1333 statuae
3027 1257 3397 1332 dicuntur
3428 1280 3669 1332 unum
3721 1279 4026 1331 aurum.

1222 1801 1330 1876 M.
1373 1799 1542 1875 Nec
1580 1798 1692 1873 ica
1719 1798 2084 1873 dicuntur
2111 1801 2262 1870 cres
2289 1815 2655 1893 personae
2691 1815 2853 1867 una
2891 1789 3250 1884 essentia,
3292 1796 3379 1865 ut
3414 1798 3565 1866 tres
3601 1790 3950 1865 homines
4007 1813 4164 1864 una
4200 1813 4346 1865 na-

2230 1939 2431 2023 tura,
2466 1928 2596 2005 vel
2619 1928 2856 2004 unius
2881 1933 3218 2004 παίωνα.

1213 2269 1686 2367 Ilisquoque
1727 2267 2162 2345 addendum
2197 2278 2338 2365 est,
2374 2270 2584 2368 quod
2618 2281 2773 2346 tres
2802 2293 3180 2371 personas
3213 2294 3367 2347 non
3414 2270 3517 2346 ita
3538 2271 3866 2347 dicimus
3905 2294 4072 2348 esse
4108 2293 4340 2346 unam

1114 2405 1561 2502 essentiam,
1609 2416 1691 2481 ut
1720 2407 2201 2506 Augustinus
2233 2407 2309 2481 in
2352 2407 2626 2483 eodem
2659 2407 2768 2484 ait
2806 2414 2856 2503 ¹,
2903 2409 3024 2494 viel
3058 2407 3297 2484 unius
3335 2409 3693 2485 essentiae
3727 2433 3744 2484 :
3781 2409 3981 2484 sieut
4017 2407 4345 2483 dicimus

1124 2545 1428 2642 aliquos
1461 2554 1616 2619 tres
1649 2542 2002 2620 homines
2040 2544 2386 2642 ejusdem
2433 2568 2695 2638 sexuS,
2729 2554 2807 2620 et
2870 2545 3222 2643 ejusdem
3293 2545 3871 2645 temperationis
3958 2544 4340 2645 corporiS,

1118 2681 1624 2780 ejusdemque
1658 2680 1926 2776 animi,
1964 2705 2199 2757 unam
2223 2704 2392 2757 esse
2421 2690 2786 2757 naturam
2813 2682 2937 2758 vel
2973 2681 3212 2758 unius
3242 2693 3568 2759 naturoe.
3613 2683 3809 2759 Nam
3845 2683 3921 2757 in
3967 2681 4087 2759 his
4114 2683 4345 2758 rebus

1118 2842 1273 2893 non
1310 2827 1609 2891 tantum
1650 2827 1767 2893 est
1807 2839 2010 2892 unus
2050 2817 2309 2909 homo,
2346 2826 2728 2916 quantum
2770 2826 2929 2893 tres
2969 2817 3333 2894 homines
3372 2817 3647 2894 simul:
3693 2829 3770 2895 et
3829 2819 4004 2918 plus
4056 2816 4346 2915 aliquid

1119 2963 1303 3029 sunt
1344 2952 1700 3028 homines
1741 2954 1922 3048 duo,
1965 2974 2200 3051 quam
2236 2954 2734 3049 unushomo,
2780 2951 2983 3029 sicut
3014 2954 3090 3028 in
3133 2954 3413 3031 statuis
3468 2977 3637 3031 esse
3703 2954 4079 3030 diximus:
4126 2963 4202 3029 at
4269 2953 4345 3027 in

1121 3089 1280 3164 Deo
1319 3112 1475 3162 non
1517 3096 1635 3163 est
1666 3086 1793 3162 ita.
1838 3086 2010 3163 Non
2050 3088 2256 3164 enim
2294 3088 2538 3187 major
2576 3089 2916 3165 essentia
2946 3099 3063 3166 est
3103 3088 3334 3166 Pater
3372 3098 3447 3167 et
3512 3090 3751 3165 Filius
3807 3089 4067 3185 simul,
4109 3111 4341 3188 quam

1122 3229 1336 3303 solus
1367 3227 1596 3303 Pater
1622 3228 1745 3302 vel
1787 3227 2002 3302 solus
2031 3225 2315 3302 Filius:
2362 3225 2498 3302 sed
2543 3235 2707 3302 tres*
2725 3225 2961 3301 simul
2999 3224 3156 3303 111ae
3196 3251 3554 3327 personae
3593 3227 3939 3327 oequnles
3972 3237 4154 3302 sunt
4182 3225 4352 3301 sin-

1121 3363 1351 3461 gulis,
1402 3365 1507 3438 Ex
1550 3360 1972 3463 praemissis
2003 3372 2234 3462 patet,
2271 3352 2478 3461 quod
2543 3373 2698 3439 tres
2773 3385 3143 3463 personoe
3220 3361 3587 3439 dicuntur
3641 3362 3905 3438 divina
3966 3361 4348 3440 essentia:

1127 3525 1267 3576 nec
1308 3499 1739 3576 secundum
1775 3498 2249 3576 materialem
2282 3522 2630 3593 causam,
2680 3507 2762 3574 ut
2802 3509 2958 3575 tres
3016 3509 3297 3576 statua}
3355 3524 3592 3576 unum
3663 3523 3935 3575 aurum
3975 3522 3992 3574 ε
4040 3521 4178 3574 nec
4236 3520 4357 3573 se-

1135 3638 1478 3714 cundum
1509 3636 2065 3737 complexionis
2104 3635 2724 3724 similitudinem,
2773 3646 2857 3711 ut
2896 3647 3051 3712 tres
3092 3636 3454 3713 homines
3513 3637 3748 3713 unius
3806 3646 4141 3711 naturae:
4214 3657 4358 3709 nec

1133 3785 1215 3850 ut
1254 3798 1506 3871 genus
1539 3773 2002 3873 praedicatur
2031 3773 2125 3850 de
2166 3774 2605 3874 speciebuS,
2649 3773 2770 3848 vel
2848 3781 2928 3848 ut
2993 3773 3299 3873 species
3372 3774 3466 3851 de
3544 3773 3990 3867 individuis,
4063 3771 4132 3846 id
4209 3782 4354 3864 est,

1132 3908 1547 3985 continens
1586 3908 1681 3984 de
1720 3907 2127 3998 contentis,
2167 3908 2415 4007 majus
2455 3909 2551 3984 ‹le
2593 3907 3057 3984 minoribus.

1917 4442 2013 4518 N.
2055 4440 2244 4533 Qum
2285 4442 2650 4518 videnlur
2686 4443 3093 4519 adversari
3117 4442 3550 4542 praedictis,

1242 4772 1380 4848 llis
1411 4787 1670 4851 autem
1706 4776 2065 4852 videntur
2101 4779 2525 4876 adversari,
2571 4805 2752 4879 quw¹
2785 4782 3102 4883 quidam
3137 4805 3384 4857 sacrae
3415 4781 3835 4881 Scriptura*
3891 4782 4366 4857 Tractatores

1153 4910 1507 4984 catholici
1545 4911 1620 4985 in
1656 4912 1819 4986 suis
1856 4912 2162 5013 seriptis
2204 4915 2713 4993 tradiderunt.
2770 4918 2855 4992 ln
2927 4917 3217 5016 quihus
3280 4916 3698 5015 significari
3769 4918 4097 5014 videtur,
4158 4919 4365 5018 quod

1141 5047 1480 5122 essentia
1519 5048 1785 5123 divina
1815 5048 1910 5125 sit
1962 5050 2348 5148 quoddam
2384 5075 2801 5129 commune
2861 5063 2937 5129 et
3008 5053 3479 5147 universale,
3539 5056 3749 5129 velut
3816 5054 4154 5153 species:
4215 5064 4370 5129 tres

1144 5206 1329 5255 vero
1393 5206 1745 5281 personae
1823 5184 1977 5258 sint
2043 5184 2189 5260 tria
2269 5187 2797 5285 particularia,
2872 5188 3019 5263 tria
3086 5187 3491 5263 individua
3552 5213 3873 5264 numero
3907 5188 4366 5266 differentia.

1148 5315 1366 5392 Unde
1405 5318 1752 5393 .loannes
1805 5319 2336 5396 Damascenus
2369 5323 2572 5398 inter
2628 5323 3004 5399 Doctores
3065 5324 3515 5399 Graecorum
3587 5324 3988 5411 maximuS,
4042 5328 4114 5401 in
4175 5325 4371 5400 libro

1218 5624 1236 5657 ¹
1279 5621 1335 5675 S.
1368 5621 1745 5688 Anasi-ists,
1781 5620 1903 5679 Lib.
1951 5622 2133 5681 Vnde
2152 5623 2468 5700 Trinitate,
2500 5639 2630 5695 cap.
2663 5625 2719 5680 6.
