4897 6388
822 1646 1022 1693 solutio.

1917 179 2010 246 ῘΝ
2058 178 2089 245 Ι
2139 172 2570 244 SENTENT.
2622 170 2852 249 DIST.
2902 171 2993 251 Il,
3045 172 3118 248 F,
3171 175 3371 240 ART.
3426 159 3578 241 20.'
3651 221 3665 230 ,

1109 348 1242 419 hoc
1272 351 1345 418 sit
1376 352 1562 443 quod
1592 353 1661 418 in
1684 313 2144 418 aliis-entibus
2184 348 2265 416 ad
2295 365 2662 414 numerum

1106 457 1555 549 hypostasum
1618 460 1925 546 sequitur
1993 480 2315 524 numerus
2373 461 2675 531 naturae,

1107 576 1172 633 et
1204 590 1341 634 non
1372 567 1682 655 sequitur
1713 565 1841 633 hoc
1873 567 1940 633 in
1964 565 2258 632 divinis?
2300 564 2456 629 Non
2479 563 2662 629 enim

1104 669 1416 763 sequitur
1462 673 1664 739 Pater
1702 681 1798 740 est
1838 697 2017 741 unus
2076 673 2276 748 l)euS,
2330 679 2396 737 et
2452 668 2663 735 Filius

1109 791 1211 848 est
1261 802 1440 848 unus
1486 781 1697 860 DeuS,
1750 791 1814 849 et
1873 781 2167 871 Spiritus
2242 785 2516 844 sanctus
2563 782 2665 842 est

1108 910 1287 954 unus
1324 888 1551 956 Deus:
1606 912 1769 980 ergo
1800 896 1956 957 sunt
1982 896 2116 955 tres
2150 886 2263 954 dii.
2300 885 2450 952 lloc
2478 884 2659 950 enim

1107 995 1379 1063 videtur
1439 1019 1585 1065 esse
1642 1006 1878 1065 contra
1940 1015 2376 1064 communem
2448 990 2660 1085 animi

1106 1105 1623 1195 conceptionem
1666 1127 1816 1195 quae
1866 1102 2232 1171 intellectui
2282 1124 2404 1192 per
2442 1122 2515 1167 se
2563 1108 2667 1167 est

1107 1222 1295 1291 nota,
1337 1212 1617 1294 seilicet,
1653 1213 1837 1302 quod
1875 1211 2172 1303 plurium
2210 1210 2660 1300 hypostasum

1106 1342 1396 1387 numero
1420 1341 1560 1386 non
1605 1328 1831 1409 potest
1877 1342 2023 1387 esse
2060 1341 2198 1385 una
2245 1326 2492 1384 natura
2528 1338 2663 1383 nu-

1107 1450 1323 1497 mero,

1200 1643 1506 1712 Somno.
1550 1643 1959 1727 Dicendum,
1994 1642 2177 1733 quod
2214 1641 2345 1709 hoc
2385 1642 2662 1708 contin-

1104 1756 1206 1844 git
1242 1763 1520 1844 propter
1558 1752 1982 1820 identitatem
2031 1760 2291 1819 naturae
2332 1759 2398 1816 et
2447 1748 2663 1839 hypo-

1102 1862 1302 1929 stasis
1351 1862 1421 1928 in
1466 1859 1740 1927 divinis.
1788 1859 2189 1951 Hypostasis
2250 1859 2462 1941 enim,
2515 1857 2660 1925 sive

1099 1969 1508 2051 substantia,
1567 1968 1712 2035 sive
1761 1967 1830 2035 id
1874 1966 2058 2058 quod
2114 1975 2240 2051 est,
2315 1967 2663 2032 invenitur

1101 2085 1394 2167 quatuor
1423 2075 1647 2142 modis
1678 2075 1747 2141 in
1776 2074 2069 2142 entibus.
2120 2072 2196 2140 In
2245 2071 2656 2163 quibusdam

1100 2184 1287 2251 enim
1345 2182 1571 2250 dissert
1647 2181 2037 2273 hypostasis
2093 2185 2132 2248 a
2190 2188 2460 2258 natura,
2511 2180 2656 2246 sive

1099 2292 1284 2382 quod
1322 2300 1424 2360 est
1461 2314 1502 2359 a
1532 2313 1668 2382 quo
1710 2288 1849 2360 est:
1887 2292 1980 2358 ita
2019 2298 2273 2372 tamen,
2311 2289 2498 2379 quod
2529 2311 2658 2357 na-

1096 2409 1248 2468 tura
1299 2401 1443 2467 sive
1501 2422 1638 2491 quo
1707 2407 1834 2482 est,
1898 2397 2470 2467 communicabile
2553 2410 2653 2465 est

1096 2506 1430 2598 pluribus,
1465 2516 1533 2575 et
1571 2515 1726 2575 actu
1765 2506 2312 2575 communicatur
2366 2527 2492 2595 per
2545 2504 2654 2572 di-

1091 2618 1430 2685 visionem
1472 2617 1622 2704 ejus
1650 2616 1835 2706 quod
1865 2622 1993 2696 est,
2053 2616 2196 2682 sive
2234 2613 2649 2704 hypostasiS,

1093 2748 1217 2815 per
1251 2732 1479 2791 actum
1514 2724 2015 2814 generationis:
2075 2723 2246 2789 sicut
2289 2720 2531 2788 accidit
2581 2721 2650 2787 in

1095 2833 1417 2901 omnibus
1474 2831 1984 2924 generabilibus
2048 2838 2115 2899 et
2186 2826 2651 2919 corruptibili-

1094 2943 1262 3009 bus:
1301 2953 1374 3009 ut
1415 2940 1653 3025 homo,
1705 2941 1962 3022 asinus,
2009 2948 2075 3007 et
2116 2947 2356 3007 caetera
2406 2936 2653 3024 hujus-

1093 3052 1304 3121 modi.
1354 3052 1427 3120 ln
1469 3050 1877 3142 quibusdam
1902 3058 2130 3118 autem
2164 3071 2301 3140 quo
2343 3056 2469 3126 est,
2504 3048 2648 3115 sive

1091 3169 1359 3244 natura,
1390 3157 1983 3229 communicabilis
2021 3164 2158 3226 est:
2204 3166 2265 3226 et
2298 3154 2523 3226 differt
2562 3155 2647 3224 ab

1094 3291 1177 3337 eo
1231 3268 1415 3359 quod
1494 3276 1624 3345 est,
1684 3267 1828 3335 sive
1902 3270 1941 3334 a
2025 3264 2406 3357 supposito,
2504 3265 2649 3332 sive

1092 3375 1639 3468 hypostasizsed
1698 3397 1831 3443 non
1909 3375 2480 3451 communicatur,
2568 3394 2649 3440 eo

1091 3483 1275 3575 quod
1315 3506 1508 3552 suam
1539 3483 1892 3551 materiam
1933 3491 2145 3549 totam
2179 3478 2425 3549 habeat
2472 3479 2648 3548 intra

1091 3616 1187 3667 se,
1226 3593 1291 3659 in
1327 3614 1463 3682 qua
1531 3591 1755 3681 ipsum
1816 3589 2136 3681 possibile
2185 3597 2278 3656 est
2339 3610 2515 3666 esse,
2582 3598 2647 3656 et

1092 3699 1263 3767 nihil
1301 3698 1385 3767 de
1427 3722 1505 3766 ea
1556 3704 1657 3765 est
1695 3705 1882 3765 extra
1932 3698 2180 3788 ipsum.
2241 3719 2465 3793 neque
2526 3719 2648 3787 per

1089 3807 1492 3897 potentiam,
1538 3829 1760 3897 neque
1842 3829 1964 3896 per
2008 3815 2233 3874 actum
2274 3829 2288 3873 :
2342 3806 2514 3874 sicut
2576 3807 2643 3873 in

1090 3915 1255 3992 sole,
1290 3923 1353 3983 et
1392 3914 1580 3996 luna,
1623 3924 1685 3983 et
1736 3915 1995 3983 caeteris
2051 3914 2300 3982 stellis:
2349 3914 2415 3981 in
2489 3914 2646 4005 qui-

4230 173 4313 241 79

2751 342 2905 409 bus
2932 344 3137 410 etiam
3179 343 3421 427 forma,
3474 346 3616 412 sive
3662 369 3797 435 quo
3846 357 3968 426 est,
4030 348 4186 418 licet
4232 352 4320 418 sit
4359 366 4376 395 ‘-

2775 452 3366 536 communicabile‚
3403 452 3846 519 etdilleratab
3878 457 4161 545 eoquod
4190 467 4313 537 est,

2775 559 2919 626 sive
2965 562 3344 649 supposit0‚
3411 562 3552 627 sive
3611 558 3981 650 hypostasi,
4035 571 4100 629 et
4173 566 4318 654 ipsa

2774 664 3162 755 hypostasis
3200 669 3288 733 sit
3318 678 3610 757 quanta:
3654 677 3878 735 tamen
3937 691 4317 760 numquam

2773 794 2893 861 per
2922 783 3149 842 actum
3182 775 3542 849 dividetur,
3578 798 3657 842 eo
3698 777 3881 866 quod
3913 785 4125 845 totam
4190 776 4305 845 ha-

2773 880 2930 948 beat
2968 885 3144 949 intra
3171 906 3242 951 se
3282 885 3634 951 materiam
3668 883 3848 951 illam
3877 886 3946 951 in
3986 909 4119 976 qua
4147 910 4316 977 pos-

2773 990 2968 1058 sibile
2998 1000 3100 1059 est
3127 1014 3271 1059 esse
3310 1015 3503 1058 suam
3535 991 3858 1060 formam:
3894 1001 3958 1060 et
3988 994 4137 1062 ideo
4168 1018 4317 1085 spe·

2775 1098 2908 1166 cies
2933 1100 3004 1166 in
3035 1099 3167 1167 illis
3195 1100 3496 1167 salvatur
3523 1100 3590 1165 in
3613 1122 3748 1166 uno
3786 1122 3801 1167 :
3838 1103 4162 1190 quoniam
4184 1102 4316 1172 hoc
4359 1180 4364 1184 ,

2775 1214 2874 1272 est
2902 1207 3311 1296 principium
3341 1207 3518 1298 apud
3552 1216 3860 1273 naturam
3899 1209 4311 1298 generalem,

2776 1316 2960 1403 quod
2989 1318 3295 1383 omnium
3319 1339 3555 1385 eorum
3588 1338 3879 1406 quorum
3900 1340 4036 1385 non
4057 1328 4158 1387 est
4177 1343 4314 1388 ma·

2773 1426 2942 1491 teria
2992 1433 3135 1493 tota
3182 1426 3361 1492 intra
3408 1425 3696 1493 formam
3757 1427 4174 1509 terminata„
4216 1438 4318 1498 est

2774 1540 2963 1600 actus
3003 1533 3461 1624 generationis
3491 1556 3611 1623 per
3639 1556 3840 1623 quem
3873 1534 4140 1603 diverso
4162 1559 4318 1628 sup-

2773 1644 2997 1730 posito
3038 1643 3258 1711 forma
3297 1643 3780 1733 multiplicatur
3817 1645 3886 1712 in
3925 1643 4122 1735 plura
4186 1669 4315 1714 nu-

2774 1771 2988 1822 mero.
3033 1751 3228 1828 ltem,
3301 1754 3368 1820 in
3418 1752 3822 1843 quibusdam
3862 1762 4102 1822 natura
4160 1757 4317 1848 qui-

2773 1858 2927 1928 dem
2961 1862 3105 1929 sive
3167 1884 3302 1952 quo
3362 1870 3484 1941 est,
3540 1861 3761 1930 differt
3819 1862 3902 1930 ab
3961 1866 4109 1954 ipso
4158 1888 4319 1958 sup·

2770 1971 3019 2057 posito,
3062 1967 3171 2035 vel
3200 1967 3574 2060 hypostasi,
3607 1970 3748 2037 sive
3787 1970 3969 2061 quod
4023 1980 4125 2041 est
4159 1995 4174 2040 ε
4209 1980 4315 2041 ta-

2770 2097 2929 2143 men
2959 2074 3246 2168 simplex
3278 2084 3379 2145 est
3418 2077 3640 2167 ipsum
3674 2077 3857 2168 quod
3912 2086 4013 2147 cst
4061 2079 4314 2147 indivi-

2767 2182 2962 2252 sibile
2992 2207 3131 2253 non
3172 2206 3255 2252 ex
3295 2187 3576 2253 materia
3628 2183 3851 2275 aliqua
3920 2208 4084 2255 ens:
4125 2188 4312 2279 quia,

2768 2301 2842 2360 ut
2901 2292 3063 2360 dicit
3103 2292 3383 2361 Boetius
3424 2290 3469 2370 ¹,
3499 2292 3948 2382 spiritualium
3995 2294 4185 2363 nulla
4215 2304 4318 2365 est

2766 2401 3053 2468 materia
3080 2424 3094 2468 :
3121 2407 3185 2467 et
3207 2399 3357 2467 ideo
3393 2401 3461 2466 in
3491 2398 3738 2467 talibus
3776 2399 4083 2469 salvatur
4101 2403 4311 2471 etiam

2764 2510 3025 2597 species
3057 2508 3126 2574 in
3157 2529 3295 2575 uno
3326 2507 3706 2598 supposito,
3730 2516 3795 2574 et
3825 2530 3962 2575 non
4001 2531 4311 2577 commu·

2764 2613 3027 2680 nicatur
3058 2635 3074 2681 :
3142 2613 3283 2680 imo
3359 2611 3699 2681 contrahit
3728 2613 4222 2683 individuantia
4269 2637 4310 2683 a

2762 2720 3293 2812 proprietatibus
3339 2722 3670 2812 suppositi
3731 2744 3937 2812 penes
3984 2723 4308 2793 attributa

2761 2828 3145 2919 personalia
3176 2837 3448 2920 accepta
3478 2850 3494 2897 ε
3532 2839 3596 2897 et
3634 2831 3729 2897 sic
3758 2838 3859 2898 est
3897 2830 3964 2913 in
3994 2830 4299 2923 Angelis.

2764 2936 2900 3006 Sed
2932 2940 3002 3005 in
3028 2938 3278 3006 divinis
3309 2960 3445 3028 quo
3477 2945 3575 3007 est
3633 2947 3696 3006 et
3737 2946 3974 3007 natura
4019 2941 4303 3010 omnino

2761 3043 3153 3113 indifferens
3182 3051 3284 3111 est
3320 3066 3359 3111 a
3418 3045 3809 3135 supposito:
3852 3053 3916 3113 et
3981 3045 4135 3115 ideo
4181 3069 4305 3115 nu-

2761 3160 3022 3221 merato
3052 3152 3438 3245 supposito,
3474 3175 3611 3221 non
3642 3152 3965 3223 dividitur
4007 3162 4248 3224 natura
4279 3177 4296 3226 ε

2757 3261 2875 3329 sed
2910 3262 3303 3331 indifferens
3334 3269 3560 3330 manet
3593 3262 3659 3330 in
3689 3264 4007 3331 omnibus
4053 3287 4304 3356 suppo·

2758 3370 2904 3438 sitis
2933 3367 3237 3459 ejusdem
3270 3380 3529 3439 natura!
3556 3393 3573 3439 :
3605 3378 3670 3438 et
3697 3370 3851 3440 ideo
3888 3393 4025 3441 non
4084 3380 4294 3452 tenet,

2761 3477 2963 3546 Pater
2989 3487 3087 3547 est
3131 3478 3339 3554 Deus,
3385 3477 3593 3546 Filius
3622 3488 3721 3547 est
3753 3478 3956 3557 Deus,
4002 3478 4298 3572 Spiritus

2758 3597 3032 3656 sanctus
3070 3595 3169 3656 est
3200 3588 3423 3656 Deus:
3460 3609 3623 3679 ergo
3662 3595 3794 3655 tres
3809 3588 3898 3656 dii
3927 3610 3943 3656 ε
3969 3589 4127 3680 quia
4158 3598 4299 3657 ter-

2758 3694 2987 3762 minus
3023 3694 3394 3764 numeralis
3443 3717 3581 3762 non
3642 3695 3831 3785 ponit
3878 3717 4020 3763 rem
4065 3718 4292 3781 ‘suam

2758 3801 2887 3869 nisi
2920 3803 3095 3870 circa
3133 3802 3589 3893 suppositum,
3632 3811 3698 3870 et
3736 3823 3874 3870 non
3930 3803 4109 3872 circa
4159 3825 4295 3871 na-

2759 3916 3009 3987 turam,
3041 3910 3188 3977 sive
3240 3931 3377 3999 quo
3417 3918 3541 3977 est.

1267 4471 1348 4545 F.
1393 4467 1530 4544 Ad
1564 4466 1766 4543 idem
1800 4468 2009 4566 quod
2028 4478 2363 4566 coeperat
2402 4468 2629 4558 redit,
2662 4475 2746 4543 ut
2779 4467 2978 4544 alias
3017 4431 3508 4546 auctoritates
3549 4482 3952 4567 supponat.

1189 4809 1416 4884 Nunc
1450 4832 1633 4882 vero
1666 4807 1757 4882 ad
1802 4807 2279 4906 propositum
2348 4809 2786 4904 redeamus,
2849 4821 2923 4885 et
2981 4810 3073 4885 ad
3158 4809 3718 4886 ostendendum
3796 4829 4301 4908 personarum

1096 4945 1646 5045 pluralitatem,
1682 4953 1912 5040 atque
1952 4943 2309 5018 essentiae
2350 4943 2641 5019 divium
2684 4945 3303 5039 unitatem,alias
3334 4945 3790 5020 Sanctorum
3811 4942 4324 5019 auctoritates·

1097 5079 1584 5153 inducamus.
1631 5078 1899 5175 Moyes
1939 5075 2157 5150 dicit:
2195 5076 2286 5151 In
2313 5078 2710 5176 pre‘nce'pe'o
2751 5080 3041 5154 creavit
3075 5079 3291 5154 Deus
3321 5078 3703 5182 coelumoet
3746 5085 4028 5154 terram
4055 5077 4078 5111 ³
4111 5101 4129 5152 ε
4166 5101 4304 5177 per

1095 5214 1342 5290 Deum
1368 5209 1821 5310 significans
1863 5212 2205 5287 Patrem:
2253 5236 2391 5310 per
2439 5212 2930 5312 principium,
2978 5213 3286 5291 Filium.
3353 5216 3443 5290 Et
3495 5238 3633 5314 pro
3677 5237 3768 5289 eo
3827 5211 4030 5311 quod
4094 5211 4300 5313 apud

1166 5459 1181 5494 ¹
1213 5453 1469 5521 Bomos,
1499 5453 1614 5511 Lib.
1644 5456 1665 5512 1
1697 5453 1771 5513 de
1801 5454 2038 5514 Duabus
2068 5455 2299 5516 naturis
2323 5455 2385 5514 in
2416 5471 2539 5513 una
2569 5472 2822 5530 persona
2849 5457 3056 5516 chisti.

1163 5548 1186 5584 ⁸
1214 5547 1428 5604 Genea.
1454 5562 1497 5616 ι,
1530 5549 1582 5602 ¹.
