4897 6388
1717 267 1810 334 IN
1857 266 1881 332 l
1938 258 2358 333 SENTENT.
2413 252 2639 321 DIST.
2693 253 2882 335 XIV,
2935 256 3021 334 A,
3072 257 3274 326 ART.
3331 262 3391 328 6.
4084 267 4213 336 395

1004 435 1086 501 ad
1144 439 1636 527 apparitionem
1696 439 1942 506 Christi
2002 440 2070 503 in
2130 454 2329 502 carne
2387 427 2548 495 dicit
2656 426 3161 497 distinctionem
3202 417 3513 520 personae
3548 437 3947 504 nuntiantis.
4016 438 4208 508 Unde

1001 542 1182 610 idem
1239 544 1691 635 Augustinus,
1753 546 1898 612 sic:
1981 571 2012 606 «
2086 540 2545 624 Quaecumque
2651 534 2780 602 ista
2837 535 2967 604 tria
3005 538 3376 609 disserunt:
3423 545 3584 633 quia
3633 548 3975 635 processio
4014 549 4202 636 prin-

997 661 1272 738 proptei·
1307 651 1684 719 faciendam
1737 652 1938 718 fidem
2005 672 2139 740 qua
2179 644 2544 713 mundare-
2649 643 2959 731 cipaliter
2996 647 3159 713 dicit
3215 648 3720 719 distinctionem
3779 655 4206 743 procedentis

997 780 1150 824 mur
1188 759 1275 826 ad
1302 760 1898 850 contemplandam
1938 760 2290 826 veritatem
2322 755 2390 819 in
2432 772 2545 817 re-
2648 750 2732 818 ab
2774 775 2856 820 eo
2888 776 3075 843 aquo
3101 757 3405 845 procedit
3432 782 3447 827 :
3484 759 3718 827 missio
3750 771 3979 830 autem
4011 764 4208 851 prin-

970 867 1124 940 ,bus
1183 868 1350 934 ortis
1408 866 1492 934 ab
1549 870 1922 936 aeternitate
1991 864 2288 957 prolatis,
2353 869 2418 927 et
2457 858 2541 924 ad

997 976 1444 1041 :eternitatem
1514 974 1737 1042 relatis
1827 972 2288 1065 temporaliter
2352 974 2542 1058 gesta

993 1092 1174 1161 sunt,
1247 1092 1362 1151 aut
1439 1086 1830 1153 testimonia
1914 1084 2252 1152 missionis
2334 1077 2538 1166 hujus

993 1191 1272 1278 (scilicet
1317 1191 1465 1259 Filii
1500 1195 1568 1259 in
1600 1196 1894 1282 carnem)
1929 1194 2219 1266 suerunt,
2247 1196 2361 1256 aut
2393 1187 2539 1275 ipsa

992 1299 1226 1366 missio
1265 1299 1417 1368 Filii
1446 1300 1570 1369 Dei
1615 1305 1655 1369 ¹.
1708 1326 1739 1367 »
1782 1301 1980 1368 Prius
2046 1307 2272 1367 autem
2337 1293 2539 1361 habi-

989 1414 1135 1473 tum
1169 1415 1297 1488 est,
1343 1408 1528 1499 quod
1557 1409 1886 1501 apparitio
1931 1404 2387 1500 principaliter
2434 1408 2536 1469 est

989 1512 1072 1580 ad
1131 1514 1700 1583 manifestandam
1731 1525 2039 1584 naturam
2059 1513 2385 1589 divinam,
2419 1507 2532 1576 vel

992 1625 1060 1688 in
1102 1647 1198 1706 se,
1232 1623 1344 1691 vel
1376 1625 1446 1692 in
1474 1628 1781 1717 personis
1816 1649 1830 1694 :
1867 1626 2179 1718 quamvis
2202 1623 2381 1690 enim
2404 1616 2530 1687 sub

991 1754 1280 1800 numero
1323 1733 1552 1826 aliquo
1586 1735 1827 1827 Angeli
1860 1733 2267 1826 quandoque
2316 1751 2533 1819 appa-

985 1841 1302 1922 ruissent,
1337 1852 1408 1910 ut
1439 1850 1574 1912 tres
1604 1846 1730 1912 visi
1761 1851 1919 1912 sunt
1946 1843 2029 1911 ab
2061 1839 2429 1916 Abraham,
2465 1843 2532 1903 et

986 1949 1122 2017 duo
1154 1974 1193 2018 a
1251 1951 1418 2020 Lot:
1457 1960 1523 2021 et
1562 1955 1631 2021 in
1687 1952 1819 2022 hoc
1846 1952 2153 2021 videatur
2191 1970 2336 2017 esse
2376 1968 2529 2013 ma-

980 2058 1328 2128 nifestatio
1395 2063 1658 2130 numeri
1719 2084 2156 2154 personarum
2193 2081 2207 2125 :
2296 2066 2527 2126 tamen

983 2167 1450 2258 principaliter
1477 2168 2033 2238 manifestabatur
2069 2177 2324 2235 naturae
2372 2162 2523 2230 uni·

982 2283 1127 2341 tas:
1163 2284 1226 2343 et
1268 2276 1418 2344 ideo
1476 2277 1721 2345 dicitur
1770 2277 1851 2344 de
1908 2275 2277 2350 Abraham,
2338 2268 2524 2362 quod

977 2387 1111 2446 tres
1148 2380 1318 2448 vidit
1351 2390 1415 2448 et
1447 2405 1660 2449 unum
1706 2382 2010 2451 adoravit
2044 2403 2060 2447 ε
2111 2388 2177 2448 et
2209 2379 2357 2445 ideo
2397 2398 2525 2467 pa-

986 2495 1108 2558 tet.
1144 2489 1327 2578 quod
1359 2491 1693 2581 apparitio
1733 2513 1871 2557 non
1910 2500 2005 2557 est
2039 2487 2378 2580 processio
2408 2483 2520 2552 vel

979 2595 1214 2662 missio
1248 2598 1665 2688 temporalis,
1709 2622 1833 2666 nec.
1864 2599 2071 2665 etium
2102 2619 2314 2687 genus
2344 2594 2514 2681 ejuS.

1068 2705 1172 2769 An
1213 2727 1277 2771 m
1316 2714 1543 2774 autem
1573 2706 1755 2798 quod
1796 2705 2132 2797 objicitur,
2171 2701 2353 2794 quod
2400 2699 2515 2768 ubi

979 2820 1076 2878 est
1119 2814 1377 2898 missiO,
1415 2815 1506 2883 ibi
1555 2826 1654 2884 est
1692 2817 1989 2908 cognitio
2047 2813 2392 2882 existentis
2431 2808 2516 2876 ab

976 2919 1109 2987 alio
1143 2944 1262 3012 per
1288 2921 1498 3004 aliud,
1523 2932 1588 2991 et
1621 2925 1709 2991 ita
1730 2923 2083 3015 apparitio.
2111 2919 2512 3000 Dicendum,

972 3030 1154 3121 quod
1176 3033 1622 3123 aequivocatio
1645 3041 1744 3100 est
1768 3033 1834 3100 in
1851 3032 2268 3123 apparitione
2304 3052 2319 3097 :
2356 3027 2517 3119 quia

974 3139 1309 3229 apparitio
1341 3163 1380 3207 a
1436 3138 1702 3213 Sanctis
1757 3151 2040 3210 vocatur
2078 3164 2195 3232 per
2242 3162 2516 3207 assum-

977 3255 1163 3337 ptam
1222 3258 1601 3318 creaturam
1650 3249 1732 3317 ad
1790 3273 2059 3317 sensum
2121 3249 2512 3317 manifesta-

976 3355 1070 3421 tio
1108 3377 1121 3421 :
1160 3355 1273 3421 sed
1305 3359 1606 3447 cognitio
1634 3381 1782 3449 qua·
1814 3358 2003 3425 estin
2037 3358 2380 3439 missione,
2413 3361 2517 3422 est

973 3463 1056 3529 ad
1099 3462 1540 3533 intellectum.

1054 3569 1252 3655 ltem,
1287 3575 1353 3639 in
1388 3573 1582 3642 Novo
1601 3573 2033 3644 Testamento
2054 3587 2512 3666 apparuerunt

2645 859 2952 948 cipaliter
2972 863 3478 934 distinctionem
3513 870 3731 936 nuntii
3763 869 3850 937 ad
3880 871 4208 937 nuntian-

2644 979 2808 1051 tem,
2845 980 2910 1039 et
2951 973 3034 1040 ad
3092 998 3248 1042 eum
3297 978 3404 1043 cui
3464 977 3540 1044 fit
3580 979 3961 1046 nuntiatio:
4014 979 4198 1047 datio

2643 1084 2871 1143 autem
2904 1079 3366 1169 principaliter
3404 1081 3720 1149 effectum
3752 1091 4102 1151 connotat.

3086 1520 3594 1593 ARTICULUS
3626 1521 3762 1599 Vl..

2640 1736 2821 1820 Quo!
2856 1736 3083 1804 modis
3137 1737 3269 1825 fiat
3317 1739 3656 1828 processio
3712 1739 3852 1805 sive
3890 1738 4123 1805 missio
4157 1737 4200 1806 ?

2724 2050 2933 2120 Sexto
2965 2054 3320 2144 quaeritur‚
3356 2053 3540 2135 Quot
3571 2056 3791 2124 modis
3812 2055 3931 2125 ssat
3957 2054 4192 2146 hujus-

2632 2158 2817 2227 modi
2856 2162 3229 2250 processio,
3263 2163 3405 2230 sive
3444 2163 3679 2230 missio
3709 2163 3744 2230 ⁶?

2717 2267 3009 2336 Videtur
3045 2271 3228 2337 enim
3264 2292 3401 2337 non
3438 2265 3658 2361 posse*
3678 2268 3893 2362 redigi
3933 2270 4018 2338 ad
4056 2295 4191 2338 nu-

2629 2398 2892 2444 merum
2925 2377 3347 2447 artificialem
3384 2401 3399 2446 :
3439 2382 3495 2447 si
3544 2379 3727 2448 enim
3762 2380 3841 2449 fit
3870 2380 3955 2448 ad
3986 2402 4191 2448 revo-

2626 2483 2914 2552 candam
2956 2493 3336 2554 creaturam
3379 2486 3811 2571 rationalem,
3845 2496 3913 2557 et
3952 2486 4188 2556 multis

2625 2591 2848 2659 modis
2909 2592 3022 2660 illa
3076 2601 3455 2672 revocatur.
3514 2594 3783 2663 videtur
3835 2595 4020 2687 quod
4083 2603 4186 2664 tot

2625 2699 2849 2768 modis
2881 2701 2997 2769 fiat
3035 2703 3378 2793 processio
3410 2712 3476 2771 et
3516 2703 3775 2771 missio.

2716 2809 2788 2876 Si
2822 2809 2990 2878 forte
3020 2809 3309 2895 dicatur,
3343 2811 3527 2902 quod
3567 2834 3704 2879 non
3745 2812 3819 2879 lit
3856 2811 3941 2879 ad
3979 2835 4186 2882 revo-

2622 2918 2912 2986 candam
2952 2927 3333 2988 creaturam
3387 2918 3813 2989 rationalem.
3864 2918 4177 2991 comni:

2621 3027 3090 3117 Augustinus:
3131 3053 3165 3092 α
3202 3026 3546 3108 Quoniam
3593 3026 4056 3096 exsulavimus
4095 3026 4181 3097 ab

2620 3134 3165 3205 incommutabili
3217 3137 3498 3229 gaudio,
3561 3159 3685 3207 nec
3739 3143 3967 3207 tamen
4024 3136 4179 3208 inde

2618 3243 2881 3335 proecisi
2944 3253 3148 3336 atque
3221 3243 3493 3337 abrupti
3571 3268 3833 3325 sumna„
3896 3253 3969 3313 ut
4037 3268 4177 3316 non

2619 3352 2825 3420 etiam
2874 3355 2944 3421 in
2995 3353 3143 3422 istis
3190 3352 3635 3422 mutabilibus
3674 3360 3739 3423 et
3779 3353 4177 3445 temporali-

2614 3460 2743 3530 bus
2807 3463 3282 3541 aeternitatem‚
3361 3464 3745 3546 veritatem,
3805 3461 4174 3531 beatitudi-

2614 3595 2909 3663 nemque
2974 3595 3478 3665 quaereremus:
3547 3595 3670 3641 nec
3724 3572 3898 3641 mori
3955 3572 4166 3652 enim,

960 3697 1308 3765 personas:
1360 3692 1427 3749 ut
1481 3681 1680 3748 l‘ater
1731 3683 1795 3749 in
1856 3707 2046 3763 voce,
2090 3693 2153 3752 et
2215 3684 2508 3775 Spiritus
2613 3704 2735 3749 nec
2766 3681 2934 3762 falli,
2970 3704 3091 3750 nec
3124 3681 3503 3773 perturbari
3545 3679 3915 3750 volumus:
3962 3682 4170 3751 missa

958 3785 1023 3852 in
1068 3789 1248 3875 igne,
1283 3787 1561 3878 linguis,
1594 3799 1659 3858 et
1682 3793 1873 3869 flatu,
1906 3801 1970 3860 et
1995 3792 2201 3861 Filius
2248 3796 2315 3862 in
2357 3816 2505 3863 car·
2609 3797 2765 3857 sunt
2798 3789 2999 3858 nobis
3028 3788 3356 3859 divinitus
3377 3791 3524 3858 visa
3553 3812 3850 3882 congrua
3874 3791 4169 3882 peregri-

957 3918 1038 3961 ne
1077 3917 1091 3964 :
1128 3896 1242 3963 sed
1286 3898 1417 3965 ittae
1447 3897 1764 3968 «licuntur
1793 3901 2150 3969 missiones
2198 3902 2501 3971 visibiles
2608 3894 2865 3963 nationi
2891 3903 3168 3977 nostrae.
3202 3893 3450 3987 quibus
3472 3894 3996 3963 admoneremur
4026 3918 4162 3962 non

948 4002 1028 4068 d«-
1061 4002 1308 4093 quibus
1343 4006 1515 4073 infra
1549 4010 1670 4074 erit
1723 4032 1948 4076 sermo
1980 4028 2025 4083 ¹.
2067 4033 2082 4078 :
2125 4010 2239 4077 sed
2294 4011 2496 4080 modo
2605 4002 2714 4072 llic
2744 4027 2891 4073 esse
2916 4003 3102 4095 quod
3134 4006 3530 4096 quoerimus.
3555 4002 3672 4072 sed
3693 4003 3852 4073 illuc
3882 4003 3966 4072 ab
3998 4003 4162 4072 ista³

947 4133 1084 4176 nnn
1119 4110 1471 4202 loquimur
1516 4115 1638 4180 nisi
1710 4113 1790 4181 de
1830 4117 2249 4207 apparitione
2300 4117 2496 4186 Vete—
2601 4133 2748 4179 esse
2790 4110 3257 4180 redeundum:
3305 4111 3484 4179 unde
3525 4112 3652 4179 nisi
3678 4111 4157 4203 penderemus,

948 4216 1037 4281 ris
1067 4216 1510 4288 Testamenti.

1039 4322 1391 4392 l’rocessio
1424 4336 1649 4395 aulem
1691 4338 1753 4396 et
1785 4331 2016 4397 missio
2056 4333 2255 4416 (sicut
2285 4334 2488 4400 etiam

946 4430 1181 4517 probat
1216 4431 1535 4522 objectio)
1571 4457 1705 4501 non
1738 4435 2053 4505 disserunt
2087 4440 2214 4506 nisi
2253 4462 2491 4508 sccun-

946 4535 1108 4603 dum
1144 4538 1476 4606 rationem
1512 4561 1527 4606 :
1573 4542 1727 4630 quia
1764 4547 2103 4633 processio
2136 4570 2268 4615 non
2325 4546 2483 4616 dicit

947 4644 1071 4709 nisi
1125 4648 1703 4735 comparationem
1737 4652 2158 4740 procede-ntis
2198 4654 2281 4722 ad
2325 4680 2481 4724 eum

939 4776 976 4818 a
1013 4776 1149 4842 quo
1180 4754 1476 4843 procedit
1515 4778 1529 4822 :
1567 4767 1628 4823 et
1670 4759 1723 4824 si
1787 4759 2031 4828 dicitur
2085 4764 2483 4855 temporalis

932 4862 1297 4949 process-io,
1335 4864 1577 4930 iterum
1611 4888 1746 4932 uon
1798 4867 1977 4934 addit
2036 4872 2162 4936 nisi
2219 4869 2485 4942 eurino-

939 4969 1265 5037 tationem
1308 4971 1585 5039 effectus
1618 4974 1683 5040 in
1714 4985 2017 5045 creatura
2053 5001 2067 5047 :
2103 4979 2215 5047 sed
2251 4982 2482 5052 missio

939 5075 1096 5143 «licit
1156 5083 1738 5170 comparationem
1861 5086 2069 5165 illam,
2158 5102 2485 5181 praeterea

938 5190 1517 5275 comparationem
1560 5191 1642 5259 ad
1676 5216 1829 5260 eum
1871 5193 1953 5261 ad
2001 5220 2202 5287 quem
2241 5201 2346 5267 vel
2411 5203 2482 5270 in

936 5315 1140 5382 quem
1203 5297 1516 5366 mittitur.
1572 5298 1768 5368 Datio
1835 5312 2063 5372 autem
2125 5331 2261 5376 non
2320 5310 2484 5379 dicit

1007 5547 1023 5580 ¹
1058 5547 1435 5611 Αεοιςετικυε,
1469 5545 1591 5602 Lib.
1620 5549 1692 5603 lv
1711 5550 1785 5605 de
1816 5552 2119 5622 Trinitate,
2149 5571 2278 5629 cap.
2325 5562 2413 5618 ¹0.

1004 5633 1027 5667 ²
1055 5634 1138 5688 Cr.
1175 5632 1352 5701 tnl'ra,
1386 5635 1529 5691 Dist.
1570 5636 1708 5694 XVI.

2599 4217 2709 4287 hic
2747 4242 2827 4288 ea
2859 4242 2997 4287 non
3038 4242 3504 4310 quoereremus
3536 4223 3580 4290 ⁸.
3632 4250 3664 4282 n
3699 4220 3798 4288 Ex
3851 4219 3980 4289 boc
4031 4243 4160 4311 pa-

2597 4335 2716 4413 tet,
2759 4328 2944 4421 quod
3008 4329 3247 4398 missio
3306 4337 3405 4397 est
3460 4328 3542 4396 ad
3585 4329 3717 4398 hoc
3754 4339 3828 4398 ut
3885 4338 4158 4399 revocet

2594 4460 2751 4505 eum
2785 4439 2898 4528 qui
2958 4435 3299 4506 aberravit
3336 4459 3351 4504 ε
3397 4443 3460 4504 et
3506 4439 3596 4505 ita
3636 4437 3928 4517 videtur,
3972 4435 4156 4529 quod

2594 4544 2876 4611 infinitis
2899 4541 3123 4611 modis
3155 4543 3266 4612 liat
3295 4565 3310 4611 ε
3338 4542 3587 4635 quibus
3620 4544 3822 4611 etiam
3856 4543 3925 4611 tit
3957 4542 4158 4612 aber-

2597 4655 2791 4720 rati0.

2683 4864 2989 4934 Somno.
3029 4863 3433 4946 Dicendum,
3478 4863 3659 4955 quod
3709 4863 4148 4935 materialiter

2588 4975 2663 5041 fit
2695 4972 2929 5041 multis
2987 4971 3237 5049 modiS,
3282 4996 3420 5064 quo
3470 4995 3608 5040 non
3661 4982 3762 5041 est
3819 4973 4142 5063 possibile

2588 5085 2659 5152 in
2699 5107 3062 5153 numerum
3095 5082 3516 5152 artificialem
3551 5084 3762 5177 redigi
3796 5107 3812 5152 :
3845 5086 3961 5155 sed
3995 5111 4146 5156 mo-

2589 5193 2654 5260 di
2720 5193 3040 5262 formales
3089 5216 3231 5262 non
3270 5194 3732 5263 extenduntur
3768 5195 3945 5265 ultra
3975 5220 4146 5289 qua-

2589 5309 2785 5370 tuor:
2823 5326 2979 5371 cum
3012 5302 3289 5372 enimin
3331 5302 3574 5372 ess’ectu
3605 5327 3758 5373 cum
3791 5327 3928 5397 quo
3960 5328 4146 5375 sem-

2659 5559 2682 5595 ⁸
2711 5558 2906 5627 Alias,
2932 5558 3010 5615 ad
3035 5560 3180 5632 ipsa.

2659 5647 2682 5682 ⁴
2721 5648 2777 5703 S.
2814 5652 3188 5715 Aeecmscs,
3221 5648 3344 5706 Lib.
3378 5649 3544 5707 lvde
3574 5651 3876 5709 Trinitate.
3920 5670 4046 5728 cap.
4087 5660 4137 5716 ¹.

4236 4925 4431 4974 soiuuo.
