<?xml version="1.0" encoding="UTF-8"?>
<!DOCTYPE html PUBLIC "-//W3C//DTD XHTML 1.0 Transitional//EN"
    "http://www.w3.org/TR/xhtml1/DTD/xhtml1-transitional.dtd">
<html xmlns="http://www.w3.org/1999/xhtml" xml:lang="en" lang="en">
 <head>
  <title>
</title>
<meta http-equiv="Content-Type" content="text/html;charset=utf-8" />
  <meta name='ocr-system' content='tesseract 3.04.00' />
  <meta name='ocr-capabilities' content='ocr_page ocr_carea ocr_par ocr_line ocrx_word'/>
</head>
<body>
  <div class='ocr_page' id='page_1' title='image "balbertimagnira03chgoog_0150.png"; bbox 0 0 4897 6388; ppageno 0'>
   <div class='ocr_carea' id='block_1_1' title="bbox 418 265 883 396">
    <p class='ocr_par' dir='ltr' id='par_1_1' title="bbox 418 265 883 396">
     <span class='ocr_line' id='line_1_1' title="bbox 418 265 883 396; baseline -0.006 -31"><span class='ocrx_word' id='word_1_1' title='bbox 418 281 421 288; x_wconf 82' lang='grc'>’</span> <span class='ocrx_word' id='word_1_2' title='bbox 548 265 659 396; x_wconf 57' lang='grc' dir='ltr'>’ζ</span> <span class='ocrx_word' id='word_1_3' title='bbox 693 296 883 364; x_wconf 54' lang='lat'>4383</span> 
     </span>
    </p>
   </div>
   <div class='ocr_carea' id='block_1_2' title="bbox 578 451 2273 556">
    <p class='ocr_par' dir='ltr' id='par_1_2' title="bbox 478 451 2273 556">
     <span class='ocr_line' id='line_1_2' title="bbox 578 451 2273 556; baseline -0.004 -23.39"><span class='ocrx_word' id='word_1_4' title='bbox 578 465 581 466; x_wconf 43' lang='lat'><em>⁷</em></span> <span class='ocrx_word' id='word_1_5' title='bbox 624 457 1163 552; x_wconf 9' lang='lat' dir='ltr'>“jffi‘composituin</span> <span class='ocrx_word' id='word_1_6' title='bbox 1208 463 1416 533; x_wconf 75' lang='lat' dir='ltr'>estin</span> <span class='ocrx_word' id='word_1_7' title='bbox 1475 467 1765 533; x_wconf 73' lang='lat' dir='ltr'><strong>essentia</strong></span> <span class='ocrx_word' id='word_1_8' title='bbox 1799 451 1859 534; x_wconf 53' lang='grc' dir='ltr'><strong><em>ἶ</em></strong></span> <span class='ocrx_word' id='word_1_9' title='bbox 1887 466 2111 532; x_wconf 83' lang='lat' dir='ltr'>anima</span> <span class='ocrx_word' id='word_1_10' title='bbox 2149 471 2273 556; x_wconf 73' lang='lat' dir='ltr'>&#39;est</span> 
     </span>
    </p>
   </div>
   <div class='ocr_carea' id='block_1_3' title="bbox 704 561 2270 1093">
    <p class='ocr_par' dir='ltr' id='par_1_3' title="bbox 704 561 2270 1093">
     <span class='ocr_line' id='line_1_3' title="bbox 704 561 2248 664; baseline -0.001 -29"><span class='ocrx_word' id='word_1_11' title='bbox 704 567 836 636; x_wconf 90' lang='lat' dir='ltr'>hoc</span> <span class='ocrx_word' id='word_1_12' title='bbox 876 578 940 637; x_wconf 88' lang='lat' dir='ltr'>et</span> <span class='ocrx_word' id='word_1_13' title='bbox 969 570 1102 640; x_wconf 90' lang='lat' dir='ltr'>hoc</span> <span class='ocrx_word' id='word_1_14' title='bbox 1136 593 1358 664; x_wconf 80' lang='lat' dir='ltr'>:ergo</span> <span class='ocrx_word' id='word_1_15' title='bbox 1387 561 1902 663; x_wconf 77' lang='lat' dir='ltr'>estcomposita</span> <span class='ocrx_word' id='word_1_16' title='bbox 1932 574 1998 637; x_wconf 93' lang='lat' dir='ltr'>in</span> <span class='ocrx_word' id='word_1_17' title='bbox 2029 591 2248 637; x_wconf 89' lang='lat' dir='ltr'>essen-</span> 
     </span>
     <span class='ocr_line' id='line_1_4' title="bbox 709 673 2245 770; baseline -0.002 -31"><span class='ocrx_word' id='word_1_18' title='bbox 709 676 827 742; x_wconf 85' lang='lat' dir='ltr'>tia.</span> <span class='ocrx_word' id='word_1_19' title='bbox 871 676 1106 746; x_wconf 87' lang='lat' dir='ltr'>Prima</span> <span class='ocrx_word' id='word_1_20' title='bbox 1143 703 1264 770; x_wconf 88' lang='lat' dir='ltr'>per</span> <span class='ocrx_word' id='word_1_21' title='bbox 1290 703 1363 747; x_wconf 89' lang='lat' dir='ltr'>se</span> <span class='ocrx_word' id='word_1_22' title='bbox 1395 689 1600 770; x_wconf 88' lang='lat' dir='ltr'>patet.</span> <span class='ocrx_word' id='word_1_23' title='bbox 1645 675 1975 745; x_wconf 86' lang='lat' dir='ltr'>Secunda.</span> <span class='ocrx_word' id='word_1_24' title='bbox 2002 673 2245 741; x_wconf 86' lang='lat' dir='ltr'>scribi-</span> 
     </span>
     <span class='ocr_line' id='line_1_5' title="bbox 707 779 2237 870; baseline -0.003 -23"><span class='ocrx_word' id='word_1_25' title='bbox 707 790 817 848; x_wconf 88' lang='lat' dir='ltr'>tur</span> <span class='ocrx_word' id='word_1_26' title='bbox 850 784 916 850; x_wconf 90' lang='lat' dir='ltr'>in</span> <span class='ocrx_word' id='word_1_27' title='bbox 950 787 1150 853; x_wconf 87' lang='lat' dir='ltr'>tertio</span> <span class='ocrx_word' id='word_1_28' title='bbox 1184 786 1264 853; x_wconf 89' lang='lat' dir='ltr'>de</span> <span class='ocrx_word' id='word_1_29' title='bbox 1305 788 1559 853; x_wconf 80' lang='lat' dir='ltr'>Anima</span> <span class='ocrx_word' id='word_1_30' title='bbox 1617 806 1703 849; x_wconf 83' lang='lat' dir='ltr'>ex</span> <span class='ocrx_word' id='word_1_31' title='bbox 1741 779 2175 870; x_wconf 79' lang='lat' dir='ltr'><strong>consequenti</strong></span> <span class='ocrx_word' id='word_1_32' title='bbox 2222 800 2237 843; x_wconf 73' lang='grc' dir='ltr'>ε</span> 
     </span>
     <span class='ocr_line' id='line_1_6' title="bbox 708 888 2244 978; baseline -0.005 -22"><span class='ocrx_word' id='word_1_33' title='bbox 708 891 867 978; x_wconf 89' lang='lat' dir='ltr'>quia</span> <span class='ocrx_word' id='word_1_34' title='bbox 907 892 976 956; x_wconf 90' lang='lat' dir='ltr'>in</span> <span class='ocrx_word' id='word_1_35' title='bbox 1017 892 1247 957; x_wconf 87' lang='lat' dir='ltr'>anima</span> <span class='ocrx_word' id='word_1_36' title='bbox 1274 900 1373 958; x_wconf 87' lang='lat' dir='ltr'>est</span> <span class='ocrx_word' id='word_1_37' title='bbox 1395 888 1772 956; x_wconf 88' lang='lat' dir='ltr'>intellectus</span> <span class='ocrx_word' id='word_1_38' title='bbox 1802 909 1936 978; x_wconf 90' lang='lat' dir='ltr'>quo</span> <span class='ocrx_word' id='word_1_39' title='bbox 1967 894 2067 953; x_wconf 89' lang='lat' dir='ltr'>est</span> <span class='ocrx_word' id='word_1_40' title='bbox 2088 907 2244 951; x_wconf 89' lang='lat' dir='ltr'>om-</span> 
     </span>
     <span class='ocr_line' id='line_1_7' title="bbox 706 995 2270 1093; baseline -0.001 -30"><span class='ocrx_word' id='word_1_41' title='bbox 706 998 817 1064; x_wconf 89' lang='lat' dir='ltr'>nia</span> <span class='ocrx_word' id='word_1_42' title='bbox 856 999 1031 1081; x_wconf 84' lang='lat' dir='ltr'>fieri,</span> <span class='ocrx_word' id='word_1_43' title='bbox 1064 1007 1131 1064; x_wconf 89' lang='lat' dir='ltr'>et</span> <span class='ocrx_word' id='word_1_44' title='bbox 1161 996 1539 1065; x_wconf 89' lang='lat' dir='ltr'>intellectus</span> <span class='ocrx_word' id='word_1_45' title='bbox 1569 1019 1703 1088; x_wconf 89' lang='lat' dir='ltr'>quo</span> <span class='ocrx_word' id='word_1_46' title='bbox 1737 1005 1863 1084; x_wconf 40' lang='lat' dir='ltr'>est⁴</span> <span class='ocrx_word' id='word_1_47' title='bbox 1886 996 2115 1063; x_wconf 88' lang='lat' dir='ltr'>omnia</span> <span class='ocrx_word' id='word_1_48' title='bbox 2152 995 2270 1093; x_wconf 43' lang='lat' dir='ltr'>sas</span> 
     </span>
    </p>
   </div>
   <div class='ocr_carea' id='block_1_4' title="bbox 454 1101 2240 1196">
    <p class='ocr_par' dir='ltr' id='par_1_4' title="bbox 454 1101 2240 1196">
     <span class='ocr_line' id='line_1_8' title="bbox 454 1101 2240 1196; baseline -0.004 -23"><span class='ocrx_word' id='word_1_49' title='bbox 454 1173 467 1182; x_wconf 64' lang='grc'><strong>,</strong></span> <span class='ocrx_word' id='word_1_50' title='bbox 532 1113 579 1144; x_wconf 58' lang='lat'><strong><em>⁵</em></strong></span> <span class='ocrx_word' id='word_1_51' title='bbox 624 1183 627 1184; x_wconf 12' lang='lat'><em>⁷</em></span> <span class='ocrx_word' id='word_1_52' title='bbox 688 1126 852 1192; x_wconf 34' lang='lat' dir='ltr'>‚cere</span> <span class='ocrx_word' id='word_1_53' title='bbox 890 1127 904 1169; x_wconf 92' lang='lat'>:</span> <span class='ocrx_word' id='word_1_54' title='bbox 940 1111 1007 1170; x_wconf 92' lang='lat' dir='ltr'>et</span> <span class='ocrx_word' id='word_1_55' title='bbox 1035 1101 1169 1171; x_wconf 93' lang='lat' dir='ltr'>hoc</span> <span class='ocrx_word' id='word_1_56' title='bbox 1197 1109 1297 1171; x_wconf 79' lang='lat' dir='ltr'>e&#39;st</span> <span class='ocrx_word' id='word_1_57' title='bbox 1357 1127 1579 1196; x_wconf 83' lang='lat' dir='ltr'>agere,</span> <span class='ocrx_word' id='word_1_58' title='bbox 1637 1111 1701 1172; x_wconf 89' lang='lat' dir='ltr'>et</span> <span class='ocrx_word' id='word_1_59' title='bbox 1742 1106 1882 1195; x_wconf 87' lang='lat' dir='ltr'>pati</span> <span class='ocrx_word' id='word_1_60' title='bbox 1918 1112 2035 1191; x_wconf 84' lang='lat' dir='ltr'>:et</span> <span class='ocrx_word' id='word_1_61' title='bbox 2089 1123 2240 1168; x_wconf 91' lang='lat' dir='ltr'>cum</span> 
     </span>
    </p>
   </div>
   <div class='ocr_carea' id='block_1_5' title="bbox 698 1213 2243 1729">
    <p class='ocr_par' dir='ltr' id='par_1_5' title="bbox 698 1213 2243 1504">
     <span class='ocr_line' id='line_1_9' title="bbox 703 1213 2243 1303; baseline -0.001 -27"><span class='ocrx_word' id='word_1_62' title='bbox 703 1232 907 1278; x_wconf 89' lang='lat' dir='ltr'>omne</span> <span class='ocrx_word' id='word_1_63' title='bbox 946 1233 1147 1303; x_wconf 84' lang='lat' dir='ltr'>agere</span> <span class='ocrx_word' id='word_1_64' title='bbox 1176 1213 1264 1279; x_wconf 91' lang='lat' dir='ltr'>sit</span> <span class='ocrx_word' id='word_1_65' title='bbox 1291 1213 1376 1281; x_wconf 91' lang='lat' dir='ltr'>ab</span> <span class='ocrx_word' id='word_1_66' title='bbox 1407 1220 1596 1293; x_wconf 54' lang='lat' dir='ltr'>actu.</span> <span class='ocrx_word' id='word_1_67' title='bbox 1628 1222 1693 1281; x_wconf 89' lang='lat' dir='ltr'>et</span> <span class='ocrx_word' id='word_1_68' title='bbox 1740 1215 1878 1302; x_wconf 86' lang='lat' dir='ltr'>pati</span> <span class='ocrx_word' id='word_1_69' title='bbox 1915 1235 1956 1279; x_wconf 84' lang='lat' dir='ltr'>a</span> <span class='ocrx_word' id='word_1_70' title='bbox 2013 1217 2243 1299; x_wconf 92' lang='lat' dir='ltr'>poten-</span> 
     </span>
     <span class='ocr_line' id='line_1_10' title="bbox 701 1319 2239 1410; baseline -0.002 -26"><span class='ocrx_word' id='word_1_71' title='bbox 701 1319 819 1399; x_wconf 87' lang='lat' dir='ltr'>tia,</span> <span class='ocrx_word' id='word_1_72' title='bbox 856 1319 982 1384; x_wconf 85' lang='lat' dir='ltr'>erit</span> <span class='ocrx_word' id='word_1_73' title='bbox 1014 1319 1159 1409; x_wconf 88' lang='lat' dir='ltr'>ipsa</span> <span class='ocrx_word' id='word_1_74' title='bbox 1188 1322 1567 1410; x_wconf 89' lang='lat' dir='ltr'>composita</span> <span class='ocrx_word' id='word_1_75' title='bbox 1589 1342 1672 1387; x_wconf 86' lang='lat' dir='ltr'>ex</span> <span class='ocrx_word' id='word_1_76' title='bbox 1703 1328 1856 1387; x_wconf 88' lang='lat' dir='ltr'>actu</span> <span class='ocrx_word' id='word_1_77' title='bbox 1896 1326 1963 1386; x_wconf 85' lang='lat' dir='ltr'>et</span> <span class='ocrx_word' id='word_1_78' title='bbox 2001 1325 2239 1405; x_wconf 88' lang='lat' dir='ltr'>poten-</span> 
     </span>
     <span class='ocr_line' id='line_1_11' title="bbox 698 1426 1262 1504; baseline 0.004 -13"><span class='ocrx_word' id='word_1_79' title='bbox 698 1426 820 1504; x_wconf 89' lang='lat' dir='ltr'>tia,</span> <span class='ocrx_word' id='word_1_80' title='bbox 858 1434 932 1492; x_wconf 88' lang='lat' dir='ltr'>ut</span> <span class='ocrx_word' id='word_1_81' title='bbox 970 1426 1262 1494; x_wconf 88' lang='lat' dir='ltr'>videtur.</span> 
     </span>
    </p>

    <p class='ocr_par' dir='ltr' id='par_1_6' title="bbox 699 1531 2241 1729">
     <span class='ocr_line' id='line_1_12' title="bbox 777 1531 2240 1622; baseline -0.002 -23"><span class='ocrx_word' id='word_1_82' title='bbox 777 1534 854 1599; x_wconf 69' lang='lat'>’52</span> <span class='ocrx_word' id='word_1_83' title='bbox 888 1532 1251 1612; x_wconf 88' lang='lat' dir='ltr'>Praeterea,</span> <span class='ocrx_word' id='word_1_84' title='bbox 1297 1531 1715 1621; x_wconf 79' lang='lat' dir='ltr'>Compositio</span> <span class='ocrx_word' id='word_1_85' title='bbox 1764 1532 1984 1622; x_wconf 88' lang='lat' dir='ltr'>prima</span> <span class='ocrx_word' id='word_1_86' title='bbox 2020 1538 2120 1598; x_wconf 90' lang='lat' dir='ltr'>est</span> <span class='ocrx_word' id='word_1_87' title='bbox 2157 1553 2240 1597; x_wconf 80' lang='lat' dir='ltr'>ex</span> 
     </span>
     <span class='ocr_line' id='line_1_13' title="bbox 699 1639 2241 1729; baseline 0.001 -25"><span class='ocrx_word' id='word_1_88' title='bbox 699 1645 854 1705; x_wconf 91' lang='lat' dir='ltr'>actu</span> <span class='ocrx_word' id='word_1_89' title='bbox 895 1645 961 1705; x_wconf 90' lang='lat' dir='ltr'>et</span> <span class='ocrx_word' id='word_1_90' title='bbox 1007 1639 1339 1727; x_wconf 85' lang='lat' dir='ltr'>potentia,</span> <span class='ocrx_word' id='word_1_91' title='bbox 1399 1639 1802 1729; x_wconf 77' lang='lat' dir='ltr'>compositio</span> <span class='ocrx_word' id='word_1_92' title='bbox 1869 1645 2094 1706; x_wconf 89' lang='lat' dir='ltr'>autem</span> <span class='ocrx_word' id='word_1_93' title='bbox 2140 1658 2241 1705; x_wconf 91' lang='lat' dir='ltr'>se-</span> 
     </span>
    </p>
   </div>
   <div class='ocr_carea' id='block_1_6' title="bbox 624 1744 2237 1842">
    <p class='ocr_par' dir='ltr' id='par_1_7' title="bbox 624 1744 2237 1842">
     <span class='ocr_line' id='line_1_14' title="bbox 624 1744 2237 1842; baseline 0.001 -32"><span class='ocrx_word' id='word_1_94' title='bbox 624 1761 627 1764; x_wconf 69' lang='grc'><em>“</em></span> <span class='ocrx_word' id='word_1_95' title='bbox 698 1744 919 1842; x_wconf 81' lang='lat' dir='ltr'>cunda</span> <span class='ocrx_word' id='word_1_96' title='bbox 942 1752 1043 1813; x_wconf 88' lang='lat' dir='ltr'>est</span> <span class='ocrx_word' id='word_1_97' title='bbox 1073 1768 1154 1813; x_wconf 84' lang='lat' dir='ltr'>ex</span> <span class='ocrx_word' id='word_1_98' title='bbox 1184 1744 1488 1836; x_wconf 90' lang='lat' dir='ltr'>subjecto</span> <span class='ocrx_word' id='word_1_99' title='bbox 1528 1754 1595 1814; x_wconf 90' lang='lat' dir='ltr'>et</span> <span class='ocrx_word' id='word_1_100' title='bbox 1631 1744 1975 1813; x_wconf 89' lang='lat' dir='ltr'>accidente</span> <span class='ocrx_word' id='word_1_101' title='bbox 2010 1767 2026 1810; x_wconf 90' lang='lat'>:</span> <span class='ocrx_word' id='word_1_102' title='bbox 2077 1766 2237 1833; x_wconf 82' lang='lat' dir='ltr'>ergo</span> 
     </span>
    </p>
   </div>
   <div class='ocr_carea' id='block_1_7' title="bbox 699 1851 2241 1943">
    <p class='ocr_par' dir='ltr' id='par_1_8' title="bbox 699 1851 2241 1943">
     <span class='ocr_line' id='line_1_15' title="bbox 699 1851 2241 1943; baseline -0.002 -24"><span class='ocrx_word' id='word_1_103' title='bbox 699 1852 813 1920; x_wconf 90' lang='lat' dir='ltr'>ubi</span> <span class='ocrx_word' id='word_1_104' title='bbox 847 1862 950 1921; x_wconf 89' lang='lat' dir='ltr'>est</span> <span class='ocrx_word' id='word_1_105' title='bbox 986 1854 1392 1943; x_wconf 80' lang='lat' dir='ltr'>compositio</span> <span class='ocrx_word' id='word_1_106' title='bbox 1421 1853 1742 1933; x_wconf 88' lang='lat' dir='ltr'>secunda,</span> <span class='ocrx_word' id='word_1_107' title='bbox 1776 1852 1859 1920; x_wconf 91' lang='lat' dir='ltr'>de</span> <span class='ocrx_word' id='word_1_108' title='bbox 1889 1851 2241 1919; x_wconf 87' lang='lat' dir='ltr'>necessita-</span> 
     </span>
    </p>
   </div>
   <div class='ocr_carea' id='block_1_8' title="bbox 558 1958 2239 2157">
    <p class='ocr_par' dir='ltr' id='par_1_9' title="bbox 558 1958 2239 2157">
     <span class='ocr_line' id='line_1_16' title="bbox 558 1958 2239 2051; baseline -0.001 -25"><span class='ocrx_word' id='word_1_109' title='bbox 558 2015 586 2048; x_wconf 27' lang='lat'>.-</span> <span class='ocrx_word' id='word_1_110' title='bbox 697 1967 769 2027; x_wconf 89' lang='lat' dir='ltr'>te</span> <span class='ocrx_word' id='word_1_111' title='bbox 804 1961 1228 2051; x_wconf 87' lang='lat' dir='ltr'>praeponitur</span> <span class='ocrx_word' id='word_1_112' title='bbox 1264 1961 1533 2051; x_wconf 88' lang='lat' dir='ltr'>prima:</span> <span class='ocrx_word' id='word_1_113' title='bbox 1577 1958 1696 2027; x_wconf 90' lang='lat' dir='ltr'>sed</span> <span class='ocrx_word' id='word_1_114' title='bbox 1745 1959 1814 2026; x_wconf 88' lang='lat' dir='ltr'>in</span> <span class='ocrx_word' id='word_1_115' title='bbox 1872 1959 2100 2025; x_wconf 87' lang='lat' dir='ltr'>anima</span> <span class='ocrx_word' id='word_1_116' title='bbox 2138 1967 2239 2025; x_wconf 88' lang='lat' dir='ltr'>est</span> 
     </span>
     <span class='ocr_line' id='line_1_17' title="bbox 564 2059 2239 2157; baseline -0.002 -22"><span class='ocrx_word' id='word_1_117' title='bbox 564 2059 569 2063; x_wconf 66' lang='grc'><em>’</em></span> <span class='ocrx_word' id='word_1_118' title='bbox 695 2067 1105 2156; x_wconf 82' lang='lat' dir='ltr'>compositio</span> <span class='ocrx_word' id='word_1_119' title='bbox 1162 2066 1484 2153; x_wconf 89' lang='lat' dir='ltr'>secunda,</span> <span class='ocrx_word' id='word_1_120' title='bbox 1571 2067 1732 2157; x_wconf 91' lang='lat' dir='ltr'>quia</span> <span class='ocrx_word' id='word_1_121' title='bbox 1795 2065 2108 2134; x_wconf 78' lang='lat' dir='ltr'>scientias</span> <span class='ocrx_word' id='word_1_122' title='bbox 2172 2072 2239 2133; x_wconf 91' lang='lat' dir='ltr'>et</span> 
     </span>
    </p>
   </div>
   <div class='ocr_carea' id='block_1_9' title="bbox 693 2172 2236 2477">
    <p class='ocr_par' dir='ltr' id='par_1_10' title="bbox 693 2172 2236 2477">
     <span class='ocr_line' id='line_1_18' title="bbox 693 2172 2232 2266; baseline -0.003 -24"><span class='ocrx_word' id='word_1_123' title='bbox 693 2173 979 2242; x_wconf 86' lang='lat' dir='ltr'>virtutes</span> <span class='ocrx_word' id='word_1_124' title='bbox 1016 2183 1284 2266; x_wconf 90' lang='lat' dir='ltr'>ponunt</span> <span class='ocrx_word' id='word_1_125' title='bbox 1338 2195 1575 2242; x_wconf 88' lang='lat' dir='ltr'>omnes</span> <span class='ocrx_word' id='word_1_126' title='bbox 1639 2196 1785 2243; x_wconf 87' lang='lat' dir='ltr'>esse</span> <span class='ocrx_word' id='word_1_127' title='bbox 1834 2173 1904 2241; x_wconf 93' lang='lat' dir='ltr'>in</span> <span class='ocrx_word' id='word_1_128' title='bbox 1959 2172 2232 2241; x_wconf 88' lang='lat' dir='ltr'>anima:</span> 
     </span>
     <span class='ocr_line' id='line_1_19' title="bbox 694 2279 2236 2373; baseline -0.003 -24"><span class='ocrx_word' id='word_1_129' title='bbox 694 2303 858 2372; x_wconf 83' lang='lat' dir='ltr'>ergo</span> <span class='ocrx_word' id='word_1_130' title='bbox 890 2282 962 2350; x_wconf 90' lang='lat' dir='ltr'>in</span> <span class='ocrx_word' id='word_1_131' title='bbox 995 2282 1143 2373; x_wconf 87' lang='lat' dir='ltr'>ipsa</span> <span class='ocrx_word' id='word_1_132' title='bbox 1179 2291 1280 2349; x_wconf 87' lang='lat' dir='ltr'>est</span> <span class='ocrx_word' id='word_1_133' title='bbox 1326 2279 1732 2372; x_wconf 83' lang='lat' dir='ltr'>compositio</span> <span class='ocrx_word' id='word_1_134' title='bbox 1784 2281 2027 2371; x_wconf 88' lang='lat' dir='ltr'>prima,</span> <span class='ocrx_word' id='word_1_135' title='bbox 2087 2299 2236 2368; x_wconf 77' lang='lat' dir='ltr'>quae</span> 
     </span>
     <span class='ocr_line' id='line_1_20' title="bbox 693 2384 2234 2477; baseline -0.003 -21"><span class='ocrx_word' id='word_1_136' title='bbox 693 2388 906 2456; x_wconf 86' lang='lat' dir='ltr'>estin</span> <span class='ocrx_word' id='word_1_137' title='bbox 945 2391 1263 2457; x_wconf 80' lang='lat' dir='ltr'>essentia.</span> <span class='ocrx_word' id='word_1_138' title='bbox 1327 2386 1402 2456; x_wconf 91' lang='lat' dir='ltr'>Si</span> <span class='ocrx_word' id='word_1_139' title='bbox 1466 2387 1638 2456; x_wconf 80' lang='lat' dir='ltr'>sorte</span> <span class='ocrx_word' id='word_1_140' title='bbox 1704 2385 1992 2467; x_wconf 84' lang='lat' dir='ltr'>dicatur,</span> <span class='ocrx_word' id='word_1_141' title='bbox 2053 2384 2234 2477; x_wconf 92' lang='lat' dir='ltr'>quod</span> 
     </span>
    </p>
   </div>
   <div class='ocr_carea' id='block_1_10' title="bbox 689 2494 2233 2587">
    <p class='ocr_par' dir='ltr' id='par_1_11' title="bbox 689 2494 2233 2587">
     <span class='ocr_line' id='line_1_21' title="bbox 689 2494 2233 2587; baseline -0.003 -22"><span class='ocrx_word' id='word_1_142' title='bbox 689 2496 836 2565; x_wconf 83' lang='lat' dir='ltr'>istae</span> <span class='ocrx_word' id='word_1_143' title='bbox 864 2495 1019 2565; x_wconf 83' lang='lat' dir='ltr'>&#39;duae</span> <span class='ocrx_word' id='word_1_144' title='bbox 1047 2496 1576 2587; x_wconf 85' lang='lat' dir='ltr'>compositiones</span> <span class='ocrx_word' id='word_1_145' title='bbox 1604 2517 1743 2564; x_wconf 91' lang='lat' dir='ltr'>non</span> <span class='ocrx_word' id='word_1_146' title='bbox 1771 2502 1926 2563; x_wconf 88' lang='lat' dir='ltr'>sunt</span> <span class='ocrx_word' id='word_1_147' title='bbox 1954 2494 2233 2563; x_wconf 88' lang='lat' dir='ltr'>ordina-</span> 
     </span>
    </p>
   </div>
   <div class='ocr_carea' id='block_1_11' title="bbox 570 2600 2234 2673">
    <p class='ocr_par' dir='ltr' id='par_1_12' title="bbox 570 2600 2234 2673">
     <span class='ocr_line' id='line_1_22' title="bbox 570 2600 2234 2673; baseline -0.003 -1"><span class='ocrx_word' id='word_1_148' title='bbox 570 2641 577 2648; x_wconf 97' lang='lat'>·</span> <span class='ocrx_word' id='word_1_149' title='bbox 688 2612 775 2672; x_wconf 78' lang='lat' dir='ltr'>1ae</span> <span class='ocrx_word' id='word_1_150' title='bbox 806 2611 883 2671; x_wconf 91' lang='lat' dir='ltr'>ut</span> <span class='ocrx_word' id='word_1_151' title='bbox 909 2625 1114 2672; x_wconf 87' lang='lat' dir='ltr'>causa</span> <span class='ocrx_word' id='word_1_152' title='bbox 1141 2614 1208 2672; x_wconf 90' lang='lat' dir='ltr'>et</span> <span class='ocrx_word' id='word_1_153' title='bbox 1255 2612 1635 2673; x_wconf 86' lang='lat' dir='ltr'>causatum.</span> <span class='ocrx_word' id='word_1_154' title='bbox 1698 2602 2003 2672; x_wconf 60' lang='lat' dir='ltr'>Comus:</span> <span class='ocrx_word' id='word_1_155' title='bbox 2062 2600 2234 2668; x_wconf 91' lang='lat' dir='ltr'>Sub-</span> 
     </span>
    </p>
   </div>
   <div class='ocr_carea' id='block_1_12' title="bbox 640 2701 2233 2806">
    <p class='ocr_par' dir='ltr' id='par_1_13' title="bbox 640 2701 2233 2806">
     <span class='ocr_line' id='line_1_23' title="bbox 640 2701 2233 2806; baseline -0.002 -24"><span class='ocrx_word' id='word_1_156' title='bbox 640 2722 652 2733; x_wconf 79' lang='grc'><em>·</em></span> <span class='ocrx_word' id='word_1_157' title='bbox 690 2722 896 2796; x_wconf 87' lang='lat' dir='ltr'>stare,</span> <span class='ocrx_word' id='word_1_158' title='bbox 924 2701 1019 2800; x_wconf 22' lang='lat' dir='ltr'>&#39;et&#39;</span> <span class='ocrx_word' id='word_1_159' title='bbox 1050 2713 1303 2806; x_wconf 76' lang='lat' dir='ltr'>pertici,</span> <span class='ocrx_word' id='word_1_160' title='bbox 1347 2721 1415 2783; x_wconf 92' lang='lat' dir='ltr'>et</span> <span class='ocrx_word' id='word_1_161' title='bbox 1441 2713 1782 2806; x_wconf 80' lang='lat' dir='ltr'>suscipere</span> <span class='ocrx_word' id='word_1_162' title='bbox 1819 2721 2032 2795; x_wconf 87' lang='lat' dir='ltr'>actus,</span> <span class='ocrx_word' id='word_1_163' title='bbox 2084 2735 2233 2780; x_wconf 84' lang='lat' dir='ltr'>ma-</span> 
     </span>
    </p>
   </div>
   <div class='ocr_carea' id='block_1_13' title="bbox 568 2819 2228 2913">
    <p class='ocr_par' dir='ltr' id='par_1_14' title="bbox 568 2819 2228 2913">
     <span class='ocr_line' id='line_1_24' title="bbox 568 2819 2228 2913; baseline -0.002 -20"><span class='ocrx_word' id='word_1_164' title='bbox 568 2839 579 2847; x_wconf 74' lang='lat'><strong>·</strong></span> <span class='ocrx_word' id='word_1_165' title='bbox 689 2823 880 2892; x_wconf 80' lang='lat' dir='ltr'>teriae</span> <span class='ocrx_word' id='word_1_166' title='bbox 909 2830 1168 2892; x_wconf 89' lang='lat' dir='ltr'>suntet</span> <span class='ocrx_word' id='word_1_167' title='bbox 1205 2823 1651 2913; x_wconf 78' lang='lat' dir='ltr'>proprietates</span> <span class='ocrx_word' id='word_1_168' title='bbox 1703 2819 2177 2890; x_wconf 74' lang='lat' dir='ltr'>substantiales</span> <span class='ocrx_word' id='word_1_169' title='bbox 2211 2843 2228 2889; x_wconf 75' lang='grc' dir='ltr'><strong><em>ε</em></strong></span> 
     </span>
    </p>
   </div>
   <div class='ocr_carea' id='block_1_14' title="bbox 688 2924 2236 3451">
    <p class='ocr_par' dir='ltr' id='par_1_15' title="bbox 688 2924 2236 3451">
     <span class='ocr_line' id='line_1_25' title="bbox 690 2924 2229 3024; baseline -0.004 -27"><span class='ocrx_word' id='word_1_170' title='bbox 690 2951 854 3019; x_wconf 83' lang='lat' dir='ltr'>ergo</span> <span class='ocrx_word' id='word_1_171' title='bbox 885 2930 955 2996; x_wconf 90' lang='lat' dir='ltr'>in</span> <span class='ocrx_word' id='word_1_172' title='bbox 995 2950 1432 3020; x_wconf 88' lang='lat' dir='ltr'>quocumque</span> <span class='ocrx_word' id='word_1_173' title='bbox 1472 2928 1936 3004; x_wconf 79' lang='lat' dir='ltr'>inveniuntur.</span> <span class='ocrx_word' id='word_1_174' title='bbox 1994 2926 2062 2993; x_wconf 90' lang='lat' dir='ltr'>in</span> <span class='ocrx_word' id='word_1_175' title='bbox 2115 2924 2229 3024; x_wconf 85' lang='lat' dir='ltr'>illo</span> 
     </span>
     <span class='ocr_line' id='line_1_26' title="bbox 690 3036 2234 3132; baseline -0.003 -25"><span class='ocrx_word' id='word_1_176' title='bbox 690 3047 792 3107; x_wconf 82' lang='lat' dir='ltr'>cst</span> <span class='ocrx_word' id='word_1_177' title='bbox 832 3040 1143 3132; x_wconf 77' lang='lat' dir='ltr'>materia,</span> <span class='ocrx_word' id='word_1_178' title='bbox 1176 3037 1288 3107; x_wconf 80' lang='lat' dir='ltr'>vel</span> <span class='ocrx_word' id='word_1_179' title='bbox 1318 3036 1513 3106; x_wconf 82' lang='lat' dir='ltr'>aliud</span> <span class='ocrx_word' id='word_1_180' title='bbox 1552 3037 1736 3129; x_wconf 86' lang='lat' dir='ltr'>quod</span> <span class='ocrx_word' id='word_1_181' title='bbox 1766 3045 1868 3107; x_wconf 86' lang='lat' dir='ltr'>est</span> <span class='ocrx_word' id='word_1_182' title='bbox 1904 3047 1980 3105; x_wconf 91' lang='lat' dir='ltr'>ut</span> <span class='ocrx_word' id='word_1_183' title='bbox 2019 3044 2234 3104; x_wconf 88' lang='lat' dir='ltr'>mate-</span> 
     </span>
     <span class='ocr_line' id='line_1_27' title="bbox 690 3141 2233 3235; baseline -0.003 -21"><span class='ocrx_word' id='word_1_184' title='bbox 690 3145 789 3214; x_wconf 91' lang='lat' dir='ltr'>ria</span> <span class='ocrx_word' id='word_1_185' title='bbox 821 3168 838 3213; x_wconf 91' lang='lat'>:</span> <span class='ocrx_word' id='word_1_186' title='bbox 874 3144 993 3215; x_wconf 89' lang='lat' dir='ltr'>sed</span> <span class='ocrx_word' id='word_1_187' title='bbox 1025 3146 1097 3215; x_wconf 93' lang='lat' dir='ltr'>in</span> <span class='ocrx_word' id='word_1_188' title='bbox 1134 3145 1325 3215; x_wconf 90' lang='lat' dir='ltr'>omni</span> <span class='ocrx_word' id='word_1_189' title='bbox 1363 3145 1744 3235; x_wconf 89' lang='lat' dir='ltr'>composito</span> <span class='ocrx_word' id='word_1_190' title='bbox 1788 3141 2233 3235; x_wconf 88' lang='lat' dir='ltr'>compositio-</span> 
     </span>
     <span class='ocr_line' id='line_1_28' title="bbox 690 3251 2236 3344; baseline -0.003 -23"><span class='ocrx_word' id='word_1_191' title='bbox 690 3276 775 3323; x_wconf 87' lang='lat' dir='ltr'>ne</span> <span class='ocrx_word' id='word_1_192' title='bbox 802 3252 1105 3322; x_wconf 90' lang='lat' dir='ltr'>secunda</span> <span class='ocrx_word' id='word_1_193' title='bbox 1141 3253 1585 3322; x_wconf 82' lang='lat' dir='ltr'>inveniuntur</span> <span class='ocrx_word' id='word_1_194' title='bbox 1617 3275 1634 3321; x_wconf 70' lang='grc' dir='ltr'><strong><em>ε</em></strong></span> <span class='ocrx_word' id='word_1_195' title='bbox 1675 3275 1841 3344; x_wconf 81' lang='lat' dir='ltr'>ergo</span> <span class='ocrx_word' id='word_1_196' title='bbox 1882 3251 2236 3320; x_wconf 76' lang='lat' dir='ltr'>inveniun-</span> 
     </span>
     <span class='ocr_line' id='line_1_29' title="bbox 688 3358 2235 3451; baseline -0.001 -24"><span class='ocrx_word' id='word_1_197' title='bbox 688 3368 801 3428; x_wconf 90' lang='lat' dir='ltr'>tur</span> <span class='ocrx_word' id='word_1_198' title='bbox 835 3360 1057 3451; x_wconf 77' lang='lat' dir='ltr'>gratia</span> <span class='ocrx_word' id='word_1_199' title='bbox 1109 3360 1627 3451; x_wconf 87' lang='lat' dir='ltr'>compositionis</span> <span class='ocrx_word' id='word_1_200' title='bbox 1680 3360 1971 3451; x_wconf 83' lang='lat' dir='ltr'>primae:</span> <span class='ocrx_word' id='word_1_201' title='bbox 2021 3368 2087 3427; x_wconf 89' lang='lat' dir='ltr'>et</span> <span class='ocrx_word' id='word_1_202' title='bbox 2138 3358 2235 3426; x_wconf 90' lang='lat' dir='ltr'>sic</span> 
     </span>
    </p>
   </div>
   <div class='ocr_carea' id='block_1_15' title="bbox 578 3453 2229 3558">
    <p class='ocr_par' dir='ltr' id='par_1_16' title="bbox 578 3453 2229 3558">
     <span class='ocr_line' id='line_1_30' title="bbox 578 3453 2229 3558; baseline -0.001 -22"><span class='ocrx_word' id='word_1_203' title='bbox 578 3463 589 3470; x_wconf 69' lang='grc'><strong><em>’</em></strong></span> <span class='ocrx_word' id='word_1_204' title='bbox 690 3468 911 3558; x_wconf 86' lang='lat' dir='ltr'>prima</span> <span class='ocrx_word' id='word_1_205' title='bbox 973 3467 1382 3557; x_wconf 85' lang='lat' dir='ltr'>compositio</span> <span class='ocrx_word' id='word_1_206' title='bbox 1446 3453 1547 3534; x_wconf 81' lang='lat' dir='ltr'>e&#39;st</span> <span class='ocrx_word' id='word_1_207' title='bbox 1609 3487 1814 3535; x_wconf 89' lang='lat' dir='ltr'>causa</span> <span class='ocrx_word' id='word_1_208' title='bbox 1893 3465 2229 3534; x_wconf 83' lang='lat' dir='ltr'>secundoe.</span> 
     </span>
    </p>
   </div>
   <div class='ocr_carea' id='block_1_16' title="bbox 406 4786 607 4836">
    <p class='ocr_par' dir='ltr' id='par_1_17' title="bbox 406 4786 607 4836">
     <span class='ocr_line' id='line_1_31' title="bbox 406 4786 607 4836; baseline 0 -1"><span class='ocrx_word' id='word_1_209' title='bbox 406 4786 607 4836; x_wconf 68' lang='lat' dir='ltr'>Sol-tiu.</span> 
     </span>
    </p>
   </div>
   <div class='ocr_carea' id='block_1_17' title="bbox 675 3572 2238 3881">
    <p class='ocr_par' dir='ltr' id='par_1_18' title="bbox 675 3572 2238 3881">
     <span class='ocr_line' id='line_1_32' title="bbox 691 3572 2232 3664; baseline -0.001 -21"><span class='ocrx_word' id='word_1_210' title='bbox 691 3574 841 3645; x_wconf 84' lang='lat' dir='ltr'>Hoc</span> <span class='ocrx_word' id='word_1_211' title='bbox 870 3573 1050 3643; x_wconf 89' lang='lat' dir='ltr'>idem</span> <span class='ocrx_word' id='word_1_212' title='bbox 1082 3574 1410 3664; x_wconf 77' lang='lat' dir='ltr'>accipitur</span> <span class='ocrx_word' id='word_1_213' title='bbox 1445 3595 1485 3640; x_wconf 79' lang='lat' dir='ltr'>a</span> <span class='ocrx_word' id='word_1_214' title='bbox 1540 3572 1943 3642; x_wconf 76' lang='lat' dir='ltr'>diffinitione</span> <span class='ocrx_word' id='word_1_215' title='bbox 1998 3572 2232 3641; x_wconf 79' lang='lat' dir='ltr'>sormoe</span> 
     </span>
     <span class='ocr_line' id='line_1_33' title="bbox 692 3678 2236 3772; baseline -0.003 -21"><span class='ocrx_word' id='word_1_216' title='bbox 692 3679 1154 3761; x_wconf 83' lang='lat' dir='ltr'>accidentalis,</span> <span class='ocrx_word' id='word_1_217' title='bbox 1214 3679 1298 3749; x_wconf 91' lang='lat' dir='ltr'>de</span> <span class='ocrx_word' id='word_1_218' title='bbox 1352 3701 1489 3772; x_wconf 89' lang='lat' dir='ltr'>qua</span> <span class='ocrx_word' id='word_1_219' title='bbox 1560 3678 1830 3760; x_wconf 86' lang='lat' dir='ltr'>dicitur,</span> <span class='ocrx_word' id='word_1_220' title='bbox 1897 3679 2080 3772; x_wconf 90' lang='lat' dir='ltr'>quod</span> <span class='ocrx_word' id='word_1_221' title='bbox 2135 3687 2236 3748; x_wconf 86' lang='lat' dir='ltr'>est</span> 
     </span>
     <span class='ocr_line' id='line_1_34' title="bbox 675 3786 2238 3881; baseline -0.003 -22"><span class='ocrx_word' id='word_1_222' title='bbox 675 3789 1180 3881; x_wconf 84' lang='lat' dir='ltr'>-compositioni</span> <span class='ocrx_word' id='word_1_223' title='bbox 1268 3789 1698 3879; x_wconf 85' lang='lat' dir='ltr'>contingens.</span> <span class='ocrx_word' id='word_1_224' title='bbox 1768 3787 1965 3870; x_wconf 82' lang='lat' dir='ltr'>Item,</span> <span class='ocrx_word' id='word_1_225' title='bbox 2057 3786 2238 3881; x_wconf 90' lang='lat' dir='ltr'>quod</span> 
     </span>
    </p>
   </div>
   <div class='ocr_carea' id='block_1_18' title="bbox 694 3895 2237 4192">
    <p class='ocr_par' dir='ltr' id='par_1_19' title="bbox 694 3895 2237 4192">
     <span class='ocr_line' id='line_1_35' title="bbox 694 3895 2234 3988; baseline -0.001 -22"><span class='ocrx_word' id='word_1_226' title='bbox 694 3897 1033 3988; x_wconf 84' lang='lat' dir='ltr'>contingit</span> <span class='ocrx_word' id='word_1_227' title='bbox 1078 3895 1299 3965; x_wconf 90' lang='lat' dir='ltr'>eidem</span> <span class='ocrx_word' id='word_1_228' title='bbox 1356 3896 1599 3977; x_wconf 87' lang='lat' dir='ltr'>inesse,</span> <span class='ocrx_word' id='word_1_229' title='bbox 1666 3904 1732 3965; x_wconf 87' lang='lat' dir='ltr'>et</span> <span class='ocrx_word' id='word_1_230' title='bbox 1788 3918 1927 3964; x_wconf 89' lang='lat' dir='ltr'>non</span> <span class='ocrx_word' id='word_1_231' title='bbox 1992 3897 2234 3980; x_wconf 84' lang='lat' dir='ltr'>inesse,</span> 
     </span>
     <span class='ocr_line' id='line_1_36' title="bbox 696 4003 2013 4096; baseline -0.002 -21"><span class='ocrx_word' id='word_1_232' title='bbox 696 4014 941 4096; x_wconf 85' lang='lat' dir='ltr'>praeter</span> <span class='ocrx_word' id='word_1_233' title='bbox 976 4003 1110 4074; x_wconf 89' lang='lat' dir='ltr'>hoc</span> <span class='ocrx_word' id='word_1_234' title='bbox 1146 4003 1332 4096; x_wconf 88' lang='lat' dir='ltr'>quod</span> <span class='ocrx_word' id='word_1_235' title='bbox 1365 4003 1454 4072; x_wconf 85' lang='lat' dir='ltr'>sit</span> <span class='ocrx_word' id='word_1_236' title='bbox 1482 4026 1639 4095; x_wconf 88' lang='lat' dir='ltr'>pars</span> <span class='ocrx_word' id='word_1_237' title='bbox 1665 4026 1813 4073; x_wconf 89' lang='lat' dir='ltr'>esse</span> <span class='ocrx_word' id='word_1_238' title='bbox 1844 4003 2013 4093; x_wconf 88' lang='lat' dir='ltr'>ejus.</span> 
     </span>
     <span class='ocr_line' id='line_1_37' title="bbox 784 4111 2237 4192; baseline 0.002 -11"><span class='ocrx_word' id='word_1_239' title='bbox 784 4115 850 4182; x_wconf 79' lang='lat'>6.</span> <span class='ocrx_word' id='word_1_240' title='bbox 914 4114 1113 4192; x_wconf 88' lang='lat' dir='ltr'>Item,</span> <span class='ocrx_word' id='word_1_241' title='bbox 1184 4112 1466 4182; x_wconf 85' lang='lat' dir='ltr'>Boetius</span> <span class='ocrx_word' id='word_1_242' title='bbox 1520 4114 1589 4180; x_wconf 92' lang='lat' dir='ltr'>in</span> <span class='ocrx_word' id='word_1_243' title='bbox 1656 4111 1683 4179; x_wconf 92' lang='lat' dir='ltr'>l</span> <span class='ocrx_word' id='word_1_244' title='bbox 1734 4111 1817 4181; x_wconf 91' lang='lat' dir='ltr'>de</span> <span class='ocrx_word' id='word_1_245' title='bbox 1851 4112 2175 4183; x_wconf 75' lang='lat' dir='ltr'>Trinitale</span> <span class='ocrx_word' id='word_1_246' title='bbox 2213 4137 2237 4183; x_wconf 91' lang='lat'>.·</span> 
     </span>
    </p>
   </div>
   <div class='ocr_carea' id='block_1_19' title="bbox 636 4202 2240 4313">
    <p class='ocr_par' dir='ltr' id='par_1_20' title="bbox 636 4202 2240 4313">
     <span class='ocr_line' id='line_1_38' title="bbox 636 4202 2240 4313; baseline 0.002 -23"><span class='ocrx_word' id='word_1_247' title='bbox 636 4202 645 4208; x_wconf 35' lang='lat'><strong>⁹</strong></span> <span class='ocrx_word' id='word_1_248' title='bbox 698 4222 943 4291; x_wconf 79' lang='lat' dir='ltr'>Forma</span> <span class='ocrx_word' id='word_1_249' title='bbox 973 4220 1266 4312; x_wconf 82' lang='lat' dir='ltr'>simplex</span> <span class='ocrx_word' id='word_1_250' title='bbox 1294 4218 1462 4289; x_wconf 92' lang='lat' dir='ltr'>nulli</span> <span class='ocrx_word' id='word_1_251' title='bbox 1485 4219 1864 4310; x_wconf 88' lang='lat' dir='ltr'>subjectum</span> <span class='ocrx_word' id='word_1_252' title='bbox 1902 4245 2047 4291; x_wconf 88' lang='lat' dir='ltr'>esse</span> <span class='ocrx_word' id='word_1_253' title='bbox 2086 4233 2240 4313; x_wconf 88' lang='lat' dir='ltr'>pot-</span> 
     </span>
    </p>
   </div>
   <div class='ocr_carea' id='block_1_20' title="bbox 696 4326 2243 4616">
    <p class='ocr_par' dir='ltr' id='par_1_21' title="bbox 696 4326 2243 4616">
     <span class='ocr_line' id='line_1_39' title="bbox 696 4326 2243 4423; baseline 0 -24"><span class='ocrx_word' id='word_1_254' title='bbox 696 4339 821 4401; x_wconf 91' lang='lat' dir='ltr'>est.</span> <span class='ocrx_word' id='word_1_255' title='bbox 879 4329 965 4399; x_wconf 84' lang='lat' dir='ltr'>Et</span> <span class='ocrx_word' id='word_1_256' title='bbox 1019 4328 1154 4397; x_wconf 83' lang='lat' dir='ltr'>alia</span> <span class='ocrx_word' id='word_1_257' title='bbox 1210 4327 1427 4397; x_wconf 84' lang='lat' dir='ltr'>multa</span> <span class='ocrx_word' id='word_1_258' title='bbox 1488 4328 1570 4397; x_wconf 87' lang='lat' dir='ltr'>de</span> <span class='ocrx_word' id='word_1_259' title='bbox 1617 4326 1750 4398; x_wconf 91' lang='lat' dir='ltr'>hoc</span> <span class='ocrx_word' id='word_1_260' title='bbox 1811 4328 2049 4399; x_wconf 87' lang='lat' dir='ltr'>adduci</span> <span class='ocrx_word' id='word_1_261' title='bbox 2078 4353 2243 4423; x_wconf 86' lang='lat' dir='ltr'>pos-</span> 
     </span>
     <span class='ocr_line' id='line_1_40' title="bbox 698 4437 2241 4530; baseline 0.001 -24"><span class='ocrx_word' id='word_1_262' title='bbox 698 4447 887 4523; x_wconf 87' lang='lat' dir='ltr'>sunt,</span> <span class='ocrx_word' id='word_1_263' title='bbox 919 4460 1070 4530; x_wconf 80' lang='lat' dir='ltr'>quoe</span> <span class='ocrx_word' id='word_1_264' title='bbox 1098 4437 1258 4506; x_wconf 89' lang='lat' dir='ltr'>alibi</span> <span class='ocrx_word' id='word_1_265' title='bbox 1288 4460 1330 4506; x_wconf 90' lang='lat' dir='ltr'>a</span> <span class='ocrx_word' id='word_1_266' title='bbox 1369 4437 1567 4506; x_wconf 87' lang='lat' dir='ltr'>nobis</span> <span class='ocrx_word' id='word_1_267' title='bbox 1598 4437 1839 4507; x_wconf 89' lang='lat' dir='ltr'>tradita</span> <span class='ocrx_word' id='word_1_268' title='bbox 1877 4439 2241 4508; x_wconf 80' lang='lat' dir='ltr'>inveniun-</span> 
     </span>
     <span class='ocr_line' id='line_1_41' title="bbox 700 4556 832 4616; baseline -0.023 0"><span class='ocrx_word' id='word_1_269' title='bbox 700 4556 832 4616; x_wconf 90' lang='lat' dir='ltr'>tur.</span> 
     </span>
    </p>
   </div>
   <div class='ocr_carea' id='block_1_21' title="bbox 700 4752 2239 5170">
    <p class='ocr_par' dir='ltr' id='par_1_22' title="bbox 700 4752 2239 5170">
     <span class='ocr_line' id='line_1_42' title="bbox 796 4752 2235 4846; baseline -0.001 -24"><span class='ocrx_word' id='word_1_270' title='bbox 796 4752 1114 4822; x_wconf 74' lang='lat' dir='ltr'>Somno.</span> <span class='ocrx_word' id='word_1_271' title='bbox 1165 4752 1532 4822; x_wconf 87' lang='lat' dir='ltr'>Consentio</span> <span class='ocrx_word' id='word_1_272' title='bbox 1592 4754 1660 4821; x_wconf 93' lang='lat' dir='ltr'>in</span> <span class='ocrx_word' id='word_1_273' title='bbox 1714 4752 1889 4822; x_wconf 89' lang='lat' dir='ltr'>hanc</span> <span class='ocrx_word' id='word_1_274' title='bbox 1950 4765 2235 4846; x_wconf 86' lang='lat' dir='ltr'>partem,</span> 
     </span>
     <span class='ocr_line' id='line_1_43' title="bbox 703 4861 2237 4954; baseline 0 -23"><span class='ocrx_word' id='word_1_275' title='bbox 703 4861 888 4953; x_wconf 89' lang='lat' dir='ltr'>quod</span> <span class='ocrx_word' id='word_1_276' title='bbox 917 4862 1146 4931; x_wconf 88' lang='lat' dir='ltr'>anima</span> <span class='ocrx_word' id='word_1_277' title='bbox 1200 4861 1647 4932; x_wconf 79' lang='lat' dir='ltr'>essentialiter</span> <span class='ocrx_word' id='word_1_278' title='bbox 1699 4863 1786 4931; x_wconf 89' lang='lat' dir='ltr'>sit</span> <span class='ocrx_word' id='word_1_279' title='bbox 1838 4866 2237 4954; x_wconf 82' lang='lat' dir='ltr'>composita,</span> 
     </span>
     <span class='ocr_line' id='line_1_44' title="bbox 700 4970 2239 5041; baseline 0.001 -1"><span class='ocrx_word' id='word_1_280' title='bbox 700 4971 818 5040; x_wconf 90' lang='lat' dir='ltr'>sed</span> <span class='ocrx_word' id='word_1_281' title='bbox 850 4993 990 5039; x_wconf 92' lang='lat' dir='ltr'>non</span> <span class='ocrx_word' id='word_1_282' title='bbox 1029 4992 1114 5039; x_wconf 86' lang='lat' dir='ltr'>ex</span> <span class='ocrx_word' id='word_1_283' title='bbox 1179 4973 1461 5040; x_wconf 88' lang='lat' dir='ltr'>materia</span> <span class='ocrx_word' id='word_1_284' title='bbox 1518 4980 1583 5039; x_wconf 87' lang='lat' dir='ltr'>et</span> <span class='ocrx_word' id='word_1_285' title='bbox 1646 4970 1921 5040; x_wconf 76' lang='lat' dir='ltr'>forma:</span> <span class='ocrx_word' id='word_1_286' title='bbox 1983 4982 2051 5041; x_wconf 85' lang='lat' dir='ltr'>et</span> <span class='ocrx_word' id='word_1_287' title='bbox 2112 4970 2239 5041; x_wconf 89' lang='lat' dir='ltr'>hoc</span> 
     </span>
     <span class='ocr_line' id='line_1_45' title="bbox 701 5075 2239 5170; baseline -0.001 -24"><span class='ocrx_word' id='word_1_288' title='bbox 701 5077 884 5162; x_wconf 84' lang='lat' dir='ltr'>ideo,</span> <span class='ocrx_word' id='word_1_289' title='bbox 925 5078 1087 5170; x_wconf 87' lang='lat' dir='ltr'>quia</span> <span class='ocrx_word' id='word_1_290' title='bbox 1118 5075 1579 5169; x_wconf 85' lang='lat' dir='ltr'>Philosophus</span> <span class='ocrx_word' id='word_1_291' title='bbox 1642 5080 1712 5147; x_wconf 89' lang='lat' dir='ltr'>in</span> <span class='ocrx_word' id='word_1_292' title='bbox 1768 5101 1949 5148; x_wconf 89' lang='lat' dir='ltr'>nono</span> <span class='ocrx_word' id='word_1_293' title='bbox 1997 5080 2239 5170; x_wconf 59' lang='grc' dir='ltr'>ιιι-ἔπιε</span> 
     </span>
    </p>
   </div>
   <div class='ocr_carea' id='block_1_22' title="bbox 693 5185 2240 5279">
    <p class='ocr_par' dir='ltr' id='par_1_23' title="bbox 693 5185 2240 5279">
     <span class='ocr_line' id='line_1_46' title="bbox 693 5185 2240 5279; baseline 0 -25"><span class='ocrx_word' id='word_1_294' title='bbox 693 5187 1149 5279; x_wconf 72' lang='lat' dir='ltr'>pleilosoplziae</span> <span class='ocrx_word' id='word_1_295' title='bbox 1178 5186 1364 5267; x_wconf 90' lang='lat' dir='ltr'>dicit,</span> <span class='ocrx_word' id='word_1_296' title='bbox 1417 5185 1601 5279; x_wconf 91' lang='lat' dir='ltr'>quod</span> <span class='ocrx_word' id='word_1_297' title='bbox 1665 5188 1947 5255; x_wconf 87' lang='lat' dir='ltr'>materia</span> <span class='ocrx_word' id='word_1_298' title='bbox 1992 5210 2240 5278; x_wconf 84' lang='lat' dir='ltr'>cogno·</span> 
     </span>
    </p>
   </div>
   <div class='ocr_carea' id='block_1_23' title="bbox 698 5297 2238 5715">
    <p class='ocr_par' dir='ltr' id='par_1_24' title="bbox 698 5297 2238 5715">
     <span class='ocr_line' id='line_1_47' title="bbox 699 5297 2238 5388; baseline -0.001 -22"><span class='ocrx_word' id='word_1_299' title='bbox 699 5299 911 5368; x_wconf 88' lang='lat' dir='ltr'>scitur</span> <span class='ocrx_word' id='word_1_300' title='bbox 939 5318 1061 5388; x_wconf 91' lang='lat' dir='ltr'>per</span> <span class='ocrx_word' id='word_1_301' title='bbox 1088 5297 1463 5388; x_wconf 88' lang='lat' dir='ltr'>potentiam</span> <span class='ocrx_word' id='word_1_302' title='bbox 1490 5298 1580 5367; x_wconf 90' lang='lat' dir='ltr'>ad</span> <span class='ocrx_word' id='word_1_303' title='bbox 1619 5306 1910 5378; x_wconf 89' lang='lat' dir='ltr'>motum,</span> <span class='ocrx_word' id='word_1_304' title='bbox 1970 5306 2035 5366; x_wconf 87' lang='lat' dir='ltr'>et</span> <span class='ocrx_word' id='word_1_305' title='bbox 2082 5321 2238 5365; x_wconf 90' lang='lat' dir='ltr'>mu-</span> 
     </span>
     <span class='ocr_line' id='line_1_48' title="bbox 698 5402 2237 5486; baseline -0.003 -10"><span class='ocrx_word' id='word_1_306' title='bbox 698 5408 1031 5476; x_wconf 90' lang='lat' dir='ltr'>tationem</span> <span class='ocrx_word' id='word_1_307' title='bbox 1065 5426 1081 5471; x_wconf 90' lang='lat'>:</span> <span class='ocrx_word' id='word_1_308' title='bbox 1118 5402 1205 5472; x_wconf 90' lang='lat' dir='ltr'>ad</span> <span class='ocrx_word' id='word_1_309' title='bbox 1236 5415 1525 5486; x_wconf 87' lang='lat' dir='ltr'>motum,</span> <span class='ocrx_word' id='word_1_310' title='bbox 1558 5406 1733 5474; x_wconf 90' lang='lat' dir='ltr'>sicut</span> <span class='ocrx_word' id='word_1_311' title='bbox 1770 5406 1840 5473; x_wconf 91' lang='lat' dir='ltr'>in</span> <span class='ocrx_word' id='word_1_312' title='bbox 1868 5403 2037 5475; x_wconf 85' lang='lat' dir='ltr'>coelo</span> <span class='ocrx_word' id='word_1_313' title='bbox 2080 5430 2097 5473; x_wconf 72' lang='grc' dir='ltr'>ε</span> <span class='ocrx_word' id='word_1_314' title='bbox 2152 5403 2237 5473; x_wconf 89' lang='lat' dir='ltr'>ad</span> 
     </span>
     <span class='ocr_line' id='line_1_49' title="bbox 699 5513 2237 5606; baseline -0.001 -22"><span class='ocrx_word' id='word_1_315' title='bbox 699 5515 1177 5592; x_wconf 79' lang='lat' dir='ltr'>mutationem,</span> <span class='ocrx_word' id='word_1_316' title='bbox 1236 5513 1411 5581; x_wconf 88' lang='lat' dir='ltr'>sicut</span> <span class='ocrx_word' id='word_1_317' title='bbox 1465 5515 1537 5583; x_wconf 90' lang='lat' dir='ltr'>in</span> <span class='ocrx_word' id='word_1_318' title='bbox 1598 5514 2099 5606; x_wconf 84' lang='lat' dir='ltr'>generabilibus</span> <span class='ocrx_word' id='word_1_319' title='bbox 2172 5523 2237 5583; x_wconf 85' lang='lat' dir='ltr'>et</span> 
     </span>
     <span class='ocr_line' id='line_1_50' title="bbox 698 5620 2233 5715; baseline -0.003 -22"><span class='ocrx_word' id='word_1_320' title='bbox 698 5620 1274 5715; x_wconf 88' lang='lat' dir='ltr'>corruptibilibus,</span> <span class='ocrx_word' id='word_1_321' title='bbox 1351 5620 1726 5690; x_wconf 89' lang='lat' dir='ltr'>secundum</span> <span class='ocrx_word' id='word_1_322' title='bbox 1795 5622 1973 5713; x_wconf 92' lang='lat' dir='ltr'>quod</span> <span class='ocrx_word' id='word_1_323' title='bbox 2031 5622 2233 5690; x_wconf 89' lang='lat' dir='ltr'>etiam</span> 
     </span>
    </p>
   </div>
   <div class='ocr_carea' id='block_1_24' title="bbox 1535 273 2299 366">
    <p class='ocr_par' dir='ltr' id='par_1_25' title="bbox 1535 273 2299 366">
     <span class='ocr_line' id='line_1_51' title="bbox 1535 273 2299 366; baseline 0.005 -9"><span class='ocrx_word' id='word_1_324' title='bbox 1535 346 1543 357; x_wconf 93' lang='lat'>.</span> <span class='ocrx_word' id='word_1_325' title='bbox 1586 277 1615 344; x_wconf 72' lang='lat' dir='ltr'><em>f</em></span> <span class='ocrx_word' id='word_1_326' title='bbox 1702 297 1785 365; x_wconf 88' lang='lat' dir='ltr'>D.</span> <span class='ocrx_word' id='word_1_327' title='bbox 1838 273 2053 366; x_wconf 83' lang='lat' dir='ltr'>ALB.</span> <span class='ocrx_word' id='word_1_328' title='bbox 2087 293 2299 363; x_wconf 86' lang='lat' dir='ltr'>MAG.</span> 
     </span>
    </p>
   </div>
   <div class='ocr_carea' id='block_1_25' title="bbox 2352 293 2994 392">
    <p class='ocr_par' dir='ltr' id='par_1_26' title="bbox 2352 293 2994 392">
     <span class='ocr_line' id='line_1_52' title="bbox 2352 293 2994 392; baseline 0 -29"><span class='ocrx_word' id='word_1_329' title='bbox 2352 293 2557 363; x_wconf 78' lang='lat' dir='ltr'>oan.</span> <span class='ocrx_word' id='word_1_330' title='bbox 2609 294 2908 363; x_wconf 83' lang='lat' dir='ltr'>PRAED.</span> <span class='ocrx_word' id='word_1_331' title='bbox 2987 387 2994 392; x_wconf 69' lang='lat'>‚</span> 
     </span>
    </p>
   </div>
   <div class='ocr_carea' id='block_1_26' title="bbox 2335 452 3906 3126">
    <p class='ocr_par' dir='ltr' id='par_1_27' title="bbox 2335 452 3906 3126">
     <span class='ocr_line' id='line_1_53' title="bbox 2355 452 3904 541; baseline -0.005 -14"><span class='ocrx_word' id='word_1_332' title='bbox 2355 461 2680 528; x_wconf 82' lang='lat' dir='ltr'>diffinitur</span> <span class='ocrx_word' id='word_1_333' title='bbox 2727 452 3011 529; x_wconf 82' lang='lat' dir='ltr'>matoria</span> <span class='ocrx_word' id='word_1_334' title='bbox 3051 459 3189 541; x_wconf 62' lang='lat' dir='ltr'>infl</span> <span class='ocrx_word' id='word_1_335' title='bbox 3232 459 3313 526; x_wconf 90' lang='lat' dir='ltr'>de</span> <span class='ocrx_word' id='word_1_336' title='bbox 3359 455 3806 525; x_wconf 81' lang='lat' dir='ltr'>Generalione</span> <span class='ocrx_word' id='word_1_337' title='bbox 3842 465 3904 520; x_wconf 80' lang='lat' dir='ltr'>et</span> 
     </span>
     <span class='ocr_line' id='line_1_54' title="bbox 2356 562 3906 655; baseline -0.006 -22"><span class='ocrx_word' id='word_1_338' title='bbox 2356 567 2826 655; x_wconf 64' lang='lat' dir='ltr'>Cor-ruptione,</span> <span class='ocrx_word' id='word_1_339' title='bbox 2863 566 3050 655; x_wconf 92' lang='lat' dir='ltr'>quod</span> <span class='ocrx_word' id='word_1_340' title='bbox 3115 566 3233 632; x_wconf 85' lang='lat' dir='ltr'>illa</span> <span class='ocrx_word' id='word_1_341' title='bbox 3300 562 3579 653; x_wconf 90' lang='lat' dir='ltr'>quidem</span> <span class='ocrx_word' id='word_1_342' title='bbox 3646 566 3747 626; x_wconf 85' lang='lat' dir='ltr'>est</span> <span class='ocrx_word' id='word_1_343' title='bbox 3788 580 3906 648; x_wconf 90' lang='lat' dir='ltr'>per</span> 
     </span>
     <span class='ocr_line' id='line_1_55' title="bbox 2351 666 3903 761; baseline -0.003 -26"><span class='ocrx_word' id='word_1_344' title='bbox 2351 693 2446 746; x_wconf 85' lang='lat' dir='ltr'>sc,</span> <span class='ocrx_word' id='word_1_345' title='bbox 2499 679 2564 736; x_wconf 92' lang='lat' dir='ltr'>et</span> <span class='ocrx_word' id='word_1_346' title='bbox 2602 673 2821 759; x_wconf 89' lang='lat' dir='ltr'>primo</span> <span class='ocrx_word' id='word_1_347' title='bbox 2862 672 3245 758; x_wconf 85' lang='lat' dir='ltr'>subjectum</span> <span class='ocrx_word' id='word_1_348' title='bbox 3305 666 3771 761; x_wconf 83' lang='lat' dir='ltr'>generationis</span> <span class='ocrx_word' id='word_1_349' title='bbox 3836 672 3903 731; x_wconf 84' lang='lat' dir='ltr'>et</span> 
     </span>
     <span class='ocr_line' id='line_1_56' title="bbox 2350 778 3904 868; baseline -0.004 -26"><span class='ocrx_word' id='word_1_350' title='bbox 2350 778 2828 865; x_wconf 79' lang='lat' dir='ltr'>corruptionis,</span> <span class='ocrx_word' id='word_1_351' title='bbox 2898 800 3020 866; x_wconf 87' lang='lat' dir='ltr'>per</span> <span class='ocrx_word' id='word_1_352' title='bbox 3072 800 3500 868; x_wconf 88' lang='lat' dir='ltr'>consequens</span> <span class='ocrx_word' id='word_1_353' title='bbox 3549 783 3778 844; x_wconf 84' lang='lat' dir='ltr'>autem</span> <span class='ocrx_word' id='word_1_354' title='bbox 3836 779 3904 838; x_wconf 90' lang='lat' dir='ltr'>et</span> 
     </span>
     <span class='ocr_line' id='line_1_57' title="bbox 2351 881 3904 971; baseline -0.002 -23"><span class='ocrx_word' id='word_1_355' title='bbox 2351 882 2664 952; x_wconf 87' lang='lat' dir='ltr'>aliorum.</span> <span class='ocrx_word' id='word_1_356' title='bbox 2705 883 2777 950; x_wconf 85' lang='lat' dir='ltr'>ln</span> <span class='ocrx_word' id='word_1_357' title='bbox 2819 886 3048 950; x_wconf 84' lang='lat' dir='ltr'>anima</span> <span class='ocrx_word' id='word_1_358' title='bbox 3089 892 3313 950; x_wconf 85' lang='lat' dir='ltr'>autem</span> <span class='ocrx_word' id='word_1_359' title='bbox 3350 881 3742 971; x_wconf 86' lang='lat' dir='ltr'>hujusmodi</span> <span class='ocrx_word' id='word_1_360' title='bbox 3774 901 3904 970; x_wconf 92' lang='lat' dir='ltr'>po-</span> 
     </span>
     <span class='ocr_line' id='line_1_58' title="bbox 2350 988 3901 1058; baseline -0.004 0"><span class='ocrx_word' id='word_1_361' title='bbox 2350 992 2560 1058; x_wconf 86' lang='lat' dir='ltr'>tentia</span> <span class='ocrx_word' id='word_1_362' title='bbox 2590 1013 2727 1058; x_wconf 91' lang='lat' dir='ltr'>non</span> <span class='ocrx_word' id='word_1_363' title='bbox 2757 992 3104 1058; x_wconf 84' lang='lat' dir='ltr'>invenitur</span> <span class='ocrx_word' id='word_1_364' title='bbox 3139 1013 3153 1056; x_wconf 89' lang='lat'>:</span> <span class='ocrx_word' id='word_1_365' title='bbox 3190 999 3255 1057; x_wconf 90' lang='lat' dir='ltr'>et</span> <span class='ocrx_word' id='word_1_366' title='bbox 3289 989 3440 1056; x_wconf 86' lang='lat' dir='ltr'>ideo</span> <span class='ocrx_word' id='word_1_367' title='bbox 3496 989 3775 1056; x_wconf 85' lang='lat' dir='ltr'>Boetius</span> <span class='ocrx_word' id='word_1_368' title='bbox 3832 988 3901 1053; x_wconf 91' lang='lat' dir='ltr'>in</span> 
     </span>
     <span class='ocr_line' id='line_1_59' title="bbox 2351 1099 3898 1186; baseline -0.003 -21"><span class='ocrx_word' id='word_1_369' title='bbox 2351 1099 2483 1168; x_wconf 83' lang='lat' dir='ltr'>tine</span> <span class='ocrx_word' id='word_1_370' title='bbox 2514 1099 2663 1166; x_wconf 88' lang='lat' dir='ltr'>libri</span> <span class='ocrx_word' id='word_1_371' title='bbox 2704 1099 2786 1168; x_wconf 91' lang='lat' dir='ltr'>de</span> <span class='ocrx_word' id='word_1_372' title='bbox 2813 1100 3422 1169; x_wconf 47' lang='lat' dir='ltr'>Duabus‘naturis</span> <span class='ocrx_word' id='word_1_373' title='bbox 3453 1099 3524 1163; x_wconf 84' lang='lat' dir='ltr'>in</span> <span class='ocrx_word' id='word_1_374' title='bbox 3567 1120 3707 1163; x_wconf 81' lang='lat' dir='ltr'>una</span> <span class='ocrx_word' id='word_1_375' title='bbox 3738 1119 3898 1186; x_wconf 76' lang='lat' dir='ltr'>pet-</span> 
     </span>
     <span class='ocr_line' id='line_1_60' title="bbox 2344 1202 3900 1296; baseline -0.001 -24"><span class='ocrx_word' id='word_1_376' title='bbox 2344 1229 2514 1272; x_wconf 80' lang='lat' dir='ltr'>sona</span> <span class='ocrx_word' id='word_1_377' title='bbox 2554 1207 2829 1283; x_wconf 76' lang='lat' dir='ltr'>Christi,</span> <span class='ocrx_word' id='word_1_378' title='bbox 2865 1207 3029 1274; x_wconf 91' lang='lat' dir='ltr'>dicit</span> <span class='ocrx_word' id='word_1_379' title='bbox 3074 1205 3456 1296; x_wconf 86' lang='lat' dir='ltr'>spiritualia</span> <span class='ocrx_word' id='word_1_380' title='bbox 3488 1226 3627 1271; x_wconf 91' lang='lat' dir='ltr'>non</span> <span class='ocrx_word' id='word_1_381' title='bbox 3650 1202 3900 1270; x_wconf 89' lang='lat' dir='ltr'>habere</span> 
     </span>
     <span class='ocr_line' id='line_1_61' title="bbox 2350 1309 3899 1401; baseline -0.001 -23"><span class='ocrx_word' id='word_1_382' title='bbox 2350 1314 2727 1381; x_wconf 87' lang='lat' dir='ltr'>materiam.</span> <span class='ocrx_word' id='word_1_383' title='bbox 2792 1313 2924 1381; x_wconf 88' lang='lat' dir='ltr'>Sed</span> <span class='ocrx_word' id='word_1_384' title='bbox 3004 1314 3333 1382; x_wconf 88' lang='lat' dir='ltr'>Doctores</span> <span class='ocrx_word' id='word_1_385' title='bbox 3402 1313 3662 1393; x_wconf 88' lang='lat' dir='ltr'>dicunt,</span> <span class='ocrx_word' id='word_1_386' title='bbox 3715 1309 3899 1401; x_wconf 91' lang='lat' dir='ltr'>quod</span> 
     </span>
     <span class='ocr_line' id='line_1_62' title="bbox 2347 1421 3893 1511; baseline 0 -25"><span class='ocrx_word' id='word_1_387' title='bbox 2347 1428 2448 1486; x_wconf 89' lang='lat' dir='ltr'>est</span> <span class='ocrx_word' id='word_1_388' title='bbox 2478 1423 2858 1511; x_wconf 89' lang='lat' dir='ltr'>composita</span> <span class='ocrx_word' id='word_1_389' title='bbox 2897 1443 2980 1490; x_wconf 90' lang='lat' dir='ltr'>ex</span> <span class='ocrx_word' id='word_1_390' title='bbox 3011 1421 3193 1511; x_wconf 92' lang='lat' dir='ltr'>quod</span> <span class='ocrx_word' id='word_1_391' title='bbox 3251 1430 3378 1500; x_wconf 89' lang='lat' dir='ltr'>est,</span> <span class='ocrx_word' id='word_1_392' title='bbox 3440 1430 3506 1488; x_wconf 90' lang='lat' dir='ltr'>et</span> <span class='ocrx_word' id='word_1_393' title='bbox 3567 1441 3705 1510; x_wconf 91' lang='lat' dir='ltr'>quo</span> <span class='ocrx_word' id='word_1_394' title='bbox 3744 1427 3893 1487; x_wconf 88' lang='lat' dir='ltr'>est:</span> 
     </span>
     <span class='ocr_line' id='line_1_63' title="bbox 2344 1527 3903 1618; baseline 0 -25"><span class='ocrx_word' id='word_1_395' title='bbox 2344 1535 2411 1593; x_wconf 91' lang='lat' dir='ltr'>et</span> <span class='ocrx_word' id='word_1_396' title='bbox 2448 1536 2611 1595; x_wconf 89' lang='lat' dir='ltr'>tunc</span> <span class='ocrx_word' id='word_1_397' title='bbox 2648 1527 2830 1618; x_wconf 86' lang='lat' dir='ltr'>quod</span> <span class='ocrx_word' id='word_1_398' title='bbox 2870 1535 2972 1596; x_wconf 87' lang='lat' dir='ltr'>est</span> <span class='ocrx_word' id='word_1_399' title='bbox 3001 1527 3224 1596; x_wconf 80' lang='lat' dir='ltr'>differt</span> <span class='ocrx_word' id='word_1_400' title='bbox 3279 1551 3318 1594; x_wconf 88' lang='lat' dir='ltr'>a</span> <span class='ocrx_word' id='word_1_401' title='bbox 3373 1528 3685 1607; x_wconf 87' lang='lat' dir='ltr'>materia,</span> <span class='ocrx_word' id='word_1_402' title='bbox 3729 1527 3903 1594; x_wconf 85' lang='lat' dir='ltr'>sicut</span> 
     </span>
     <span class='ocr_line' id='line_1_64' title="bbox 2344 1634 3895 1727; baseline -0.002 -23"><span class='ocrx_word' id='word_1_403' title='bbox 2344 1637 2772 1727; x_wconf 88' lang='lat' dir='ltr'>suppositum</span> <span class='ocrx_word' id='word_1_404' title='bbox 2810 1635 3037 1705; x_wconf 80' lang='lat' dir='ltr'>differt</span> <span class='ocrx_word' id='word_1_405' title='bbox 3075 1661 3115 1704; x_wconf 90' lang='lat' dir='ltr'>a</span> <span class='ocrx_word' id='word_1_406' title='bbox 3155 1637 3457 1727; x_wconf 84' lang='lat' dir='ltr'>potentia</span> <span class='ocrx_word' id='word_1_407' title='bbox 3487 1634 3572 1702; x_wconf 91' lang='lat' dir='ltr'>ad</span> <span class='ocrx_word' id='word_1_408' title='bbox 3602 1634 3895 1703; x_wconf 89' lang='lat' dir='ltr'>formam</span> 
     </span>
     <span class='ocr_line' id='line_1_65' title="bbox 2344 1743 3898 1834; baseline -0.001 -25"><span class='ocrx_word' id='word_1_409' title='bbox 2344 1745 2447 1810; x_wconf 90' lang='lat' dir='ltr'>cui</span> <span class='ocrx_word' id='word_1_410' title='bbox 2480 1745 2907 1834; x_wconf 90' lang='lat' dir='ltr'>supponitur.</span> <span class='ocrx_word' id='word_1_411' title='bbox 2972 1743 3048 1812; x_wconf 88' lang='lat' dir='ltr'>ld</span> <span class='ocrx_word' id='word_1_412' title='bbox 3112 1746 3294 1812; x_wconf 89' lang='lat' dir='ltr'>enim</span> <span class='ocrx_word' id='word_1_413' title='bbox 3366 1743 3551 1834; x_wconf 91' lang='lat' dir='ltr'>quod</span> <span class='ocrx_word' id='word_1_414' title='bbox 3608 1752 3733 1827; x_wconf 90' lang='lat' dir='ltr'>est,</span> <span class='ocrx_word' id='word_1_415' title='bbox 3796 1750 3898 1809; x_wconf 89' lang='lat' dir='ltr'>est</span> 
     </span>
     <span class='ocr_line' id='line_1_66' title="bbox 2342 1845 3894 1939; baseline -0.001 -25"><span class='ocrx_word' id='word_1_416' title='bbox 2342 1845 2475 1915; x_wconf 93' lang='lat' dir='ltr'>hoc</span> <span class='ocrx_word' id='word_1_417' title='bbox 2501 1848 2760 1939; x_wconf 88' lang='lat' dir='ltr'>aliquid</span> <span class='ocrx_word' id='word_1_418' title='bbox 2791 1848 2976 1939; x_wconf 91' lang='lat' dir='ltr'>quod</span> <span class='ocrx_word' id='word_1_419' title='bbox 3013 1847 3448 1939; x_wconf 83' lang='lat' dir='ltr'>praedicabile</span> <span class='ocrx_word' id='word_1_420' title='bbox 3506 1856 3608 1916; x_wconf 89' lang='lat' dir='ltr'>cst</span> <span class='ocrx_word' id='word_1_421' title='bbox 3672 1846 3756 1914; x_wconf 90' lang='lat' dir='ltr'>de</span> <span class='ocrx_word' id='word_1_422' title='bbox 3812 1868 3894 1914; x_wconf 91' lang='lat' dir='ltr'>eo</span> 
     </span>
     <span class='ocr_line' id='line_1_67' title="bbox 2345 1954 3898 2047; baseline 0 -25"><span class='ocrx_word' id='word_1_423' title='bbox 2345 1954 2526 2045; x_wconf 90' lang='lat' dir='ltr'>quod</span> <span class='ocrx_word' id='word_1_424' title='bbox 2557 1964 2660 2025; x_wconf 89' lang='lat' dir='ltr'>est</span> <span class='ocrx_word' id='word_1_425' title='bbox 2701 1978 2716 2023; x_wconf 74' lang='grc' dir='ltr'><strong>ε</strong></span> <span class='ocrx_word' id='word_1_426' title='bbox 2751 1979 2888 2047; x_wconf 92' lang='lat' dir='ltr'>quo</span> <span class='ocrx_word' id='word_1_427' title='bbox 2928 1965 3033 2025; x_wconf 88' lang='lat' dir='ltr'>est</span> <span class='ocrx_word' id='word_1_428' title='bbox 3081 1966 3310 2025; x_wconf 88' lang='lat' dir='ltr'>autem</span> <span class='ocrx_word' id='word_1_429' title='bbox 3354 1979 3494 2024; x_wconf 92' lang='lat' dir='ltr'>non</span> <span class='ocrx_word' id='word_1_430' title='bbox 3550 1956 3898 2024; x_wconf 86' lang='lat' dir='ltr'>invenitur</span> 
     </span>
     <span class='ocr_line' id='line_1_68' title="bbox 2343 2063 3897 2153; baseline -0.001 -23"><span class='ocrx_word' id='word_1_431' title='bbox 2343 2064 2638 2151; x_wconf 90' lang='lat' dir='ltr'>positum</span> <span class='ocrx_word' id='word_1_432' title='bbox 2669 2063 2754 2131; x_wconf 89' lang='lat' dir='ltr'>ab</span> <span class='ocrx_word' id='word_1_433' title='bbox 2790 2065 3089 2132; x_wconf 81' lang='lat' dir='ltr'>Auctore</span> <span class='ocrx_word' id='word_1_434' title='bbox 3132 2082 3149 2132; x_wconf 72' lang='grc' dir='ltr'>ε</span> <span class='ocrx_word' id='word_1_435' title='bbox 3203 2064 3327 2133; x_wconf 90' lang='lat' dir='ltr'>sed</span> <span class='ocrx_word' id='word_1_436' title='bbox 3379 2064 3662 2132; x_wconf 89' lang='lat' dir='ltr'>Boetius</span> <span class='ocrx_word' id='word_1_437' title='bbox 3699 2065 3897 2153; x_wconf 90' lang='lat' dir='ltr'>ponit</span> 
     </span>
     <span class='ocr_line' id='line_1_69' title="bbox 2342 2170 3895 2241; baseline 0.001 -3"><span class='ocrx_word' id='word_1_438' title='bbox 2342 2192 2488 2239; x_wconf 90' lang='lat' dir='ltr'>esse</span> <span class='ocrx_word' id='word_1_439' title='bbox 2523 2194 2540 2240; x_wconf 73' lang='grc' dir='ltr'><strong><em>ε</em></strong></span> <span class='ocrx_word' id='word_1_440' title='bbox 2574 2179 2641 2239; x_wconf 88' lang='lat' dir='ltr'>et</span> <span class='ocrx_word' id='word_1_441' title='bbox 2676 2171 2808 2241; x_wconf 92' lang='lat' dir='ltr'>hoc</span> <span class='ocrx_word' id='word_1_442' title='bbox 2846 2179 2950 2241; x_wconf 86' lang='lat' dir='ltr'>est</span> <span class='ocrx_word' id='word_1_443' title='bbox 2995 2172 3288 2240; x_wconf 88' lang='lat' dir='ltr'>essentia</span> <span class='ocrx_word' id='word_1_444' title='bbox 3345 2170 3722 2241; x_wconf 90' lang='lat' dir='ltr'>secundum</span> <span class='ocrx_word' id='word_1_445' title='bbox 3787 2193 3895 2240; x_wconf 90' lang='lat' dir='ltr'>ac-</span> 
     </span>
     <span class='ocr_line' id='line_1_70' title="bbox 2341 2274 3890 2371; baseline 0 -24"><span class='ocrx_word' id='word_1_446' title='bbox 2341 2287 2486 2347; x_wconf 92' lang='lat' dir='ltr'>tum</span> <span class='ocrx_word' id='word_1_447' title='bbox 2525 2302 2729 2371; x_wconf 88' lang='lat' dir='ltr'>quem</span> <span class='ocrx_word' id='word_1_448' title='bbox 2762 2279 2968 2350; x_wconf 89' lang='lat' dir='ltr'>habet</span> <span class='ocrx_word' id='word_1_449' title='bbox 2997 2280 3066 2348; x_wconf 93' lang='lat' dir='ltr'>in</span> <span class='ocrx_word' id='word_1_450' title='bbox 3098 2282 3246 2370; x_wconf 92' lang='lat' dir='ltr'>ipso</span> <span class='ocrx_word' id='word_1_451' title='bbox 3287 2274 3476 2370; x_wconf 75' lang='lat' dir='ltr'>quo&#39;d</span> <span class='ocrx_word' id='word_1_452' title='bbox 3505 2287 3635 2359; x_wconf 84' lang='lat' dir='ltr'>est.</span> <span class='ocrx_word' id='word_1_453' title='bbox 3667 2279 3739 2348; x_wconf 90' lang='lat' dir='ltr'>id</span> <span class='ocrx_word' id='word_1_454' title='bbox 3763 2286 3890 2363; x_wconf 90' lang='lat' dir='ltr'>est,</span> 
     </span>
     <span class='ocr_line' id='line_1_71' title="bbox 2341 2385 3886 2479; baseline 0 -25"><span class='ocrx_word' id='word_1_455' title='bbox 2341 2388 2408 2454; x_wconf 91' lang='lat' dir='ltr'>in</span> <span class='ocrx_word' id='word_1_456' title='bbox 2438 2385 2571 2456; x_wconf 90' lang='lat' dir='ltr'>hoc</span> <span class='ocrx_word' id='word_1_457' title='bbox 2617 2386 2900 2479; x_wconf 87' lang='lat' dir='ltr'>aliquid,</span> <span class='ocrx_word' id='word_1_458' title='bbox 2956 2386 3065 2456; x_wconf 82' lang='lat' dir='ltr'>vel</span> <span class='ocrx_word' id='word_1_459' title='bbox 3132 2388 3204 2454; x_wconf 91' lang='lat' dir='ltr'>in</span> <span class='ocrx_word' id='word_1_460' title='bbox 3269 2388 3403 2456; x_wconf 88' lang='lat' dir='ltr'>isto</span> <span class='ocrx_word' id='word_1_461' title='bbox 3469 2388 3825 2479; x_wconf 88' lang='lat' dir='ltr'>supposito</span> <span class='ocrx_word' id='word_1_462' title='bbox 3869 2408 3886 2453; x_wconf 73' lang='grc' dir='ltr'><strong><em>ε</em></strong></span> 
     </span>
     <span class='ocr_line' id='line_1_72' title="bbox 2338 2493 3895 2585; baseline 0 -23"><span class='ocrx_word' id='word_1_463' title='bbox 2338 2493 2516 2562; x_wconf 90' lang='lat' dir='ltr'>unde</span> <span class='ocrx_word' id='word_1_464' title='bbox 2554 2494 2626 2562; x_wconf 88' lang='lat' dir='ltr'>in</span> <span class='ocrx_word' id='word_1_465' title='bbox 2661 2493 2909 2563; x_wconf 83' lang='lat' dir='ltr'>talibus</span> <span class='ocrx_word' id='word_1_466' title='bbox 2964 2494 3417 2563; x_wconf 81' lang='lat' dir='ltr'>individuatio</span> <span class='ocrx_word' id='word_1_467' title='bbox 3475 2495 3692 2585; x_wconf 87' lang='lat' dir='ltr'>ipsius</span> <span class='ocrx_word' id='word_1_468' title='bbox 3746 2516 3895 2563; x_wconf 89' lang='lat' dir='ltr'>esse</span> 
     </span>
     <span class='ocr_line' id='line_1_73' title="bbox 2337 2606 3895 2697; baseline -0.001 -23"><span class='ocrx_word' id='word_1_469' title='bbox 2337 2614 2437 2674; x_wconf 88' lang='lat' dir='ltr'>est</span> <span class='ocrx_word' id='word_1_470' title='bbox 2473 2629 2514 2673; x_wconf 91' lang='lat' dir='ltr'>a</span> <span class='ocrx_word' id='word_1_471' title='bbox 2563 2606 3091 2696; x_wconf 86' lang='lat' dir='ltr'>proprietatibus</span> <span class='ocrx_word' id='word_1_472' title='bbox 3158 2629 3310 2697; x_wconf 85' lang='lat' dir='ltr'>quae</span> <span class='ocrx_word' id='word_1_473' title='bbox 3376 2615 3895 2696; x_wconf 90' lang='lat' dir='ltr'>consequuntur</span> 
     </span>
     <span class='ocr_line' id='line_1_74' title="bbox 2338 2711 3892 2805; baseline 0.001 -24"><span class='ocrx_word' id='word_1_474' title='bbox 2338 2715 2557 2805; x_wconf 88' lang='lat' dir='ltr'>ipsum</span> <span class='ocrx_word' id='word_1_475' title='bbox 2590 2713 2773 2805; x_wconf 89' lang='lat' dir='ltr'>quod</span> <span class='ocrx_word' id='word_1_476' title='bbox 2811 2723 2939 2794; x_wconf 83' lang='lat' dir='ltr'>est,</span> <span class='ocrx_word' id='word_1_477' title='bbox 2975 2713 3351 2782; x_wconf 89' lang='lat' dir='ltr'>secundum</span> <span class='ocrx_word' id='word_1_478' title='bbox 3384 2712 3572 2804; x_wconf 89' lang='lat' dir='ltr'>quod</span> <span class='ocrx_word' id='word_1_479' title='bbox 3609 2721 3713 2782; x_wconf 90' lang='lat' dir='ltr'>est</span> <span class='ocrx_word' id='word_1_480' title='bbox 3759 2711 3892 2783; x_wconf 88' lang='lat' dir='ltr'>hoc</span> 
     </span>
     <span class='ocr_line' id='line_1_75' title="bbox 2335 2819 3886 2912; baseline 0 -23"><span class='ocrx_word' id='word_1_481' title='bbox 2335 2819 2591 2912; x_wconf 87' lang='lat' dir='ltr'>aliquid</span> <span class='ocrx_word' id='word_1_482' title='bbox 2634 2820 3246 2889; x_wconf 80' lang='lat' dir='ltr'>demonstrativum</span> <span class='ocrx_word' id='word_1_483' title='bbox 3316 2821 3400 2889; x_wconf 88' lang='lat' dir='ltr'>ad</span> <span class='ocrx_word' id='word_1_484' title='bbox 3468 2819 3886 2890; x_wconf 90' lang='lat' dir='ltr'>intellectum</span> 
     </span>
     <span class='ocr_line' id='line_1_76' title="bbox 2335 2925 3887 2997; baseline 0 -1"><span class='ocrx_word' id='word_1_485' title='bbox 2335 2928 2416 2996; x_wconf 86' lang='lat' dir='ltr'>ad</span> <span class='ocrx_word' id='word_1_486' title='bbox 2459 2927 2568 2996; x_wconf 87' lang='lat' dir='ltr'>bic</span> <span class='ocrx_word' id='word_1_487' title='bbox 2604 2937 2670 2996; x_wconf 91' lang='lat' dir='ltr'>et</span> <span class='ocrx_word' id='word_1_488' title='bbox 2705 2949 2908 2996; x_wconf 89' lang='lat' dir='ltr'>nunc.</span> <span class='ocrx_word' id='word_1_489' title='bbox 2944 2927 3046 2996; x_wconf 87' lang='lat' dir='ltr'>Ex</span> <span class='ocrx_word' id='word_1_490' title='bbox 3076 2925 3182 2996; x_wconf 84' lang='lat' dir='ltr'>bis</span> <span class='ocrx_word' id='word_1_491' title='bbox 3212 2928 3364 2996; x_wconf 87' lang='lat' dir='ltr'>dico</span> <span class='ocrx_word' id='word_1_492' title='bbox 3403 2929 3707 2997; x_wconf 88' lang='lat' dir='ltr'>animam</span> <span class='ocrx_word' id='word_1_493' title='bbox 3739 2950 3887 2997; x_wconf 90' lang='lat' dir='ltr'>esse</span> 
     </span>
     <span class='ocr_line' id='line_1_77' title="bbox 2335 3034 3888 3126; baseline 0.001 -24"><span class='ocrx_word' id='word_1_494' title='bbox 2335 3035 2809 3125; x_wconf 84' lang='lat' dir='ltr'>compositam,</span> <span class='ocrx_word' id='word_1_495' title='bbox 2845 3044 2911 3103; x_wconf 92' lang='lat' dir='ltr'>et</span> <span class='ocrx_word' id='word_1_496' title='bbox 2939 3034 3283 3126; x_wconf 82' lang='lat' dir='ltr'>Angelum</span> <span class='ocrx_word' id='word_1_497' title='bbox 3316 3035 3655 3105; x_wconf 88' lang='lat' dir='ltr'>similiter.</span> <span class='ocrx_word' id='word_1_498' title='bbox 3692 3034 3888 3105; x_wconf 90' lang='lat' dir='ltr'>Unde</span> 
     </span>
    </p>
   </div>
   <div class='ocr_carea' id='block_1_27' title="bbox 2336 3142 3914 3235">
    <p class='ocr_par' dir='ltr' id='par_1_28' title="bbox 2336 3142 3914 3235">
     <span class='ocr_line' id='line_1_78' title="bbox 2336 3142 3914 3235; baseline 0.002 -23"><span class='ocrx_word' id='word_1_499' title='bbox 2336 3166 2472 3235; x_wconf 92' lang='lat' dir='ltr'>quo</span> <span class='ocrx_word' id='word_1_500' title='bbox 2511 3152 2610 3213; x_wconf 91' lang='lat' dir='ltr'>est</span> <span class='ocrx_word' id='word_1_501' title='bbox 2640 3142 2857 3213; x_wconf 87' lang='lat' dir='ltr'>diss&#39;ert</span> <span class='ocrx_word' id='word_1_502' title='bbox 2928 3165 2969 3211; x_wconf 90' lang='lat' dir='ltr'>a</span> <span class='ocrx_word' id='word_1_503' title='bbox 3006 3143 3222 3213; x_wconf 77' lang='lat' dir='ltr'>forma</span> <span class='ocrx_word' id='word_1_504' title='bbox 3276 3167 3292 3212; x_wconf 76' lang='grc' dir='ltr'>ε</span> <span class='ocrx_word' id='word_1_505' title='bbox 3330 3147 3492 3235; x_wconf 86' lang='lat' dir='ltr'>quia</span> <span class='ocrx_word' id='word_1_506' title='bbox 3529 3144 3751 3214; x_wconf 76' lang='lat' dir='ltr'>forma</span> <span class='ocrx_word' id='word_1_507' title='bbox 3789 3167 3914 3215; x_wconf 87' lang='lat' dir='ltr'>se··</span> 
     </span>
    </p>
   </div>
   <div class='ocr_carea' id='block_1_28' title="bbox 2337 3250 3894 3772">
    <p class='ocr_par' dir='ltr' id='par_1_29' title="bbox 2337 3250 3894 3772">
     <span class='ocr_line' id='line_1_79' title="bbox 2338 3250 3892 3345; baseline 0.002 -27"><span class='ocrx_word' id='word_1_508' title='bbox 2338 3250 2657 3343; x_wconf 88' lang='lat' dir='ltr'>parabilis</span> <span class='ocrx_word' id='word_1_509' title='bbox 2684 3261 2808 3330; x_wconf 86' lang='lat' dir='ltr'>cst,</span> <span class='ocrx_word' id='word_1_510' title='bbox 2843 3261 2908 3321; x_wconf 88' lang='lat' dir='ltr'>et</span> <span class='ocrx_word' id='word_1_511' title='bbox 2940 3262 3043 3320; x_wconf 85' lang='lat' dir='ltr'>est</span> <span class='ocrx_word' id='word_1_512' title='bbox 3085 3251 3306 3320; x_wconf 76' lang='lat' dir='ltr'>forma</span> <span class='ocrx_word' id='word_1_513' title='bbox 3360 3254 3568 3342; x_wconf 86' lang='lat' dir='ltr'>partis</span> <span class='ocrx_word' id='word_1_514' title='bbox 3599 3276 3753 3345; x_wconf 86' lang='lat' dir='ltr'>quae</span> <span class='ocrx_word' id='word_1_515' title='bbox 3786 3260 3892 3321; x_wconf 87' lang='lat' dir='ltr'>cst</span> 
     </span>
     <span class='ocr_line' id='line_1_80' title="bbox 2338 3359 3894 3452; baseline 0.003 -26"><span class='ocrx_word' id='word_1_516' title='bbox 2338 3361 2619 3428; x_wconf 85' lang='lat' dir='ltr'>materia</span> <span class='ocrx_word' id='word_1_517' title='bbox 2653 3382 2669 3426; x_wconf 90' lang='lat'>:</span> <span class='ocrx_word' id='word_1_518' title='bbox 2722 3359 2836 3428; x_wconf 89' lang='lat' dir='ltr'>sed</span> <span class='ocrx_word' id='word_1_519' title='bbox 2878 3384 3017 3452; x_wconf 87' lang='lat' dir='ltr'>quo</span> <span class='ocrx_word' id='word_1_520' title='bbox 3076 3368 3176 3429; x_wconf 87' lang='lat' dir='ltr'>est</span> <span class='ocrx_word' id='word_1_521' title='bbox 3219 3364 3364 3429; x_wconf 79' lang='lat' dir='ltr'>sive</span> <span class='ocrx_word' id='word_1_522' title='bbox 3418 3384 3564 3429; x_wconf 90' lang='lat' dir='ltr'>esse</span> <span class='ocrx_word' id='word_1_523' title='bbox 3596 3384 3738 3430; x_wconf 93' lang='lat' dir='ltr'>non</span> <span class='ocrx_word' id='word_1_524' title='bbox 3777 3383 3894 3430; x_wconf 89' lang='lat' dir='ltr'>se-</span> 
     </span>
     <span class='ocr_line' id='line_1_81' title="bbox 2337 3467 3894 3559; baseline 0.002 -23"><span class='ocrx_word' id='word_1_525' title='bbox 2337 3476 2614 3559; x_wconf 89' lang='lat' dir='ltr'>paratur</span> <span class='ocrx_word' id='word_1_526' title='bbox 2640 3467 2726 3537; x_wconf 88' lang='lat' dir='ltr'>ab</span> <span class='ocrx_word' id='word_1_527' title='bbox 2755 3491 2838 3542; x_wconf 89' lang='lat' dir='ltr'>eo</span> <span class='ocrx_word' id='word_1_528' title='bbox 2867 3468 3053 3559; x_wconf 90' lang='lat' dir='ltr'>quod</span> <span class='ocrx_word' id='word_1_529' title='bbox 3085 3478 3210 3548; x_wconf 86' lang='lat' dir='ltr'>cst,</span> <span class='ocrx_word' id='word_1_530' title='bbox 3246 3480 3313 3537; x_wconf 90' lang='lat' dir='ltr'>et</span> <span class='ocrx_word' id='word_1_531' title='bbox 3362 3478 3465 3537; x_wconf 86' lang='lat' dir='ltr'>est</span> <span class='ocrx_word' id='word_1_532' title='bbox 3528 3469 3749 3539; x_wconf 79' lang='lat' dir='ltr'>forma</span> <span class='ocrx_word' id='word_1_533' title='bbox 3792 3480 3894 3539; x_wconf 89' lang='lat' dir='ltr'>to·</span> 
     </span>
     <span class='ocr_line' id='line_1_82' title="bbox 2339 3576 3893 3670; baseline 0.001 -27"><span class='ocrx_word' id='word_1_534' title='bbox 2339 3576 2497 3653; x_wconf 85' lang='lat' dir='ltr'>tius,</span> <span class='ocrx_word' id='word_1_535' title='bbox 2532 3598 2685 3668; x_wconf 80' lang='lat' dir='ltr'>quoe</span> <span class='ocrx_word' id='word_1_536' title='bbox 2725 3584 2946 3644; x_wconf 88' lang='lat' dir='ltr'>totum</span> <span class='ocrx_word' id='word_1_537' title='bbox 3000 3600 3145 3645; x_wconf 87' lang='lat' dir='ltr'>esse</span> <span class='ocrx_word' id='word_1_538' title='bbox 3216 3576 3380 3644; x_wconf 86' lang='lat' dir='ltr'>dicit</span> <span class='ocrx_word' id='word_1_539' title='bbox 3438 3577 3650 3667; x_wconf 88' lang='lat' dir='ltr'>ipsius</span> <span class='ocrx_word' id='word_1_540' title='bbox 3708 3576 3893 3670; x_wconf 88' lang='lat' dir='ltr'>quod</span> 
     </span>
     <span class='ocr_line' id='line_1_83' title="bbox 2340 3679 3894 3772; baseline 0.001 -24"><span class='ocrx_word' id='word_1_541' title='bbox 2340 3689 2439 3748; x_wconf 84' lang='lat' dir='ltr'>est</span> <span class='ocrx_word' id='word_1_542' title='bbox 2503 3702 2626 3772; x_wconf 88' lang='lat' dir='ltr'>per</span> <span class='ocrx_word' id='word_1_543' title='bbox 2677 3679 2960 3748; x_wconf 91' lang='lat' dir='ltr'>modum</span> <span class='ocrx_word' id='word_1_544' title='bbox 3026 3704 3172 3748; x_wconf 88' lang='lat' dir='ltr'>esse</span> <span class='ocrx_word' id='word_1_545' title='bbox 3237 3680 3574 3761; x_wconf 79' lang='lat' dir='ltr'>formalis,</span> <span class='ocrx_word' id='word_1_546' title='bbox 3617 3690 3683 3750; x_wconf 87' lang='lat' dir='ltr'>et</span> <span class='ocrx_word' id='word_1_547' title='bbox 3721 3684 3894 3750; x_wconf 83' lang='lat' dir='ltr'>sicut</span> 
     </span>
    </p>
   </div>
   <div class='ocr_carea' id='block_1_29' title="bbox 2341 3786 3918 3881">
    <p class='ocr_par' dir='ltr' id='par_1_30' title="bbox 2341 3786 3918 3881">
     <span class='ocr_line' id='line_1_84' title="bbox 2341 3786 3918 3881; baseline 0.001 -25"><span class='ocrx_word' id='word_1_548' title='bbox 2341 3813 2486 3857; x_wconf 80' lang='lat' dir='ltr'>csse</span> <span class='ocrx_word' id='word_1_549' title='bbox 2516 3790 2761 3881; x_wconf 88' lang='lat' dir='ltr'>speciei</span> <span class='ocrx_word' id='word_1_550' title='bbox 2794 3789 2863 3857; x_wconf 93' lang='lat' dir='ltr'>in</span> <span class='ocrx_word' id='word_1_551' title='bbox 2895 3786 3027 3857; x_wconf 85' lang='lat' dir='ltr'>boc</span> <span class='ocrx_word' id='word_1_552' title='bbox 3070 3789 3458 3870; x_wconf 77' lang='lat' dir='ltr'>individuo,</span> <span class='ocrx_word' id='word_1_553' title='bbox 3515 3789 3918 3859; x_wconf 87' lang='lat' dir='ltr'>secundum·</span> 
     </span>
    </p>
   </div>
   <div class='ocr_carea' id='block_1_30' title="bbox 2341 3897 3899 5715">
    <p class='ocr_par' dir='ltr' id='par_1_31' title="bbox 2342 3897 3898 4415">
     <span class='ocr_line' id='line_1_85' title="bbox 2342 3897 3898 3990; baseline 0.001 -24"><span class='ocrx_word' id='word_1_554' title='bbox 2342 3897 2525 3990; x_wconf 91' lang='lat' dir='ltr'>quod</span> <span class='ocrx_word' id='word_1_555' title='bbox 2556 3897 2833 3967; x_wconf 83' lang='lat' dir='ltr'>Boetius</span> <span class='ocrx_word' id='word_1_556' title='bbox 2870 3897 3058 3976; x_wconf 85' lang='lat' dir='ltr'>dicit,</span> <span class='ocrx_word' id='word_1_557' title='bbox 3100 3898 3286 3989; x_wconf 90' lang='lat' dir='ltr'>quod</span> <span class='ocrx_word' id='word_1_558' title='bbox 3324 3898 3587 3988; x_wconf 87' lang='lat' dir='ltr'>species</span> <span class='ocrx_word' id='word_1_559' title='bbox 3627 3909 3729 3968; x_wconf 90' lang='lat' dir='ltr'>est</span> <span class='ocrx_word' id='word_1_560' title='bbox 3785 3907 3898 3967; x_wconf 93' lang='lat' dir='ltr'>to-</span> 
     </span>
     <span class='ocr_line' id='line_1_86' title="bbox 2342 4002 3897 4097; baseline 0.001 -27"><span class='ocrx_word' id='word_1_561' title='bbox 2342 4012 2488 4071; x_wconf 90' lang='lat' dir='ltr'>tum</span> <span class='ocrx_word' id='word_1_562' title='bbox 2519 4026 2666 4072; x_wconf 90' lang='lat' dir='ltr'>csse</span> <span class='ocrx_word' id='word_1_563' title='bbox 2698 4002 3263 4074; x_wconf 78' lang='lat' dir='ltr'>individuorum:</span> <span class='ocrx_word' id='word_1_564' title='bbox 3330 4006 3493 4095; x_wconf 91' lang='lat' dir='ltr'>quia</span> <span class='ocrx_word' id='word_1_565' title='bbox 3564 4003 3897 4097; x_wconf 89' lang='lat' dir='ltr'>quidquid</span> 
     </span>
     <span class='ocr_line' id='line_1_87' title="bbox 2342 4112 3896 4202; baseline 0 -23"><span class='ocrx_word' id='word_1_566' title='bbox 2342 4120 2444 4179; x_wconf 88' lang='lat' dir='ltr'>est</span> <span class='ocrx_word' id='word_1_567' title='bbox 2482 4119 2636 4202; x_wconf 87' lang='lat' dir='ltr'>post</span> <span class='ocrx_word' id='word_1_568' title='bbox 2690 4113 2908 4202; x_wconf 86' lang='lat' dir='ltr'>ipsam</span> <span class='ocrx_word' id='word_1_569' title='bbox 2946 4113 3272 4201; x_wconf 85' lang='lat' dir='ltr'>speciem,</span> <span class='ocrx_word' id='word_1_570' title='bbox 3334 4121 3436 4180; x_wconf 85' lang='lat' dir='ltr'>est</span> <span class='ocrx_word' id='word_1_571' title='bbox 3493 4112 3577 4181; x_wconf 89' lang='lat' dir='ltr'>de</span> <span class='ocrx_word' id='word_1_572' title='bbox 3648 4112 3896 4180; x_wconf 77' lang='lat' dir='ltr'>indivi-</span> 
     </span>
     <span class='ocr_line' id='line_1_88' title="bbox 2343 4216 3895 4287; baseline 0.001 -2"><span class='ocrx_word' id='word_1_573' title='bbox 2343 4218 2712 4286; x_wconf 90' lang='lat' dir='ltr'>duantibus</span> <span class='ocrx_word' id='word_1_574' title='bbox 2755 4242 2772 4285; x_wconf 80' lang='lat'>2</span> <span class='ocrx_word' id='word_1_575' title='bbox 2821 4227 2886 4286; x_wconf 88' lang='lat' dir='ltr'>ct</span> <span class='ocrx_word' id='word_1_576' title='bbox 2946 4216 3078 4286; x_wconf 93' lang='lat' dir='ltr'>hoc</span> <span class='ocrx_word' id='word_1_577' title='bbox 3133 4218 3341 4287; x_wconf 87' lang='lat' dir='ltr'>modo</span> <span class='ocrx_word' id='word_1_578' title='bbox 3377 4218 3530 4287; x_wconf 91' lang='lat' dir='ltr'>dico</span> <span class='ocrx_word' id='word_1_579' title='bbox 3596 4219 3895 4287; x_wconf 89' lang='lat' dir='ltr'>animam</span> 
     </span>
     <span class='ocr_line' id='line_1_89' title="bbox 2344 4322 3490 4415; baseline 0.003 -24"><span class='ocrx_word' id='word_1_580' title='bbox 2344 4346 2491 4393; x_wconf 88' lang='lat' dir='ltr'>esse</span> <span class='ocrx_word' id='word_1_581' title='bbox 2519 4322 2966 4393; x_wconf 85' lang='lat' dir='ltr'>substantiam</span> <span class='ocrx_word' id='word_1_582' title='bbox 3012 4327 3490 4415; x_wconf 83' lang='lat' dir='ltr'>compositam.</span> 
     </span>
    </p>

    <p class='ocr_par' dir='ltr' id='par_1_32' title="bbox 2341 4431 3899 5715">
     <span class='ocr_line' id='line_1_90' title="bbox 2433 4431 3899 4525; baseline 0.003 -27"><span class='ocrx_word' id='word_1_583' title='bbox 2433 4433 2536 4499; x_wconf 78' lang='lat' dir='ltr'>An</span> <span class='ocrx_word' id='word_1_584' title='bbox 2566 4454 2817 4500; x_wconf 71' lang='lat' dir='ltr'>rituum</span> <span class='ocrx_word' id='word_1_585' title='bbox 2858 4454 3024 4523; x_wconf 82' lang='lat' dir='ltr'>ergo</span> <span class='ocrx_word' id='word_1_586' title='bbox 3065 4431 3456 4513; x_wconf 87' lang='lat' dir='ltr'>dicendum,</span> <span class='ocrx_word' id='word_1_587' title='bbox 3510 4434 3698 4525; x_wconf 91' lang='lat' dir='ltr'>quod</span> <span class='ocrx_word' id='word_1_588' title='bbox 3753 4432 3899 4503; x_wconf 82' lang='lat' dir='ltr'>haec</span> 
     </span>
     <span class='ocr_line' id='line_1_91' title="bbox 2347 4538 3893 4632; baseline 0.004 -27"><span class='ocrx_word' id='word_1_589' title='bbox 2347 4539 2742 4631; x_wconf 82' lang='lat' dir='ltr'>propositio,</span> <span class='ocrx_word' id='word_1_590' title='bbox 2758 4538 3100 4630; x_wconf 90' lang='lat' dir='ltr'>Quidquid</span> <span class='ocrx_word' id='word_1_591' title='bbox 3122 4551 3219 4608; x_wconf 86' lang='lat' dir='ltr'>est</span> <span class='ocrx_word' id='word_1_592' title='bbox 3242 4544 3861 4632; x_wconf 85' lang='lat' dir='ltr'>compositum,etc.</span> <span class='ocrx_word' id='word_1_593' title='bbox 3877 4595 3893 4621; x_wconf 86' lang='lat'><strong>,</strong></span> 
     </span>
     <span class='ocr_line' id='line_1_92' title="bbox 2349 4646 3899 4740; baseline 0.003 -25"><span class='ocrx_word' id='word_1_594' title='bbox 2349 4648 2745 4739; x_wconf 83' lang='lat' dir='ltr'>intelligitur</span> <span class='ocrx_word' id='word_1_595' title='bbox 2774 4648 2856 4717; x_wconf 87' lang='lat' dir='ltr'>do</span> <span class='ocrx_word' id='word_1_596' title='bbox 2896 4646 3002 4716; x_wconf 82' lang='lat' dir='ltr'>his</span> <span class='ocrx_word' id='word_1_597' title='bbox 3059 4672 3212 4740; x_wconf 83' lang='lat' dir='ltr'>quae</span> <span class='ocrx_word' id='word_1_598' title='bbox 3252 4659 3520 4719; x_wconf 80' lang='lat' dir='ltr'>tuntum</span> <span class='ocrx_word' id='word_1_599' title='bbox 3553 4661 3712 4720; x_wconf 89' lang='lat' dir='ltr'>sunt</span> <span class='ocrx_word' id='word_1_600' title='bbox 3741 4652 3899 4720; x_wconf 90' lang='lat' dir='ltr'>suh·</span> 
     </span>
     <span class='ocr_line' id='line_1_93' title="bbox 2346 4759 3892 4850; baseline 0.004 -26"><span class='ocrx_word' id='word_1_601' title='bbox 2346 4759 2607 4827; x_wconf 69' lang='lat' dir='ltr'>stantia)</span> <span class='ocrx_word' id='word_1_602' title='bbox 2653 4759 3072 4850; x_wconf 81' lang='lat' dir='ltr'>compositae,</span> <span class='ocrx_word' id='word_1_603' title='bbox 3121 4770 3187 4827; x_wconf 85' lang='lat' dir='ltr'>et</span> <span class='ocrx_word' id='word_1_604' title='bbox 3220 4783 3357 4827; x_wconf 88' lang='lat' dir='ltr'>non</span> <span class='ocrx_word' id='word_1_605' title='bbox 3380 4761 3892 4830; x_wconf 80' lang='lat' dir='ltr'>etiamformae:</span> 
     </span>
     <span class='ocr_line' id='line_1_94' title="bbox 2344 4868 3899 4940; baseline 0.003 -5"><span class='ocrx_word' id='word_1_606' title='bbox 2344 4868 2463 4936; x_wconf 89' lang='lat' dir='ltr'>scd</span> <span class='ocrx_word' id='word_1_607' title='bbox 2536 4870 2763 4936; x_wconf 83' lang='lat' dir='ltr'>anima</span> <span class='ocrx_word' id='word_1_608' title='bbox 2822 4869 3170 4939; x_wconf 86' lang='lat' dir='ltr'>rationalis</span> <span class='ocrx_word' id='word_1_609' title='bbox 3237 4880 3338 4937; x_wconf 85' lang='lat' dir='ltr'>cst</span> <span class='ocrx_word' id='word_1_610' title='bbox 3395 4870 3777 4939; x_wconf 84' lang='lat' dir='ltr'>substantia</span> <span class='ocrx_word' id='word_1_611' title='bbox 3833 4881 3899 4940; x_wconf 77' lang='lat' dir='ltr'>et</span> 
     </span>
     <span class='ocr_line' id='line_1_95' title="bbox 2347 4974 3895 5067; baseline 0.004 -25"><span class='ocrx_word' id='word_1_612' title='bbox 2347 4974 2568 5043; x_wconf 80' lang='lat' dir='ltr'>forma</span> <span class='ocrx_word' id='word_1_613' title='bbox 2597 4986 2870 5067; x_wconf 89' lang='lat' dir='ltr'>propter</span> <span class='ocrx_word' id='word_1_614' title='bbox 2926 4976 3264 5067; x_wconf 87' lang='lat' dir='ltr'>duplicem</span> <span class='ocrx_word' id='word_1_615' title='bbox 3307 4981 3895 5067; x_wconf 82' lang='lat' dir='ltr'>comparationem</span> 
     </span>
     <span class='ocr_line' id='line_1_96' title="bbox 2344 5081 3896 5175; baseline 0.004 -27"><span class='ocrx_word' id='word_1_616' title='bbox 2344 5082 2450 5148; x_wconf 88' lang='lat' dir='ltr'>sui</span> <span class='ocrx_word' id='word_1_617' title='bbox 2490 5081 2573 5149; x_wconf 89' lang='lat' dir='ltr'>ad</span> <span class='ocrx_word' id='word_1_618' title='bbox 2636 5106 2909 5175; x_wconf 85' lang='lat' dir='ltr'>corpus,</span> <span class='ocrx_word' id='word_1_619' title='bbox 2950 5084 3036 5151; x_wconf 82' lang='lat' dir='ltr'>ad</span> <span class='ocrx_word' id='word_1_620' title='bbox 3092 5084 3277 5174; x_wconf 87' lang='lat' dir='ltr'>quod</span> <span class='ocrx_word' id='word_1_621' title='bbox 3343 5096 3782 5174; x_wconf 86' lang='lat' dir='ltr'>comparatur</span> <span class='ocrx_word' id='word_1_622' title='bbox 3821 5095 3896 5154; x_wconf 86' lang='lat' dir='ltr'>ut</span> 
     </span>
     <span class='ocr_line' id='line_1_97' title="bbox 2344 5194 3893 5272; baseline 0.005 -15"><span class='ocrx_word' id='word_1_623' title='bbox 2344 5199 2532 5258; x_wconf 90' lang='lat' dir='ltr'>actus</span> <span class='ocrx_word' id='word_1_624' title='bbox 2571 5200 2637 5260; x_wconf 87' lang='lat' dir='ltr'>et</span> <span class='ocrx_word' id='word_1_625' title='bbox 2700 5194 2944 5272; x_wconf 79' lang='lat' dir='ltr'>forma,</span> <span class='ocrx_word' id='word_1_626' title='bbox 2979 5203 3045 5261; x_wconf 90' lang='lat' dir='ltr'>ct</span> <span class='ocrx_word' id='word_1_627' title='bbox 3083 5194 3256 5261; x_wconf 88' lang='lat' dir='ltr'>sicut</span> <span class='ocrx_word' id='word_1_628' title='bbox 3296 5202 3525 5262; x_wconf 88' lang='lat' dir='ltr'>motor</span> <span class='ocrx_word' id='word_1_629' title='bbox 3557 5217 3574 5265; x_wconf 78' lang='lat'>2</span> <span class='ocrx_word' id='word_1_630' title='bbox 3620 5205 3685 5264; x_wconf 83' lang='lat' dir='ltr'>et</span> <span class='ocrx_word' id='word_1_631' title='bbox 3741 5197 3893 5265; x_wconf 85' lang='lat' dir='ltr'>ideo</span> 
     </span>
     <span class='ocr_line' id='line_1_98' title="bbox 2343 5298 3893 5392; baseline 0.002 -27"><span class='ocrx_word' id='word_1_632' title='bbox 2343 5298 2548 5365; x_wconf 90' lang='lat' dir='ltr'>etiam</span> <span class='ocrx_word' id='word_1_633' title='bbox 2580 5298 3040 5392; x_wconf 82' lang='lat' dir='ltr'>Philosophus</span> <span class='ocrx_word' id='word_1_634' title='bbox 3109 5323 3245 5368; x_wconf 90' lang='lat' dir='ltr'>non</span> <span class='ocrx_word' id='word_1_635' title='bbox 3296 5300 3543 5368; x_wconf 76' lang='lat' dir='ltr'>diffinit</span> <span class='ocrx_word' id='word_1_636' title='bbox 3609 5302 3893 5370; x_wconf 84' lang='lat' dir='ltr'>eam&#39;ibi</span> 
     </span>
     <span class='ocr_line' id='line_1_99' title="bbox 2343 5408 3896 5500; baseline 0.004 -25"><span class='ocrx_word' id='word_1_637' title='bbox 2343 5408 2473 5475; x_wconf 88' lang='lat' dir='ltr'>nisi</span> <span class='ocrx_word' id='word_1_638' title='bbox 2503 5409 2677 5478; x_wconf 91' lang='lat' dir='ltr'>sicut</span> <span class='ocrx_word' id='word_1_639' title='bbox 2714 5420 2814 5478; x_wconf 90' lang='lat' dir='ltr'>est</span> <span class='ocrx_word' id='word_1_640' title='bbox 2844 5410 3063 5478; x_wconf 79' lang='lat' dir='ltr'>forma</span> <span class='ocrx_word' id='word_1_641' title='bbox 3102 5412 3248 5477; x_wconf 80' lang='lat' dir='ltr'>sive</span> <span class='ocrx_word' id='word_1_642' title='bbox 3279 5412 3565 5500; x_wconf 88' lang='lat' dir='ltr'>species,</span> <span class='ocrx_word' id='word_1_643' title='bbox 3601 5434 3740 5481; x_wconf 90' lang='lat' dir='ltr'>non</span> <span class='ocrx_word' id='word_1_644' title='bbox 3771 5414 3896 5481; x_wconf 90' lang='lat' dir='ltr'>sic-</span> 
     </span>
     <span class='ocr_line' id='line_1_100' title="bbox 2343 5510 3894 5591; baseline 0.006 -9"><span class='ocrx_word' id='word_1_645' title='bbox 2343 5524 2418 5583; x_wconf 88' lang='lat' dir='ltr'>ut</span> <span class='ocrx_word' id='word_1_646' title='bbox 2446 5526 2545 5584; x_wconf 90' lang='lat' dir='ltr'>est</span> <span class='ocrx_word' id='word_1_647' title='bbox 2587 5527 2814 5585; x_wconf 91' lang='lat' dir='ltr'>motor</span> <span class='ocrx_word' id='word_1_648' title='bbox 2847 5541 2862 5584; x_wconf 74' lang='grc' dir='ltr'><strong><em>ε</em></strong></span> <span class='ocrx_word' id='word_1_649' title='bbox 2900 5526 2970 5586; x_wconf 91' lang='lat' dir='ltr'>et</span> <span class='ocrx_word' id='word_1_650' title='bbox 2997 5518 3149 5585; x_wconf 89' lang='lat' dir='ltr'>ideo</span> <span class='ocrx_word' id='word_1_651' title='bbox 3190 5517 3350 5585; x_wconf 90' lang='lat' dir='ltr'>dicit</span> <span class='ocrx_word' id='word_1_652' title='bbox 3382 5510 3534 5586; x_wconf 83' lang='lat' dir='ltr'>cam</span> <span class='ocrx_word' id='word_1_653' title='bbox 3579 5544 3725 5589; x_wconf 87' lang='lat' dir='ltr'>esse</span> <span class='ocrx_word' id='word_1_654' title='bbox 3774 5546 3894 5591; x_wconf 82' lang='lat' dir='ltr'>ac-</span> 
     </span>
     <span class='ocr_line' id='line_1_101' title="bbox 2341 5631 3891 5715; baseline 0.006 -24"><span class='ocrx_word' id='word_1_655' title='bbox 2341 5631 2485 5691; x_wconf 91' lang='lat' dir='ltr'>tum</span> <span class='ocrx_word' id='word_1_656' title='bbox 2523 5648 2538 5691; x_wconf 90' lang='lat'><strong>:</strong></span> <span class='ocrx_word' id='word_1_657' title='bbox 2585 5649 2720 5694; x_wconf 86' lang='lat' dir='ltr'>non</span> <span class='ocrx_word' id='word_1_658' title='bbox 2752 5636 2977 5697; x_wconf 88' lang='lat' dir='ltr'>autem</span> <span class='ocrx_word' id='word_1_659' title='bbox 3022 5635 3287 5694; x_wconf 85' lang='lat' dir='ltr'>tantum</span> <span class='ocrx_word' id='word_1_660' title='bbox 3319 5636 3421 5695; x_wconf 90' lang='lat' dir='ltr'>est</span> <span class='ocrx_word' id='word_1_661' title='bbox 3460 5638 3675 5715; x_wconf 79' lang='lat' dir='ltr'>nctus,</span> <span class='ocrx_word' id='word_1_662' title='bbox 3719 5633 3891 5701; x_wconf 88' lang='lat' dir='ltr'>sicut</span> 
     </span>
    </p>
   </div>
   <div class='ocr_carea' id='block_1_31' title="bbox 4023 4445 4172 4493">
    <p class='ocr_par' dir='ltr' id='par_1_33' title="bbox 4023 4445 4172 4493">
     <span class='ocr_line' id='line_1_102' title="bbox 4023 4445 4172 4493; baseline -0.007 0"><span class='ocrx_word' id='word_1_663' title='bbox 4023 4448 4103 4493; x_wconf 67' lang='lat' dir='ltr'>Ad</span> <span class='ocrx_word' id='word_1_664' title='bbox 4134 4445 4172 4493; x_wconf 87' lang='grc' dir='ltr'>Ι.</span> 
     </span>
    </p>
   </div>
  </div>
 </body>
</html>
