4897 6388
657 323 786 436 5:34
1535 433 1538 437 ,
1641 354 1719 424 ι).
1769 351 1968 423 ALB.
2021 348 2235 419 ΜΑῦ.
2289 345 2499 417 ono.
2551 340 2852 411 PRAED.

660 559 890 635 quem
931 535 1024 610 de
1054 530 1450 606 Trinitate'
1487 526 1796 626 scripsit
1823 530 1876 620 ¹,
1911 547 2141 624 quem
2200 531 2274 597 et
2313 521 2525 618 Papa
2588 497 2988 611 ssugenius
3052 500 3444 581 transferri
3477 496 3677 589 iecit,
3711 493 3857 568 ait:

660 670 1116 746 Communia
1146 676 1220 743 et
1260 662 1732 740 universalia
1761 661 2278 761 praedicantur
2308 657 2401 731 de
2434 650 2800 749 subJectis
2840 642 3186 743 sibiipsis
3240 630 3856 738 particularibus.

660 808 1081 881 Commune
1123 826 1305 899 ergo
1337 799 1769 877 substantia
1798 808 1940 891 est,
1975 794 2431 896 particulare
2473 811 2656 863 vero
2691 780 3156 884 hypostasis,
3203 776 3275 850 id
3319 784 3460 866 est,
3505 789 3858 869 persona.

662 942 1129 1017 Particulare
1173 947 1427 1013 autem
1470 936 1779 1027 dicitur,
1816 957 1969 1007 non
2003 931 2204 1029 quod
2240 937 2534 1027 partem
2570 933 2867 997 naturae
2910 918 3143 993 habet
3174 937 3191 988 :
3237 912 3370 988 sed
3406 906 3865 1007 particulare

659 1084 1012 1164 numere,
1053 1083 1133 1148 ut
1173 1081 1505 1158 atomu83
1552 1069 1626 1143 id
1669 1078 1808 1154 est,
1856 1065 2383 1139 individuum:
2432 1079 2756 1134 numero
2789 1053 2996 1130 enim
3044 1059 3123 1124 et
3179 1070 3335 1122 non
3396 1053 3671 1117 natura
3734 1035 3865 1111 dis-

657 1211 813 1289 sere
848 1209 1203 1283 videntur
1229 1207 1710 1304 hypostases,
1749 1203 1966 1295 Item,
2012 1200 2085 1272 in
2130 1198 2396 1274 eodem
2430 1222 2443 1269 :
2480 1189 2925 1269 Substantia
2958 1181 3346 1281 significat
3377 1192 3862 1254 communem

659 1355 736 1422 et
765 1341 1465 1440 circumplectivam
1507 1338 1842 1438 speciem
1878 1335 2367 1425 homoideon,
2414 1330 2487 1404 id
2521 1336 2662 1421 est,
2717 1323 3089 1401 similium
3152 1315 3432 1416 specie,
3501 1315 3865 1411 hyposta-

659 1504 874 1573 seon,
921 1478 993 1552 id
1026 1486 1166 1570 est,
1214 1496 1749 1575 personarum,
1798 1481 1877 1546 ut
1918 1481 2100 1569 puta
2131 1470 2366 1562 DeuS,
2414 1468 2670 1540 homo.
2742 1455 3200 1560 Hypostasis
3276 1462 3531 1526 autem
3601 1446 3868 1521 indivi-

661 1613 902 1686 duum
936 1611 1435 1698 demonstrat,
1473 1606 1768 1682 scilicet
1799 1606 2129 1690 Patrem,
2176 1600 2482 1693 Filium,
2519 1607 2592 1672 et
2624 1594 2993 1695 Spiritum
3066 1595 3450 1676 sanctum,
3522 1583 3861 1669 Petrum,

662 1748 1017 1839 Paulum,
1062 1754 1135 1819 et
1167 1742 1608 1840 hujusmodi
1651 1738 1695 1815 ³.
1743 1742 1935 1815 Ecce
1967 1748 2225 1838 aperte
2258 1735 2435 1810 dicit
2470 1728 2979 1808 substantiam
3012 1747 3184 1802 esse
3221 1721 3686 1813 universale,
3723 1719 3868 1816 hy-

659 1879 1024 1982 postasim
1067 1902 1249 1954 vero
1290 1879 1797 1977 particulare:
1836 1886 1912 1950 et
1972 1874 2176 1972 quod
2239 1873 2451 1946 Deus
2508 1877 2623 1944 est
2675 1865 2972 1966 speeies
3033 1870 3119 1937 ut
3167 1861 3426 1950 home,
3497 1863 3572 1929 et
3659 1851 3864 1951 quod

659 2016 886 2090 Pater
910 2025 985 2091 et
1013 2014 1253 2090 Filius
1283 2022 1356 2089 et
1386 1993 1720 2112 Spiritus
1756 2020 2071 2085 sanetus
2107 2017 2290 2082 sunt
2318 2003 2746 2096 individua,
2791 2002 2991 2076 sicut
3058 1997 3337 2072 Petrus
3412 2001 3487 2066 et
3544 1990 3860 2080 Paulus,

659 2175 751 2228 eo
791 2149 997 2249 quod
1073 2172 1399 2224 numero
1466 2147 1874 2224 differunt:
1945 2168 2122 2243 quae
2191 2141 2616 2242 praemissae
2657 2134 3064 2213 sententia:
3112 2126 3526 2244 Augustini
3559 2124 3866 2224 penitus

655 2285 1177 2364 contradicere
1210 2284 1593 2369 videntur.
1640 2282 1840 2372 Quid
1880 2305 2066 2380 ergo
2109 2281 2458 2356 dicemus
2488 2276 2585 2351 ad
2629 2273 2858 2351 hsce?
2892 2273 3057 2347 lloc
3093 2268 3361 2366 utique
3392 2266 3647 2340 dicere
3700 2285 3868 2361 pos-

657 2427 930 2500 s‘umus
959 2430 1190 2519 atque
1222 2418 1627 2516 debemus,
1674 2417 1879 2519 quod
1922 2442 2013 2495 ea
2063 2440 2238 2517 qnae
2299 2412 2786 2512 Augustinus
2862 2406 3177 2483 tradidit
3250 2401 3642 2503 superius,
3698 2398 3866 2474 sine

665 2535 875 2636 omni
917 2554 1398 2635 haesitatione
1435 2556 1766 2635 tenenda
1792 2553 2023 2631 sunt.

2316 2886 2497 2953 vinis
2526 2884 2915 2952 discernens
2946 2902 3160 2949 uuam
3191 2899 3553 2971 personam
3583 2875 3667 2943 ab
3711 2874 3868 2953 alia.

2321 2995 2482 3086 quia
2519 2994 2939 3084 proprietas:
2983 3010 3150 3080 ergo
3181 2988 3252 3056 in
3283 2986 3533 3055 divinis
3570 2991 3671 3054 est
3699 2985 3871 3053 ratio

1070 3111 1574 3184 ARthtlLUs
1625 3108 1813 3180 xlv.
2319 3097 2913 3168 communicabilis
2943 3104 3009 3166 et
3043 3092 3732 3167 incommunicabilis·

2408 3210 2476 3277 2.
2521 3205 2715 3286 Item,
2760 3204 2836 3274 ln
2866 3204 3118 3273 divinis
3148 3212 3249 3273 est
3281 3201 3447 3271 illud
3477 3200 3660 3294 quod
3699 3224 3876 3293 prae-

673 3344 781 3412 An
812 3343 882 3409 in
930 3339 1183 3407 divinis
1206 3337 1297 3404 si!
1357 3335 1534 3403 ratio
1598 3328 2211 3411 communicabitis,
2319 3319 2584 3386 (licetur
2611 3316 2693 3383 dc
2726 3334 3138 3407 unaquaque
3196 3310 3575 3405 hypostasi,
3636 3320 3702 3378 et
3777 3317 3875 3378 est

1054 3445 1162 3512 vel
1198 3438 1846 3513 incommutabms?
2321 3427 2505 3518 quod
2535 3418 2943 3517 praedicatur
2977 3424 3063 3519 de
3104 3422 3281 3492 alia:
3316 3443 3478 3512 ergo
3518 3423 3587 3488 iu
3626 3418 3873 3487 divinis

2321 3543 2419 3601 est
2461 3531 3032 3603 communicabile
3079 3539 3147 3599 et
3205 3526 3871 3598 incommunicabile.

2412 3645 2477 3710 3.
2523 3641 2718 3721 Item,
2765 3640 3234 3707 Damascenus
3299 3636 3485 3713 dicit,
3548 3633 3731 3727 quod
3805 3635 3873 3701 in

765 3766 1023 3837 Deinde
1077 3765 1402 3857 quaeritur
1474 3761 1556 3830 de
1632 3759 1922 3829 secunda
2002 3770 2213 3849 parte,
2322 3752 2574 3819 «livinis
2629 3771 2994 3817 commune
3064 3770 3136 3814 re
3201 3743 3693 3822 consideratur,
3764 3766 3875 3810 ra-

678 3875 796 3943 ubi
834 3897 875 3942 a
902 3873 1148 3941 divinis
1181 3879 1484 3938 removet
1515 3869 2056 3959 praedicationem
2096 3889 2218 3957 ge·
2322 3863 2506 3928 tione
2537 3866 2762 3926 autem
2806 3856 2987 3949 quod
3021 3854 3320 3923 divisum
3376 3862 3516 3921 est:
3554 3873 3716 3943 ergo
3784 3850 3873 3918 ibi

676 3984 884 4057 neris,
945 3980 1059 4059 ibi,
1127 3980 1209 4051 ll.
1275 4005 1308 4042 ι
1353 3979 1480 4046 llic
1544 3975 2016 4065 adjiciendum
2090 3987 2210 4047 est,
2321 3979 2419 4037 est
2460 3964 3030 4037 communicabile
3059 3974 3129 4032 et
3159 3959 3824 4031 incommunicabile.

674 4086 863 4179 quod
887 4096 1082 4153 lanta
1111 4096 1211 4151 es!
1240 4083 1634 4175 «equalitas,
1668 4091 1793 4151 etr.
1836 4114 1865 4142 ι»
2413 4077 2548 4142 Sin»
2576 4098 2823 4142 cosma
2854 4096 2869 4141 :
3904 4122 3996 4168 soa
4038 4124 4224 4167 em

770 4192 849 4259 Ei
881 4199 1273 4281 quaeruntur
1331 4189 1435 4257 liic.
1493 4190 1672 4259 duo:
1737 4214 2027 4284 quorum
2080 4193 2218 4280 pri·
2423 4187 2476 4250 Ι.
2514 4178 3104 4249 (tomnmnicabile
3136 4187 3201 4245 et
3236 4173 3874 4244 incommunicabile

684 4321 871 4367 nium
903 4306 1030 4374 est,
1068 4297 1303 4365 Utrum
1337 4299 1401 4364 in
1442 4298 1694 4366 divinis
1722 4301 1804 4366 sit
1838 4299 2006 4366 ratio
2038 4324 2218 4365 com·
2324 4301 2438 4357 aut
2505 4299 2870 4357 causantur
2955 4286 3037 4354 ad
3116 4284 3357 4351 eodem
3404 4283 3734 4373 principio
3767 4306 3877 4347 es-

685 4403 1110 4472 municabilis
1149 4414 1211 4470 et
1257 4405 1910 4472 incommunicabilis
1948 4407 1980 4471 ζ)
2324 4399 2578 4473 sentim,
2652 4407 2767 4463 ant
2843 4419 2880 4463 a
2947 4394 3258 4461 diversis.
3344 4391 3415 4456 Si
3460 4390 3544 4457 at»
3584 4389 3873 4458 eodem:

777 4512 1162 4580 Secundum
1195 4519 1445 4591 auti-ni,
1487 4513 1724 4582 Uti-um
1760 4517 1825 4581 in
1855 4515 2103 4581 divinis
2132 4516 2215 4581 sit
2323 4529 2487 4592 vrgo
2549 4505 2723 4571 idem
2800 4511 2898 4570 est
2961 4501 3370 4592 principium
3415 4500 3877 4566 communita-

688 4622 860 4687 ratio
901 4617 1298 4686 universalis
1337 4629 1400 4685 et
1433 4619 1915 4709 particularis?
2327 4617 2434 4694 tis,
2500 4622 2563 4680 et
2622 4610 3114 4701 singularitatis
3172 4610 3316 4675 sive
3381 4607 3806 4675 discretionis
3857 4629 3873 4673 :

2326 4720 2439 4787 sed
2484 4721 2811 4811 quidquid
2842 4729 2939 4787 est
2981 4718 3391 4809 principium
3426 4717 3872 4793 discretionis,

774 4835 879 4899 An
908 4854 1158 4899 rmum:
1189 4832 1574 4922 proceditur
1595 4835 1729 4902 sic:
2327 4839 2424 4895 est
2460 4830 2850 4918 oppositum
2888 4825 3369 4894 communitati
3406 4846 3422 4889 :
3468 4846 3632 4911 ergo
3702 4821 3875 4889 idem

785 4941 845 5008 l.
890 4937 964 5005 ln
994 4939 1531 5032 quibuscumque
1561 4949 1659 5008 est
1703 4942 1940 5008 uniens
1981 4963 2218 5023 unum,
2330 4948 2425 5004 est
2475 4937 2878 5028 principium
2909 4935 3451 5014 communitatis,
3495 4941 3556 4999 et
3601 4931 3880 5022 opposi-

693 5049 760 5110 et
788 5043 969 5111 aliud
997 5042 1383 5114 discernens
1423 5048 1488 5113 in
1531 5055 1769 5116 natura
1819 5069 1975 5127 una,
2013 5046 2079 5113 in
2120 5045 2222 5113 his
2332 5055 2472 5111 tum
2507 5042 3006 5125 communitati,
3050 5039 3238 5133 quod
3288 5062 3425 5106 non
3482 5049 3582 5107 est
3631 5037 3882 5105 intelli-

695 5159 797 5217 est
837 5153 1001 5219 ratio
1039 5153 1621 5221 communicabilis
1660 5165 1723 5224 et
1765 5155 2222 5224 incommuni-
2330 5148 2576 5240 gibite:
2616 5172 2776 5238 ergo
2827 5157 3200 5217 causantur
3237 5169 3275 5213 a
3334 5143 3646 5213 diversis.
3718 5143 3881 5212 Cui-

690 5255 963 5324 cabilis:
1000 5258 1066 5324 in
1097 5258 1345 5328 divinis
1374 5271 1471 5329 est
1505 5263 1745 5331 uniens
1801 5283 2122 5352 personas
2155 5262 2220 5327 in
2329 5279 2622 5347 cumque
2662 5265 2890 5323 autem
2957 5258 3189 5322 insunt
3241 5253 3532 5331 diversa,
3585 5251 3751 5321 illud
3780 5261 3881 5321 est

689 5370 927 5431 natura
957 5388 1115 5449 una,
1164 5367 1325 5457 quia
1388 5372 1718 5438 essentia:
1762 5380 1828 5437 et
1857 5378 1952 5436 est
1985 5369 2050 5435 in
2120 5370 2222 5436 di·
2330 5366 2786 5455 compositum
2814 5388 2829 5432 :
2863 5386 3026 5453 ergo
3068 5363 3253 5431 Deus
3284 5369 3385 5429 est
3415 5359 3672 5451 aliquid
3698 5382 3881 5430 com·

770 5607 787 5641 ¹
821 5603 876 5658 S.
904 5605 1144 5659 Joaxsts
1176 5606 1560 5679 Dauascexns,
1594 5609 1714 5663 tib.
1747 5608 1821 5665 ΙΙΙ
1854 5609 1926 5664 de
1960 5610 2095 5665 fide
2125 5628 2218 5666 or·
2401 5607 2423 5641 ²
2454 5607 2605 5673 lusu,
2638 5605 2883 5673 Ibidem,
2916 5621 3044 5678 cap.
3077 5607 3132 5664 4.

696 5690 970 5758 thedom,
1001 5707 1127 5764 cap.
1157 5695 1212 5748 6.
