4897 6388
627 357 755 430 652
2081 358 2363 431 INDEX

1664 530 1877 586 Divisio
1908 519 2124 587 textus.
2800 514 2807 517 ⁴
2834 517 2840 522 ⁶
2975 513 2984 520 ⁸
3720 535 3831 589 307

1199 621 1338 675 Aur.
1417 624 1468 676 1.
1511 619 1816 687 Quomodo
1867 618 2146 675 differant
2200 623 2442 681 nomina
2503 640 2636 696 quae
2686 623 3093 680 attribuuntur
3133 622 3379 696 Spiritui
3414 593 3646 688 sancto,

1563 726 1753 776 amor,
1785 707 2039 776 dilectio,
2072 708 2326 768 charitas
2346 712 2374 769 ‘l
3723 713 3826 767 308

1408 800 1464 854 2.
1509 799 1715 854 Utrum
1757 797 2005 869 Spiritus
2036 802 2274 854 sanctus
2313 801 2577 874 procedit
2605 807 2670 857 ut
2709 801 2925 858 amor?
2951 810 3028 869 et,
3063 802 3267 858 Utrum
3294 802 3551 857 charitas
3580 801 3642 856 in
3722 866 3725 869 ,

1561 887 1802 942 homine
1863 891 1922 942 et
1948 884 2168 958 Angelo
2199 888 2274 943 sit
2301 890 2539 947 habitus
2567 889 2887 947 voluntatis
2905 889 2935 945 ⁸?
3722 891 3826 944 309

802 1114 870 1175 Β.
926 1112 1120 1193 Quod
1144 1113 1432 1197 Spiritus
1461 1122 1719 1178 sanctus
1750 1116 2007 1198 proprie
2046 1115 2299 1180 dilectio
2326 1120 2581 1182 dicatur
2612 1139 2627 1182 :
2660 1127 2721 1181 et
2746 1127 2949 1182 tamen
3002 1120 3284 1182 Trinitas
3314 1120 3405 1181 sit
3429 1119 3591 1181 dile-

983 1212 1130 1273 ctio.
3711 1218 3845 1282 313,

1192 1401 1330 1456 Aur.
1409 1402 1464 1458 3.
1506 1404 1597 1457 An
1639 1400 1882 1457 verbum
1911 1400 2149 1474 proprie
2176 1406 2489 1462 conveniat
2516 1404 2713 1463 Filio?
2753 1390 2761 1396 ’
3723 1408 3830 1462 314

788 1629 865 1691 C.
908 1628 1093 1691 Sicut
1121 1628 1372 1691 verbum
1418 1631 1551 1693 Dei
1585 1631 1843 1713 proprie
1887 1631 2139 1694 dicatur
2181 1635 2509 1717 sapientia,
2539 1642 2600 1697 et
2626 1642 2831 1697 tamen
2859 1641 2988 1696 tota
3037 1634 3320 1697 Trinitas
3349 1634 3591 1697 dicitur

783 1722 789 1728 ’
988 1727 1301 1809 sapientia
1336 1749 1350 1790 ε
1387 1728 1478 1789 ita
1506 1735 1567 1789 et
1591 1728 1874 1812 Spiritus
1902 1735 2155 1791 sanctus
2168 1735 2424 1815 proprie
2468 1734 2712 1795 dicitur
2740 1732 3044 1815 charitas,
3077 1739 3139 1793 et
3165 1738 3368 1795 tamen
3397 1737 3593 1794 Pater

986 1830 1046 1886 et
1074 1824 1289 1887 Filius
1319 1833 1381 1888 et
1406 1826 1693 1912 Spiritus
1720 1832 1974 1890 sanctus
2002 1829 2244 1891 dicitur
2266 1832 2571 1895 charitas.
3346 1910 3357 1915 -
3708 1831 3827 1894 3¹5

1195 2013 1335 2067 Aur.
1411 2014 1469 2070 4.
1509 2017 1601 2070 An
1629 2014 1882 2088 Spiritus
1906 2020 2146 2071 sanctus
2170 2016 2404 2089 proprie
2434 2023 2815 2090 nuncupetur
2842 2016 3151 2074 charitas?
3722 2017 3825 2071 316

779 2240 861 2303 D.
906 2239 1233 2324 Exemplis
1258 2242 1489 2316 firmat
1515 2243 1727 2306 eadem
1752 2243 2001 2305 nomina
2021 2243 2275 2326 proprie
2297 2253 2358 2308 et
2384 2246 2813 2310 universaliter
2855 2247 3078 2330 accipi.
3705 2248 3821 2309 317

1664 2427 1961 2500 Expositio
1992 2431 2207 2482 textus.
3722 2430 3826 2486 317

1196 2515 1331 2570 Aur.
1409 2518 1464 2572 5.
1505 2518 1598 2573 An
1626 2515 1917 2589 sapientia
1943 2532 2062 2573 non
2088 2515 2165 2572 sit
2199 2520 2459 2592 propria.
2488 2521 2591 2577 sed
2632 2519 3091 2595 appropriabilis
3120 2524 3352 2576 tantum
3371 2519 3402 2575 ⁴?
3723 2519 3825 2574 318

801 2741 866 2804 Ε.
909 2741 1377 2805 Auctoritatem
1397 2745 1606 2827 ponit,
1638 2744 1808 2828 quod
1836 2742 2046 2806 Filius
2065 2747 2319 2828 proprie
2343 2749 2587 2812 dicitur
2613 2748 2943 2832 sapientia.
3699 2746 3828 2807 318

1194 2930 1332 2982 Aur.
1408 2928 1465 2985 6.
1508 2928 1714 2985 Utrum
1745 2928 1996 3001 Spiritus
2024 2934 2260 2985 sanctus
2283 2931 2361 2986 sit
2378 2930 2619 2988 dilectio
2651 2947 2772 3005 qua
2812 2933 2986 2989 Pater
2998 2937 3060 2989 et
3081 2931 3268 2988 Filius
3297 2930 3554 3006 diligunt
3580 2947 3646 2988 se

1558 3024 1619 3075 et
1643 3034 1771 3084 nos.
1798 3023 1855 3074 et
1884 3017 2061 3074 etiam
2091 3031 2209 3090 qua
2239 3034 2346 3076 uos
2375 3019 2675 3094 diligimus
2703 3022 2887 3078 Deum
2908 3021 2937 3077 2
3718 3020 3820 3076 319

799 3245 865 3308 F.
912 3244 1105 3310 Redit
1135 3243 1463 3309 ostendere
1508 3248 1680 3330 quod
1716 3252 2143 3331 proposuerat,
2178 3247 2419 3311 scilicet
2457 3250 2627 3332 quod
2670 3248 2955 3333 Spiritus
3000 3253 3256 3311 sanctus
3298 3249 3390 3313 sit
3414 3269 3592 3311 amor

988 3363 1110 3426 quo
1138 3342 1337 3405 Pater
1359 3365 1397 3405 a
1425 3344 1630 3427 Filio,
1660 3351 1721 3407 et
1747 3343 1958 3407 Filius
1983 3365 2021 3405 a
2051 3344 2243 3406 Patre
2267 3346 2600 3430 diligitur.
3713 3349 3826 3409 321

1197 3538 1335 3590 Aur.
1413 3539 1467 3593 7.
1507 3536 1716 3593 Utrum
1748 3535 1998 3608 Spiritus
2027 3540 2264 3611 sanctus
2284 3537 2561 3608 procedat
2588 3555 2623 3595 a
2653 3538 2826 3594 Patre
2856 3536 2917 3593 in
2936 3535 3175 3604 Filium,
3205 3539 3264 3591 et
3316 3533 3662 3591 reflectatur

1555 3643 1591 3682 a
1622 3624 1768 3681 Pilio
1795 3624 1852 3680 in
1886 3624 2117 3680 Patrem
2148 3640 2164 3680 t
2197 3624 2275 3680 ita
2305 3627 2462 3699 quod
2502 3627 2579 3683 sit
2607 3642 2778 3684 amor
2804 3625 2935 3683 Filii
2985 3626 3046 3682 in
3077 3625 3335 3692 Patrem,
3366 3629 3427 3681 et
3462 3622 3655 3680 Petris

1558 3715 1619 3770 in
1678 3712 1889 3770 Filium
1924 3730 1937 3769 ε
1971 3719 2028 3767 et
2060 3717 2256 3769 utrum
2295 3714 2405 3771 ista
2434 3716 2511 3772 sit
2542 3732 2679 3772 vera
2711 3712 2956 3782 locutio,
2988 3715 3162 3771 Pater
3190 3719 3252 3769 et
3300 3712 3482 3769 Filius
3510 3711 3652 3768 dili-

1561 3809 1708 3875 gunt
1735 3819 1798 3879 se
1828 3801 2048 3874 Spiritu
2106 3808 2328 3869 sancto,
2364 3811 2422 3860 et
2469 3805 2643 3861 Pater
2692 3802 2884 3876 diligit
2932 3818 2996 3859 se
3041 3801 3263 3875 Spiritu
3306 3807 3532 3868 sancto,
3584 3804 3645 3855 et

1557 3892 1733 3948 Pater
1752 3896 1812 3947 et
1839 3890 2020 3946 Pilius
2047 3889 2299 3960 diligunt
2328 3910 2388 3947 se
2418 3891 2739 3950 dilectione
2778 3908 2910 3964 quoe
2940 3897 3031 3947 est
3051 3890 3306 3964 Spiritus
3333 3887 3627 3947 Sanctus?
3725 3888 3821 3943 321

768 4118 857 4180 G.
909 4114 1094 4196 Quid
1119 4116 1210 4177 sit
1232 4115 1523 4199 Spiritus
1554 4124 1833 4197 sanctus,
1866 4115 1971 4179 hic
1995 4116 2296 4200 aperitur.
3707 4117 3822 4178 3ss

1188 4304 1325 4355 Aur.
1400 4304 1456 4358 8.
1501 4304 1708 4359 Utrum
1748 4302 1998 4375 Spiritus
2053 4307 2294 4357 sanctus
2346 4305 2419 4360 sit
2474 4305 2669 4361 unitas
2714 4303 2905 4360 Patris
2953 4307 3012 4357 et
3071 4300 3225 4367 Filii,
3285 4306 3344 4357 et
3386 4300 3647 4373 qualiter

1555 4392 1838 4449 sanctitas
1866 4390 2173 4461 utriusque
2194 4389 2222 4445 ¹?
3724 4391 3826 4445 327

1407 4485 1462 4537 9.
1504 4486 1595 4537 An
1626 4481 1875 4554 Spiritus
1906 4486 2143 4535 sanetus
2193 4487 2381 4551 potest
2408 4482 2553 4538 dicit
2585 4496 2836 4555 persona
2868 4480 3063 4536 media
3083 4480 3112 4536 ξ’
3717 4478 3821 4536 327

1383 4571 1470 4626 10.
1512 4569 1819 4638 Quomodo
1851 4570 2022 4625 Pater
2050 4574 2110 4623 et
2140 4568 2317 4624 Filius
2353 4570 2673 4644 dupliciter
2695 4568 3035 4625 uniuntur?
3718 4570 3819 4623 328

1373 4661 1460 4715 11.
1501 4664 1591 4715 An
1643 4659 1891 4732 Spiritus
1920 4664 2159 4713 sainctus
2190 4658 2261 4712 sit
2291 4659 2514 4732 aliquid
2545 4674 2863 4715 commune
2895 4658 3049 4714 Patri
3073 4663 3131 4712 et
3164 4656 3311 4714 Pilio
3331 4658 3361 4714 ‘2
3718 4656 3823 4712 329

1372 4750 1459 4805 12.
1500 4751 1587 4804 An
1620 4746 1821 4820 plures
1853 4746 2079 4819 possint
2106 4763 2232 4801 esse
2263 4748 2471 4804 «livium
2495 4763 2765 4822 personoe
2800 4763 2978 4819 quam
3009 4752 3131 4803 tres
3152 4747 3182 4803 ’Ξ
3714 4747 3816 4802 329

759 4974 843 5037 Η.
897 4973 1093 5054 Quod
1118 4974 1406 5057 Spiritus
1438 4983 1721 5045 sanctus,
1755 4977 1919 5039 sicut
1963 4977 2300 5037 communis
2343 4985 2436 5040 est
2486 4980 2675 5041 Patri
2700 4985 2761 5040 et
2788 4977 2984 5058 Filio,
3017 4978 3107 5040 ita
3135 4997 3456 5040 commune
3482 4997 3586 5039 no·

975 5096 1108 5136 men
1137 5073 1326 5136 habet
1344 5077 1705 5159 proprium.
3703 5078 3825 5142 3³2

1195 5261 1333 5313 Aur.
1376 5258 1465 5315 13.
1508 5258 1774 5325 Qualiter
1798 5260 1907 5315 hoc
1957 5274 2172 5314 nomen
2231 5261 2472 5331 Spin-itus
2500 5262 2811 5319 conveniat
2844 5258 3182 5333 specialiter
3210 5258 3465 5332 Spiritus
3514 5275 3657 5317 san-

1555 5355 1673 5416 cto,
1706 5354 1762 5404 et
1794 5345 2092 5419 quomodo
2139 5356 2352 5403 sanctur
2379 5351 2658 5407 dicatur?
3723 5349 3828 5404 333
