4897 6388
780 676 850 722 Ad
879 678 921 720 ².

781 1222 863 1270 Ad
890 1221 934 1270 3.

1943 278 2035 345 ιΝ
2082 231 2589 370 1...st{NTeNr.
2642 278 2876 357 ms'n
2924 278 3164 386 >Nl-¹»,
3196 280 3299 356 Κ

1029 428 1216 531 'facit
1250 449 1468 539 magis
1508 450 1578 530 in
1607 451 1897 528 essentia
1933 457 1998 529 et
2041 450 2316 529 virtute,
2347 457 2414 517 et
2460 471 2600 524 uon

1055 556 1265 640 mete..

1145 666 1249 731 Ao
1297 688 1495 733 Annon
1523 651 1878 744 dicendum
1900 663 2137 731 eodem
2164 663 2391 741 inodo,
2418 662 2601 754 quod

1056 795 1196 839 non
1239 779 1339 839 est
1370 768 1592 837 simile
1623 768 1704 837 de
1735 778 1984 858 puncto
2030 792 2044 835 :
2082 770 2241 860 quia
2270 757 2596 860 punctum

1054 886 1308 969 puncto
1359 884 1460 944 est
1497 875 1756 967 aequale
1807 897 1826 942 :—
1876 877 1992 945 sed
2039 879 2330 945 essentia
2372 876 2599 945 addita

1056 985 1395 1066 charitati,
1447 993 1515 1062 et
1553 985 1659 1062 cui
1691 984 1984 1072 additur„
2032 1009 2172 1066 non
2213 987 2598 1068 necessario

1056 1102 1157 1163 est
1183 1091 1490 1184 aequalis,
1523 1092 1641 1172 sed
1672 1094 1917 1176 minor.

1147 1202 1253 1268 An
1301 1224 1500 1269 Amen
1565 1201 1948 1280 dicendum,
1999 1201 2179 1292 quod
2236 1202 2382 1292 jam
2432 1201 2596 1279 dixi,

1061 1309 1246 1401 quod
1284 1318 1573 1401 augetur
1611 1309 1975 1380 additione.

1148 1419 1258 1488 Ad
1298 1419 1431 1489 hoc
1459 1429 1687 1490 autem
1717 1420 1900 1511 quod
1931 1420 2260 1511 quaeritur
2291 1421 2374 1489 de
2399 1423 2604 1489 virtu-

1059 1537 1125 1608 te
1155 1529 1446 1614 unitiva,t
1487 1529 1642 1606 dico
1665 1529 1848 1621 quod
1867 1529 2118 1620 ‘seipsis
2160 1528 2290 1608 sibi
2348 1531 2605 1608 uniun-

1058 1639 1261 1707 turin
1293 1638 1648 1716 voluntate
1680 1661 1833 1732 quae.
1868 1646 1966 1714 est
1993 1639 2344 1733 proprium
2374 1639 2605 1730 subje-

1057 1756 1246 1816 ctum
1297 1752 1678 1840 utriusque,
1713 1750 1886 1818 sicut
1924 1750 2096 1841 ignis
2150 1750 2289 1848 igni
2338 1750 2406 1817 in
2454 1750 2604 1818 loco

1062 1857 1244 1949 ignis
1285 1855 1573 1949 :etipsa
1613 1857 1860 1951 speciei
1907 1856 2219 1927 identitas
2257 1859 2327 1926 in
2377 1859 2605 1928 addito

1065 1973 1133 2034 et
1171 1966 1244 2033 in
1275 1987 1359 2033 eo
1396 1965 1503 2034 oui
1535 1965 1611 2033 tit
1637 1965 1917 2049 additio,
1943 1965 2099 2037 facit
2124 1966 2391 2036 facilem
2428 1976 2610 2035 tran·

1069 2073 1282 2150 situm
1322 2074 1523 2149 unius
1555 2075 1624 2148 in
1653 2072 1860 2148 aliud.

1157 2181 1264 2249 An
1291 2203 1493 2254 Auno
1521 2180 1909 2263 dicendum,
1935 2182 2115 2282 quod
2143 2182 2300 2260 licet
2329 2184 2611 2262 minima

1070 2287 1373 2362 charitas
1436 2290 1725 2359 sufficiat
1789 2290 2120 2370 resistere,
2189 2314 2326 2361 non
2386 2301 2611 2361 tamen

1071 2397 1325 2466 sufficit
1352 2420 1549 2488 aeque
1587 2397 1870 2468 faciliter
1909 2421 1926 2468 t
1961 2400 2137 2467 unde
2173 2399 2347 2468 sicut
2375 2409 2613 2467 natura

1073 2528 1214 2575 non
1265 2514 1531 2576 tantum
1576 2506 1690 2574 dat
1752 2510 2045 2597 speeiem
2110 2507 2432 2586 materiae,
2494 2507 2613 2577 sed

1068 2614 1278 2684 etiam
1321 2615 1572 2705 speciei
1605 2613 2153 2688 fortificationem
2197 2625 2475 2707 propter
2520 2614 2614 2684 al-

1070 2722 1448 2790 terationes
1495 2729 1854 2813 sequentes
1899 2744 1915 2790 ε
1962 2724 2050 2791 ita
2088 2732 2189 2792 est
2225 2724 2295 2790 in
2337 2723 2554 2814 gratia
2591 2745 2607 2790 :

1071 2852 1212 2896 non
1244 2829 1429 2921 quod
1465 2830 1681 2920 gratia
1722 2852 1931 2920 parva
1985 2831 2187 2898 etiam
2227 2829 2468 2898 debilis
2526 2830 2610 2896 sit

1071 2945 1379 3026 respectu
1413 2936 1694 3028 peccati,
1727 2937 1840 3005 sed
1864 2937 2020 3029 quia
2057 2936 2434 3026 subjectum
2467 2937 2612 3027 ejus

1069 3043 1290 3113 debile
1312 3054 1411 3112 est
1445 3067 1461 3114 ε
1499 3055 1561 3113 et
1589 3045 1738 3113 ideo
1775 3055 2064 3136 oportet,
2106 3044 2288 3137 quod
2319 3044 2608 3112 multum

1070 3153 1475 3224 fortiticctur
1518 3153 1750 3223 habitu
1791 3155 2220 3225 informante.
2285 3154 2614 3223 Similiter

1071 3261 1232 3340 licet
1269 3264 1568 3335 minima}
1596 3261 1906 3336 charitati
1943 3264 2266 3337 debeatur
2295 3264 2627 3355 reguuuu

4141 280 4268 358 483

2710 455 2942 528 tamen
2985 449 3211 536 major
3236 456 3538 525 meretur
3579 454 4030 536 augmentum
4087 469 4267 537 prae-

2713 580 2859 635 111¹!ae

2800 769 2905 835 Ao
2945 793 3008 836 u>
3041 769 3225 859 quod
3255 768 3538 837 ulterius
3578 772 3930 860 quaeritur‚
3968 769 4040 837 Si
4066 770 4258 837 dimi·
4314 785 4392 829 Διί
4414 795 4587 843 quaesi.

2712 879 2829 944 nui
2887 886 3109 967 potest
3153 883 3189 947 ἱ)
3230 879 3639 962 Dicendum,
3711 880 3895 970 quod
3935 902 4073 946 non
4125 898 4141 946 ε
4196 888 4262 946 et

2710 984 2884 1054 hene
2921 985 3249 1066 concedo,
3280 986 3466 1076 quod
3488 1010 3626 1065 non
3665 987 3981 1062 valetilla
4018 986 4266 1066 solutio

2712 1114 2920 1182 quam
2953 1092 3229 1181 quidam
3270 1093 3456 1173 dant,
3493 1117 3573 1163 eo
3615 1094 3799 1184 quod
3821 1102 4269 1185 augmentum

2713 1201 2843 1268 sibi
2873 1203 2959 1268 sit
2988 1201 3321 1287 naturale,
3366 1201 3767 1271 charitatem
3791 1203 4081 1293 diminui
4129 1225 4269 1270 non

2712 1331 2913 1398 posse
2965 1328 2981 1376 t
3035 1309 3153 1376 sed
3218 1309 3394 1376 sicut
3444 1310 3691 1400 probat
3744 1309 4061 1400 objectio,
4118 1308 4270 1378 ideo

2714 1439 2856 1485 non
2896 1415 3323 1502 diminuitur,
3357 1420 3520 1508 quia
3550 1417 3721 1486 nihil
3751 1426 3851 1487 est
3882 1418 4271 1488 diminuens

2716 1550 2919 1602 eam:
2968 1527 3087 1606 sed
3133 1526 3393 1620 aliquid
3440 1529 3824 1613 destruens,
3867 1527 3976 1598 vel
4015 1551 4271 1619 augens

2719 1637 3087 1716 invenitur.

2807 1744 2987 1813 Nota
3014 1753 3269 1828 tamen,
3297 1744 3481 1837 quod
3504 1744 3797 1815 charitas
3817 1745 4083 1836 prolicit
4115 1768 4274 1836 qua·

2718 1860 2876 1920 tuor
2915 1853 3159 1931 modiS‚
3204 1853 3458 1922 scilicet
3506 1853 3734 1944 quoad
3786 1852 4272 1922 radicationem

2720 1965 2792 2031 in
2830 1963 3136 2053 subjecto
3182 1986 3267 2032 ex
3297 1963 3765 2043 diuturnitate,
3801 1963 4028 2055 quoad
4057 1963 4276 2033 facili-
4401 1954 4407 1959 ’

2721 2079 2937 2150 tatem,
2971 2071 3297 2162 operandi
3330 2071 3708 2152 secundum
3749 2094 3928 2153 eam,
3970 2094 4057 2150 ex
4105 2094 4275 2142 cou-

2721 2180 3078 2258 suetudine
3108 2179 3553 2260 ass'ectionum
3570 2192 3637 2252 et
3675 2203 3959 2276 operum
3990 2178 4279 2250 charita·

2721 2288 2834 2367 tis»,
2876 2288 3100 2378 quoad
3134 2311 3496 2358 numerum
3531 2291 3937 2358 meritorum
3977 2311 4063 2357 ex
4104 2287 4276 2356 mul·

2723 2395 3009 2464 titudine
3049 2420 3362 2487 operum,
3414 2405 3480 2466 et
3518 2396 3747 2490 quoad
3809 2397 4090 2465 modum
4147 2395 4273 2465 fer-

2721 2506 2908 2574 voris
2928 2528 3013 2574 ex
3040 2504 3288 2575 actuali
3327 2505 3870 2575 consideratione
3899 2505 4276 2575 beneficio·

2726 2612 3040 2707 rum-Dei
3082 2635 3099 2681 ε
3134 2613 3307 2690 sicut
3351 2614 3595 2688 novitii
3644 2613 4061 2706 quandoque
4122 2611 4284 2705 plus,

2724 2723 2985 2798 fervent
3014 2722 3191 2802 aliis.
3221 2745 3308 2795 ex
3345 2746 3427 2794 eo
3468 2721 3654 2815 quod
3692 2722 4049 2792 actualiter
4076 2730 4144 2791 et
4194 2721 4276 2792 de

2724 2855 2906 2900 novo
2949 2840 3318 2900 moventur
3363 2831 3543 2900 eirca
3597 2830 3927 2900 beneficia
3966 2830 4089 2899 Dei
4144 2853 4161 2898 ε
4210 2840 4277 2899 ct

2726 2938 2791 3007 id
2830 2939 3015 3030 quod
3062 2939 3144 3008 de
3202 2961 3385 3008 novo
3427 2949 3685 3020 movet,
3740 2939 3892 3030 plus
3949 2946 4275 3030 provocat

2722 3046 3085 3116 fervorem.
3145 3046 3403 3116 I‘raeter
3446 3049 3615 3116 istos
3685 3057 3981 3139 quatuor
4027 3046 4274 3115 modos
4382 3033 4389 3041 ’

2722 3163 2824 3224 est
2867 3162 3314 3246 augmentum
3350 3154 3499 3246 ejus
3528 3155 3881 3247 proprium
3920 3176 4043 3247 per
4080 3153 4278 3224 addi·

2722 3266 3012 3342 tionem.
3045 3272 3177 3335 etc.

1569 3776 1629 3850 l(
1659 3832 1677 3848 .
1744 3777 1805 3850 A
1823 3775 2222 3850 actoritate
2276 3774 2685 3870 coufirmat
2738 3778 3142 3873 utromque
3198 3773 3802 3873 responsionem.

1177 4112 1274 4190 Ut
1341 4124 1601 4191 autem
1670 4113 1952 4190 certius
2013 4114 2141 4191 fiat
2207 4115 2413 4215 quod
2488 4097 2853 4208 diximus,
2913 4113 3363 4190 auctoritate
3427 4114 4011 4209 contiruieiuuS,
4064 4114 4271 4214 quod

1077 4250 1412 4351 Spiritus
1468 4263 1780 4327 sauctus
1843 4250 2086 4348 inagis
2140 4276 2228 4329 ae
2297 4250 2553 4328 ininius
2594 4250 3064 4351 percipiatur
3093 4260 3169 4326 et
3219 4248 3512 4329 homiui
3560 4260 3966 4350 augeatur,
4001 4264 4073 4330 et
4118 4279 4272 4332 uon

1075 4380 1391 4467 habenti
1422 4387 1673 4482 detur,
1707 4399 1783 4465 et
1814 4387 2119 4469 habenti
2146 4389 2368 4466 detur
2400 4398 2482 4462 ut
2510 4387 2688 4491 plus
2720 4386 3121 4481 habeatur,
3165 4385 3648 4486 Augustinus
3677 4388 4013 4465 ostendit
4041 4415 4277 4494 super

1070 4524 1456 4604 Jemeieem
1503 4521 1551 4618 ⁸,
1594 4522 1858 4600 dicens
1899 4548 1916 4599 ε
1964 4524 2146 4602 Sine
2185 4523 2473 4625 Spiritu
2506 4532 2772 4602 sancto
2804 4531 3101 4600 constat
3141 4545 3286 4598 nos
3313 4522 3707 4603 Christum
3737 4548 3891 4601 non
3923 4524 4273 4623 diligere,

1074 4671 1152 4737 et
1190 4660 1361 4761 ejus
1390 4659 1745 4738 mandata
1783 4685 2088 4739 servare
2121 4684 2274 4737 nou
2320 4682 2542 4764 posse
2579 4682 2595 4734 ε
2633 4670 2706 4735 et
2736 4658 2809 4735 id
2854 4684 2995 4736 uos
3026 4684 3251 4760 posse
3305 4666 3539 4769 atque
3578 4682 3808 4760 agere
3870 4670 4077 4739 tanto
4147 4662 4282 4740 iui-

1075 4822 1254 4892 nuS,
1289 4806 1580 4896 quanto
1659 4796 1872 4874 illum
1925 4794 2393 4897 percipimus
2453 4794 2711 4872 miuus
2755 4822 2771 4870 ε
2810 4805 3018 4873 tanto
3071 4820 3255 4873 vero
3304 4792 3670 4899 amplius,
3722 4808 4016 4898 quanto
4059 4798 4277 4876 illum

1076 4932 1550 5034 percipimus
1580 4931 1937 5033 ampliuS.
1978 4931 2306 5034 ideoque
2349 4956 2499 5006 non
2543 4932 2800 5009 solum
2834 4954 2986 5007 non
3030 4927 3379 5021 babenti,
3404 4954 3680 5009 verum
3720 4929 3946 5015 etiam
3983 4932 4283 5010 haben-

1077 5067 1128 5141 ti
1173 5090 1328 5142 non
1375 5062 1761 5141 ineassum
1810 5063 2274 5165 promittitur
2317 5088 2333 5140 ε
2379 5089 2532 5140 non
2597 5063 2910 5140 habenti
2942 5062 3279 5162 quidem,
3343 5072 3425 5138 ut
3487 5063 3863 5140 habeatur
3901 5089 3918 5141 ε
3965 5066 4277 5143 habenti

1072 5215 1362 5297 autem,
1408 5212 1489 5278 ut
1527 5200 1857 5302 amplius
1890 5201 2285 5279 habeatur.
2322 5200 2513 5276 Nam
2556 5200 2619 5274 si
2661 5200 2759 5275 ah
2799 5199 2950 5275 alio
3004 5198 3287 5293 ininuS,
3331 5207 3407 5275 et
3436 5197 3534 5274 ab
3565 5199 3717 5275 alio
3759 5201 4093 5300 amplius
4124 5228 4278 5280 non

1081 5339 1523 5432 haberetur,
1568 5349 1880 5417 sanctus
1911 5336 2209 5416 Eliseus
2237 5347 2502 5417 sancto
2537 5337 2724 5414 1311ae
2756 5360 2910 5411 non
2965 5335 3304 5412 diceret:
3351 5334 3690 5439 Spiritus
3728 5336 3862 5435 qui
3905 5348 4019 5415 est
4062 5341 4137 5416 in
4180 5352 4281 5438 te,

1158 5680 1173 5717 ¹
1209 5671 1265 5735 S.
1299 5676 1671 5745 ‚teccsrixcs‚
1716 5675 1903 5749 Super
1946 5677 2255 5744 loannem,
2299 5676 2487 5732 Tract.
2540 5674 2629 5731 Ἄ.
