4897 6388
212 2000 226 2013 ⁰
310 2003 507 2054 Solonio.

255 3085 335 3135 Ad
353 3093 520 3145 que-t.
534 3089 575 3137 t.

250 5109 328 5156 aa
347 5110 518 5169 obs-en.
530 5114 572 5156 ι.

616 362 742 445 172

615 538 939 617 Trinitas,
990 545 1092 605 est
1157 527 1519 605 relati<÷um
1601 538 2045 605 intrinsecum
2102 545 2168 604 et

613 643 864 712 claudit
917 646 986 711 in
1043 668 1115 712 se
1178 644 1457 711 relativa
1513 653 1579 712 et
1646 643 2166 710 determinantia

615 752 803 840 ipsa:
848 762 913 819 et
960 752 1111 819 ideo
1154 754 1327 819 sicut
1366 752 1513 839 ipsa
1571 750 1857 816 relativa
1920 748 2163 839 praedi-

613 869 852 929 cantur
890 861 972 928 de
1002 882 1318 950 persona,
1354 860 1448 924 ita
1489 865 1553 924 et
1602 858 1828 947 ipsum
1879 857 1961 925 de
2009 880 2164 947 per-

612 991 780 1037 sona
838 977 904 1037 et
962 967 1273 1057 personis
1347 964 1776 1055 praedicatur.
1841 965 2159 1034 CONTRA:

612 1075 998 1142 Relativum
1038 1073 1482 1141 intrinsecum
1515 1073 1571 1140 si
1616 1069 2013 1163 explicetur,
2048 1072 2165 1140 ha-

610 1183 727 1250 bet
756 1181 1036 1248 relativa
1088 1180 1174 1248 ad
1223 1204 1295 1249 se
1343 1181 1637 1249 invicem
1694 1180 1947 1248 relata:
2008 1203 2161 1248 cum

611 1290 792 1357 enim
824 1287 1000 1369 dice,
1035 1289 1145 1356 isti
1194 1296 1353 1356 sunt
1391 1286 1669 1364 simileS,
1718 1310 1997 1378 possum
2038 1309 2162 1354 ex-

607 1397 835 1487 plicite
873 1395 1143 1473 inferre,
1189 1418 1351 1486 ergo
1412 1395 1539 1462 iste
1577 1403 1679 1462 est
1725 1395 1967 1461 similis
2023 1395 2157 1479 isti,

608 1513 675 1573 et
714 1506 838 1572 iste
877 1512 977 1571 est
1004 1503 1245 1570 similis
1283 1503 1379 1568 illi
1417 1525 1432 1568 :
1469 1524 1610 1569 non
1640 1511 1868 1570 autem
1911 1502 2005 1569 sic
2062 1511 2160 1570 est

610 1617 679 1683 in
727 1615 859 1683 hoc
897 1615 1201 1694 nomine,
1249 1616 1593 1683 Trinitas:
1640 1636 1804 1705 ergo
1862 1615 2153 1695 videtur,

612 1723 798 1815 quod
837 1745 973 1790 non
1015 1722 1101 1790 sit
1130 1722 1492 1790 relativum
1526 1722 1990 1790 intrinsecum.

702 1935 1008 2006 Somno.
1044 1936 1426 2004 Dicendum
1474 1937 1546 2002 in
1602 1934 1913 2017 veritate,
1975 1939 2157 2027 quod

608 2045 754 2114 haec
791 2052 893 2114 est
926 2044 1384 2124 concedenda,
1441 2046 1633 2113 Unus
1668 2046 1856 2112 Deus
1903 2053 1999 2112 est
2027 2057 2157 2115 tres

599 2176 927 2245 personae.
970 2151 1142 2220 Cum
1175 2153 1357 2220 enim
1391 2153 1516 2220 iste
1556 2153 1914 2232 terminus,
1950 2175 2151 2238 unm,

602 2262 690 2329 sit
726 2260 1163 2351 adjectivum,
1205 2261 1399 2351 ponit
1439 2262 1774 2330 unitatem
1814 2262 2154 2352 signitica-

600 2376 740 2437 tam
764 2370 941 2438 circa
959 2367 1337 2459 subjectum
1363 2367 1567 2457 hujus
1593 2369 1891 2447 termini,
1937 2372 2148 2451 DeuS,

597 2480 664 2542 et
701 2473 769 2564 ly
798 2475 985 2542 Deus
1013 2472 1175 2540 dicit
1220 2473 1551 2540 unitatem
1601 2472 2024 2554 substantiae,
2085 2483 2154 2543 et

596 2581 746 2650 haec
783 2589 882 2649 est
920 2603 1057 2648 una
1095 2582 1167 2649 in
1224 2580 1443 2648 tribus
1479 2582 1839 2671 personis:
1882 2590 1950 2651 et
1999 2582 2150 2652 ideo

598 2689 743 2759 haec
758 2698 860 2759 est
885 2711 1071 2768 vera,
1105 2691 1294 2759 Unus
1324 2690 1512 2757 Deus
1539 2698 1639 2757 est
1660 2698 1795 2758 tres
1810 2713 2146 2783 personae,

599 2805 668 2867 et
697 2819 733 2866 e
771 2819 1126 2866 converse.
1163 2797 1249 2865 Et
1277 2796 1424 2865 haee
1452 2796 1772 2866 similiter
1798 2807 1900 2867 est
1937 2821 2140 2867 vera:

599 2907 915 2974 Essentia
944 2914 1041 2972 est
1070 2915 1204 2973 tres
1239 2927 1568 2995 personae,
1601 2913 1670 2973 et
1723 2929 1760 2973 e
1791 2928 2144 2976 converso·

692 3014 797 3082 Aa
842 3036 1040 3082 Αιιυι)
1095 3011 1486 3093 dicendum,
1566 3013 1752 3105 quod
1842 3016 2154 3085 similiter

604 3124 747 3193 haec
775 3130 874 3192 est
907 3143 1089 3206 vera,
1136 3123 1320 3190 Deus
1347 3132 1449 3190 est
1482 3124 1826 3192 Trinitas:
1884 3131 1947 3192 et
2004 3122 2150 3194 haec

600 3229 938 3312 similiter,
972 3252 1151 3298 ιυιηε
1179 3232 1365 3299 Deus
1394 3240 1491 3298 est
1520 3231 1844 3314 Trinitas,
1877 3241 2153 3324 propter

597 3335 907 3407 eamdem
936 3358 1237 3404 causam.
1270 3337 1631 3404 Terminus
1659 3338 1842 3405 enim
1876 3338 1944 3407 in
1973 3362 2151 3430 prae-

597 3444 818 3514 dicato
855 3443 963 3513 vel
1016 3445 1085 3511 in
1115 3442 1423 3533 subJecto
1452 3467 1592 3512 non
1623 3447 1973 3538 restringit
2008 3456 2151 3515 ter-

598 3552 864 3620 minum
917 3552 990 3620 in
1038 3551 1171 3620 alia
1229 3560 1421 3643 parte
1462 3553 1792 3642 positum,
1836 3553 1953 3622 sed
1993 3576 2152 3645 per-

595 3662 805 3730 mittit
840 3683 999 3730 eum
1039 3669 1217 3729 stare
1268 3660 1478 3729 libere
1532 3683 1658 3752 pro
1725 3684 1863 3754 quo
1929 3663 2145 3732 reddit

596 3768 1015 3838 locutionem
1054 3791 1289 3836 veram
1328 3790 1344 3837 ε
1380 3775 1445 3836 et
1477 3768 1629 3837 ideo
1670 3768 1740 3861 ly
1785 3773 1974 3839 Deus
2016 3779 2147 3840 stat

595 3900 720 3968 pro
750 3878 1067 3955 essentia,
1102 3885 1166 3943 et
1198 3900 1338 3945 non
1378 3900 1502 3969 pro
1533 3900 1826 3970 persona
1853 3902 1870 3948 ε
1901 3904 2024 3950 nec
2050 3889 2153 3949 est

597 3986 818 4054 simile
837 3985 905 4053 in
934 3986 1176 4053 creatis
1208 3988 1275 4053 in
1307 3986 1557 4077 quibus
1586 3986 1913 4056 dividitur
1931 4011 2155 4057 essen-

598 4093 735 4162 tia:
781 4093 941 4185 quia
983 4095 1050 4159 in
1084 4093 1336 4161 «livinis
1404 4116 1542 4162 non
1573 4103 1677 4163 est
1725 4095 1844 4175 ita,
1892 4120 2015 4165 nec
2054 4105 2155 4165 est

605 4199 789 4268 aliud
821 4198 911 4267 ibi
943 4202 1237 4268 essentia
1279 4223 1487 4291 quam
1527 4199 1940 4292 hypostasis.

695 4306 798 4374 An
843 4329 1041 4375 Αιιιί)
1086 4306 1476 4387 dicendum,
1519 4308 1703 4399 quod
1745 4308 1899 4378 licet
1933 4313 2158 4380 Triui-

605 4416 1072 4508 Ias-significet
1107 4415 1567 4505 singulariter,
1623 4423 1855 4485 tamen
1905 4418 2155 4489 claudit

603 4526 673 4592 in
740 4546 811 4592 se
869 4522 1064 4613 plura
1113 4524 1467 4614 supposita
1504 4546 1518 4590 ε
1601 4532 1668 4592 et
1728 4523 1881 4593 ideo
1950 4530 2153 4597 etiam

603 4633 926 4725 Magister
978 4632 1152 4700 inira
1198 4632 1374 4701 dicet
1423 4634 1644 4725 ipsum
1699 4657 1846 4703 esse
1903 4659 2152 4706 nomen

599 4740 1079 4809 collectivum:
1133 4741 1249 4808 sed
1291 4742 1453 4832 quia
1498 4742 1563 4808 in
1613 4742 1747 4810 illis
1786 4746 2153 4834 suppositis

601 4847 891 4914 essentia
914 4854 1012 4912 est
1038 4867 1170 4912 una
1197 4853 1261 4913 et
1284 4844 1548 4926 eadem,
1575 4845 1728 4915 ideo
1751 4846 2154 4937 praedicatur

602 4952 685 5020 de
723 4952 1198 5021 essentialibus
1247 4964 1311 5023 et
1354 4978 1493 5024 non
1533 4955 1616 5024 de
1658 4978 1793 5023 una
1832 4977 2146 5045 persona.

691 5059 796 5127 Ao
837 5081 1041 5128 Αιιυο
1098 5061 1487 5143 dicendum,
1531 5064 1715 5155 quod
1792 5065 1863 5132 in
1937 5065 2150 5134 colle-

599 5167 823 5235 ctione
876 5171 1387 5259 suppositorum
1430 5193 1638 5262 quam
1697 5169 1904 5239 habet
1968 5173 2036 5239 in
2076 5195 2147 5241 se

597 5272 666 5365 ly
735 5276 1063 5357 Trinitas,
1133 5279 1285 5370 plus
1351 5279 1554 5348 distat
1644 5301 1780 5347 una
1858 5302 2148 5372 persona

595 5404 803 5473 quam
858 5387 1151 5453 essentia
1195 5409 1211 5453 ε
1293 5388 1452 5479 quia
1529 5410 1821 5477 persona
1863 5409 2003 5455 non
2043 5396 2145 5455 est

593 5491 724 5558 nisi
783 5491 933 5560 haec
969 5493 1079 5560 vel
1147 5494 1286 5574 illa,
1320 5517 1475 5586 quae
1508 5518 1648 5564 non
1686 5504 1789 5565 est
1845 5516 1984 5562 una
2021 5518 2140 5563 nu-

665 5724 682 5760 ’
716 5721 882 5778 Joan.
909 5736 1027 5790 xiv,
1060 5722 1146 5776 16.

1622 356 1707 427 D.
1760 359 1961 427 ALB.
2013 358 2227 426 MAG.
2280 357 2485 465 om).
2537 356 2833 424 PRAED.

2277 553 2462 598 mero
2510 532 2582 596 in
2655 528 2952 596 collectis
3009 529 3077 594 in
3135 515 3812 617 quantum'collectae

2269 643 2469 703 sunt:
2504 634 2623 702 sed
2654 634 2943 702 essentia
2976 642 3238 702 estune
3269 633 3338 699 in
3370 632 3560 699 eisin
3590 648 3813 724 quan-

2270 752 2412 810 tum
2472 745 2674 811 etiam
2742 749 2902 809 sunt
2965 740 3263 836 collectae
3299 763 3313 807 ε
3348 748 3414 806 et
3468 738 3618 805 ideo
3660 734 3812 826 plus

2268 851 2669 941 praedioatur
2696 849 2764 940 ly
2797 849 3095 917 Trinitas
3142 846 3223 914 de
3263 847 3552 914 essentia
3603 865 3810 934 quam

2268 959 2349 1028 de
2376 981 2691 1051 persona.

2352 1069 2457 1135 Ao
2502 1089 2700 1136 Auno
2754 1063 3142 1141 dicendum,
3188 1061 3372 1154 quod
3411 1063 3479 1128 in
3526 1060 3805 1128 veritate
3833 1093 4149 1153 “om-0023,

2266 1176 2396 1244 hoc
2426 1196 2700 1251 nomen,
2756 1175 2814 1241 T
2808 1174 3079 1250 rinitas,
3134 1179 3233 1238 est
3287 1190 3540 1237 nomen
3597 1166 3810 1235 colle-

2266 1283 2518 1350 ctivum
2543 1301 2985 1371 personarum
3010 1285 3077 1345 et
3106 1276 3466 1345 relativum
3490 1273 3811 1342 intrinse-

2265 1413 2442 1469 cum,
2488 1412 2613 1457 nec
2651 1398 2876 1458 tamen
2906 1388 3214 1477 sequitur
3252 1385 3429 1476 quod
3464 1385 3557 1451 ita
3594 1382 3810 1474 possit

2265 1497 2618 1587 explicari:
2672 1503 2738 1563 et
2768 1494 2897 1563 hoc
2925 1494 3286 1584 contingit,
3321 1494 3478 1582 quia
3526 1489 3806 1558 relativa

2265 1627 2417 1696 quae
2450 1607 2519 1672 in
2545 1627 2616 1672 se
2645 1602 2875 1682 habet,
2910 1625 3050 1671 non
3071 1610 3232 1670 sunt
3261 1599 3540 1668 relativa
3571 1619 3808 1688 aequa-

2263 1713 2467 1783 litatis
2505 1722 2572 1782 et
2617 1713 3147 1803 aequiparentiae,
3180 1710 3355 1778 sicut
3401 1704 3801 1788 similitudo,

2262 1822 2378 1891 sed
2407 1824 2632 1914 potius
2662 1821 2944 1912 originis
2971 1843 2986 1887 :
3021 1818 3141 1887 sed
3167 1816 3494 1890 talia.non
3520 1819 3808 1906 possunt.

2262 1931 2580 2021 explicari
2620 1930 2790 1997 sicut
2847 1927 3004 2006 alia,
3040 1935 3110 1994 ut
3167 1933 3376 2017 patet,
3410 1945 3564 1992 cum
3633 1920 3806 1990 dici-

2263 2049 2391 2117 tur,
2435 2039 2555 2109 Isti
2585 2045 2743 2106 sunt
2772 2044 3038 2127 patres:
3074 2056 3237 2125 ergo
3296 2033 3419 2100 iste
3459 2039 3562 2099 est
3599 2029 3804 2097 Pater

2258 2149 2477 2232 istius,
2518 2154 2584 2216 et
2612 2145 2722 2215 ille
2750 2145 2954 2213 illius,

2696 2468 3200 2539 ARTlCULUS
3246 2468 3369 2537 XI.

2253 2694 2360 2759 An
2406 2691 2517 2758 hic
2553 2688 2893 2758 articulus
2947 2689 3124 2778 fidei
3164 2689 3355 2756 solus
3402 2689 3795 2758 Christiano

2838 2797 3012 2864 salis
3049 2794 3212 2864 est?

2343 3119 2602 3189 Deinde
2660 3121 2988 3211 quaeritur
3045 3119 3132 3187 ‘de
3200 3118 3331 3188 hoc
3396 3121 3580 3213 quod
3634 3121 3798 3189 dicit

2255 3258 2288 3291 «
2333 3230 2522 3300 Satis
2549 3238 2647 3297 es!
2678 3228 3090 3308 Christiano,
3123 3240 3249 3297 etc.
3290 3255 3323 3293 ι

2335 3337 2520 3425 ,Sunt
2550 3338 2728 3406 enim
2762 3336 2958 3406 multi
2991 3337 3104 3405 alii
3134 3338 3397 3406 articuli
3467 3340 3581 3429 qui
3648 3359 3792 3406 ere·

2255 3446 2455 3516 dendi
2486 3453 2687 3515 sunt:
2724 3469 2888 3535 ergo
2929 3445 3109 3513 istud
3143 3468 3281 3515 non
3312 3455 3415 3516 est
3450 3449 3638 3516 satis.

2343 3552 2446 3621 An
2485 3575 2611 3619 noc
2681 3551 3070 3636 dicendum,
3129 3552 3312 3644 quod
3372 3553 3792 3644 Augustinus

2257 3661 2567 3741 intendit,
2631 3660 2815 3753 quod
2846 3660 2913 3727 in
2960 3660 3312 3729 credendis
3342 3662 3447 3729 vol
3514 3662 3795 3731 investi-

2257 3768 2498 3859 gandis
2534 3771 2755 3838 causis
2794 3791 3020 3836 rerum
3050 3767 3275 3860 quoad
3323 3769 3795 3839 sufficientiam

2261 3876 2413 3944 ndei
2469 3877 2537 3943 in
2599 3874 2727 3943 boc
2789 3875 3076 3945 articulo
3134 3878 3298 3945 satis
3353 3887 3478 3956 est,
3521 3885 3588 3945 et
3662 3900 3801 3946 non

2259 3991 2524 4075 oportet
2553 4005 2850 4074 quaerere
2879 4006 3121 4052 causas
3159 3983 3499 4052 naturales
3529 3993 3596 4053 et
3645 4008 3806 4077 pro-

2263 4092 2479 4160 ximas
2508 4114 2677 4181 quas
2706 4089 3106 4182 Philosophi
3137 4092 3517 4182 inquirunt.

2352 4199 2546 4268 Nunc
2599 4207 2825 4268 autem
2900 4198 2986 4266 ad
3045 4200 3262 4289 ipsam
3355 4202 3803 4291 qun-stionem

2265 4311 2466 4378 etiam
2501 4314 2719 4398 potest
2762 4306 2918 4385 dici,
2952 4305 3137 4396 quod
3182 4304 3331 4374 haec
3377 4315 3477 4374 est
3525 4307 3799 4399 duplex,

2264 4417 2496 4509 genuit
2527 4415 2735 4483 alium
2767 4415 3012 4493 Deum,
3046 4437 3127 4483 ex
3157 4437 3240 4483 eo
3270 4415 3454 4507 quod
3482 4416 3551 4509 ly
3578 4418 3802 4485 alium

2265 4532 2484 4618 potest
2526 4522 2736 4591 teneri
2789 4522 3142 4611 adjective,
3177 4531 3242 4591 et
3291 4524 3387 4591 sic
3443 4523 3610 4593 salsa
3642 4547 3659 4593 :
3692 4525 3799 4593 vel

2263 4632 2706 4709 substantive,
2776 4639 2843 4699 et
2898 4631 2996 4698 sic
3050 4654 3235 4708 vera,
3279 4634 3439 4724 quia
3498 4642 3662 4710 tunc
3699 4642 3804 4702 est

2261 4765 2522 4819 sensus,
2556 4739 2790 4831 genuit
2824 4738 3035 4807 alium
3083 4741 3200 4831 qui
3240 4750 3340 4809 est
3390 4741 3594 4827 Deus,
3627 4744 3803 4811 sicut

2261 4853 2329 4920 in
2366 4851 2628 4918 Joanne
2669 4848 2955 4937 legitur:
2992 4850 3143 4939 qu
3181 4848 3438 4939 roqabo
3487 4852 3798 4931 Patrem,

2259 4969 2323 5027 e!
2342 4957 2564 5026 alium
2585 4955 3018 5024 Paraclitwn
3049 4954 3244 5022 dabit
3274 4954 3459 5023 vobis
3484 4956 3530 5034 ¹,
3567 4956 3632 5024 id
3670 4967 3796 5036 est,

2260 5067 2468 5134 alium
2499 5064 2613 5154 qui
2644 5071 2742 5129 est
2775 5060 3148 5129 Paraclitus
3174 5083 3189 5127 :
3218 5063 3380 5152 quia
3421 5063 3798 5134 l‘araclitus

2259 5182 2356 5241 est
2420 5192 2672 5238 nomen
2746 5167 3211 5251 substantiale,
3261 5178 3326 5236 et
3382 5170 3533 5239 ideo
3599 5171 3800 5241 Pater

2257 5302 2395 5348 non
2434 5287 2535 5347 est
2564 5277 2735 5345 alius
2765 5275 3143 5344 Paraclitus
3173 5299 3378 5368 quam
3413 5277 3463 5344 F
3466 5278 3645 5365 ilius,
3684 5278 3796 5348 vel

2259 5386 2551 5476 Spiritus
2588 5393 2882 5454 sanctus.

2340 5493 2426 5562 Et
2455 5492 2600 5561 haec
2628 5492 2963 5560 sufficiant
2993 5490 3075 5560 de
3114 5493 3240 5559 ista
3281 5491 3742 5562 distinctione.

3880 3592 4083 3643 Sohuo.
