4897 6388
689 424 814 491 170
1556 476 1612 520 .‚
1670 429 1754 531 ι),
1808 430 2005 500 ALB.
2057 429 2271 498 MAG.
2323 428 2527 537 otu).
2581 429 2877 546 raAEo.

2429 605 2532 670 An
2579 601 2775 673 amun
2827 604 3215 683 dicendum,
3279 602 3461 694 quod
3500 600 3880 671 intellectus
3930 597 4189 675 Adanu
4265 660 4278 682 .-

2339 715 2640 782 salvatur
2668 715 2883 803 (aliaS,
2934 715 3377 806 significatur)
3427 718 3496 783 in
3543 736 3613 781 re
3671 736 3882 804 quan·
4171 709 4174 712 ’
4289 708 4300 714 ’

2338 825 2483 886 tum
2521 819 2607 887 ad
2645 819 2776 888 hoo
2804 822 2989 910 quod
3019 820 3252 888 multis
3282 821 3505 889 modis
3542 821 3727 889 Deus
3749 823 3882 912 sig-

2338 925 2670 995 nificatur.
2733 926 2930 996 Unde
2976 927 3242 996 invenit
3296 928 3367 994 in
3423 927 3688 996 Deo'ea
3725 950 3879 1019 quae

2338 1035 2552 1103 multa
2588 1037 2845 1105 suntin
2875 1035 3255 1105 rationibus
3289 1037 3674 1116 nominum,
3725 1037 3878 1105 licet

2334 1163 2547 1208 unum
2586 1142 2721 1209 sint
2761 1142 2829 1208 in
2858 1139 3103 1209 rebus:
3139 1148 3205 1208 et
3243 1140 3402 1230 quia
3433 1142 3605 1207 ratio
3649 1143 3879 1235 nomi-⁴

2331 1272 2495 1315 num
2518 1259 2620 1317 est
2645 1272 2829 1333 vera,
2858 1258 2957 1317 est
2989 1250 3172 1317 enim
3203 1249 3347 1338 ipse
3378 1270 3537 1315 vere
3575 1249 3872 1338 sapiens,

2330 1369 2397 1428 et
2439 1368 2706 1448 potenS,
2751 1369 2817 1428 et
2869 1359 3323 1447 hujusmodi:
3396 1367 3459 1426 et
3522 1357 3671 1427 ideo
3737 1382 3877 1427 non

2328 1473 2430 1533 est
2457 1489 2709 1550 cassuS,
2767 1476 2832 1535 et
2862 1474 3144 1552 ,curatur
3180 1467 3265 1534 ab
3320 1467 3729 1557 ignorantia,
3791 1489 3873 1535 eo

686 616 847 687 ergo
909 621 1049 666 non
1093 608 1316 690 potest
1355 601 1501 671 fieri
1557 603 1940 697 propositio
1980 605 2235 673 habens

685 711 1257 799 compositionem
1286 712 1372 781 de
1409 713 1556 782 Deo
1593 736 1609 783 ε
1653 724 1723 782 et
1786 717 2010 783 omnis
2075 737 2239 804 pro-

684 818 931 904 positio
964 818 1171 886 habet
1200 823 1777 911 compositionem
1807 845 1821 887 :
1855 843 2018 911 ergo
2052 821 2237 886 nulla

681 926 1059 1013 propositio
1092 935 1193 994 est
1219 949 1386 993 vera
1417 926 1500 994 de
1537 926 1683 994 Deo
1715 929 1770 993 si
1815 929 1902 995 sit
1930 927 2234 996 affirma-

683 1030 843 1096 tiva.

768 1138 832 1202 2.
879 1137 1076 1216 Item,
1110 1136 1484 1227 Dionysius
1510 1138 1694 1226 dicit,
1732 1141 1916 1232 quod
1947 1142 2233 1211 affirma-

679 1243 897 1310 tiones
941 1243 1009 1309 in
1051 1243 1299 1312 divinis
1348 1255 1508 1313 sunt
1546 1245 1756 1327 falsae,
1800 1257 1864 1316 et
1901 1251 2230 1341 negativae

676 1371 914 1418 omnes
946 1373 1123 1419 verae
1147 1373 1172 1420 .·
1205 1374 1369 1443 ergo
1418 1353 1709 1434 videtur,
1755 1356 1939 1445 quod
1991 1355 2227 1424 omnes

673 1463 1172 1551 propositiones
1229 1462 1653 1533 affirmativae
1712 1465 1795 1533 de
1855 1467 1997 1534 Deo
2050 1467 2226 1535 salsae

355 3114 557 3164 Salutio.

675 1567 832 1636 sint.

763 1675 826 1742 3.
874 1676 951 1743 Si
1014 1676 1184 1745 forte
1238 1677 1527 1759 dicatur,
1580 1680 1767 1771 quod
1819 1683 2221 1772 compositio

672 1793 772 1851 est
800 1784 870 1850 in
900 1785 1047 1853 Deo
1079 1786 1460 1854 secundum
1482 1788 1766 1856 modum
1796 1790 2221 1879 significandi

667 1900 945 1982 propter
1009 1896 1223 1961 nostri
1283 1894 1668 1963 intellectus
1728 1897 2212 1967 infirmitatem.

667 1996 935 2067 Cosrnx
970 2022 985 2066 :
1029 1999 1423 2069 Intellectus
1452 2025 1574 2092 per
1602 2025 1901 2071 errorem
1934 2027 2072 2072 non
2101 2028 2217 2074 cu-

668 2113 771 2172 rat
799 2128 997 2173 suam
1037 2106 1509 2176 infirmitatem
1541 2130 1559 2177 :
1595 2109 1715 2177 sed
1753 2132 1909 2178 cum
1937 2133 2219 2201 compo-

666 2212 764 2280 nit
803 2213 1060 2304 aliquid
1093 2216 1162 2282 in
1201 2215 1478 2296 divinis,
1513 2226 1733 2286 errat:
1770 2240 1932 2309 ergo
1971 2217 2216 2286 talibus

663 2323 1246 2410 propositionibus
1283 2347 1410 2392 sua
1439 2324 1799 2394 iufirmitas
1837 2348 1976 2394 non
2013 2349 2214 2395 cura-

588 2503 593 2506 ,
662 2436 818 2497 tur:
858 2453 1023 2522 ergo
1058 2453 1199 2499 non
1230 2431 1433 2502 debet
1472 2434 1570 2501 uti
1614 2434 1738 2503 eiS.

748 2537 814 2606 4.
877 2536 1075 2619 Item,
1138 2539 1387 2608 Cassus
1465 2548 1566 2609 est
1631 2540 2013 2611 intellectus
2093 2545 2210 2634 qui

605 2687 617 2700 -
659 2641 849 2711 nullo
892 2644 1097 2714 modo
1137 2653 1363 2736 potest
1397 2646 1678 2716 attribui
1718 2650 1863 2718 rei:
1898 2671 2060 2741 ergo
2104 2650 2212 2718 vi-

657 2748 878 2831 detur,
914 2751 1097 2843 quod
1138 2752 1380 2823 talium
1410 2756 1957 2847 propositionum
1995 2759 2083 2828 sit
2113 2759 2211 2827 in·

657 2857 965 2928 tellectus
994 2883 1251 2929 cassus.
2063 2887 2069 2893 ·

752 3065 1061 3136 Somno.
1098 3064 1291 3134 Sicut
1319 3066 1484 3137 dicit
1515 3069 1942 3162 Augustinus
1973 3098 1988 3143 :
2027 3075 2207 3144 Deus

657 3174 928 3244 admisit
997 3173 1315 3244 humanae
1385 3178 1575 3246 vocis
1631 3177 2063 3272 obsequium,
2123 3183 2206 3253 de

656 3308 791 3376 quo
833 3294 1062 3353 tamen
1105 3284 1273 3353 nihil
1306 3285 1512 3377 digne
1542 3286 1672 3356 dici
1723 3297 1968 3380 potest.
2017 3292 2206 3361 Unde

651 3395 825 3462 sicut
881 3394 962 3462 de
1020 3395 1167 3463 Deo
1240 3395 1311 3462 in
1394 3397 1753 3487 temporali
1823 3398 2200 3491 loquentes,

651 3499 875 3567 verbis
903 3498 1267 3590 cujuslibet
1295 3504 1626 3591 temporis
1676 3505 1889 3572 utitur
1924 3529 1939 3574 :
1982 3506 2075 3574 ita
2121 3506 2202 3578 de

651 3608 793 3675 Deo
824 3606 1335 3698 simplicissimo
1367 3606 1752 3699 loquenteS,
1777 3614 2032 3681 utimur
2060 3638 2204 3683 mo·

650 3712 738 3781 do
776 3714 1298 3804 compositionis
1336 3722 1403 3782 et
1461 3715 1669 3785 modo
1722 3718 2077 3789 divisionis
2135 3724 2201 3790 in

650 3821 1154 3890 locutionibus:
1216 3825 1336 3893 sed
1383 3845 1541 3893 cum
1589 3824 1658 3893 in
1726 3827 2000 3908 talibus,
2043 3837 2204 3897 nota

650 3932 1172 4022 compositionis
1202 3955 1358 4024 quae
1391 3933 1816 4024 significatur
1855 3936 1922 4002 in
1961 3936 2195 4017 verbo,

649 4050 769 4119 est,
802 4040 1140 4132 significat
1167 4040 1591 4111 identitatem
1621 4043 1994 4114 secundum
2029 4069 2196 4125 rem,

648 4159 713 4219 et
755 4173 891 4217 non
936 4150 1216 4218 modum
1263 4149 1702 4229 inliaerentiae,
1756 4154 1926 4220 sicut
1987 4152 2202 4223 inhae-

652 4262 856 4327 rentis
897 4282 1017 4351 per
1045 4283 1142 4339 se,
1187 4259 1295 4328 vel
1336 4258 1894 4344 substantialiter,
1935 4263 2042 4331 vel
2084 4287 2203 4355 per

650 4367 987 4436 accidens.

2327 1572 2511 1662 quod
2550 1595 2687 1641 non
2730 1573 2930 1641 refert
2963 1574 3035 1640 in
3080 1572 3303 1640 Deum
3343 1573 3493 1640 illas
3537 1574 3876 1664 composi-

2326 1682 2544 1749 tiones
2574 1703 2694 1772 per
2720 1681 2991 1749 modum
3022 1679 3462 1763 inhaerentiae,
3496 1680 3615 1749 sed
3641 1681 3870 1771 potius

2323 1810 2441 1878 per
2481 1790 2759 1857 modum
2799 1789 3186 1858 identitatis.

2743 2207 3246 2279 ARTICULUS
3305 2207 3425 2275 IX.

2313 2423 2423 2491 An
2479 2421 2731 2489 divinis
2799 2421 3084 2488 essentia
3138 2417 3376 2487 debeat
3410 2417 3692 2507 subjici,
3751 2417 3863 2485 vel

2395 2526 2790 2619 praedicari,
2840 2526 2948 2594 vel
2991 2536 3164 2594 recte
3222 2527 3440 2616 possit
3487 2533 3856 2616 utrumque

2399 2636 2604 2725 fieri?
3677 2643 3681 2647 Α

2403 2962 2717 3033 Secundo
2758 2962 3110 3053 quaeritur,
3156 2959 3230 3028 Si
3285 2960 3566 3027 nomina
3602 2957 3860 3051 signiti-

2309 3072 2532 3140 cantia
2562 3071 2922 3139 essentiam
2974 3071 3043 3137 in
3083 3068 3333 3137 divinis
3378 3076 3667 3159 possunt
3701 3065 3859 3135 sub·

2302 3179 2421 3270 jici
2451 3180 2487 3249 ⁴?
2515 3177 2801 3248 Videtur
2836 3187 3088 3256 autem,
3132 3175 3316 3270 quod
3349 3199 3512 3245 non.

2407 3289 2463 3354 t.
2501 3286 2577 3354 ln
2608 3286 2855 3355 divinis
2884 3286 3068 3355 enim
3115 3307 3408 3376 persona
3446 3291 3547 3352 est
3604 3306 3856 3375 suppo·

2310 3397 2542 3478 situm,
2566 3404 2632 3463 et
2661 3395 2951 3462 essentia
2981 3391 3176 3485 quasi
3208 3393 3426 3460 forma
3455 3399 3522 3459 et
3558 3398 3800 3459 natura
3832 3411 3849 3459 :

2308 3525 2464 3571 cum
2517 3502 2721 3593 igitur
2773 3502 2839 3569 in
2903 3499 3368 3592 propositione
3417 3497 3851 3589 praedicatum

2308 3635 2379 3683 se
2417 3612 2663 3681 habeat
2695 3636 2811 3704 per
2851 3610 3135 3680 modum
3168 3610 3434 3687 sormae,
3468 3610 3852 3699 subjectum

2308 3731 2533 3791 autem
2569 3744 2686 3812 per
2717 3720 2997 3788 modum
3045 3718 3404 3810 suppositi,
3459 3740 3595 3786 non
3654 3716 3853 3786 debet

2308 3831 2600 3897 essentia
2628 3828 2856 3896 divina
2885 3826 3152 3915 subjici,
3184 3824 3304 3894 sed
3344 3824 3714 3916 praedicari.

2396 3938 2461 4004 2.
2499 3936 2695 4016 Item,
2740 3934 3138 4022 Subjectum
3194 3941 3297 4002 est
3355 3932 3421 4000 id
3475 3934 3585 4001 cui
3645 3933 3849 4019 inest,

2309 4046 2741 4139 pra-dicatum
2790 4052 3018 4113 autem
3049 4042 3233 4134 quod
3274 4043 3446 4111 inest
3479 4066 3494 4111 ε
3536 4064 3693 4110 cum
3724 4065 3853 4110 au-

2308 4165 2440 4222 tem
2475 4153 2766 4221 essentia
2804 4151 2963 4219 insit
2999 4171 3332 4240 personae,
3365 4157 3431 4216 et
3479 4171 3616 4217 non
3654 4170 3852 4218 econ·

2304 4272 2433 4340 tra,
2468 4261 2736 4330 videtur
2785 4260 3025 4328 iterum
3074 4255 3320 4325 debere
3367 4256 3744 4348 pra-dicari,
3786 4265 3853 4327 et

2307 4389 2444 4435 non
2473 4364 2741 4454 subjici.

2394 4478 2461 4547 3.
2506 4476 2703 4559 Item,
2746 4474 3024 4543 Boetius
3053 4473 3123 4540 in
3172 4471 3346 4540 libro
3385 4471 3468 4540 de
3520 4473 3848 4541 Trinitate

374 4501 454 4548 Aa
481 4505 519 4549 ι,
738 4474 1085 4543 Dici-:snum
1117 4475 1328 4566 igitur
1356 4474 1440 4543 ad
1473 4477 1798 4566 primum,
1835 4477 2015 4567 quod
2045 4479 2198 4547 licet

364 4575 370 4578 ⁴
648 4580 830 4650 Deus
889 4581 973 4648 sit
1018 4579 1595 4671 simplicissimus,
1664 4589 1893 4650 tamen
1968 4585 2197 4654 multis
2304 4583 2489 4661 dicit,
2553 4581 2735 4673 quod
2800 4579 3091 4673 simplex
3177 4580 3398 4648 forma
3463 4578 3845 4670 subjectum

648 4689 869 4757 modis
899 4688 1348 4780 significatur,
1388 4690 1563 4758 sicut
1593 4712 1823 4781 supra,
1887 4692 1954 4759 in
2004 4696 2195 4762 tertia
2306 4692 2446 4759 fieri
2490 4712 2627 4759 non
2667 4698 2912 4780 potest.

646 4795 1107 4877 distinctione,
1141 4794 1455 4864 habitum
1488 4804 1632 4866 est:
1667 4807 1733 4866 et
1764 4822 1848 4867 ex
1873 4798 2003 4866 illis
2042 4809 2195 4891 pot·
2392 4799 2456 4867 t.
2493 4797 2706 4883 Idem,
2760 4800 2828 4865 in
2888 4796 3063 4866 libro
3101 4797 3184 4866 de
3235 4794 3841 4865 Hebdomadibus:

641 4915 741 4975 est
781 4906 923 4975 fieri
965 4904 1376 4996 compositio
1417 4914 1664 4974 notans
1724 4908 1817 4975 rei
1879 4907 2196 4976 identita-
2308 4906 2510 4993 Quod
2557 4916 2651 4974 est
2706 4904 2955 4975 habere
3015 4904 3273 4996 aliquid
3332 4911 3554 4995 potest
3600 4913 3845 4995 praeter

638 5022 801 5082 tem.
2301 5014 2595 5105 idipsum
2637 5013 2818 5104 quod
2849 5022 2974 5093 est,
3005 5035 3151 5082 esse
3179 5020 3408 5080 autem
3440 5011 3607 5080 nihil
3639 5011 3846 5082 habet

367 5150 446 5196 Aa
471 5150 514 5200 ι,
732 5121 835 5187 An
873 5142 1073 5187 Αιιυο
1121 5118 1515 5203 dicendum,
1576 5122 1761 5213 quod
1826 5122 2194 5214 Dionysius
2302 5122 2720 5190 admixtum:
2756 5121 2871 5190 sed
2906 5120 2970 5188 id
3002 5119 3186 5211 quod
3217 5128 3319 5188 est
3348 5120 3417 5186 in
3444 5118 3697 5189 divinis
3724 5142 3845 5211 per

641 5228 957 5321 intelligit
988 5227 1070 5295 de
1108 5227 1520 5296 affirmativa
1549 5231 2046 5322 significatione
2084 5235 2193 5300 in-

640 5337 1183 5428 complexorum,
1219 5360 1374 5428 quoe
1407 5360 1526 5428 per
1556 5361 1809 5439 nomen
1828 5339 2023 5430 plene
2054 5364 2190 5409 non

638 5445 1005 5516 ostendunt
1044 5468 1198 5537 quae
1239 5449 1661 5516 conveniunt
1698 5448 1871 5530 Deo,
1931 5458 1997 5517 et
2049 5473 2191 5542 non

631 5555 953 5647 intelligit
1010 5553 1092 5623 de
1145 5555 1602 5625 affirmatione
1666 5559 2181 5649 compositionis

632 5684 786 5753 quae
843 5668 1007 5729 nota
1074 5669 1174 5728 est
1233 5661 1606 5730 identitatis
1634 5663 1975 5754 praedicati
2028 5688 2181 5734 cum

632 5769 967 5859 subjecto.

2302 5232 2581 5301 modum
2613 5232 2795 5323 quod
2828 5239 2952 5314 est,
2986 5237 3087 5299 est
3106 5250 3435 5320 persona:
3475 5251 3637 5321 ergo
3685 5253 3845 5321 per-

2300 5365 2469 5410 sona
2500 5340 2758 5432 aliquid
2786 5339 3037 5408 habere
3086 5345 3312 5430 potest
3376 5347 3451 5407 ut
3506 5337 3840 5408 inhaerens

2298 5452 2453 5533 sibi,
2487 5461 2553 5519 et
2585 5452 2682 5517 sic
2711 5456 2933 5541 potest
2967 5447 3209 5536 subjici
3226 5445 3356 5514 sibi
3384 5469 3398 5513 :
3450 5447 3570 5517 sed
3609 5470 3836 5517 essen-

2294 5560 2389 5626 tia
2426 5557 2658 5625 divina
2694 5564 2795 5625 est
2832 5576 2977 5624 esse
3034 5552 3325 5644 simplex
3359 5575 3374 5623 ε
3412 5576 3575 5646 ergo
3650 5554 3820 5624 nihil

2295 5671 2519 5756 potest
2559 5661 2851 5730 habere:
2901 5682 3065 5753 ergo
3096 5659 3263 5729 nulli
3295 5664 3521 5754 potest
3566 5660 3831 5750 subjici,

2295 5780 2370 5839 ut
2397 5771 2685 5840 videtur.
