4897 6388
1814 278 1905 344 ΙΝ
1956 277 1977 342 1
2034 247 2462 343 SENTENT.
2514 275 2736 343 nlsT.
2792 277 2979 351 xxi.
3038 278 3112 357 C,
3164 278 3363 345 ΛΒΤ.
3418 280 3479 345 2.
4136 281 4265 346 559

1048 447 1297 527 solum
1360 447 1610 522 Deum
1664 449 2014 522 dicauius
2047 449 2353 521 Patrem
2409 455 2484 520 et
2515 447 2791 520 Filium
2842 456 2915 521 ct
2956 439 3325 544 Spiritum
3362 418 3739 522 sanctum.
3790 436 3982 522 Ecce
4024 459 4099 521 et
4142 449 4267 523 hic

1048 584 1318 680 habes,
1365 587 1552 685 quia
1607 587 1831 660 Pater
1873 609 2025 658 non
2072 584 2295 659 debet
2341 584 2491 657 dici
2560 585 2772 657 solus
2814 584 3023 658 Deus
3071 608 3085 657 τ
3133 595 3362 681 atquc
3409 587 3550 659 hoc
3585 583 3599 616 ¹
3630 586 3879 658 solum
3938 585 4014 657 in
4052 598 4266 683 parte

1039 721 1370 818 subjecti
1411 731 1704 796 tantum
1748 720 2094 818 accipere
2116 720 2429 818 quidam
2476 720 2744 792 volunt
2779 744 2795 794 :
2836 718 2911 792 in
2951 729 3160 817 parte
3194 745 3371 794 vero
3406 719 3794 818 pree-dicati
3828 719 3892 795 si
3924 721 4048 814 sit,
4087 746 4262 796 con·

1037 855 1338 929 cedunt
1371 854 1575 951 quod
1614 855 1842 928 Pater
1863 864 1976 929 est
2007 856 2217 928 solus
2249 856 2486 929 DeuS.
2534 854 2683 928 Sed
2730 877 2821 928 ex
2854 855 3108 930 verbis
3141 856 3549 950 Augustini
3581 855 3886 930 videtur
3925 856 4255 951 ostendi,

1042 989 1247 1084 quod
1305 989 1614 1086 proprie
1657 989 1870 1063 solus
1911 989 2119 1062 Deus
2160 989 2306 1062 dici
2373 988 2648 1063 debeat
2695 997 2852 1061 tota
2888 989 3241 1064 Trinitas.
3292 991 3381 1062 Et
3430 992 3596 1064 haec
3642 990 3971 1064 Trinitas
4014 996 4132 1083 (ut
4161 991 4270 1064 ait

1043 1124 1532 1219 Augustinus
1583 1135 1853 1198 contra
1906 1123 2442 1217 Maximinum)
2503 1123 3196 1220 intelligiturcum
3247 1127 3655 1223 Apostolus
3712 1126 3919 1220 dicit,
3977 1127 4268 1202 Beatus

1042 1266 1115 1332 et
1173 1258 1386 1334 solus
1427 1266 1703 1357 potens
1743 1286 1790 1334 ε.
1831 1260 1921 1335 Et
1964 1259 2094 1352 ibi,
2152 1257 2332 1335 Soli
2354 1259 2694 1357 sapienti
2724 1259 2886 1332 ,Deo
2930 1261 3101 1332 ’.Εἰ
3150 1257 3281 1353 ibi,
3317 1260 3595 1358 Bessi...
3656 1259 4057 1355 invisibili,
4115 1260 4269 1334 soli

1035 1393 1209 1467 Deo
1249 1411 1298 1466 ⁴.
1343 1393 1515 1467 Non
1548 1392 1755 1469 enim
1788 1393 1882 1467 de
1913 1394 2077 1467 solo
2135 1393 2360 1467 Patre
2406 1396 2572 1467 haec
2606 1392 3059 1490 accipienda
3097 1404 3305 1488 sunt,
3353 1405 3435 1470 ut
3466 1395 3977 1470 contendebat
4006 1395 4255 1471 Maxi-

1039 1528 1326 1621 minuS‚
1374 1539 1445 1605 ct
1487 1530 1616 1604 alii
1651 1531 2021 1624 liaeretici,
2068 1532 2197 1604 sed
2241 1530 2337 1605 de
2363 1529 2756 1604 Trinitate.
2793 1530 3009 1604 Sicut
3050 1540 3123 1604 et
3158 1531 3372 1627 illud,
3422 1531 3655 1607 Solus
3684 1532 3908 1608 habet
3938 1532 4263 1607 immor-

1035 1663 1416 1740 talitatem
1456 1662 1481 1696 ⁵
1543 1690 1558 1740 :
1625 1663 1810 1764 quia
1869 1665 2297 1741 secundum
2350 1674 2640 1740 rectam
2703 1663 2962 1759 fidem,
3011 1665 3177 1765 ipsa
3231 1667 3557 1742 Trinitas
3615 1677 3731 1744 est
3795 1691 3999 1743 unus
4048 1668 4261 1742 solus

1038 1799 1277 1894 Deus,
1315 1801 1615 1890 heatus,
1650 1812 1948 1900 potens,
1986 1801 2323 1899 sapiens,
2361 1796 2799 1876 invisibilis.
2838 1799 3058 1876 Unde
3085 1803 3562 1900 Augustinus
3593 1803 3667 1878 in
3705 1803 3972 1880 eodem
4013 1828 4028 1880 :
4066 1804 4255 1877 Cum

1038 1958 1243 2008 unus
1300 1935 1511 2010 Deus
1569 1936 1668 2010 sit
1720 1935 2077 2029 Trinitas,
2139 1936 2305 2010 lunc
2345 1921 2700 2009 sitnobis
2761 1934 3048 2011 solutio
3082 1938 3557 2033 quaestioni&
3596 1948 3673 2015 ut
3722 1938 4250 2035 intelligamus

1032 2069 1286 2142 solum
1352 2070 1598 2144 Deum
1658 2070 2115 2168 sapientem,
2159 2069 2411 2143 solum
2455 2078 2876 2167 potentem,
2938 2069 3241 2145 Patrem
3293 2081 3368 2146 et
3416 2071 3687 2147 Filium
3742 2081 3816 2148 et
3875 2072 4246 2172 Spiritum

1029 2214 1415 2300 sanctum,
1448 2206 1581 2304 qui
1610 2215 1727 2282 est
1768 2231 1972 2282 unus
2011 2213 2087 2280 et
2126 2205 2350 2280 solus
2397 2206 2636 2280 Deus.

1137 2640 1221 2710 (ζ.
1264 2633 1663 2726 Quomodo
1688 2633 1977 2709 dicitnr
2022 2633 2360 2710 Trinitas
2396 2632 2607 2710 solus
2637 2633 2878 2729 Dens,
2915 2659 3087 2710 cnm
3124 2635 3290 2734 ipsa
3326 2635 3426 2710 sit
3462 2657 3631 2709 cnm
3664 2633 4062 2734 spiritibus
4092 2644 4167 2712 et

2249 2770 2657 2849 animabus
2691 2773 2979 2848 sanclis
3000 2771 3042 2846 ⁴?

1138 3073 1287 3150 Sed
1345 3070 1624 3150 iterum
1666 3070 2070 3172 (plectitur,
2106 3070 2509 3160 Quomodo
2543 3069 2785 3172 ipsam
2826 3067 3270 3143 Trinitatem
3314 3064 3640 3144 dicimus
3684 3071 3934 3146 solum
3966 3061 4246 3164 Deum,

1040 3232 1217 3282 cum
1251 3207 1347 3281 sit
1378 3232 1558 3283 cum
1626 3206 2026 3306 spiritibus
2069 3215 2143 3281 et
2181 3205 2597 3283 aninmbus
2645 3202 2932 3279 sanctis
2987 3204 3022 3275 ⁸?
3076 3201 3186 3277 Ad
3244 3203 3447 3301 quud
3511 3205 3922 3303 respondet
3977 3208 4250 3302 Augu-

1039 3342 1294 3418 stinus
1337 3342 1413 3416 in
1460 3343 1656 3417 libro
1697 3341 1792 3415 vt
1850 3341 1944 3415 de
1993 3341 2391 3427 Trinitale,
2425 3339 2532 3414 ita
2568 3338 2836 3413 dicens
2882 3361 2898 3413 :
2959 3337 3015 3409 T
3022 3336 3399 3413 rinitatem
3461 3339 3790 3413 dicimus
3820 3340 4065 3416 Deum
4128 3365 4257 3414 sn-

1038 3479 1227 3574 lum,
1292 3478 1656 3578 ‹linainvis
1697 3501 2004 3576 semper
2033 3475 2122 3550 sit
2159 3501 2338 3551 cum
2380 3474 2783 3575 spiritibus
2817 3486 2884 3550 et
2942 3473 3352 3549 aniumbus
3390 3474 3675 3551 sanctis
3736 3499 3753 3551 t
3797 3476 3927 3551 sed
4000 3479 4249 3552 solum

1034 3613 1393 3708 dicimus,
1429 3612 1611 3713 quin
1655 3638 1807 3687 sion
1850 3609 2058 3686 aliud
2091 3636 2323 3710 quam
2362 3610 2526 3710 ipsa
2564 3608 2899 3684 Trinitas
2962 3608 3169 3683 Deus
3220 3621 3361 3683 est.
3425 3609 3594 3687 Non
3654 3611 3859 3686 enini
3919 3612 4024 3686 illi
4073 3637 4246 3688 cum

1033 3748 1407 3823 illabens
1446 3748 1628 3841 sint,
1664 3747 1783 3823 vel
1815 3746 2079 3845 aliqua
2107 3746 2258 3820 alia
2293 3772 2309 3820 ε
2347 3744 2480 3823 sed
2533 3744 2701 3845 ipsa
2761 3742 3096 3818 Trinitas
3152 3753 3476 3840 tantum,
3550 3770 3700 3822 non
3746 3746 3856 3823 illi
3916 3747 4035 3824 vel
4093 3748 4246 3824 alia

1037 3883 1250 3957 Deus
1291 3894 1403 3957 est
1446 3910 1491 3955 τ.

2713 4229 2856 4295 tur,
2939 4227 3066 4286 etc.
3130 4248 3162 4279 υ
3237 4218 3358 4287 ttic
3414 4223 3595 4288 enim
3662 4221 3985 4313 Magister
4065 4236 4261 4317 negat

2714 4322 2914 4399 lianc.
2966 4323 3154 4392 solus
3188 4326 3387 4395 Pater
3422 4337 3522 4395 est
3564 4328 3771 4399 neue.

1485 4419 1987 4487 An'rffitthtsss
2041 4419 2122 4487 ΙΙ.
2811 4430 2862 4497 Ι.
2908 4429 3192 4499 Videtur
3219 4443 3470 4511 autem,
3501 4436 3683 4527 quod
3728 4439 3813 4506 sit
3852 4461 4011 4507 vcra
4046 4462 4061 4507 ε
4117 4443 4262 4530 ejus

2711 4536 2896 4603 enim
2928 4540 3326 4628 expositivae
3389 4542 3706 4612 videntur
3749 4568 3950 4627 verae,
4006 4547 4260 4616 scilicet

1083 4642 1187 4704 An
1250 4638 1381 4703 islo
1425 4637 1517 4702 sil
1557 4634 1962 4726 vera,q1md
1984 4634 2176 4702 solus
2219 4636 2429 4702 I'aler
2457 4646 2555 4701 es!
2717 4640 2918 4710 Pater
2981 4656 3078 4713 est
3140 4645 3343 4727 neus,
3403 4659 3467 4718 et
3528 4653 3639 4741 qui
3714 4675 3849 4722 nun
3914 4664 4013 4722 est
4087 4655 4259 4723 nlius

1686 4745 1870 4811 mus
1907 4744 1948 4810 ?
2712 4773 2919 4840 quam
2957 4752 3156 4823 Pater
3196 4765 3297 4825 est
3332 4757 3507 4825 Deus
3541 4782 3555 4827 ε
3613 4784 3778 4850 ergo
3833 4761 4019 4830 solus
4062 4763 4260 4831 Pater

2711 4868 2811 4927 est
2853 4860 3059 4929 Deus,

2798 4972 2865 5038 2.
2903 4969 3101 5055 ltem,
3136 4972 3208 5039 Si
3250 4971 3395 5042 haec
3425 4985 3524 5044 cst
3562 4976 3754 5060 falsa,
3815 4979 4001 5047 solus
4059 4979 4259 5050 Pater

1126 5070 1381 5136 lit-inde
1415 5071 1746 5159 quaeritur
1780 5069 1862 5135 dc
1895 5067 2026 5136 hoc
2065 5070 2250 5159 quod
2289 5069 2477 5154 dicit,
2516 5072 2596 5154 B,
2708 5086 2810 5145 est
2841 5077 3025 5148 Deus
3058 5104 3074 5150 2
3152 5105 3315 5172 crgo
3372 5086 3517 5175 ejus
3588 5088 4106 5158 contradictoria
4133 5094 4260 5160 erit

1044 5209 1073 5242 α
1105 5182 1272 5246 I'ost
1302 5180 1441 5246 lea’c
1469 5181 1832 5269 quierunt,
1884 5181 2126 5247 Uli-mn
2182 5180 2361 5246 sicut
2419 5179 2597 5247 dici-
2709 5209 2896 5267 vera,
2937 5189 3195 5258 scilicet
3228 5215 3367 5261 non
3396 5194 3583 5264 solus
3623 5196 3824 5266 Pater
3854 5206 3954 5267 est
4020 5198 4205 5268 Deus
4240 5222 4257 5270 τ

1107 5430 1124 5465 ¹
1159 5429 1312 5488 Edit.
1351 5432 1394 5487 1.
1431 5431 1765 5500 Alit-nume,
1805 5434 1915 5492 Mc.
2777 5444 2801 5481 ⁴
2828 5446 2853 5501 1
2884 5445 2958 5502 ad
2989 5446 3244 5503 Timoth.
3272 5464 3311 5519 1,
3346 5451 3433 5503 17.

1106 5520 1129 5555 ²
1158 5522 1181 5577 1
1212 5522 1286 5578 ad
1317 5523 1575 5580 Tinioth.
1608 5541 1686 5592 vi,
1725 5528 1808 5581 13.
2777 5533 2803 5568 ⁵
2833 5537 2856 5591 1
2886 5534 2965 5591 ad
2994 5536 3226 5592 Timotli
3258 5553 3332 5604 vi,
3365 5541 3451 5594 16.

1108 5612 1130 5646 ¹
1160 5610 1249 5667 Ad
1280 5610 1529 5668 noman.
1583 5630 1695 5679 xvi,
1735 5613 1824 5669 27.
2774 5622 2801 5659 ⁸
2828 5624 2887 5683 S.
2927 5630 3302 5696 Aucusrmus,
3335 5626 3456 5686 Lib.
3484 5625 3556 5688 vt
3584 5628 3657 5686 de
3707 5629 4016 5702 Trinitate,
4044 5646 4175 5704 cap.
4207 5633 4260 5690 7.
