4897 6388
403 2109 595 2161 Quat.
621 2107 663 2154 4.

429 3847 632 3895 Sol-tio.

444 5340 525 5388 Ad
551 5343 586 5387 Ι.

719 293 849 361 626
971 338 978 342 -

722 429 1155 555 supp‘onere:
1228 473 1387 533 tunc
1447 464 1761 554 objicitur
1813 463 1983 531 sicut
2045 453 2253 555 prius,

725 555 910 662 {juod
939 574 1009 641 in
1038 585 1109 641 se
1139 569 1340 641 stabit
1361 597 1484 665 pro
1515 572 1888 641 substantia
1916 573 2259 642 communi

727 691 880 776 ‘quae
939 691 1039 751 est
1069 687 1380 765 essentia,
1443 691 1507 751 et
1536 682 1605 774 ly
1652 679 2087 750 individuum
2122 697 2261 747 non

727 797 1026 884 coarctat
1066 792 1283 881 ipsum
1330 794 1459 860 nisi
1527 814 1666 858 rem
1712 799 1901 855 s'uam
1946 787 2257 880 ponendo

730 893 907 969 circa
967 903 1193 992 ipsum
1232 929 1245 969 ε
1330 926 1490 994 ergo
1558 901 1895 968 distinctio
1988 900 2263 990 ponitur

728 1005 907 1075 circa
949 1009 1304 1075 essentiam
1362 1009 1684 1076 divinam.

820 1118 884 1182 3.
929 1115 1286 1206 Praeterea',
1321 1110 1475 1183 Non
1524 1125 1623 1182 est
1679 1114 1854 1181 idem
1896 1114 2136 1182 modus
2168 1113 2263 1179 si-

727 1221 1093 1312 gnificandi
1127 1223 1191 1288 in
1251 1223 1317 1313 ly
1373 1226 1656 1300 Deua,et
1709 1221 1780 1287 in
1826 1219 2196 1288 substantia
2239 1242 2254 1285 2

725 1323 867 1395 non
940 1329 1121 1396 enim
1189 1329 1644 1406 concedimus,
1716 1324 1897 1416 quod
1954 1326 2262 1396 substan-

726 1430 817 1503 ‘tia
857 1443 1157 1526 generat,
1196 1433 1350 1504 licet
1377 1436 1827 1504 concedamus
1857 1435 2038 1524 quod
2080 1436 2262 1503 Deus

722 1535 946 1612 Deum
977 1543 1256 1634 generat
1287 1568 1302 1612 :
1337 1568 1499 1635 ergo
1530 1567 1668 1611 non
1716 1541 1916 1610 habet
1957 1546 2046 1610 ita
2083 1553 2261 1634 'pro-

727 1643 870 1743 prie
902 1658 1079 1719 stare
1117 1674 1239 1741 pro
1279 1663 1569 1742 persona
1599 1651 1769 1717 sicut
1812 1649 1879 1740 ly
1927 1654 2110 1718 Deus
2134 1672 2156 1717 .·
2197 1658 2261 1717 et

726 1758 821 1825 ita
850 1751 1115 1826 videtui·
1140 1749 1251 1824 illa
1282 1757 1530 1825 solutio
1571 1779 1708 1823 nou
1749 1777 1942 1845 posse
1970 1764 2167 1823 stare.

731 2075 750 2086 „
820 2071 1151 2171 {Inritatus
1259 2075 1604 2167 quaeritur,
1694 2071 1869 2152 Quid
1948 2073 2261 2165 praedicat

732 2171 1097 2253 individua
1130 2179 1171 2250 ἒ)
1223 2182 1359 2251 Aut
1415 2184 1598 2251 enim
1661 2177 1820 2248 dicit
1889 2181 2102 2251 solam
2152 2201 2263 2250 ne·

736 2291 1111 2383 gationem,
1145 2298 1218 2358 ut
1258 2283 1532 2382 quidam
1564 2288 1818 2366 dicunt,
1851 2296 1967 2358 aut
2032 2289 2266 2382 positi·

731 2425 819 2471 ve
840 2401 1012 2471 dicit'
1028 2391 1305 2491 aliquid.
1340 2393 1415 2468 Si
1454 2395 1614 2468 dicit
1660 2397 2084 2489 negationem
2149 2423 2267 2469 so-

733 2495 873 2578 lam
909 2531 925 2575 ε
969 2523 1127 2577 cum
1166 2510 1369 2599 igitur
1397 2508 1669 2599 negatio
1695 2504 1837 2574 sola
1868 2506 2035 2575 nihil
2102 2530 2262 2577 con-

731 2615 992 2696 stituat,
1065 2621 1130 2680 et
1194 2612 1361 2681 nihil
1427 2619 1745 2691 coarctet,
1819 2611 2084 2681 videtur
2142 2635 2263 2680 nec

732 2721 1052 2793 'constitui
1108 2745 1394 2815 persona
1440 2748 1561 2817 per
1616 2722 1807 2807 illud,
1882 2745 2004 2793 nec
2060 2723 2261 2793 etiam

730 2819 1057 2902 coarctari
1105 2831 1502 2900 substantia.
1552 2829 1626 2898 Si
1670 2837 1891 2899 autem
1940 2825 2100 2901 dicit
2133 2829 2263 2899 ali-

725 2939 894 3032 quid
949 2940 1260 3030 positive,
1319 2936 1571 3008 scilicet
1655 2936 2258 3008 individuationent

728 3072 848 3140 per
883 3046 1138 3140 aliquid
1204 3049 1651 3139 distinguens,
1704 3053 1865 3115 tunc
1916 3069 2001 3116 ex
2065 3045 2257 3116 addi-

727 3156 912 3225 tione
949 3177 1022 3224 se
1078 3153 1281 3225 habet
1333 3154 1419 3225 ad
1471 3154 1964 3224 substantiam:
2035 3164 2101 3225 et
2166 3157 2257 3224 ita

661 3264 668 3275 '
720 3282 1010 3356 persona
1049 3263 1173 3330 erit
1202 3264 1600 3355 composita.

731 3388 736 3391 ⁴
808 3362 997 3438 Alias
1025 3375 1250 3438 autem
1283 3369 1718 3439 diffinitiones
1746 3368 2083 3460 disputare
2114 3394 2250 3439 non

720 3476 990 3567 oportet
1031 3486 1048 3544 ὲ
1083 3477 1239 3569 quia
1276 3475 1481 3546 dubia
1508 3499 1741 3546 earum
1788 3475 2111 3567 patebunt
2166 3501 2247 3546 ex

717 3576 1062 3652 solutione
1099 3584 1406 3653 istorum.

805 3794 974 3865 Dico
1021 3795 1226 3886 igitur
1281 3800 1426 3864 sine
1483 3794 1895 3887 pra-judicio,
1958 3820 2246 3864 consen-

716 3900 947 3972 tiendo
984 3901 1386 3994 quibusdam
1431 3912 1588 3971 ante
1636 3926 1766 3981 me,
1800 3905 1978 3994 quod
2034 3905 2089 3973 si
2134 3904 2244 3971 in-

711 4008 1041 4099 spiciatur
1063 4010 1432 4100 proprietas
1480 4008 1575 4075 rvi
1620 4030 1768 4099 quae
1796 4016 1894 4076 est
1924 4026 2236 4100 persona,

706 4132 1000 4208 persona
1021 4118 1235 4205 magis
1264 4119 1530 4208 proprie
1551 4118 1739 4185 estin
1768 4115 2009 4186 divinis
2034 4143 2236 4211 quam

707 4223 777 4290 in
829 4223 1173 4292 creaturis.
1229 4223 1301 4290 Si
1360 4232 1584 4293 autem
1635 4226 2022 4314 respic-intur
2077 4250 2238 4295 usus

704 4330 1004 4400 nominis
1042 4330 1224 4421 quod
1251 4341 1347 4399 est
1391 4355 1699 4422 persona,
1742 4331 1890 4399 dico
1937 4334 2117 4425 quod
2137 4360 2238 4402 se·

706 4440 1006 4509 cundum
1057 4440 1236 4508 illam
1305 4442 1776 4510 diffinitionem
1838 4441 2050 4526 lloetii
2100 4468 2235 4512 non

707 4547 1034 4637 competit
1088 4546 1356 4626 divinis,
1420 4550 1546 4617 nisi
1591 4558 1963 4639 exponatur
2007 4554 2127 4632 sic,
2161 4563 2237 4620 ut

706 4651 1081 4721 substantia
1110 4653 1191 4721 sit
1231 4656 1609 4733 existentia,
1652 4667 1725 4724 ut
1753 4655 1904 4724 «licit
1956 4657 2234 4728 llichar-

707 4756 861 4837 duS,
896 4768 967 4826 ut
1005 4782 1203 4849 supra
1243 4772 1343 4829 est
1380 4763 1840 4853 explanatum,
1872 4774 1935 4831 et
1990 4764 2232 4833 indivi-

708 4863 917 4933 duum
975 4865 1149 4935 dicat
1215 4870 1602 4938 distinctum
1667 4872 2088 4961 proprietate,
2167 4876 2233 4941 et

708 4976 948 5041 natura
985 4978 1328 5045 rationalis
1361 5001 1481 5068 pro
1522 4977 1946 5048 intellectuali
2005 4976 2232 5049 divina

705 5082 1022 5172 ponatur.
1056 5078 1136 5151 Et
1169 5082 1295 5154 boc
1342 5085 1547 5155 modo
1578 5086 1946 5177 respondeo
1995 5087 2076 5156 ad
2108 5088 2229 5157 ob-

696 5184 900 5274 jecta.
1283 5204 1288 5209 ’

723 5312 728 5315 ’
795 5293 899 5359 Au
937 5317 1187 5364 ramus:
1227 5297 1613 5377 dicendum,
1663 5298 1841 5390 quod
1916 5301 2230 5396 Magister

705 5400 1196 5490 respicit‘usum
1229 5430 1461 5475 eorum
1498 5408 1849 5475 nominum
1898 5436 2046 5501 quae
2113 5437 2230 5504 po·

667 5682 673 5688 .
723 5632 735 5642 '
781 5626 912 5685 ια.
947 5631 994 5686 ll
1023 5630 1646 5705 Sententiarum,l)ist;
1674 5638 1815 5706 vm,
1847 5643 1964 5702 Art.
2005 5649 2049 5699 Ι.

1692 292 1776 358 D.
1828 289 2024 359 ALB.
2077 287 2292 360 MAG.
2346 285 2550 358 ORD.
2604 288 2901 357 PRAED.

2368 469 2622 529 nuntur
2669 461 2736 527 in
2797 451 3201 529 diffinitione
3266 449 3600 547 personae,
3664 463 3729 522 et
3782 476 3920 521 non

2366 593 2508 637 rem
2550 592 2700 659 quae
2732 565 2833 636 est
2881 583 3198 657 persona.

2454 677 2556 742 Ao
2613 698 2810 741 ,amun
2868 667 3258 755 dicendum,
3339 671 3523 764 quod
3595 666 3920 736 rationale

2366 782 2609 848 dicitur
2637 783 3122 861 communiter,
3169 788 3236 847 et
3265 778 3565 870 proprie.
3603 775 3928 843 Commu-

2366 891 2542 954 niter
2568 896 2767 978 prout
2817 911 2935 978 per
2975 889 3166 977 prius
3201 895 3270 955 et
3319 888 3661 977 posterius
3692 892 3792 952 est
3857 883 3924 947 in

2367 996 2619 1074 divina,
2668 997 2996 1088 angelica,
3047 1004 3116 1064 et
3159 994 3464 1062 humana
3518 1002 3758 1061 natura
3804 1013 3819 1058 ε
3861 998 3926 1057 et

2365 1112 2527 1170 tunc
2557 1102 2901 1171 rationalis
2941 1111 3184 1171 natura
3243 1101 3610 1171 discretiva
3660 1100 3801 1167 veri
3859 1107 3926 1165 et

2367 1208 2538 1293 salsi,
2591 1221 2657 1278 et
2713 1210 2875 1278 boni
2923 1220 2988 1279 et
3045 1211 3205 1278 mali
3250 1232 3267 1279 ε
3339 1210 3615 1300 proprie
3695 1216 3922 1275 autem

2366 1323 2657 1385 sumitur
2710 1328 2913 1409 prout
2977 1319 3139 1386 dicit
3198 1318 3415 1397 Isaac,
3488 1317 3673 1408 quod
3752 1317 3921 1382 ratio

2365 1427 2597 1516 incipit
2673 1429 2740 1492 in
2832 1426 3077 1494 umbra
3152 1424 3646 1516 intelligentiae,
3757 1422 3914 1513 quia

2367 1534 2809 1624 intelligentia
2898 1535 3141 1625 accipit
3221 1534 3291 1601 in
3363 1529 3710 1601 intellectu
3776 1529 3924 1598 dei-

2364 1640 2590 1709 formi.
2651 1640 2849 1708 Ratio
2905 1648 3136 1708 autem
3200 1641 3581 1731 inquirenS,
3643 1648 3709 1706 et
3774 1647 3925 1705 stu-

2365 1751 2555 1834 dens,
2638 1758 2703 1817 et
2785 1751 3225 1819 discursitans
3320 1751 3421 1840 (ut
3494 1749 3655 1818 dicit
3750 1747 3920 1816 Dio·

2368 1855 2625 1948 nysius)
2656 1856 2861 1925 habet
2923 1845 3352 1949 acceptiones
3427 1864 3705 1949 propter
3770 1878 3921 1923 ma-

2358 1967 2582 2054 jorem
2610 1968 2714 2034 sui
2764 1965 3427 2052 obtenebrationem,
3488 1975 3553 2035 et
3609 1966 3761 2035 ideo
3801 1988 3923 2034 ca-

2369 2071 2467 2140 dit
2504 2075 2572 2139 in
2611 2071 3014 2142 diffinitione
3055 2070 3359 2142 hominis
3398 2094 3415 2142 ε
3450 2082 3519 2142 et
3564 2080 3667 2142 est
3720 2072 3925 2141 diffe-

2371 2182 2583 2248 rentia
2633 2180 2920 2249 divisiva
2975 2181 3317 2250 animalis.
3371 2179 3634 2249 Verum
3677 2190 3778 2249 est
3817 2187 3925 2248 ta-

2371 2309 2550 2366 men,
2612 2289 2795 2378 quod
2851 2288 3222 2380 Gregorius
3279 2289 3350 2355 in
3425 2283 3729 2355 Romilia
3759 2285 3927 2377 Epi-

2369 2394 2637 2485 phaniae
2667 2405 2869 2464 vocat
2917 2395 3260 2487 Angelum
3318 2395 3573 2464 animal
3624 2397 3927 2463 rationa-

2371 2503 2431 2572 le
2468 2527 2484 2571 :
2526 2505 2638 2572 sed
2698 2504 2829 2574 hoc
2876 2503 3037 2573 alibi
3082 2505 3477 2597 expeditum
3525 2512 3627 2573 est
3658 2502 3706 2585 ¹,
3739 2504 3924 2596 quod

2367 2611 2611 2681 dicitur
2666 2614 2918 2682 animal
2974 2634 3119 2682 non
3176 2637 3215 2682 a
3262 2622 3510 2682 natura
3575 2603 3921 2697 animalis,

2368 2718 2486 2788 sed
2515 2721 2742 2811 potius
2772 2745 2810 2790 a
2840 2723 2908 2789 vi
2948 2721 3288 2801 animalis,
3334 2730 3412 2790 ut
3439 2720 3710 2790 videtur
3749 2720 3924 2789 velle

2371 2826 2736 2920 Dionysius
2783 2832 2942 2921 quia
3014 2832 3157 2898 vim
3214 2828 3425 2898 habet
3489 2828 3921 2898 discretivam

2363 2935 2786 3006 sensibilium
2825 2945 2890 3007 et
2922 2936 3392 3008 rationalium.

2452 3151 2555 3218 An
2585 3173 2782 3219 Αιιυυ
2827 3150 3216 3231 dicendum,
3268 3149 3452 3244 quod
3494 3151 3563 3219 in
3627 3151 3913 3219 veritate
3943 3178 4020 3227 Λα
4040 3181 4280 3236 φαμι,

2361 3263 2642 3328 omnino
2673 3259 2990 3352 simplex,
3050 3260 3310 3329 nullam
3366 3268 3585 3353 potest
3663 3259 3911 3349 habere

2359 3366 2887 3439 diffinitionem:
2946 3369 3064 3438 sed
3105 3377 3208 3437 est
3238 3367 3555 3461 simplex,
3612 3378 3684 3438 ut
3741 3371 3914 3436 sim-

2360 3474 2511 3565 plex
2547 3496 2562 3541 :
2596 3485 2661 3545 et
2717 3485 2816 3543 est
2846 3474 3163 3566 simplex,
3231 3483 3306 3544 ut
3357 3496 3499 3544 non
3564 3473 3906 3568 simplex:

2356 3581 2642 3673 simplex
2698 3592 2773 3652 ut
2827 3582 3141 3674 simplex,
3183 3583 3357 3652 sicut
3387 3597 3545 3662 ens,
3578 3590 3643 3651 et
3674 3606 3914 3652 essen-

2354 3691 2471 3769 tia,
2539 3701 2602 3759 et
2704 3689 3125 3780 hujusmodi,
3187 3692 3256 3759 in
3325 3712 3621 3784 quorum
3725 3689 3913 3758 difli-

2352 3799 2607 3866 nitione
2707 3796 2875 3866 nihil
2954 3807 3175 3890 potest
3236 3800 3402 3890 poni
3505 3796 3689 3890 quod
3771 3821 3908 3866 non

2349 3915 2520 3975 esset
2579 3906 2913 3998 posterius
2968 3905 3100 3974 illis
3182 3905 3561 3975 secundum
3642 3904 3907 3975 intelle·

2349 4021 2557 4098 ctum,
2614 4025 2676 4083 et
2734 4014 2816 4083 «le
2866 4037 3002 4107 quo
3081 4018 3227 4108 ipsa
3271 4037 3410 4084 non
3460 4015 3910 4108 praedicaren-

2349 4133 2459 4191 tur
2521 4126 2666 4192 sine
2695 4127 3185 4195 conversione,
3233 4122 3540 4216 Simplex
3571 4132 3905 4195 autemut

2348 4253 2485 4298 non
2517 4231 2831 4323 simplex,
2864 4242 2961 4300 est
2993 4228 3178 4324 quod
3219 4257 3289 4301 re
3315 4232 3591 4325 quidem
3614 4232 3905 4326 simplex

2347 4349 2472 4419 est,
2540 4342 2656 4407 sed
2724 4350 2952 4409 tamen
2992 4340 3369 4410 secundum
3441 4339 3728 4412 modum
3792 4343 3904 4411 in-

2347 4445 2686 4537 telligendi
2759 4447 2959 4516 habet
3006 4449 3263 4541 aliquid
3330 4451 3568 4542 prius:
3638 4459 3701 4519 et
3769 4450 3903 4519 tale

2346 4564 2446 4621 est
2488 4579 2799 4644 persona,
2833 4566 2898 4623 et
2928 4566 3172 4625 caetera
3201 4581 3354 4649 qua·
3396 4559 3465 4626 in
3510 4558 3652 4627 Deo
3727 4558 3899 4627 dim-

2346 4665 2595 4732 nimus.
2637 4663 2826 4732 l'nde
2857 4664 3027 4734 bene
3058 4666 3384 4746 concedo,
3428 4667 3611 4758 quod
3658 4678 3897 4736 natura

2347 4770 2693 4838 rationalis
2776 4783 2874 4841 est
2941 4772 3023 4842 de
3116 4768 3466 4845 intellectu
3560 4799 3895 4867 personae,

2344 4881 2516 4948 sieut
2553 4905 2674 4950 ens
2712 4882 2794 4951 de
2825 4884 3118 4952 essentia
3162 4882 3335 4974 ejus.

2435 4988 2507 5055 Si
2549 4997 2777 5057 autem
2809 5000 3176 5084 quaeratur,
3209 4991 3435 5071 Quare
3503 4993 3782 5083 ponitur
3821 4994 3892 5062 iu

2343 5092 2621 5186 obliquo
2659 5097 2693 5163 ¹?
2776 5096 3181 5184 Dicendum,
3301 5094 3485 5191 quod
3580 5108 3650 5168 ut
3732 5098 3895 5168 dicit

2345 5200 2734 5293 Dionysius,
2820 5227 3109 5295 persona
3174 5208 3486 5275 nominat
3571 5205 3897 5276 substan-

2341 5308 2504 5375 tiam
2604 5313 3049 5402 suppositam,
3113 5320 3180 5380 et
3249 5311 3363 5380 illa
3424 5314 3493 5381 in
3567 5316 3896 5383 creaturis

2341 5414 2799 5486 diversitatem
2859 5419 3159 5510 aliquam
3232 5420 3324 5490 rei
3383 5419 3591 5490 habet
3645 5422 3726 5490 ad
3769 5446 3890 5491 na·

4035 691 4116 737 Ad
4150 692 4192 732 2.

4024 3238 4100 3281 Ad
4140 3240 4180 3283 t.

4009 5043 4097 5089 Ad
4128 5043 4179 5089 1.
