<?xml version="1.0" encoding="UTF-8"?>
<!DOCTYPE html PUBLIC "-//W3C//DTD XHTML 1.0 Transitional//EN"
    "http://www.w3.org/TR/xhtml1/DTD/xhtml1-transitional.dtd">
<html xmlns="http://www.w3.org/1999/xhtml" xml:lang="en" lang="en">
 <head>
  <title>
</title>
<meta http-equiv="Content-Type" content="text/html;charset=utf-8" />
  <meta name='ocr-system' content='tesseract 3.04.00' />
  <meta name='ocr-capabilities' content='ocr_page ocr_carea ocr_par ocr_line ocrx_word'/>
</head>
<body>
  <div class='ocr_page' id='page_1' title='image "balbertimagnira03chgoog_0680.png"; bbox 0 0 4897 6388; ppageno 0'>
   <div class='ocr_carea' id='block_1_1' title="bbox 704 327 2892 419">
    <p class='ocr_par' dir='ltr' id='par_1_1' title="bbox 704 327 2892 419">
     <span class='ocr_line' id='line_1_1' title="bbox 704 327 2892 419; baseline -0 -24"><span class='ocrx_word' id='word_1_1' title='bbox 704 329 832 396; x_wconf 83' lang='lat'>630</span> <span class='ocrx_word' id='word_1_2' title='bbox 1707 331 1786 397; x_wconf 89' lang='lat' dir='ltr'>n.</span> <span class='ocrx_word' id='word_1_3' title='bbox 1843 329 2041 397; x_wconf 80' lang='lat' dir='ltr'><strong>ALB.</strong></span> <span class='ocrx_word' id='word_1_4' title='bbox 2097 329 2312 400; x_wconf 83' lang='lat' dir='ltr'><strong>MAG.</strong></span> <span class='ocrx_word' id='word_1_5' title='bbox 2366 328 2571 419; x_wconf 77' lang='lat' dir='ltr'>ORD-</span> <span class='ocrx_word' id='word_1_6' title='bbox 2624 327 2892 396; x_wconf 78' lang='lat' dir='ltr'>PnAEo</span> 
     </span>
    </p>
   </div>
   <div class='ocr_carea' id='block_1_2' title="bbox 705 463 3913 994">
    <p class='ocr_par' dir='ltr' id='par_1_2' title="bbox 705 463 3913 994">
     <span class='ocr_line' id='line_1_2' title="bbox 705 463 3910 589; baseline 0 -26"><span class='ocrx_word' id='word_1_7' title='bbox 705 491 779 564; x_wconf 89' lang='lat' dir='ltr'>in</span> <span class='ocrx_word' id='word_1_8' title='bbox 838 513 1170 588; x_wconf 90' lang='lat' dir='ltr'>persona</span> <span class='ocrx_word' id='word_1_9' title='bbox 1227 490 1391 564; x_wconf 80' lang='lat' dir='ltr'>sive</span> <span class='ocrx_word' id='word_1_10' title='bbox 1469 489 2010 588; x_wconf 80' lang='lat' dir='ltr'>personaliter,</span> <span class='ocrx_word' id='word_1_11' title='bbox 2066 490 2266 564; x_wconf 91' lang='lat' dir='ltr'>alius</span> <span class='ocrx_word' id='word_1_12' title='bbox 2304 463 2814 589; x_wconf 72' lang='lat' dir='ltr'>personaliter</span> <span class='ocrx_word' id='word_1_13' title='bbox 2852 489 3116 583; x_wconf 86' lang='lat' dir='ltr'>Filius,</span> <span class='ocrx_word' id='word_1_14' title='bbox 3167 488 3364 562; x_wconf 89' lang='lat' dir='ltr'>alius</span> <span class='ocrx_word' id='word_1_15' title='bbox 3406 489 3910 586; x_wconf 69' lang='lat' dir='ltr'>personaliter</span> 
     </span>
     <span class='ocr_line' id='line_1_3' title="bbox 705 624 3913 724; baseline 0 -25"><span class='ocrx_word' id='word_1_16' title='bbox 705 625 1037 724; x_wconf 80' lang='lat' dir='ltr'>Spiritus</span> <span class='ocrx_word' id='word_1_17' title='bbox 1076 627 1407 702; x_wconf 89' lang='lat' dir='ltr'>Sanctus</span> <span class='ocrx_word' id='word_1_18' title='bbox 1431 631 1448 664; x_wconf 88' lang='lat'><strong>¹</strong></span> <span class='ocrx_word' id='word_1_19' title='bbox 1487 627 1530 697; x_wconf 76' lang='lat'>⁴?</span> <span class='ocrx_word' id='word_1_20' title='bbox 1562 625 1965 713; x_wconf 87' lang='lat' dir='ltr'>Quomodo</span> <span class='ocrx_word' id='word_1_21' title='bbox 2007 624 2212 700; x_wconf 92' lang='lat' dir='ltr'>enim</span> <span class='ocrx_word' id='word_1_22' title='bbox 2247 628 2445 701; x_wconf 92' lang='lat' dir='ltr'>alius</span> <span class='ocrx_word' id='word_1_23' title='bbox 2488 626 2990 724; x_wconf 82' lang='lat' dir='ltr'>personaliter</span> <span class='ocrx_word' id='word_1_24' title='bbox 3028 625 3279 710; x_wconf 83' lang='lat' dir='ltr'>Pater,</span> <span class='ocrx_word' id='word_1_25' title='bbox 3307 625 3505 701; x_wconf 88' lang='lat' dir='ltr'>alius</span> <span class='ocrx_word' id='word_1_26' title='bbox 3539 649 3913 723; x_wconf 90' lang='lat' dir='ltr'>persona-</span> 
     </span>
     <span class='ocr_line' id='line_1_4' title="bbox 705 758 3906 859; baseline 0 -27"><span class='ocrx_word' id='word_1_27' title='bbox 705 760 877 835; x_wconf 80' lang='lat' dir='ltr'>liter</span> <span class='ocrx_word' id='word_1_28' title='bbox 907 762 1171 856; x_wconf 82' lang='lat' dir='ltr'>Filius,</span> <span class='ocrx_word' id='word_1_29' title='bbox 1218 761 1417 836; x_wconf 90' lang='lat' dir='ltr'>alius</span> <span class='ocrx_word' id='word_1_30' title='bbox 1457 759 1970 859; x_wconf 81' lang='lat' dir='ltr'>personaliter</span> <span class='ocrx_word' id='word_1_31' title='bbox 1999 758 2331 856; x_wconf 85' lang='lat' dir='ltr'>Spiritus</span> <span class='ocrx_word' id='word_1_32' title='bbox 2371 769 2705 852; x_wconf 83' lang='lat' dir='ltr'>sanctuS‚</span> <span class='ocrx_word' id='word_1_33' title='bbox 2743 759 2804 832; x_wconf 92' lang='lat' dir='ltr'>si</span> <span class='ocrx_word' id='word_1_34' title='bbox 2840 759 2913 832; x_wconf 92' lang='lat' dir='ltr'>in</span> <span class='ocrx_word' id='word_1_35' title='bbox 2948 783 3115 835; x_wconf 91' lang='lat' dir='ltr'>esse</span> <span class='ocrx_word' id='word_1_36' title='bbox 3148 782 3558 857; x_wconf 83' lang='lat' dir='ltr'>personam</span> <span class='ocrx_word' id='word_1_37' title='bbox 3591 760 3906 832; x_wconf 90' lang='lat' dir='ltr'>omnino</span> 
     </span>
     <span class='ocr_line' id='line_1_5' title="bbox 706 869 3894 994; baseline 0 -24"><span class='ocrx_word' id='word_1_38' title='bbox 706 869 1204 991; x_wconf 80' lang='lat' dir='ltr'>conveniunt,</span> <span class='ocrx_word' id='word_1_39' title='bbox 1250 898 1324 970; x_wconf 91' lang='lat' dir='ltr'>id</span> <span class='ocrx_word' id='word_1_40' title='bbox 1367 906 1506 984; x_wconf 92' lang='lat' dir='ltr'>est,</span> <span class='ocrx_word' id='word_1_41' title='bbox 1554 896 1619 969; x_wconf 90' lang='lat' dir='ltr'>si</span> <span class='ocrx_word' id='word_1_42' title='bbox 1662 918 1995 994; x_wconf 89' lang='lat' dir='ltr'>persona</span> <span class='ocrx_word' id='word_1_43' title='bbox 2060 895 2414 969; x_wconf 79' lang='lat' dir='ltr'>essentiae</span> <span class='ocrx_word' id='word_1_44' title='bbox 2458 905 2750 969; x_wconf 85' lang='lat' dir='ltr'>tantum</span> <span class='ocrx_word' id='word_1_45' title='bbox 2794 895 3375 992; x_wconf 80' lang='lat' dir='ltr'>intelligentiam</span> <span class='ocrx_word' id='word_1_46' title='bbox 3430 896 3669 971; x_wconf 81' lang='lat' dir='ltr'>facit?</span> <span class='ocrx_word' id='word_1_47' title='bbox 3718 897 3894 971; x_wconf 90' lang='lat' dir='ltr'>Ideo</span> 
     </span>
    </p>
   </div>
   <div class='ocr_carea' id='block_1_3' title="bbox 483 1027 3899 1127">
    <p class='ocr_par' dir='ltr' id='par_1_3' title="bbox 483 1027 3899 1127">
     <span class='ocr_line' id='line_1_6' title="bbox 483 1027 3899 1127; baseline -0.001 -23"><span class='ocrx_word' id='word_1_48' title='bbox 483 1071 508 1104; x_wconf 91' lang='lat'>.·</span> <span class='ocrx_word' id='word_1_49' title='bbox 603 1071 624 1106; x_wconf 70' lang='grc'>;,</span> <span class='ocrx_word' id='word_1_50' title='bbox 706 1031 930 1107; x_wconf 87' lang='lat' dir='ltr'>nobis</span> <span class='ocrx_word' id='word_1_51' title='bbox 961 1033 1266 1108; x_wconf 81' lang='lat' dir='ltr'>videtur</span> <span class='ocrx_word' id='word_1_52' title='bbox 1305 1030 1529 1105; x_wconf 91' lang='lat' dir='ltr'>aliter</span> <span class='ocrx_word' id='word_1_53' title='bbox 1559 1032 1706 1106; x_wconf 90' lang='lat' dir='ltr'>hoc</span> <span class='ocrx_word' id='word_1_54' title='bbox 1731 1051 1957 1127; x_wconf 91' lang='lat' dir='ltr'>posse</span> <span class='ocrx_word' id='word_1_55' title='bbox 1999 1027 2146 1101; x_wconf 90' lang='lat' dir='ltr'>dici</span> <span class='ocrx_word' id='word_1_56' title='bbox 2173 1028 2964 1125; x_wconf 83' lang='lat' dir='ltr'>congruentiusjuxta</span> <span class='ocrx_word' id='word_1_57' title='bbox 3008 1029 3557 1103; x_wconf 85' lang='lat' dir='ltr'>catholicorum</span> <span class='ocrx_word' id='word_1_58' title='bbox 3616 1030 3899 1103; x_wconf 86' lang='lat' dir='ltr'>Docto-</span> 
     </span>
    </p>
   </div>
   <div class='ocr_carea' id='block_1_4' title="bbox 706 1166 1441 1242">
    <p class='ocr_par' dir='ltr' id='par_1_4' title="bbox 706 1166 1441 1242">
     <span class='ocr_line' id='line_1_7' title="bbox 706 1166 1441 1242; baseline 0.001 -5"><span class='ocrx_word' id='word_1_59' title='bbox 706 1187 877 1239; x_wconf 86' lang='lat' dir='ltr'>rum</span> <span class='ocrx_word' id='word_1_60' title='bbox 920 1166 1441 1242; x_wconf 85' lang='lat' dir='ltr'>auctoritates.</span> 
     </span>
    </p>
   </div>
   <div class='ocr_carea' id='block_1_5' title="bbox 977 1741 1953 1836">
    <p class='ocr_par' dir='ltr' id='par_1_5' title="bbox 977 1741 1953 1836">
     <span class='ocr_line' id='line_1_8' title="bbox 977 1741 1953 1836; baseline 0.003 -25"><span class='ocrx_word' id='word_1_61' title='bbox 977 1741 986 1748; x_wconf 80' lang='grc'><strong><em>’</em></strong></span> <span class='ocrx_word' id='word_1_62' title='bbox 1043 1833 1046 1836; x_wconf 67' lang='lat'>‚</span> <span class='ocrx_word' id='word_1_63' title='bbox 1105 1750 1501 1832; x_wconf 83' lang='lat' dir='ltr'>Expositio</span> <span class='ocrx_word' id='word_1_64' title='bbox 1545 1753 1854 1816; x_wconf 81' lang='lat' dir='ltr'>Textus.</span> <span class='ocrx_word' id='word_1_65' title='bbox 1946 1805 1953 1814; x_wconf 88' lang='lat'>.</span> 
     </span>
    </p>
   </div>
   <div class='ocr_carea' id='block_1_6' title="bbox 795 2064 2303 2159">
    <p class='ocr_par' dir='ltr' id='par_1_6' title="bbox 795 2064 2303 2159">
     <span class='ocr_line' id='line_1_9' title="bbox 795 2064 2303 2159; baseline 0.002 -27"><span class='ocrx_word' id='word_1_66' title='bbox 795 2064 1055 2137; x_wconf 86' lang='lat' dir='ltr'>Deinde</span> <span class='ocrx_word' id='word_1_67' title='bbox 1105 2069 1429 2159; x_wconf 82' lang='lat' dir='ltr'>quaeritur</span> <span class='ocrx_word' id='word_1_68' title='bbox 1478 2066 1563 2137; x_wconf 91' lang='lat' dir='ltr'>de</span> <span class='ocrx_word' id='word_1_69' title='bbox 1601 2066 1738 2137; x_wconf 90' lang='lat' dir='ltr'>hoc</span> <span class='ocrx_word' id='word_1_70' title='bbox 1776 2066 1961 2159; x_wconf 92' lang='lat' dir='ltr'>quod</span> <span class='ocrx_word' id='word_1_71' title='bbox 2001 2067 2161 2135; x_wconf 89' lang='lat' dir='ltr'>dicit</span> <span class='ocrx_word' id='word_1_72' title='bbox 2191 2068 2261 2135; x_wconf 90' lang='lat' dir='ltr'>in</span> <span class='ocrx_word' id='word_1_73' title='bbox 2296 2068 2303 2074; x_wconf 81' lang='grc'><strong>’</strong></span> 
     </span>
    </p>
   </div>
   <div class='ocr_carea' id='block_1_7' title="bbox 710 2174 2256 2268">
    <p class='ocr_par' dir='ltr' id='par_1_7' title="bbox 710 2174 2256 2268">
     <span class='ocr_line' id='line_1_10' title="bbox 710 2174 2256 2268; baseline 0.002 -28"><span class='ocrx_word' id='word_1_74' title='bbox 710 2183 952 2263; x_wconf 86' lang='lat' dir='ltr'>quarto</span> <span class='ocrx_word' id='word_1_75' title='bbox 1018 2177 1316 2267; x_wconf 87' lang='lat' dir='ltr'>capitulo</span> <span class='ocrx_word' id='word_1_76' title='bbox 1381 2179 1622 2268; x_wconf 81' lang='lat' dir='ltr'>prirnoe</span> <span class='ocrx_word' id='word_1_77' title='bbox 1684 2179 1921 2267; x_wconf 83' lang='lat' dir='ltr'>partis,</span> <span class='ocrx_word' id='word_1_78' title='bbox 1982 2176 2101 2261; x_wconf 85' lang='lat' dir='ltr'>ibi,</span> <span class='ocrx_word' id='word_1_79' title='bbox 2151 2174 2256 2254; x_wconf 78' lang='lat' dir='ltr'>D,</span> 
     </span>
    </p>
   </div>
   <div class='ocr_carea' id='block_1_8' title="bbox 551 2270 2263 2377">
    <p class='ocr_par' dir='ltr' id='par_1_8' title="bbox 551 2270 2263 2377">
     <span class='ocr_line' id='line_1_11' title="bbox 551 2270 2263 2377; baseline 0.004 -33"><span class='ocrx_word' id='word_1_80' title='bbox 551 2277 556 2286; x_wconf 80' lang='grc'><strong><em>’</em></strong></span> <span class='ocrx_word' id='word_1_81' title='bbox 597 2270 604 2284; x_wconf 82' lang='grc'>’</span> <span class='ocrx_word' id='word_1_82' title='bbox 712 2304 747 2345; x_wconf 72' lang='grc' dir='ltr'>ι</span> <span class='ocrx_word' id='word_1_83' title='bbox 789 2284 1000 2351; x_wconf 83' lang='lat' dir='ltr'>Pater</span> <span class='ocrx_word' id='word_1_84' title='bbox 1024 2295 1088 2352; x_wconf 82' lang='lat' dir='ltr'>et</span> <span class='ocrx_word' id='word_1_85' title='bbox 1117 2284 1346 2353; x_wconf 76' lang='lat' dir='ltr'>Filius</span> <span class='ocrx_word' id='word_1_86' title='bbox 1371 2295 1436 2352; x_wconf 80' lang='lat' dir='ltr'>el</span> <span class='ocrx_word' id='word_1_87' title='bbox 1464 2285 1774 2377; x_wconf 77' lang='lat' dir='ltr'>Spiritus</span> <span class='ocrx_word' id='word_1_88' title='bbox 1798 2295 2078 2353; x_wconf 79' lang='lat' dir='ltr'>sanctus</span> <span class='ocrx_word' id='word_1_89' title='bbox 2099 2293 2263 2351; x_wconf 79' lang='lat' dir='ltr'>sunt</span> 
     </span>
    </p>
   </div>
   <div class='ocr_carea' id='block_1_9' title="bbox 711 2390 2269 3131">
    <p class='ocr_par' dir='ltr' id='par_1_9' title="bbox 711 2390 2269 3131">
     <span class='ocr_line' id='line_1_12' title="bbox 715 2390 2261 2480; baseline 0.003 -27"><span class='ocrx_word' id='word_1_90' title='bbox 715 2397 847 2455; x_wconf 78' lang='lat' dir='ltr'>tres</span> <span class='ocrx_word' id='word_1_91' title='bbox 885 2412 1214 2480; x_wconf 78' lang='lat' dir='ltr'>personoe,</span> <span class='ocrx_word' id='word_1_92' title='bbox 1250 2391 1329 2458; x_wconf 77' lang='lat' dir='ltr'>icl</span> <span class='ocrx_word' id='word_1_93' title='bbox 1352 2401 1474 2470; x_wconf 78' lang='lat' dir='ltr'>est,</span> <span class='ocrx_word' id='word_1_94' title='bbox 1515 2402 1679 2460; x_wconf 79' lang='lat' dir='ltr'>sunt</span> <span class='ocrx_word' id='word_1_95' title='bbox 1709 2402 1843 2459; x_wconf 80' lang='lat' dir='ltr'>tres</span> <span class='ocrx_word' id='word_1_96' title='bbox 1892 2391 1970 2459; x_wconf 80' lang='lat' dir='ltr'>id</span> <span class='ocrx_word' id='word_1_97' title='bbox 2000 2390 2261 2459; x_wconf 68' lang='lat' dir='ltr'>leuben-</span> 
     </span>
     <span class='ocr_line' id='line_1_13' title="bbox 711 2497 2169 2595; baseline 0.002 -34"><span class='ocrx_word' id='word_1_98' title='bbox 711 2504 808 2562; x_wconf 80' lang='lat' dir='ltr'>tes</span> <span class='ocrx_word' id='word_1_99' title='bbox 844 2518 1199 2566; x_wconf 83' lang='lat' dir='ltr'>commune</span> <span class='ocrx_word' id='word_1_100' title='bbox 1235 2497 1428 2590; x_wconf 83' lang='lat' dir='ltr'>quod</span> <span class='ocrx_word' id='word_1_101' title='bbox 1462 2509 1911 2595; x_wconf 33' lang='lat' dir='ltr'>est-persona,</span> <span class='ocrx_word' id='word_1_102' title='bbox 1959 2507 2089 2566; x_wconf 89' lang='lat' dir='ltr'>etc.</span> <span class='ocrx_word' id='word_1_103' title='bbox 2135 2523 2169 2563; x_wconf 70' lang='lat' dir='ltr'>n</span> 
     </span>
     <span class='ocr_line' id='line_1_14' title="bbox 801 2603 2263 2699; baseline 0.001 -29"><span class='ocrx_word' id='word_1_104' title='bbox 801 2603 917 2671; x_wconf 88' lang='lat' dir='ltr'>Isti</span> <span class='ocrx_word' id='word_1_105' title='bbox 957 2604 1292 2692; x_wconf 86' lang='lat' dir='ltr'>dicebant,</span> <span class='ocrx_word' id='word_1_106' title='bbox 1327 2607 1512 2699; x_wconf 91' lang='lat' dir='ltr'>quod</span> <span class='ocrx_word' id='word_1_107' title='bbox 1538 2630 1833 2698; x_wconf 85' lang='lat' dir='ltr'>persona</span> <span class='ocrx_word' id='word_1_108' title='bbox 1863 2630 2003 2675; x_wconf 88' lang='lat' dir='ltr'>non</span> <span class='ocrx_word' id='word_1_109' title='bbox 2043 2607 2263 2697; x_wconf 82' lang='lat' dir='ltr'>signi-</span> 
     </span>
     <span class='ocr_line' id='line_1_15' title="bbox 714 2709 2257 2807; baseline 0.003 -30"><span class='ocrx_word' id='word_1_110' title='bbox 714 2709 870 2778; x_wconf 83' lang='lat' dir='ltr'>ficat</span> <span class='ocrx_word' id='word_1_111' title='bbox 906 2713 1034 2781; x_wconf 89' lang='lat' dir='ltr'>nisi</span> <span class='ocrx_word' id='word_1_112' title='bbox 1056 2717 1448 2799; x_wconf 81' lang='lat' dir='ltr'>essentiam,</span> <span class='ocrx_word' id='word_1_113' title='bbox 1482 2723 1550 2783; x_wconf 86' lang='lat' dir='ltr'>ct</span> <span class='ocrx_word' id='word_1_114' title='bbox 1571 2717 1897 2807; x_wconf 82' lang='lat' dir='ltr'>supponit</span> <span class='ocrx_word' id='word_1_115' title='bbox 1918 2713 2257 2794; x_wconf 83' lang='lat' dir='ltr'>eumdem,</span> 
     </span>
     <span class='ocr_line' id='line_1_16' title="bbox 717 2821 2264 2915; baseline 0.003 -30"><span class='ocrx_word' id='word_1_116' title='bbox 717 2827 783 2885; x_wconf 87' lang='lat' dir='ltr'>et</span> <span class='ocrx_word' id='word_1_117' title='bbox 848 2832 1171 2892; x_wconf 78' lang='lat' dir='ltr'>connotat</span> <span class='ocrx_word' id='word_1_118' title='bbox 1252 2823 1795 2914; x_wconf 59' lang='lat' dir='ltr'>distinctionem,⁸</span> <span class='ocrx_word' id='word_1_119' title='bbox 1854 2821 2264 2915; x_wconf 83' lang='lat' dir='ltr'>quandoque</span> 
     </span>
     <span class='ocr_line' id='line_1_17' title="bbox 717 2931 2266 3024; baseline 0.003 -30"><span class='ocrx_word' id='word_1_120' title='bbox 717 2948 950 3006; x_wconf 84' lang='lat' dir='ltr'>unam,</span> <span class='ocrx_word' id='word_1_121' title='bbox 996 2931 1407 3024; x_wconf 86' lang='lat' dir='ltr'>quandoque</span> <span class='ocrx_word' id='word_1_122' title='bbox 1461 2931 1715 3023; x_wconf 85' lang='lat' dir='ltr'>plures.</span> <span class='ocrx_word' id='word_1_123' title='bbox 1790 2933 2041 3010; x_wconf 81' lang='lat' dir='ltr'>Unam,</span> <span class='ocrx_word' id='word_1_124' title='bbox 2092 2931 2266 2999; x_wconf 86' lang='lat' dir='ltr'>sicut</span> 
     </span>
     <span class='ocr_line' id='line_1_18' title="bbox 718 3036 2269 3131; baseline 0.003 -29"><span class='ocrx_word' id='word_1_125' title='bbox 718 3056 871 3103; x_wconf 76' lang='lat' dir='ltr'>curn</span> <span class='ocrx_word' id='word_1_126' title='bbox 904 3036 1172 3119; x_wconf 87' lang='lat' dir='ltr'>dicitur,</span> <span class='ocrx_word' id='word_1_127' title='bbox 1205 3038 1410 3107; x_wconf 83' lang='lat' dir='ltr'>Pater</span> <span class='ocrx_word' id='word_1_128' title='bbox 1448 3049 1550 3108; x_wconf 89' lang='lat' dir='ltr'>est</span> <span class='ocrx_word' id='word_1_129' title='bbox 1580 3040 1826 3119; x_wconf 78' lang='lat' dir='ltr'>forma,</span> <span class='ocrx_word' id='word_1_130' title='bbox 1871 3038 1939 3106; x_wconf 92' lang='lat' dir='ltr'>id</span> <span class='ocrx_word' id='word_1_131' title='bbox 1978 3045 2104 3117; x_wconf 83' lang='lat' dir='ltr'>est,</span> <span class='ocrx_word' id='word_1_132' title='bbox 2144 3060 2269 3131; x_wconf 87' lang='lat' dir='ltr'>per</span> 
     </span>
    </p>
   </div>
   <div class='ocr_carea' id='block_1_10' title="bbox 2370 1520 3908 1611">
    <p class='ocr_par' dir='ltr' id='par_1_10' title="bbox 2370 1520 3908 1611">
     <span class='ocr_line' id='line_1_19' title="bbox 2370 1520 3908 1611; baseline 0 -25"><span class='ocrx_word' id='word_1_133' title='bbox 2370 1523 2552 1606; x_wconf 87' lang='lat' dir='ltr'>nitur</span> <span class='ocrx_word' id='word_1_134' title='bbox 2606 1529 2672 1586; x_wconf 89' lang='lat' dir='ltr'>et</span> <span class='ocrx_word' id='word_1_135' title='bbox 2704 1520 3123 1611; x_wconf 78' lang='lat' dir='ltr'>significatur</span> <span class='ocrx_word' id='word_1_136' title='bbox 3163 1521 3454 1587; x_wconf 83' lang='lat' dir='ltr'>essentia</span> <span class='ocrx_word' id='word_1_137' title='bbox 3506 1543 3520 1586; x_wconf 91' lang='lat'>:</span> <span class='ocrx_word' id='word_1_138' title='bbox 3567 1528 3630 1586; x_wconf 91' lang='lat' dir='ltr'>et</span> <span class='ocrx_word' id='word_1_139' title='bbox 3679 1542 3798 1609; x_wconf 88' lang='lat' dir='ltr'>per</span> <span class='ocrx_word' id='word_1_140' title='bbox 3840 1520 3908 1610; x_wconf 84' lang='lat' dir='ltr'>ly</span> 
     </span>
    </p>
   </div>
   <div class='ocr_carea' id='block_1_11' title="bbox 2361 1627 3908 1720">
    <p class='ocr_par' dir='ltr' id='par_1_11' title="bbox 2361 1627 3908 1720">
     <span class='ocr_line' id='line_1_20' title="bbox 2361 1627 3908 1720; baseline -0.001 -25"><span class='ocrx_word' id='word_1_141' title='bbox 2361 1652 2488 1720; x_wconf 83' lang='lat' dir='ltr'>per</span> <span class='ocrx_word' id='word_1_142' title='bbox 2520 1652 2590 1695; x_wconf 83' lang='lat' dir='ltr'>se</span> <span class='ocrx_word' id='word_1_143' title='bbox 2634 1635 3040 1697; x_wconf 86' lang='lat' dir='ltr'>connotatur</span> <span class='ocrx_word' id='word_1_144' title='bbox 3065 1627 3433 1695; x_wconf 79' lang='lat' dir='ltr'>distinctio,</span> <span class='ocrx_word' id='word_1_145' title='bbox 3479 1629 3728 1697; x_wconf 80' lang='lat' dir='ltr'>Plures</span> <span class='ocrx_word' id='word_1_146' title='bbox 3777 1651 3908 1695; x_wconf 83' lang='lat' dir='ltr'>au·-</span> 
     </span>
    </p>
   </div>
   <div class='ocr_carea' id='block_1_12' title="bbox 2366 1739 3907 2023">
    <p class='ocr_par' dir='ltr' id='par_1_12' title="bbox 2366 1739 3907 2023">
     <span class='ocr_line' id='line_1_21' title="bbox 2366 1739 3907 1825; baseline -0.001 -18"><span class='ocrx_word' id='word_1_147' title='bbox 2366 1750 2504 1808; x_wconf 87' lang='lat' dir='ltr'>tem</span> <span class='ocrx_word' id='word_1_148' title='bbox 2551 1741 3035 1824; x_wconf 86' lang='lat' dir='ltr'>distinctiones,</span> <span class='ocrx_word' id='word_1_149' title='bbox 3076 1747 3152 1807; x_wconf 89' lang='lat' dir='ltr'>ut</span> <span class='ocrx_word' id='word_1_150' title='bbox 3196 1762 3354 1808; x_wconf 90' lang='lat' dir='ltr'>cum</span> <span class='ocrx_word' id='word_1_151' title='bbox 3393 1739 3662 1825; x_wconf 88' lang='lat' dir='ltr'>dicitur,</span> <span class='ocrx_word' id='word_1_152' title='bbox 3706 1740 3907 1808; x_wconf 87' lang='lat' dir='ltr'>Pater</span> 
     </span>
     <span class='ocr_line' id='line_1_22' title="bbox 2368 1848 3906 1940; baseline -0.001 -24"><span class='ocrx_word' id='word_1_153' title='bbox 2368 1858 2435 1916; x_wconf 89' lang='lat' dir='ltr'>et</span> <span class='ocrx_word' id='word_1_154' title='bbox 2454 1848 2662 1916; x_wconf 89' lang='lat' dir='ltr'>Filius</span> <span class='ocrx_word' id='word_1_155' title='bbox 2688 1856 2848 1916; x_wconf 88' lang='lat' dir='ltr'>sunt</span> <span class='ocrx_word' id='word_1_156' title='bbox 2867 1870 3198 1940; x_wconf 58' lang='lat' dir='ltr'>personae,</span> <span class='ocrx_word' id='word_1_157' title='bbox 3230 1848 3298 1916; x_wconf 92' lang='lat' dir='ltr'>id</span> <span class='ocrx_word' id='word_1_158' title='bbox 3328 1856 3453 1934; x_wconf 90' lang='lat' dir='ltr'>est,</span> <span class='ocrx_word' id='word_1_159' title='bbox 3475 1871 3691 1917; x_wconf 90' lang='lat' dir='ltr'>unum</span> <span class='ocrx_word' id='word_1_160' title='bbox 3722 1856 3906 1928; x_wconf 88' lang='lat' dir='ltr'>sunt,</span> 
     </span>
     <span class='ocr_line' id='line_1_23' title="bbox 2367 1952 3226 2023; baseline -0.002 0"><span class='ocrx_word' id='word_1_161' title='bbox 2367 1963 2434 2023; x_wconf 87' lang='lat' dir='ltr'>et</span> <span class='ocrx_word' id='word_1_162' title='bbox 2472 1953 2556 2022; x_wconf 86' lang='lat' dir='ltr'>ad</span> <span class='ocrx_word' id='word_1_163' title='bbox 2585 1955 2875 2022; x_wconf 86' lang='lat' dir='ltr'>invicem</span> <span class='ocrx_word' id='word_1_164' title='bbox 2903 1952 3226 2022; x_wconf 87' lang='lat' dir='ltr'>distincti.</span> 
     </span>
    </p>
   </div>
   <div class='ocr_carea' id='block_1_13' title="bbox 2370 2061 3913 2913">
    <p class='ocr_par' dir='ltr' id='par_1_13' title="bbox 2370 2061 3913 2913">
     <span class='ocr_line' id='line_1_24' title="bbox 2461 2061 3904 2157; baseline -0.001 -26"><span class='ocrx_word' id='word_1_165' title='bbox 2461 2062 2595 2132; x_wconf 90' lang='lat' dir='ltr'>Sed</span> <span class='ocrx_word' id='word_1_166' title='bbox 2623 2064 2913 2144; x_wconf 82' lang='lat' dir='ltr'>videtur,</span> <span class='ocrx_word' id='word_1_167' title='bbox 2955 2062 3140 2157; x_wconf 90' lang='lat' dir='ltr'>quod</span> <span class='ocrx_word' id='word_1_168' title='bbox 3168 2084 3253 2131; x_wconf 84' lang='lat' dir='ltr'>ex</span> <span class='ocrx_word' id='word_1_169' title='bbox 3282 2061 3408 2131; x_wconf 86' lang='lat' dir='ltr'>ista</span> <span class='ocrx_word' id='word_1_170' title='bbox 3452 2063 3774 2154; x_wconf 88' lang='lat' dir='ltr'>opinione</span> <span class='ocrx_word' id='word_1_171' title='bbox 3805 2084 3904 2130; x_wconf 88' lang='lat' dir='ltr'>se-</span> 
     </span>
     <span class='ocr_line' id='line_1_25' title="bbox 2370 2171 3909 2267; baseline -0.001 -26"><span class='ocrx_word' id='word_1_172' title='bbox 2370 2183 2615 2267; x_wconf 83' lang='lat' dir='ltr'>quatur</span> <span class='ocrx_word' id='word_1_173' title='bbox 2651 2173 2922 2244; x_wconf 85' lang='lat' dir='ltr'>haeresis</span> <span class='ocrx_word' id='word_1_174' title='bbox 2951 2173 3050 2243; x_wconf 88' lang='lat' dir='ltr'>sic</span> <span class='ocrx_word' id='word_1_175' title='bbox 3083 2196 3099 2241; x_wconf 92' lang='lat'><strong>:</strong></span> <span class='ocrx_word' id='word_1_176' title='bbox 3143 2171 3305 2241; x_wconf 78' lang='lat' dir='ltr'>naeo</span> <span class='ocrx_word' id='word_1_177' title='bbox 3332 2195 3623 2264; x_wconf 87' lang='lat' dir='ltr'>persona</span> <span class='ocrx_word' id='word_1_178' title='bbox 3652 2181 3753 2241; x_wconf 90' lang='lat' dir='ltr'>est</span> <span class='ocrx_word' id='word_1_179' title='bbox 3782 2172 3909 2240; x_wconf 84' lang='lat' dir='ltr'>Pa·</span> 
     </span>
     <span class='ocr_line' id='line_1_26' title="bbox 2373 2280 3912 2354; baseline -0.003 -2"><span class='ocrx_word' id='word_1_180' title='bbox 2373 2293 2473 2352; x_wconf 86' lang='lat' dir='ltr'>ter</span> <span class='ocrx_word' id='word_1_181' title='bbox 2511 2306 2528 2353; x_wconf 79' lang='lat' dir='ltr'>t</span> <span class='ocrx_word' id='word_1_182' title='bbox 2563 2282 2673 2352; x_wconf 78' lang='lat' dir='ltr'>liic</span> <span class='ocrx_word' id='word_1_183' title='bbox 2710 2283 3080 2354; x_wconf 87' lang='lat' dir='ltr'>secundum</span> <span class='ocrx_word' id='word_1_184' title='bbox 3125 2280 3287 2351; x_wconf 88' lang='lat' dir='ltr'>istos</span> <span class='ocrx_word' id='word_1_185' title='bbox 3316 2304 3455 2350; x_wconf 90' lang='lat' dir='ltr'>non</span> <span class='ocrx_word' id='word_1_186' title='bbox 3506 2282 3578 2351; x_wconf 80' lang='lat' dir='ltr'>fit</span> <span class='ocrx_word' id='word_1_187' title='bbox 3617 2282 3912 2350; x_wconf 89' lang='lat' dir='ltr'>demon-</span> 
     </span>
     <span class='ocr_line' id='line_1_27' title="bbox 2370 2390 3904 2461; baseline -0.003 0"><span class='ocrx_word' id='word_1_188' title='bbox 2370 2392 2605 2461; x_wconf 85' lang='lat' dir='ltr'>stratio</span> <span class='ocrx_word' id='word_1_189' title='bbox 2643 2392 2776 2459; x_wconf 89' lang='lat' dir='ltr'>nisi</span> <span class='ocrx_word' id='word_1_190' title='bbox 2830 2392 3183 2460; x_wconf 66' lang='lat' dir='ltr'>essentias:</span> <span class='ocrx_word' id='word_1_191' title='bbox 3246 2399 3311 2458; x_wconf 92' lang='lat' dir='ltr'>et</span> <span class='ocrx_word' id='word_1_192' title='bbox 3364 2390 3904 2458; x_wconf 61' lang='lat' dir='ltr'>essentia‘l‘atris</span> 
     </span>
     <span class='ocr_line' id='line_1_28' title="bbox 2372 2496 3908 2590; baseline -0.003 -22"><span class='ocrx_word' id='word_1_193' title='bbox 2372 2507 2471 2568; x_wconf 91' lang='lat' dir='ltr'>est</span> <span class='ocrx_word' id='word_1_194' title='bbox 2511 2501 2800 2568; x_wconf 83' lang='lat' dir='ltr'>essentia</span> <span class='ocrx_word' id='word_1_195' title='bbox 2865 2498 3014 2567; x_wconf 82' lang='lat' dir='ltr'>Filii</span> <span class='ocrx_word' id='word_1_196' title='bbox 3059 2520 3075 2565; x_wconf 78' lang='lat' dir='ltr'>t</span> <span class='ocrx_word' id='word_1_197' title='bbox 3128 2521 3291 2590; x_wconf 85' lang='lat' dir='ltr'>ergo</span> <span class='ocrx_word' id='word_1_198' title='bbox 3347 2520 3636 2588; x_wconf 85' lang='lat' dir='ltr'>persona</span> <span class='ocrx_word' id='word_1_199' title='bbox 3692 2496 3908 2563; x_wconf 82' lang='lat' dir='ltr'>Patris</span> 
     </span>
     <span class='ocr_line' id='line_1_29' title="bbox 2372 2602 3905 2696; baseline -0.004 -22"><span class='ocrx_word' id='word_1_200' title='bbox 2372 2616 2473 2674; x_wconf 84' lang='lat' dir='ltr'>est</span> <span class='ocrx_word' id='word_1_201' title='bbox 2512 2628 2796 2696; x_wconf 85' lang='lat' dir='ltr'>persona</span> <span class='ocrx_word' id='word_1_202' title='bbox 2828 2605 2998 2683; x_wconf 79' lang='lat' dir='ltr'>Filii,</span> <span class='ocrx_word' id='word_1_203' title='bbox 3026 2604 3210 2696; x_wconf 88' lang='lat' dir='ltr'>quod</span> <span class='ocrx_word' id='word_1_204' title='bbox 3240 2603 3481 2671; x_wconf 78' lang='lat' dir='ltr'>salsum</span> <span class='ocrx_word' id='word_1_205' title='bbox 3522 2613 3621 2671; x_wconf 90' lang='lat' dir='ltr'>est</span> <span class='ocrx_word' id='word_1_206' title='bbox 3652 2613 3716 2670; x_wconf 77' lang='lat' dir='ltr'>et</span> <span class='ocrx_word' id='word_1_207' title='bbox 3767 2602 3905 2669; x_wconf 78' lang='lat' dir='ltr'>hae-</span> 
     </span>
     <span class='ocr_line' id='line_1_30' title="bbox 2375 2710 3913 2803; baseline -0.004 -22"><span class='ocrx_word' id='word_1_208' title='bbox 2375 2714 2540 2783; x_wconf 80' lang='lat' dir='ltr'>rosis</span> <span class='ocrx_word' id='word_1_209' title='bbox 2574 2736 2589 2780; x_wconf 90' lang='lat'>:</span> <span class='ocrx_word' id='word_1_210' title='bbox 2632 2721 2696 2781; x_wconf 88' lang='lat' dir='ltr'>ct</span> <span class='ocrx_word' id='word_1_211' title='bbox 2728 2712 2876 2781; x_wconf 88' lang='lat' dir='ltr'>ideo</span> <span class='ocrx_word' id='word_1_212' title='bbox 2917 2711 3072 2780; x_wconf 85' lang='lat' dir='ltr'>huic</span> <span class='ocrx_word' id='word_1_213' title='bbox 3112 2711 3416 2803; x_wconf 88' lang='lat' dir='ltr'>opinioni</span> <span class='ocrx_word' id='word_1_214' title='bbox 3458 2734 3595 2778; x_wconf 91' lang='lat' dir='ltr'>non</span> <span class='ocrx_word' id='word_1_215' title='bbox 3652 2718 3751 2778; x_wconf 86' lang='lat' dir='ltr'>est</span> <span class='ocrx_word' id='word_1_216' title='bbox 3780 2710 3913 2777; x_wconf 86' lang='lat' dir='ltr'>ad·</span> 
     </span>
     <span class='ocr_line' id='line_1_31' title="bbox 2373 2820 3895 2913; baseline -0.003 -23"><span class='ocrx_word' id='word_1_217' title='bbox 2373 2822 2791 2890; x_wconf 76' lang='lat' dir='ltr'>limi-endum.</span> <span class='ocrx_word' id='word_1_218' title='bbox 2843 2821 2976 2889; x_wconf 86' lang='lat' dir='ltr'>Sed</span> <span class='ocrx_word' id='word_1_219' title='bbox 3032 2820 3405 2889; x_wconf 87' lang='lat' dir='ltr'>secundum</span> <span class='ocrx_word' id='word_1_220' title='bbox 3453 2844 3656 2913; x_wconf 83' lang='lat' dir='ltr'>supra</span> <span class='ocrx_word' id='word_1_221' title='bbox 3696 2820 3895 2896; x_wconf 83' lang='lat' dir='ltr'>dicta,</span> 
     </span>
    </p>
   </div>
   <div class='ocr_carea' id='block_1_14' title="bbox 2349 2924 3913 3021">
    <p class='ocr_par' dir='ltr' id='par_1_14' title="bbox 2349 2924 3913 3021">
     <span class='ocr_line' id='line_1_32' title="bbox 2349 2924 3913 3021; baseline -0.005 -22"><span class='ocrx_word' id='word_1_222' title='bbox 2349 2929 2734 2999; x_wconf 64' lang='lat' dir='ltr'>‘dicendum</span> <span class='ocrx_word' id='word_1_223' title='bbox 2783 2930 2965 3021; x_wconf 89' lang='lat' dir='ltr'>quod</span> <span class='ocrx_word' id='word_1_224' title='bbox 3021 2949 3311 3020; x_wconf 79' lang='lat' dir='ltr'>persona</span> <span class='ocrx_word' id='word_1_225' title='bbox 3365 2927 3701 3018; x_wconf 78' lang='lat' dir='ltr'>significat</span> <span class='ocrx_word' id='word_1_226' title='bbox 3756 2924 3913 2993; x_wconf 88' lang='lat' dir='ltr'>sub·</span> 
     </span>
    </p>
   </div>
   <div class='ocr_carea' id='block_1_15' title="bbox 2373 3038 3903 3129">
    <p class='ocr_par' dir='ltr' id='par_1_15' title="bbox 2373 3038 3903 3129">
     <span class='ocr_line' id='line_1_33' title="bbox 2373 3038 3903 3129; baseline -0.003 -23"><span class='ocrx_word' id='word_1_227' title='bbox 2373 3041 2692 3108; x_wconf 76' lang='lat' dir='ltr'>stantiam</span> <span class='ocrx_word' id='word_1_228' title='bbox 2723 3041 3141 3129; x_wconf 84' lang='lat' dir='ltr'>suppositam</span> <span class='ocrx_word' id='word_1_229' title='bbox 3172 3060 3326 3106; x_wconf 88' lang='lat' dir='ltr'>cum</span> <span class='ocrx_word' id='word_1_230' title='bbox 3367 3038 3798 3128; x_wconf 78' lang='lat' dir='ltr'>proprietate,</span> <span class='ocrx_word' id='word_1_231' title='bbox 3831 3043 3903 3102; x_wconf 88' lang='lat' dir='ltr'>ut</span> 
     </span>
    </p>
   </div>
   <div class='ocr_carea' id='block_1_16' title="bbox 715 3145 2971 3241">
    <p class='ocr_par' dir='ltr' id='par_1_16' title="bbox 715 3145 2971 3241">
     <span class='ocr_line' id='line_1_34' title="bbox 715 3145 2971 3241; baseline 0.003 -31"><span class='ocrx_word' id='word_1_232' title='bbox 715 3164 787 3211; x_wconf 85' lang='lat' dir='ltr'>se</span> <span class='ocrx_word' id='word_1_233' title='bbox 816 3167 1029 3217; x_wconf 90' lang='lat' dir='ltr'>unum</span> <span class='ocrx_word' id='word_1_234' title='bbox 1063 3170 1079 3216; x_wconf 89' lang='lat'>:</span> <span class='ocrx_word' id='word_1_235' title='bbox 1116 3149 1205 3218; x_wconf 90' lang='lat' dir='ltr'>ibi</span> <span class='ocrx_word' id='word_1_236' title='bbox 1237 3146 1421 3218; x_wconf 89' lang='lat' dir='ltr'>enim</span> <span class='ocrx_word' id='word_1_237' title='bbox 1466 3171 1590 3240; x_wconf 89' lang='lat' dir='ltr'>per</span> <span class='ocrx_word' id='word_1_238' title='bbox 1626 3147 1693 3241; x_wconf 82' lang='lat' dir='ltr'>ly</span> <span class='ocrx_word' id='word_1_239' title='bbox 1734 3169 1951 3217; x_wconf 79' lang='lat' dir='ltr'>unum</span> <span class='ocrx_word' id='word_1_240' title='bbox 2009 3169 2268 3239; x_wconf 85' lang='lat' dir='ltr'>suppo·</span> <span class='ocrx_word' id='word_1_241' title='bbox 2345 3145 2538 3216; x_wconf 80' lang='lat' dir='ltr'>-dicit</span> <span class='ocrx_word' id='word_1_242' title='bbox 2576 3146 2971 3237; x_wconf 71' lang='lat' dir='ltr'>Dionysius.</span> 
     </span>
    </p>
   </div>
   <div class='ocr_carea' id='block_1_17' title="bbox 718 3571 3934 3814">
    <p class='ocr_par' dir='ltr' id='par_1_17' title="bbox 718 3571 3934 3814">
     <span class='ocr_line' id='line_1_35' title="bbox 718 3571 3934 3674; baseline -0.002 -23"><span class='ocrx_word' id='word_1_243' title='bbox 718 3576 804 3651; x_wconf 75' lang='lat'>13.</span> <span class='ocrx_word' id='word_1_244' title='bbox 853 3573 1074 3666; x_wconf 77' lang='lat' dir='ltr'>Quod</span> <span class='ocrx_word' id='word_1_245' title='bbox 1105 3577 1245 3654; x_wconf 82' lang='lat' dir='ltr'>Imc</span> <span class='ocrx_word' id='word_1_246' title='bbox 1275 3600 1586 3671; x_wconf 77' lang='lat' dir='ltr'>nomen,</span> <span class='ocrx_word' id='word_1_247' title='bbox 1624 3598 1981 3674; x_wconf 81' lang='lat' dir='ltr'>persona,</span> <span class='ocrx_word' id='word_1_248' title='bbox 2026 3573 2438 3674; x_wconf 74' lang='lat' dir='ltr'>tripliciter</span> <span class='ocrx_word' id='word_1_249' title='bbox 2489 3577 2567 3650; x_wconf 76' lang='lat' dir='ltr'>in</span> <span class='ocrx_word' id='word_1_250' title='bbox 2618 3575 2987 3650; x_wconf 79' lang='lat' dir='ltr'>Trim&#39;late</span> <span class='ocrx_word' id='word_1_251' title='bbox 3016 3571 3446 3672; x_wconf 73' lang='lat' dir='ltr'>accipitur:</span> <span class='ocrx_word' id='word_1_252' title='bbox 3493 3581 3567 3648; x_wconf 82' lang='lat' dir='ltr'>el</span> <span class='ocrx_word' id='word_1_253' title='bbox 3601 3573 3766 3647; x_wconf 59' lang='lat' dir='ltr'>laec</span> <span class='ocrx_word' id='word_1_254' title='bbox 3809 3579 3934 3647; x_wconf 68' lang='lat' dir='ltr'>est</span> 
     </span>
     <span class='ocr_line' id='line_1_36' title="bbox 1237 3707 3395 3814; baseline -0.003 -27"><span class='ocrx_word' id='word_1_255' title='bbox 1237 3710 1453 3789; x_wconf 73' lang='lat' dir='ltr'>utilis</span> <span class='ocrx_word' id='word_1_256' title='bbox 1491 3724 1565 3793; x_wconf 79' lang='lat' dir='ltr'>el</span> <span class='ocrx_word' id='word_1_257' title='bbox 1607 3710 2007 3789; x_wconf 74' lang='lat' dir='ltr'>Catholica</span> <span class='ocrx_word' id='word_1_258' title='bbox 2042 3710 2396 3787; x_wconf 80' lang='lat' dir='ltr'>doctrina</span> <span class='ocrx_word' id='word_1_259' title='bbox 2424 3711 2519 3788; x_wconf 81' lang='lat' dir='ltr'>de</span> <span class='ocrx_word' id='word_1_260' title='bbox 2547 3736 2883 3814; x_wconf 77' lang='lat' dir='ltr'>persona</span> <span class='ocrx_word' id='word_1_261' title='bbox 2909 3718 2982 3785; x_wconf 84' lang='lat' dir='ltr'>et</span> <span class='ocrx_word' id='word_1_262' title='bbox 3009 3707 3395 3812; x_wconf 68' lang='lat' dir='ltr'>personis.</span> 
     </span>
    </p>
   </div>
   <div class='ocr_carea' id='block_1_18' title="bbox 710 4040 3932 5354">
    <p class='ocr_par' dir='ltr' id='par_1_18' title="bbox 710 4040 3932 5354">
     <span class='ocr_line' id='line_1_37' title="bbox 810 4040 3915 4143; baseline -0 -26"><span class='ocrx_word' id='word_1_263' title='bbox 810 4041 1225 4120; x_wconf 86' lang='lat' dir='ltr'>Sciendum</span> <span class='ocrx_word' id='word_1_264' title='bbox 1258 4053 1374 4118; x_wconf 88' lang='lat' dir='ltr'>cst</span> <span class='ocrx_word' id='word_1_265' title='bbox 1414 4041 1676 4137; x_wconf 78' lang='lat' dir='ltr'>igitur,</span> <span class='ocrx_word' id='word_1_266' title='bbox 1713 4040 1919 4139; x_wconf 88' lang='lat' dir='ltr'>quod</span> <span class='ocrx_word' id='word_1_267' title='bbox 1967 4042 2113 4115; x_wconf 86' lang='lat' dir='ltr'>hoc</span> <span class='ocrx_word' id='word_1_268' title='bbox 2172 4065 2483 4129; x_wconf 88' lang='lat' dir='ltr'>nomen,</span> <span class='ocrx_word' id='word_1_269' title='bbox 2535 4065 2896 4140; x_wconf 67' lang='lat' dir='ltr'>persona,</span> <span class='ocrx_word' id='word_1_270' title='bbox 2943 4040 3443 4140; x_wconf 77' lang='lat' dir='ltr'>nittltiplicem</span> <span class='ocrx_word' id='word_1_271' title='bbox 3490 4042 3915 4143; x_wconf 63' lang='lat' dir='ltr'>intelligen-</span> 
     </span>
     <span class='ocr_line' id='line_1_38' title="bbox 715 4175 3918 4272; baseline 0.001 -21"><span class='ocrx_word' id='word_1_272' title='bbox 715 4176 895 4251; x_wconf 85' lang='lat' dir='ltr'>tiam</span> <span class='ocrx_word' id='word_1_273' title='bbox 928 4178 1126 4272; x_wconf 82' lang='lat' dir='ltr'>lacit‚</span> <span class='ocrx_word' id='word_1_274' title='bbox 1165 4202 1315 4252; x_wconf 91' lang='lat' dir='ltr'>nou</span> <span class='ocrx_word' id='word_1_275' title='bbox 1355 4199 1588 4251; x_wconf 88' lang='lat' dir='ltr'>unam</span> <span class='ocrx_word' id='word_1_276' title='bbox 1636 4186 1961 4251; x_wconf 87' lang='lat' dir='ltr'>tantum.</span> <span class='ocrx_word' id='word_1_277' title='bbox 2013 4177 2128 4268; x_wconf 85' lang='lat' dir='ltr'>Et,</span> <span class='ocrx_word' id='word_1_278' title='bbox 2175 4187 2254 4251; x_wconf 90' lang='lat' dir='ltr'>ut</span> <span class='ocrx_word' id='word_1_279' title='bbox 2315 4175 2657 4251; x_wconf 77' lang='lat' dir='ltr'>Hilarius</span> <span class='ocrx_word' id='word_1_280' title='bbox 2694 4177 2798 4252; x_wconf 86' lang='lat' dir='ltr'>ait</span> <span class='ocrx_word' id='word_1_281' title='bbox 2841 4177 2913 4251; x_wconf 92' lang='lat' dir='ltr'>in</span> <span class='ocrx_word' id='word_1_282' title='bbox 2960 4176 3155 4252; x_wconf 84' lang='lat' dir='ltr'>libro</span> <span class='ocrx_word' id='word_1_283' title='bbox 3187 4176 3285 4250; x_wconf 73' lang='lat' dir='ltr'>lv</span> <span class='ocrx_word' id='word_1_284' title='bbox 3330 4176 3425 4251; x_wconf 90' lang='lat' dir='ltr'>de</span> <span class='ocrx_word' id='word_1_285' title='bbox 3466 4177 3838 4253; x_wconf 78' lang='lat' dir='ltr'>Tre&#39;m&#39;tale</span> <span class='ocrx_word' id='word_1_286' title='bbox 3901 4204 3918 4255; x_wconf 90' lang='lat'><strong>:</strong></span> 
     </span>
     <span class='ocr_line' id='line_1_39' title="bbox 715 4308 3906 4409; baseline 0 -24"><span class='ocrx_word' id='word_1_287' title='bbox 715 4310 1224 4408; x_wconf 78' lang='lat' dir='ltr'>Intelligentia</span> <span class='ocrx_word' id='word_1_288' title='bbox 1253 4310 1635 4385; x_wconf 83' lang='lat' dir='ltr'>dicturum</span> <span class='ocrx_word' id='word_1_289' title='bbox 1669 4333 1764 4384; x_wconf 85' lang='lat' dir='ltr'>ex</span> <span class='ocrx_word' id='word_1_290' title='bbox 1795 4308 2054 4384; x_wconf 85' lang='lat' dir='ltr'>causis</span> <span class='ocrx_word' id='word_1_291' title='bbox 2078 4318 2193 4385; x_wconf 86' lang='lat' dir='ltr'>est</span> <span class='ocrx_word' id='word_1_292' title='bbox 2223 4311 2687 4385; x_wconf 84' lang='lat' dir='ltr'>assumenda</span> <span class='ocrx_word' id='word_1_293' title='bbox 2724 4310 3022 4386; x_wconf 86' lang='lat' dir='ltr'>dicendi</span> <span class='ocrx_word' id='word_1_294' title='bbox 3072 4334 3089 4386; x_wconf 76' lang='lat' dir='ltr'>z</span> <span class='ocrx_word' id='word_1_295' title='bbox 3137 4310 3321 4409; x_wconf 84' lang='lat' dir='ltr'>quia</span> <span class='ocrx_word' id='word_1_296' title='bbox 3369 4335 3517 4385; x_wconf 82' lang='lat' dir='ltr'>non</span> <span class='ocrx_word' id='word_1_297' title='bbox 3567 4313 3906 4387; x_wconf 78' lang='lat' dir='ltr'>sernumi</span> 
     </span>
     <span class='ocr_line' id='line_1_40' title="bbox 719 4443 3927 4543; baseline 0 -23"><span class='ocrx_word' id='word_1_298' title='bbox 719 4468 868 4536; x_wconf 65' lang='grc' dir='ltr'>ωε,</span> <span class='ocrx_word' id='word_1_299' title='bbox 903 4447 1031 4521; x_wconf 89' lang='lat' dir='ltr'>scd</span> <span class='ocrx_word' id='word_1_300' title='bbox 1078 4447 1182 4522; x_wconf 84' lang='lat' dir='ltr'>rei</span> <span class='ocrx_word' id='word_1_301' title='bbox 1217 4470 1473 4522; x_wconf 85' lang='lat' dir='ltr'>sermo</span> <span class='ocrx_word' id='word_1_302' title='bbox 1505 4444 1904 4543; x_wconf 82' lang='lat' dir='ltr'>subjectus</span> <span class='ocrx_word' id='word_1_303' title='bbox 1960 4454 2102 4520; x_wconf 86' lang='lat' dir='ltr'>est.</span> <span class='ocrx_word' id='word_1_304' title='bbox 2167 4443 2711 4522; x_wconf 86' lang='lat' dir='ltr'>Discernentes</span> <span class='ocrx_word' id='word_1_305' title='bbox 2762 4471 2947 4539; x_wconf 63' lang='lat' dir='ltr'>ergo</span> <span class='ocrx_word' id='word_1_306' title='bbox 3003 4444 3306 4519; x_wconf 87' lang='lat' dir='ltr'>dicendi</span> <span class='ocrx_word' id='word_1_307' title='bbox 3368 4471 3641 4521; x_wconf 68' lang='lat' dir='ltr'>causas</span> <span class='ocrx_word' id='word_1_308' title='bbox 3697 4447 3927 4543; x_wconf 76' lang='lat' dir='ltr'>liujus</span> 
     </span>
     <span class='ocr_line' id='line_1_41' title="bbox 714 4576 3916 4681; baseline 0.001 -26"><span class='ocrx_word' id='word_1_309' title='bbox 714 4581 1076 4673; x_wconf 82' lang='lat' dir='ltr'>nominis,</span> <span class='ocrx_word' id='word_1_310' title='bbox 1119 4582 1409 4658; x_wconf 86' lang='lat' dir='ltr'>scilicet</span> <span class='ocrx_word' id='word_1_311' title='bbox 1449 4605 1805 4681; x_wconf 87' lang='lat' dir='ltr'>persona,</span> <span class='ocrx_word' id='word_1_312' title='bbox 1837 4576 2403 4674; x_wconf 77' lang='lat' dir='ltr'>significatione</span> <span class='ocrx_word' id='word_1_313' title='bbox 2472 4580 3022 4676; x_wconf 72' lang='lat' dir='ltr'>distinguimus</span> <span class='ocrx_word' id='word_1_314' title='bbox 3079 4579 3449 4666; x_wconf 88' lang='lat' dir='ltr'>dicentes,</span> <span class='ocrx_word' id='word_1_315' title='bbox 3508 4584 3714 4680; x_wconf 70' lang='lat' dir='ltr'>quenl</span> <span class='ocrx_word' id='word_1_316' title='bbox 3775 4584 3916 4659; x_wconf 70' lang='lat' dir='ltr'>tuoe</span> 
     </span>
     <span class='ocr_line' id='line_1_42' title="bbox 715 4712 3917 4816; baseline 0 -25"><span class='ocrx_word' id='word_1_317' title='bbox 715 4742 1022 4809; x_wconf 87' lang='lat' dir='ltr'>nomen,</span> <span class='ocrx_word' id='word_1_318' title='bbox 1071 4718 1357 4792; x_wconf 85' lang='lat' dir='ltr'>scilicet</span> <span class='ocrx_word' id='word_1_319' title='bbox 1392 4740 1752 4816; x_wconf 86' lang='lat' dir='ltr'>persona,</span> <span class='ocrx_word' id='word_1_320' title='bbox 1799 4712 2107 4813; x_wconf 85' lang='lat' dir='ltr'>proprie</span> <span class='ocrx_word' id='word_1_321' title='bbox 2151 4715 2576 4789; x_wconf 85' lang='lat' dir='ltr'>secundum</span> <span class='ocrx_word' id='word_1_322' title='bbox 2632 4715 3137 4790; x_wconf 76' lang='lat' dir='ltr'>substantiam</span> <span class='ocrx_word' id='word_1_323' title='bbox 3179 4714 3487 4810; x_wconf 76' lang='lat' dir='ltr'>dieitur,</span> <span class='ocrx_word' id='word_1_324' title='bbox 3541 4728 3608 4789; x_wconf 82' lang='lat' dir='ltr'>et</span> <span class='ocrx_word' id='word_1_325' title='bbox 3660 4743 3917 4792; x_wconf 78' lang='lat' dir='ltr'>essen-</span> 
     </span>
     <span class='ocr_line' id='line_1_43' title="bbox 716 4849 3932 4954; baseline 0 -26"><span class='ocrx_word' id='word_1_326' title='bbox 716 4853 894 4929; x_wconf 87' lang='lat' dir='ltr'>tiam</span> <span class='ocrx_word' id='word_1_327' title='bbox 927 4853 1336 4949; x_wconf 81' lang='lat' dir='ltr'>significat,</span> <span class='ocrx_word' id='word_1_328' title='bbox 1371 4853 1572 4928; x_wconf 84' lang='lat' dir='ltr'>sicut</span> <span class='ocrx_word' id='word_1_329' title='bbox 1611 4875 1847 4951; x_wconf 84' lang='lat' dir='ltr'>supra</span> <span class='ocrx_word' id='word_1_330' title='bbox 1879 4849 2209 4926; x_wconf 88' lang='lat' dir='ltr'>ostendit</span> <span class='ocrx_word' id='word_1_331' title='bbox 2239 4851 2786 4946; x_wconf 66' lang='lat' dir='ltr'>Augustinus&#39;,</span> <span class='ocrx_word' id='word_1_332' title='bbox 2813 4876 2987 4925; x_wconf 84' lang='lat' dir='ltr'>rum</span> <span class='ocrx_word' id='word_1_333' title='bbox 3020 4851 3340 4927; x_wconf 87' lang='lat' dir='ltr'>dicitur:</span> <span class='ocrx_word' id='word_1_334' title='bbox 3373 4852 3580 4927; x_wconf 83' lang='lat' dir='ltr'>Deus</span> <span class='ocrx_word' id='word_1_335' title='bbox 3618 4868 3729 4928; x_wconf 82' lang='lat' dir='ltr'>est</span> <span class='ocrx_word' id='word_1_336' title='bbox 3767 4881 3932 4954; x_wconf 79' lang='lat' dir='ltr'>per-</span> 
     </span>
     <span class='ocr_line' id='line_1_44' title="bbox 713 4984 3923 5086; baseline 0.001 -25"><span class='ocrx_word' id='word_1_337' title='bbox 713 5012 930 5081; x_wconf 87' lang='lat' dir='ltr'>sona,</span> <span class='ocrx_word' id='word_1_338' title='bbox 976 4988 1334 5063; x_wconf 89' lang='lat' dir='ltr'>Paterest</span> <span class='ocrx_word' id='word_1_339' title='bbox 1369 5010 1730 5086; x_wconf 85' lang='lat' dir='ltr'>persona.</span> <span class='ocrx_word' id='word_1_340' title='bbox 1777 4984 2124 5075; x_wconf 87' lang='lat' dir='ltr'>Quadam</span> <span class='ocrx_word' id='word_1_341' title='bbox 2169 4994 2423 5061; x_wconf 86' lang='lat' dir='ltr'>tamen</span> <span class='ocrx_word' id='word_1_342' title='bbox 2481 4986 2930 5061; x_wconf 81' lang='lat' dir='ltr'>necessitate</span> <span class='ocrx_word' id='word_1_343' title='bbox 2975 4998 3087 5076; x_wconf 88' lang='lat' dir='ltr'>(ut</span> <span class='ocrx_word' id='word_1_344' title='bbox 3128 5010 3366 5085; x_wconf 82' lang='lat' dir='ltr'>supra</span> <span class='ocrx_word' id='word_1_345' title='bbox 3414 4987 3601 5062; x_wconf 81' lang='lat' dir='ltr'>dixit</span> <span class='ocrx_word' id='word_1_346' title='bbox 3652 4994 3923 5082; x_wconf 59' lang='lat' dir='ltr'>Augu·-</span> 
     </span>
     <span class='ocr_line' id='line_1_45' title="bbox 711 5121 3906 5233; baseline 0 -35"><span class='ocrx_word' id='word_1_347' title='bbox 711 5123 988 5213; x_wconf 76' lang='lat' dir='ltr'>stinus)</span> <span class='ocrx_word' id='word_1_348' title='bbox 1034 5125 1485 5198; x_wconf 86' lang='lat' dir='ltr'>translatum</span> <span class='ocrx_word' id='word_1_349' title='bbox 1517 5130 1633 5197; x_wconf 86' lang='lat' dir='ltr'>est</span> <span class='ocrx_word' id='word_1_350' title='bbox 1667 5122 1810 5196; x_wconf 76' lang='lat' dir='ltr'>ltoc</span> <span class='ocrx_word' id='word_1_351' title='bbox 1853 5128 2268 5205; x_wconf 89' lang='lat' dir='ltr'>nomen,ut</span> <span class='ocrx_word' id='word_1_352' title='bbox 2300 5121 2696 5218; x_wconf 87' lang='lat' dir='ltr'>pluraliter</span> <span class='ocrx_word' id='word_1_353' title='bbox 2723 5121 3106 5196; x_wconf 85' lang='lat' dir='ltr'>diceretur</span> <span class='ocrx_word' id='word_1_354' title='bbox 3138 5131 3289 5194; x_wconf 86' lang='lat' dir='ltr'>tres</span> <span class='ocrx_word' id='word_1_355' title='bbox 3321 5146 3698 5219; x_wconf 71' lang='lat' dir='ltr'>petsunw,</span> <span class='ocrx_word' id='word_1_356' title='bbox 3734 5149 3906 5233; x_wconf 81' lang='lat' dir='ltr'>cum</span> 
     </span>
     <span class='ocr_line' id='line_1_46' title="bbox 710 5253 3911 5354; baseline 0.001 -23"><span class='ocrx_word' id='word_1_357' title='bbox 710 5269 1209 5354; x_wconf 63' lang='lat' dir='ltr'>qua-meretur,</span> <span class='ocrx_word' id='word_1_358' title='bbox 1254 5255 1438 5353; x_wconf 86' lang='lat' dir='ltr'>quid</span> <span class='ocrx_word' id='word_1_359' title='bbox 1485 5265 1665 5347; x_wconf 83' lang='lat' dir='ltr'>trcS‚</span> <span class='ocrx_word' id='word_1_360' title='bbox 1703 5256 1822 5329; x_wconf 81' lang='lat' dir='ltr'>vel</span> <span class='ocrx_word' id='word_1_361' title='bbox 1866 5253 2052 5351; x_wconf 89' lang='lat' dir='ltr'>quid</span> <span class='ocrx_word' id='word_1_362' title='bbox 2105 5253 2276 5344; x_wconf 88' lang='lat' dir='ltr'>tria,</span> <span class='ocrx_word' id='word_1_363' title='bbox 2340 5254 2470 5330; x_wconf 83' lang='lat' dir='ltr'>ubi</span> <span class='ocrx_word' id='word_1_364' title='bbox 2519 5280 2670 5330; x_wconf 88' lang='lat' dir='ltr'>non</span> <span class='ocrx_word' id='word_1_365' title='bbox 2715 5255 3101 5348; x_wconf 67' lang='lat' dir='ltr'>signifieat</span> <span class='ocrx_word' id='word_1_366' title='bbox 3140 5255 3587 5347; x_wconf 82' lang='lat' dir='ltr'>essentiam,</span> <span class='ocrx_word' id='word_1_367' title='bbox 3639 5258 3713 5332; x_wconf 89' lang='lat' dir='ltr'>id</span> <span class='ocrx_word' id='word_1_368' title='bbox 3769 5272 3911 5352; x_wconf 86' lang='lat' dir='ltr'>est,</span> 
     </span>
    </p>
   </div>
   <div class='ocr_carea' id='block_1_19' title="bbox 774 5572 2378 5738">
    <p class='ocr_par' dir='ltr' id='par_1_19' title="bbox 774 5572 2378 5738">
     <span class='ocr_line' id='line_1_47' title="bbox 780 5572 2378 5646; baseline -0.002 -14"><span class='ocrx_word' id='word_1_369' title='bbox 780 5579 794 5612; x_wconf 91' lang='lat'><strong>¹</strong></span> <span class='ocrx_word' id='word_1_370' title='bbox 839 5577 894 5632; x_wconf 91' lang='lat' dir='ltr'>S.</span> <span class='ocrx_word' id='word_1_371' title='bbox 930 5578 1296 5645; x_wconf 69' lang='lat' dir='ltr'>Aunusnxus,</span> <span class='ocrx_word' id='word_1_372' title='bbox 1332 5575 1452 5633; x_wconf 79' lang='lat' dir='ltr'>Lib.</span> <span class='ocrx_word' id='word_1_373' title='bbox 1489 5573 1564 5629; x_wconf 86' lang='lat' dir='ltr'>de</span> <span class='ocrx_word' id='word_1_374' title='bbox 1595 5572 1734 5629; x_wconf 81' lang='lat' dir='ltr'>Fide</span> <span class='ocrx_word' id='word_1_375' title='bbox 1764 5572 1836 5629; x_wconf 86' lang='lat' dir='ltr'>ad</span> <span class='ocrx_word' id='word_1_376' title='bbox 1871 5573 2133 5642; x_wconf 84' lang='lat' dir='ltr'>Petrum,</span> <span class='ocrx_word' id='word_1_377' title='bbox 2166 5590 2295 5646; x_wconf 79' lang='lat' dir='ltr'>cap.</span> <span class='ocrx_word' id='word_1_378' title='bbox 2330 5578 2378 5629; x_wconf 84' lang='lat' dir='ltr'>t.</span> 
     </span>
     <span class='ocr_line' id='line_1_48' title="bbox 774 5664 1742 5738; baseline -0.002 -18"><span class='ocrx_word' id='word_1_379' title='bbox 774 5664 798 5701; x_wconf 81' lang='lat'><strong>¹</strong></span> <span class='ocrx_word' id='word_1_380' title='bbox 825 5666 906 5721; x_wconf 85' lang='lat' dir='ltr'>Ct&#39;.</span> <span class='ocrx_word' id='word_1_381' title='bbox 939 5667 1145 5738; x_wconf 85' lang='lat' dir='ltr'>Supra,</span> <span class='ocrx_word' id='word_1_382' title='bbox 1179 5667 1321 5722; x_wconf 82' lang='lat' dir='ltr'>nist.</span> <span class='ocrx_word' id='word_1_383' title='bbox 1355 5667 1522 5733; x_wconf 68' lang='lat' dir='ltr'>XXV,</span> <span class='ocrx_word' id='word_1_384' title='bbox 1552 5665 1641 5720; x_wconf 88' lang='lat' dir='ltr'>lit.</span> <span class='ocrx_word' id='word_1_385' title='bbox 1679 5665 1742 5721; x_wconf 87' lang='lat' dir='ltr'>D.</span> 
     </span>
    </p>
   </div>
  </div>
 </body>
</html>
