4897 6388
870 705 940 748 Ad
970 707 1015 750 2.

862 1984 935 2029 Ad
962 1984 1005 2032 8.

1884 300 1975 367 IN
2026 299 2053 365 I
2102 296 2528 367 SENTENT.
2579 293 2806 362 DIST.
2862 293 3047 373 VIlI,
3103 297 3190 374 A,
3243 289 3442 405 ttRT.
3486 288 3551 355 8.

1125 476 1346 566 magis
1368 485 1432 543 et
1454 475 1679 541 minus
1696 471 2034 562 aliquibus
2055 469 2440 537 convenire:
2459 476 2523 560 et
2545 466 2674 533 hoc

1123 604 1261 648 non
1295 591 1395 649 est
1425 581 1732 648 absolute
1772 576 2024 645 intendi
2056 585 2122 643 et
2154 575 2422 643 remitti.

1210 691 1315 754 Ao
1356 709 1696 754 sacexuust
1736 684 2122 762 dicendum,
2174 682 2354 773 quod
2394 682 2510 747 illa
2542 681 2672 747 ob-

1111 798 1320 886 jectio
1363 794 1778 883 procederet,
1831 794 1884 859 si
1934 791 2324 880 simpliciter
2358 789 2671 856 intende-

1120 913 1305 971 retur
1335 911 1400 967 et
1434 904 1928 970 remitteretur:
1961 922 2094 967 non
2125 900 2303 966 enirn
2336 898 2663 987 sequitur.

1116 1011 1302 1078 Inest
1339 1009 1471 1076 hoc
1512 1009 1669 1077 huic
1717 1008 2086 1077 secundum
2137 1006 2378 1095 magiS‚
2439 1014 2506 1071 et
2574 1003 2668 1069 illi

1112 1118 1489 1185 secuudum
1526 1119 1749 1184 minus
1791 1138 1807 1183 ε
1850 1137 2011 1204 erg-o
2047 1113 2414 1179 intenditur
2451 1119 2518 1176 et
2560 1133 2668 1177 re-

1113 1227 1407 1293 mittitur
1442 1248 1457 1292 :
1493 1226 1652 1314 quia
1681 1223 1797 1289 ubi
1844 1221 2112 1313 proprie
2142 1228 2241 1287 est
2278 1219 2569 1286 intensio
2601 1227 2668 1285 et

1113 1335 1450 1412 remissie,
1488 1334 1557 1398 in
1596 1330 1838 1398 eodem
1869 1328 2169 1418 subjecto
2203 1327 2491 1416 qualitas
2521 1332 2667 1415 pot-

1110 1446 1213 1506 est
1259 1436 1513 1504 intendi
1576 1445 1642 1503 et
1697 1435 1971 1503 remitti.
2036 1431 2106 1500 Si
2155 1441 2381 1499 tamen
2428 1452 2667 1497 conce-

1111 1545 1309 1612 datur
1352 1543 1744 1633 improprie,
1777 1550 1855 1610 ut
1881 1541 2132 1608 dictum
2163 1548 2286 1617 est,
2331 1537 2515 1628 quod
2555 1537 2663 1604 in-

1112 1652 1453 1728 tendatur,
1497 1660 1564 1718 et
1618 1649 1992 1718 secundum
2042 1647 2256 1737 magis
2312 1655 2377 1714 et
2434 1646 2661 1712 minus

1111 1763 1285 1830 inest
1353 1762 1660 1839 diversiS,
1727 1770 1887 1827 tunc
1926 1757 2325 1826 solvendum
2386 1765 2486 1823 est
2544 1778 2663 1845 per

1109 1870 1615 1938 distinctionem
1658 1868 1930 1935 dictam.

1199 1980 1303 2047 An
1350 2002 1546 2046 Αιιυι)
1580 1976 1965 2061 dicendum,
1993 1975 2172 2066 quod
2201 1976 2373 2042 sicut
2407 1973 2660 2063 pluries

1107 2086 1365 2154 dictum
1424 2094 1550 2170 est,
1619 2107 1758 2152 non
1824 2091 1925 2152 est
1978 2081 2231 2173 aliquid
2287 2082 2658 2148 univocum

1107 2206 1432 2264 creaturae
1462 2202 1528 2263 et
1566 2193 1893 2275 Creatori,
1927 2193 2100 2260 sicut
2143 2191 2346 2258 unius
2377 2190 2657 2257 rationis

1104 2305 1404 2372 existens
1431 2305 1499 2369 in
1530 2312 1819 2391 utroque
1852 2323 1868 2368 t
1903 2299 2019 2368 sed
2047 2299 2408 2367 convenire
2437 2305 2659 2388 potest

1106 2411 1365 2503 aliquid
1404 2410 1777 2479 secundum
1800 2409 1985 2500 prius
2029 2415 2094 2475 et
2120 2407 2482 2496 posterius.
2520 2404 2654 2472 Sed

1103 2542 1261 2586 cum
1301 2518 1488 2609 prius
1518 2525 1582 2585 et
1621 2517 1959 2607 posterius
1988 2514 2247 2582 dicatur
2274 2511 2650 2602 tripliciter,

1104 2635 1178 2693 ut
1210 2625 1482 2692 videtur
1521 2620 1979 2713 Philosophus
2007 2621 2224 2689 dicere
2261 2621 2328 2688 in
2382 2619 2473 2685 IlI
2509 2621 2656 2711 pri-

1105 2756 1234 2800 mae
1261 2731 1752 2822 Philosophiae,
1791 2729 2041 2798 scilicet
2086 2727 2191 2795 vel
2241 2727 2422 2818 quod
2448 2728 2650 2817 parti-

1102 2841 1368 2930 cipatur
1405 2838 1665 2904 fortiori
1698 2846 1762 2905 et
1784 2835 2090 2904 debiliori
2130 2833 2534 2911 differentia,
2577 2843 2652 2900 ut

1100 2970 1222 3014 ens
1254 2946 1335 3014 de
1362 2944 1738 3012 substantia
1779 2953 1842 3011 et
1870 2941 2207 3011 accidente
2252 2967 2267 3008 ε
2312 2939 2419 3009 vel
2477 2943 2650 3009 sicut

1101 3058 1169 3123 in
1200 3054 1435 3123 ordine
1458 3053 1542 3121 ad
1562 3062 1788 3121 actum
1808 3052 2155 3121 efficientis
2175 3051 2291 3141 qui
2320 3072 2524 3141 perse
2548 3058 2649 3117 est

1097 3161 1327 3239 unius,
1371 3171 1438 3228 et
1498 3158 1630 3227 alia
1670 3181 1790 3250 per
1833 3155 2012 3226 aliud
2059 3157 2645 3248 appropinquante

1099 3269 1306 3337 modo
1347 3267 1761 3336 causalitatis
1801 3266 2172 3346 efficientis,
2223 3266 2397 3333 sicut
2426 3264 2648 3332 medi-

1093 3402 1213 3459 cus
1252 3377 1499 3445 (licitur
1535 3375 1837 3445 medicus
1866 3399 1986 3466 per
2011 3398 2107 3453 se,
2138 3382 2203 3442 et
2232 3372 2459 3441 vetula
2490 3374 2648 3440 imi-

1091 3487 1327 3569 tand0,
1362 3485 1470 3553 vel
1502 3486 1948 3552 instrumenta
1979 3482 2400 3551 medicinalia
2432 3492 2500 3549 ut
2526 3504 2646 3572 per

1091 3618 1241 3686 quae
1283 3604 1634 3661 exercetur
1661 3602 1852 3660 actus
1898 3617 1912 3660 :
1956 3593 2061 3659 vel
2122 3616 2241 3684 per
2295 3592 2639 3663 diversum

1085 3713 1465 3793 respectum
1506 3702 1587 3768 ad
1612 3704 1813 3769 tinem
1846 3723 2083 3778 unum,
2108 3701 2222 3791 qui
2253 3725 2387 3769 uno
2428 3704 2634 3771 modo

1078 3835 1202 3902 per
1240 3833 1311 3877 se
1353 3808 1694 3877 inducitur
1722 3809 1790 3875 in
1822 3809 2138 3887 univoco,
2171 3818 2236 3876 et
2253 3808 2382 3876 alia
2414 3809 2633 3878 diver·

1077 3918 1344 3987 simode
1385 3928 1755 4008 operantur
1812 3915 1894 3984 ad
1958 3916 2415 3986 inductionem
2458 3921 2629 4005 ejus,

1076 4028 1250 4095 sicut
1283 4049 1526 4093 sanum
1570 4027 1635 4092 in
1659 4025 2362 4116 complexionantibus
2394 4050 2512 4117 per
2533 4050 2632 4109 se,

4216 278 4343 345 229

2788 462 3108 553 sophum,
3144 483 3282 528 non
3313 469 3540 526 tamen
3577 479 3716 523 uno
3751 454 3956 521 modo
3987 475 4059 521 se
4089 451 4345 546 habent

2788 571 2872 638 ad
2904 572 3151 660 ipsum.
3191 566 3304 633 Sic
3334 586 3496 654 ergo
3520 584 3725 652 penes
3757 559 3931 627 hanc
3952 551 4340 648 analogiam

2785 688 3008 771 potest
3051 677 3206 756 dici,
3269 674 3452 765 quod
3502 670 3755 761 aliquid
3832 690 4193 737 commune
4241 675 4343 733 est

2786 786 3080 855 Creatori
3116 793 3182 851 et
3220 789 3545 850 creaturae
3581 801 3595 845 :
3641 786 3870 844 tamen
3901 798 3984 843 ex
4024 774 4242 863 magis
4274 781 4338 840 et

2785 894 3012 959 minus
3051 889 3228 957 dicto
3288 887 3404 954 illo
3446 885 3649 952 modo
3701 905 3836 973 quo
3871 880 4336 972 praediximus,

2783 1022 2920 1065 non
2953 998 3259 1086 sequitur
3298 992 3484 1084 quod
3532 991 3819 1057 univoce
3875 987 4287 1055 conveniant
4322 1008 4337 1051 :

2781 1105 2897 1173 sed
2926 1104 3254 1194 sequitur,
3299 1102 3356 1168 si
3389 1101 3607 1190 magis
3656 1106 3721 1165 et
3753 1097 3976 1163 minus
4007 1094 4341 1182 accipere-

2780 1221 2890 1280 tur
2924 1211 3216 1301 proprie,
3273 1216 3339 1274 ct
3366 1206 3641 1298 propria
3684 1202 4088 1270 intensione.

3177 1650 3681 1725 ARTICULUS
3739 1648 3927 1715 VIII.

2772 1883 2879 1950 An
2912 1879 3340 1970 definitiones
3385 1875 3788 1944 aeternitatis
3836 1872 4014 1938 data-3
4063 1868 4150 1936 ab
4188 1869 4329 1936 Au-

3169 1984 3470 2053 ctoribus
3509 1984 3649 2050 sint
3689 1981 3876 2049 bonae
3909 1977 3949 2046 ?

2859 2303 3116 2372 Deinde
3171 2300 3494 2392 quaeritur
3543 2298 3626 2366 de
3684 2296 3815 2365 hoc
3862 2293 4044 2386 quod
4091 2292 4301 2361 dicit:

2770 2440 2804 2474 «
2848 2413 3004 2502 lpse
3034 2429 3182 2478 vere
3211 2431 3292 2475 ac
3340 2407 3624 2497 proprie
3684 2404 3941 2470 dicitur
3985 2399 4298 2478 essentia,

2763 2518 2964 2609 cujus
3009 2516 3294 2584 essentia
3360 2536 3497 2580 non
3533 2511 3721 2579 novit
3746 2509 4175 2602 praeteritum
4203 2504 4314 2572 vel

2758 2629 3110 2717 futurum,
3146 2632 3272 2691 etc.
3310 2647 3343 2686 »
3377 2621 3527 2688 Hoc
3555 2619 3735 2688 enim
3769 2615 3952 2708 quod
3974 2613 4084 2682 hic
4122 2612 4308 2693 dicit,

2760 2737 3017 2804 dictum
3057 2741 3158 2800 est
3185 2731 3449 2798 ratione
3508 2725 3924 2795 aeternitatis.
3985 2721 4176 2792 Unde
4227 2719 4310 2788 de

2757 2842 3136 2912 aeternitate
3152 2838 3447 2906 breviter
3465 2833 3722 2925 aliquid
3742 2829 4157 2924 tangendum
4173 2835 4298 2906 est,

2756 2971 2838 3018 eo
2879 2946 3064 3040 quod
3093 2946 3174 3014 de
3204 2968 3282 3013 ea
3316 2942 3478 3012 alibi
3526 2941 3729 3009 latius
3775 2941 3863 3008 sit
3910 2943 4293 3005 tractatum.

2754 3055 3096 3137 Quaeritur
3150 3075 3339 3144 erge,
3387 3048 3566 3130 Quid
3649 3048 3737 3116 sit
3780 3044 4182 3115 aeternitas?
4235 3048 4303 3111 et

2755 3167 2919 3258 quid
2949 3175 3278 3235 (eternum
3298 3163 3334 3231 ⁴?
3362 3170 3428 3231 et
3458 3183 3608 3253 quae
3650 3160 3718 3228 in
3767 3158 4145 3228 aeternitate
4181 3156 4217 3223 ‘2

2843 3386 2945 3451 An
2997 3405 3248 3451 ramum
3282 3380 3672 3472 proceditur
3698 3379 3798 3448 sic
3835 3401 3849 3445 :
3887 3378 4068 3446 Dicit
4119 3376 4306 3443 Boe-

2750 3493 2885 3560 tius
2933 3491 3118 3583 quod
3176 3492 3520 3558 aeternitas
3601 3496 3702 3557 est
3778 3484 4302 3555 interminabilis

2748 3600 2905 3667 vitae
2944 3608 3083 3667 tota
3113 3597 3315 3665 simul
3348 3606 3412 3665 et
3448 3596 3738 3688 perfecta
3789 3591 4158 3684 possessio.

2846 3708 2903 3775 l.
2934 3704 3221 3772 Videtur
3253 3710 3485 3770 autem
3552 3699 4061 3781 inconvenienS,
4109 3695 4296 3789 quod

2744 3814 2991 3882 diffinit
3021 3835 3140 3904 per
3177 3810 3628 3903 privationem
3659 3832 3814 3909 cum
3855 3807 4040 3891 dicit,
4072 3806 4292 3873 Inter-

2742 3920 3102 3989 miuabilis
3134 3942 3150 3987 ε
3197 3941 3334 3986 non
3356 3919 3539 3986 enim
3560 3915 3850 4007 privatio
3878 3912 4134 4004 aliquid
4154 3936 4295 3982 cer·

2742 4032 2948 4098 titicat
3010 4029 3135 4096 nisi
3209 4050 3328 4118 per
3387 4025 3681 4117 speciem
3739 4024 4125 4116 oppositam
4172 4023 4235 4090 ei
4269 4042 4286 4088 ε

1077 4132 1147 4201 et
1176 4134 1372 4200 urina
1415 4156 1576 4199 sana
1607 4133 1766 4223 quia
1806 4131 2131 4215 indicans,
2158 4142 2219 4198 et
2251 4132 2429 4200 dieta
2469 4156 2633 4200 sana
2738 4148 2805 4207 et
2844 4138 2926 4205 de
2967 4137 3079 4205 illa
3109 4136 3330 4227 specie
3361 4133 3549 4202 nulla
3588 4135 3755 4202 facta
3787 4142 3889 4202 est
3917 4131 4197 4202 mentio.

1077 4251 1149 4309 ut
1182 4264 1623 4319 conservans,
1684 4250 1746 4307 et
1801 4238 2131 4307 medicina
2194 4248 2268 4308 ut
2316 4251 2628 4309 naturam

2827 4248 2892 4312 2.
2915 4241 3571 4327 l’raeterea,Yidetur
3588 4242 4293 4334 inconx·enien5,quod

1072 4348 1514 4439 coadjuvans.
1553 4350 1750 4426 tium,
1820 4349 2122 4438 inquam,
2175 4349 2264 4414 ita
2294 4350 2404 4430 sit,
2440 4348 2628 4415 nullo
2735 4376 2890 4419 cum
2956 4352 3295 4419 aeternitas
3353 4350 3615 4417 dicatur
3666 4348 3751 4417 ab
3811 4372 3983 4428 esse,
4045 4348 4291 4417 dicitur

1071 4460 1360 4524 istorum
1397 4455 1755 4522 modorum
1806 4455 2117 4545 analogia
2148 4466 2248 4523 est
2287 4457 2353 4523 in
2391 4456 2533 4524 Deo
2563 4466 2629 4525 ct
2732 4462 2914 4529 enim
2941 4461 3284 4527 aeternitas
3306 4481 3452 4526 esse
3473 4466 3664 4526 extra
3685 4458 4014 4526 terminos
4039 4456 4190 4525 linis
4219 4464 4285 4526 et

1067 4574 1378 4632 creatura
1415 4587 1428 4629 :
1465 4562 1577 4629 sed
1604 4561 1733 4629 hoc
1766 4562 1994 4642 modo,
2029 4562 2208 4653 quod
2242 4587 2360 4631 ens
2399 4574 2466 4632 et
2506 4563 2629 4632 ltu·
2761 4567 3095 4659 principii,
3140 4565 3326 4658 quod
3363 4564 3607 4632 diffinit
3648 4566 3864 4655 ipsam
3896 4587 4018 4655 per
4039 4565 4275 4632 vitam.

1056 4673 1362 4761 jusmodi
1429 4695 1546 4762 per
1601 4696 1672 4737 se
1730 4671 2258 4740 substantialiter
2330 4685 2489 4741 sunt
2557 4678 2622 4743 in
2821 4677 2885 4744 3.
2916 4674 3275 4748 l’raeterea,
3310 4672 3541 4739 Prima
3559 4694 3879 4740 mensura
3901 4672 4275 4740 secundum

1070 4780 1238 4858 l)e0,
1276 4790 1339 4847 et
1372 4781 1437 4847 in
1471 4781 1794 4847 creaturis
1854 4803 1969 4869 per
2006 4778 2187 4847 aliud
2226 4790 2289 4847 et
2347 4785 2623 4872 partici-
2731 4785 3146 4852 intellectum
3188 4784 3408 4873 primo
3450 4781 3718 4849 videtur
3754 4781 4125 4850 secundum
4169 4782 4278 4849 in-

1064 4889 1289 4979 pative
1329 4911 1343 4954 :
1394 4897 1459 4954 et
1532 4910 1671 4953 non
1738 4887 1832 4955 ita
1872 4885 2052 4976 quod
2114 4886 2297 4954 Deus
2334 4889 2623 4957 diversi·
2727 4892 3069 4960 tellectum
3103 4891 3512 4959 convenire:
3556 4890 3861 4959 sed¹csse
3910 4898 4012 4959 est
4049 4889 4276 4979 prius-

1066 4995 1268 5063 mode
1308 4993 1644 5061 sehabeat
1671 4993 1756 5061 ad
1778 5003 2026 5076 creata,
2085 4994 2189 5062 vel
2241 4995 2321 5062 ad
2362 4997 2619 5087 aliquid
2724 5025 2931 5091 quam
2963 5001 3100 5066 vita
3138 5021 3152 5065 :
3191 5022 3354 5089 ergo
3380 4998 3672 5078 videtur,
3708 4997 3893 5089 quod
3932 4998 4276 5065 aeternitas

1065 5125 1280 5169 unum
1312 5102 1394 5169 ad
1437 5103 1617 5191 quod
1660 5125 1729 5169 se
1764 5101 2005 5169 habeat
2034 5102 2311 5171 Creator
2341 5113 2408 5171 et
2437 5129 2621 5172 crea·
2724 5131 2877 5199 quae
2938 5110 3156 5198 prima
3224 5128 3545 5174 mensura
3594 5113 3719 5189 est,
3763 5105 3981 5196 magis
4033 5104 4276 5174 debeat

1062 5217 1215 5277 tura
1273 5231 1395 5299 per
1432 5210 1618 5299 prius
1643 5216 1707 5275 et
1740 5209 2095 5298 posteriuS,
2130 5210 2300 5277 sicut
2334 5222 2517 5301 patet
2549 5214 2613 5279 iu
2720 5218 2994 5284 distiniri
3046 5241 3164 5306 per
3203 5240 3349 5285 esse
3381 5217 3586 5306 quam
3628 5237 3746 5306 per
3775 5216 4013 5283 vitam.

1060 5316 1392 5408 exemplis
1432 5318 1821 5408 praeltabitis
1855 5342 1870 5385 :
1928 5319 2041 5387 sed
2099 5322 2257 5410 quia
2294 5320 2615 5390 inferiora
2810 5326 2873 5391 4.
2905 5324 3258 5400 l’raeterca,
3287 5322 3603 5390 Mensura
3639 5331 3900 5390 nonest
3927 5321 4055 5388 nisi
4078 5343 4269 5389 men·

1060 5422 1517 5491 diversimode
1565 5447 1635 5491 se
1717 5423 1965 5491 habent
2019 5422 2102 5491 ad
2168 5425 2552 5494 Creatorem
2591 5452 2607 5496 ε
2716 5433 2925 5497 surati
2967 5453 2981 5496 :
3061 5439 3528 5496 mensuratum
3627 5439 3853 5496 autem
3957 5430 4250 5518 primum

1058 5528 1215 5596 licet
1247 5532 1430 5596 enim
1462 5530 1758 5620 primum
1802 5553 1936 5598 uno
1989 5532 2190 5600 modo
2238 5555 2308 5599 se
2366 5532 2614 5603 habeat
2716 5544 3047 5628 quantum
3085 5546 3185 5604 est
3224 5536 3332 5604 vel
3381 5536 3783 5617 dimensive,
3840 5536 3949 5603 vel
4015 5543 4262 5627 poten-

1057 5638 1144 5706 ad
1176 5642 1406 5705 omnia
1439 5638 1812 5706 secundum
1852 5639 2256 5731 Dionysium
2286 5649 2354 5709 et
2381 5641 2612 5710 Philo·
2715 5642 2986 5722 tialiter,
3019 5642 3128 5712 vel
3152 5642 3572 5714 virtualiter:
3605 5665 3763 5711 cum
3796 5643 4001 5733 igitur
4028 5664 4172 5711 esse
4197 5652 4268 5712 et
