4897 6388
1800 338 1896 405 IN
1945 339 1966 405 l
2025 338 2447 432 SENTENT.
2500 337 2729 406 DIST.
2785 338 2875 417 X,
2930 339 3010 422 E,
3063 339 3263 405 ART.
3318 340 3380 405 6.
3420 407 3435 423 ,
4120 344 4247 411 319

984 487 1252 587 'uatus
1284 517 1434 587 est«
1466 509 1706 607 :quia
1765 509 2071 583 dilectio
2111 510 2319 585 Deus
2361 518 2503 585 est.
2573 509 2716 583 Hie
2777 510 3298 584 manifestavit
3336 533 3417 584 se
3487 509 3766 585 dixisse
3820 533 3989 586 eam
4050 511 4244 585 dile-

1028 647 1361 728 ctionem
1408 667 1576 721 esse
1609 645 1887 738 Deum,
1917 667 2147 742 quam
2173 643 2360 720 dixit
2389 668 2490 719 επ·
2526 644 2723 720 Deo.
2762 646 2974 719 Deus
3006 668 3190 741 ergo
3231 667 3323 718 ex
3370 645 3523 719 Deo
3566 656 3679 720 est
3718 645 4020 720 dilectio
4058 670 4073 720 ε
4111 647 4242 726 sed

1023 783 1209 880 quia
1248 791 1323 856 et
1364 780 1605 862 Filius
1645 802 1737 853 ex
1766 779 1927 856 Deo
1963 779 2186 863 Patre
2219 790 2448 856 natus
2489 789 2631 873 est,
2669 789 2743 855 et
2770 779 3109 877 Spiritus
3148 789 3462 860 sanctus
3494 803 3584 853 ex
3618 781 3776 858 Deo
3811 780 4035 860 Patre
4067 805 4243 878 pro-

1025 917 1252 1011 cedit,
1298 939 1531 1014 quem
1564 914 1822 1015 potius
1866 938 2136 991 eorum
2179 916 2301 990 hic
2334 916 2758 991 debeamus
2790 915 3142 1013 accipere
3184 914 3469 988 dictum
3512 939 3680 990 esse
3723 916 4237 1011 dilectionem,

1027 1053 1301 1127 merito
1335 1051 1737 1158 quaeritur.
1777 1051 2006 1126 Pater
2043 1049 2249 1126 enim
2282 1052 2497 1124 solus
2531 1049 2637 1124 ita
2675 1049 2888 1124 Deus
2920 1058 3063 1143 est,
3112 1059 3196 1123 ut
3237 1073 3389 1124 non
3425 1050 3523 1124 sit
3563 1073 3653 1124 ex
3693 1051 3853 1125 Deo
3900 1072 3917 1124 2
3967 1060 4041 1124 et
4070 1049 4239 1126 ideo

1025 1187 1361 1292 dilectio,
1407 1210 1585 1295 quae
1619 1187 1723 1271 ita
1770 1187 1982 1262 Deus
2012 1195 2126 1262 est
2169 1196 2247 1262 ut
2278 1208 2372 1261 ex
2410 1186 2574 1260 Deo
2616 1185 2742 1279 sit,
2790 1208 2942 1265 non
2991 1184 3155 1285 ipse
3191 1185 3417 1260 Pater
3456 1195 3594 1277 est,
3642 1186 3773 1265 sed
3807 1194 3940 1270 aut
3971 1186 4236 1277 Filius,

1026 1330 1164 1400 aut
1192 1321 1528 1421 Spiritus
1567 1329 1907 1400 sanctus,
1965 1320 2114 1397 Sed
2163 1319 2236 1395 in
2281 1319 2947 1417 consequentibus
2978 1343 3157 1394 eum
3199 1318 3339 1395 Dei
3374 1318 3859 1398 dilectionem
3903 1344 4242 1396 comme-

1030 1466 1406 1533 morasset
1431 1457 1799 1550 JoanneS,
1852 1480 2009 1555 qua
2039 1455 2300 1532 dilexit
2339 1479 2505 1541 nos,
2549 1465 2624 1529 et
2663 1454 2847 1529 hinc
2883 1455 3232 1529 hortatus
3264 1465 3464 1530 esset
3499 1464 3578 1528 ut
3616 1464 3690 1531 et
3729 1478 3869 1530 nos
3909 1455 4238 1535 invicem

1023 1590 1460 1688 diligamus
1509 1601 1740 1689 atque
1782 1591 1887 1666 ita
1918 1591 2129 1668 Deus
2171 1591 2247 1664 in
2292 1590 2518 1665 nobis
2551 1599 2861 1665 maneat
2905 1613 2921 1663 :
2958 1589 3146 1688 quia
3179 1589 3443 1687 utique
3472 1589 3960 1665 dilectionem
3992 1591 4238 1665 Deum

1022 1723 1345 1818 dixerat,
1382 1724 1638 1804 statim
1666 1726 1938 1804 volens
1969 1725 2234 1810 dehac
2266 1748 2346 1800 re
2388 1723 2735 1826 apertius
2764 1722 3061 1822 aliquid
3104 1723 3392 1821 eloqui,
3441 1725 3690 1822 inquit
3735 1749 3750 1799 :
3808 1724 3906 1803 In
3943 1725 4084 1801 ltoc
4122 1750 4239 1801 co·

1013 1860 1458 1957 mitescimus
1479 1862 1845 1960 quoniam
1871 1861 1954 1938 in
1984 1885 2068 1940 eo
2111 1884 2540 1948 minuemus,
2569 1860 2830 1958 etipse
2861 1859 2944 1936 in
2975 1857 3221 1945 nebia,
3254 1860 3621 1957 quoniam
3651 1860 3745 1936 de
3768 1851 4075 1958 Spiritu
4101 1885 4237 1937 suo

1019 1993 1234 2070 (ledit
1276 1993 1568 2070 nobis⁸.
1605 1995 1940 2094 Spiritus
1971 1996 2229 2094 itaquo
2260 2006 2606 2090 sanctuS,
2652 1994 2747 2070 de
2789 2017 2947 2092 quo
2988 1992 3199 2070 dedit
3240 1995 3493 2089 nobis,
3550 1994 3724 2070 facit
3776 2019 3920 2070 nos
3961 1996 4039 2069 in
4079 1996 4240 2072 Deo

1021 2152 1366 2224 manere,
1429 2140 1505 2206 et
1560 2105 1814 2230 ipsum
1858 2131 1936 2205 in
1990 2119 2242 2206 nobis,
2289 2132 2454 2205 Hoc
2496 2140 2755 2207 autem
2801 2129 2979 2207 facit
3038 2128 3344 2205 dilectio
3384 2155 3399 2204 :
3441 2131 3602 2231 ipse
3643 2154 3827 2228 ergo
3860 2131 4071 2208 Deus
4124 2142 4243 2208 est

1024 2261 1360 2339 dilectio.
1395 2367 1398 2370 Ι
1428 2263 1639 2340 Deus
1698 2289 1884 2364 ergo
1938 2264 2272 2366 Spiritus
2312 2275 2632 2340 sanctus
2674 2263 2809 2363 qui
2840 2263 3189 2363 procedit
3224 2288 3316 2339 ex
3347 2265 3536 2360 DcO,
3574 2263 4055 2362 significatur
4113 2265 4243 2347 uhi

1026 2397 1337 2495 legitur,
1384 2399 1592 2478 Deus
1633 2399 1939 2480 dilectio
1978 2411 2120 2495 est,
2164 2411 2264 2488 et,
2313 2399 2639 2480 Dilectio
2680 2423 2772 2475 ex
2814 2400 2978 2479 Deo
3026 2409 3212 2476 est2.
3262 2401 3452 2478 Erce
3515 2401 3633 2476 his
3672 2401 3931 2481 verbis
3986 2412 4245 2501 aperte

1029 2531 1217 2608 dicit
1275 2534 1762 2631 Augustinus
1815 2534 2185 2634 Spiritum
2229 2545 2587 2610 sanctum
2630 2557 2802 2611 esse
2870 2534 3325 2609 charitatem
3365 2534 3611 2609 Patris
3650 2546 3720 2610 et
3764 2532 3933 2609 Filii
3980 2559 3996 2611 ε
4041 2547 4116 2612 et
4166 2536 4242 2612 in

1021 2675 1319 2742 tantum
1359 2690 1671 2776 quoque
1703 2683 2139 2746 sermonem
2189 2667 2575 2770 produxit,
2617 2678 2697 2744 ut
2729 2667 3399 2744 videaturdixisse
3458 2669 3828 2777 Spiritum
3885 2680 4241 2748 sanctum

1022 2825 1178 2884 non
1220 2802 1470 2886 solum
1513 2825 1683 2879 esse
1736 2803 2224 2880 dilectionem
2260 2803 2511 2882 Patris
2542 2813 2619 2881 et
2646 2802 2849 2895 Filii,
2896 2827 3056 2902 qua
3092 2827 3177 2880 se
3211 2803 3543 2886 invicem
3586 2815 3661 2884 et
3694 2829 3834 2880 nos
3876 2805 4235 2903 diligunt,

1028 2938 1162 3022 sed
1212 2938 1444 3018 etiam
1509 2962 1668 3038 qua
1723 2938 2121 3037 diligimus
2161 2940 2438 3016 Deum.
2487 2939 2637 3029 Sed
2674 2949 2936 3016 utrum
2983 2936 3146 3038 ipse
3188 2939 3286 3014 sit
3316 2938 3652 3017 charitas
3704 2965 3860 3040 qua
3900 2967 4041 3017 nos
4078 2942 4244 3020 dili·

1022 3071 1283 3169 gimus
1338 3073 1618 3169 Deum,
1677 3073 1754 3148 in
1798 3075 2153 3174 sequenti
2195 3075 2734 3174 explicabitur.

2698 3347 2800 3406 ter
2828 3346 2932 3407 est
2959 3337 3169 3407 totius
3196 3338 3541 3406 Trinitatis
3576 3359 3590 3405 :
3623 3360 3785 3428 ergo
3829 3337 3942 3413 illa
3980 3336 4249 3407 dilectio

2700 3469 2837 3516 non
2869 3456 2969 3517 est
3002 3445 3386 3540 specialiter
3409 3446 3701 3539 Spiritus
3730 3456 4026 3523 sanctus.

2788 3560 2856 3625 2.
2901 3556 3100 3634 Item,
3140 3555 3287 3625 Una
3337 3565 3432 3623 est
3476 3557 3778 3649 operatio
3818 3556 4026 3626 trium
4075 3579 4090 3624 :
4144 3554 4254 3623 di-

2699 3667 2911 3757 ligere
2951 3675 3180 3737 autem
3225 3691 3350 3736 nos
3382 3676 3481 3736 est
3515 3666 3689 3737 idem
3725 3667 3904 3758 quod
3933 3666 4148 3736 facere
4180 3668 4249 3736 in

2700 3773 2900 3843 nobis
2930 3775 3223 3866 gratiam
3265 3798 3398 3866 qua
3428 3774 3791 3865 diligamus
3823 3775 4042 3844 Deum
4081 3797 4095 3841 ε
4142 3798 4253 3849 er·

2695 3905 2787 3974 go
2826 3891 2929 3953 cst
2985 3882 3489 3955 indivisibiliter
3548 3885 3750 3951 trium
3814 3906 3831 3952 ι
3892 3906 4029 3952 non
4088 3907 4250 3975 ergo

2697 3990 2860 4060 dicit
2894 3990 3281 4081 specialiter
3315 3990 3746 4061 dilectionem
3786 4015 3938 4082 qum
3971 4000 4068 4062 est
4101 3992 4254 4084 spi-

2698 4099 2870 4171 ritus
2900 4107 3203 4171 sanctus,

2788 4211 2852 4278 3.
2900 4209 3100 4291 item,
3145 4210 3318 4279 Dicit
3391 4211 3757 4303 Dionysius
3815 4212 3882 4279 in
3942 4210 4116 4279 libro
4171 4211 4253 4280 de

2697 4317 2974 4385 Divinis
3011 4317 3408 4386 nominibus
3461 4342 3488 4384 .-
3545 4318 3760 4386 Amor
3816 4328 3915 4387 cst
3963 4318 4253 4410 simplex

1471 3561 1973 3635 ARTlCULl’S
2025 3564 2142 3640 vta

1029 3775 1276 3846 Utrum
1316 3777 1624 3871 Spiritus
1666 3788 1945 3848 sanctus
1989 3780 2082 3846 sit
2119 3780 2393 3849 dilectio
2441 3804 2582 3872 qua

1111 3887 1328 3953 Pater
1372 3893 1437 3953 et
1488 3882 1716 3954 Filius
1765 3886 2077 3979 diliqunt
2112 3912 2185 3955 se
2227 3898 2289 3955 el
2326 3912 2479 3972 nox,
2518 3897 2583 3957 et

1115 3993 1325 4060 etiam
1355 4015 1495 4089 qua
1522 4013 1649 4061 nos
1677 3992 2042 4083 diliqiaenus
2080 3996 2290 4062 Deum
2319 3994 2360 4065 ?

1125 4304 1382 4373 Deinde
1421 4307 1744 4397 quaeritur
1798 4307 1882 4376 de
1911 4305 2041 4377 hoc
2097 4308 2281 4401 quod
2337 4308 2498 4378 dicit
2559 4332 2575 4378 ε

1033 4439 1068 4478 α
1110 4413 1454 4504 Spiritum
1495 4424 1807 4482 sarnetum
1869 4439 2004 4485 non
2048 4415 2272 4484 solum
2304 4441 2442 4486 esse
2478 4418 2583 4487 di·

1029 4521 1381 4591 lectionem
1418 4523 1656 4590 I’alris
1727 4534 1789 4591 et
1844 4525 2045 4607 Filii,
2103 4549 2239 4620 qua
2293 4550 2363 4595 se
2413 4527 2587 4595 inci-

1025 4652 1167 4698 cem
1199 4640 1262 4697 et
1299 4654 1423 4698 uos
1465 4629 1801 4723 diliyeent‚
1850 4634 1976 4702 sed
2014 4636 2220 4702 eliam
2276 4636 2584 4705 dilectio·

1027 4764 1178 4815 nem
1210 4763 1350 4837 qua
1379 4741 1743 4832 diliyimees
1782 4745 2028 4821 Deum,
2074 4754 2201 4814 etc.
2256 4771 2289 4811 »

1121 4850 1175 4915 Ι.
1215 4849 1362 4921 Hoc
1390 4850 1574 4919 enim
1612 4850 1883 4919 videtur
1913 4851 2155 4925 l'alsum
2188 4877 2310 4946 pro
2359 4855 2581 4946 prima

1024 4965 1213 5046 parte
1249 4981 1265 5025 ε
1310 4958 1468 5049 quia
1506 4958 1774 5028 dilectio
1825 4982 1959 5051 qua
2006 4960 2206 5030 l’atcr
2261 4971 2328 5030 et
2365 4960 2579 5031 Filius

1021 5059 1311 5152 diligunt
1343 5084 1495 5143 nos,
1557 5072 1747 5133 notat
1785 5064 2102 5133 eflectum
2148 5067 2215 5133 in
2265 5077 2578 5138 creatura

1021 5168 1337 5237 rationali
1384 5170 1553 5239 :sed
1583 5193 1788 5241 omne
1836 5171 1969 5241 tale
2021 5195 2270 5242 nomen
2311 5181 2413 5242 est
2464 5198 2577 5243 es-

1016 5275 1330 5355 sentiale,
1375 5300 1455 5345 eo
1497 5279 1680 5368 quod
1723 5279 1831 5347 ille
1862 5279 2140 5349 effectus
2179 5284 2577 5351 communi-

1093 5544 1109 5578 ¹
1143 5541 1362 5597 lsoau.
1400 5558 1473 5608 tv,
1507 5546 1559 5598 7.

1089 5631 1113 5667 ²
1139 5634 1162 5688 1
1192 5633 1360 5689 Joan.
1393 5649 1467 5703 tv,
1504 5636 1587 5690 ¹3.

1089 5718 1113 5753 ³
1143 5720 1309 5793 vulg.
1345 5721 1545 5788 habet,
1582 5723 1599 5777 l
1643 5722 1812 5779 loun.
1865 5739 1936 5794 tv,
1984 5724 2051 5780 ⁴6
2083 5739 2098 5780 ε
2145 5726 2284 5783 Deus
2324 5727 2575 5809 charitas

2698 4425 2916 4493 virtus
2957 4448 3080 4519 per
3115 4448 3188 4495 se
3229 4426 3485 4494 motiva
3524 4424 3607 4493 ad
3648 4425 3980 4494 unitivam
4003 4448 4254 4517 quam-

2699 4532 2857 4603 dam
2898 4534 3406 4602 concretionem
3437 4556 3518 4600 cx
3550 4530 3731 4602 bono
3772 4555 3988 4625 usque
4017 4532 4101 4601 ad
4140 4557 4254 4608 ex·

2694 4649 2992 4708 tremum
3051 4642 3515 4721 existentium,
3585 4648 3647 4709 et
3706 4639 3791 4709 ab
3844 4641 3959 4709 illo
4019 4664 4249 4717 rursus

2692 4760 3194 4842 consequenter
3234 4775 3351 4842 pcr
3407 4752 3635 4820 omnia
3692 4752 3777 4820 ad
3832 4751 4115 4834 bonum,
4166 4775 4250 4829 ex

2692 4860 2960 4945 eadem,
3021 4870 3087 4930 et
3137 4884 3258 4953 per
3304 4861 3641 4942 camdem,
3701 4869 3765 4930 ct
3815 4864 3883 4931 in
3940 4863 4248 4935 camdem

2691 4972 2991 5061 seipsam
3074 4971 3455 5051 reflectens,
3539 4978 3604 5038 et
3670 4970 3754 5038 ad
3811 4970 4118 5041 camdem
4186 4980 4251 5047 et

2691 5100 2966 5170 semper
3023 5076 3266 5146 eodem
3334 5078 3542 5146 modo
3584 5077 3963 5148 revolutam
3995 5085 4039 5144 ⁸.
4076 5077 4247 5150 Cum

2689 5207 2855 5276 ergo
2896 5185 3025 5257 ista
3069 5184 3415 5275 processio
3455 5186 3708 5254 amoris
3745 5192 3811 5254 et
3860 5185 4135 5253 reflexio
4176 5185 4246 5260 in

2688 5293 2991 5381 primum
3042 5292 3303 5359 bonum
3359 5315 3620 5379 amans,
3663 5295 3747 5359 sit
3795 5292 4250 5361 communiter

2688 5555 2793 5617 cst,
2826 5554 2903 5619 et,
2942 5564 3015 5618 iv,
3043 5553 3075 5604 ἵ
3110 5564 3123 5604 :
3159 5549 3413 5606 Charitas
3445 5567 3517 5605 ca:
3548 5551 3653 5606 Deo
3682 5557 3782 5608 est.

2758 5645 2779 5679 ⁸
2810 5641 2868 5700 S.
2900 5642 3226 5711 DioxvsiuS,
3260 5641 3342 5698 De
3378 5642 3595 5698 Divinis
3628 5641 3990 5716 nominibus,
4041 5656 4167 5718 cap.
4190 5645 4244 5700 4.-
