4897 6388
693 314 821 378 530
1675 307 1757 375 D.
1814 307 2010 376 ALB.
2066 306 2284 380 MAG.
2339 269 2545 417 ono.
2601 304 2923 376 PRAED.

689 477 883 573 etus,
921 480 995 554 id
1028 490 1165 566 est,
1213 479 1377 577 ipsa
1416 478 1746 555 Trinitas
1781 503 1985 554 unus
2017 489 2131 553 est
2170 479 2408 554 Deus.
2446 475 3004 574 ErgoJ'inquiS,
3043 476 3252 554 Deus
3303 476 3530 555 Pater
3559 486 3676 554 est
3723 505 3900 577 pars

687 614 825 688 Dei
865 638 879 689 :
927 615 1165 690 Absit.
1196 614 1378 689 Tres
1410 615 1617 688 enim
1661 636 2016 712 personae
2050 622 2231 686 sunt
2273 614 2499 687 Pater
2538 622 2615 687 et
2645 610 2887 685 Filius
2919 620 2991 686 et
3040 609 3372 708 Spiritus
3440 621 3782 707 sanctus,
3824 625 3897 689 et

690 751 762 823 hi
800 761 949 825 tres
990 750 1171 849 quia
1215 750 1446 824 unius
1478 750 1931 824 substantiae
1975 759 2180 843 sunt,
2224 773 2466 823 unum
2500 757 2708 843 sunt,
2741 758 2817 822 et
2856 770 3154 823 summe
3235 772 3473 823 unum
3534 761 3714 823 sunt
3766 750 3891 825 ubi

681 885 897 958 nulla
937 893 1416 976 naturarum,
1465 884 1681 957 nulla
1710 892 1825 958 est
1856 883 2262 958 diversitas
2301 883 2821 958 voluntatum.
2888 881 2968 955 Si
3017 882 3220 957 enim
3302 893 3576 959 natura
3646 909 3879 958 unum

676 1028 959 1112 essent,
1006 1030 1079 1094 et
1119 1017 1633 1094 consensione
1679 1041 1917 1091 unum
1955 1042 2107 1092 non
2153 1027 2437 1111 essent,
2485 1041 2637 1092 non
2676 1040 2976 1092 summe
3019 1040 3261 1091 unum
3294 1029 3574 1094 essent.
3605 1019 3684 1094 Si
3708 1043 3889 1095 vero

672 1162 950 1227 natura
980 1153 1323 1251 dispares
1365 1162 1649 1246 essent,
1692 1176 1842 1226 non
1900 1176 2200 1227 summe
2235 1162 2786 1227 unumessent.
2847 1151 2945 1225 Hi
2985 1175 3166 1248 ergo
3208 1161 3389 1246 tres,
3426 1153 3606 1250 quia
3640 1177 3878 1228 unum

672 1299 853 1361 sunt
886 1299 1196 1387 propter
1228 1287 1694 1362 ineffabilem
1729 1287 2359 1384 conjunctionem
2402 1287 2708 1363 deitatis
2747 1309 2905 1384 qua
2960 1285 3447 1361 ineffabiliter
3518 1290 3876 1386 copulan-

674 1433 820 1515 tur,
867 1446 1068 1498 unus
1098 1424 1309 1498 Deus
1337 1432 1476 1496 est.
1514 1423 1701 1497 Pars
1732 1446 1914 1518 ergo
1959 1422 2348 1496 Trinitatis
2399 1445 2568 1498 esse
2626 1445 2777 1496 non
2829 1429 3104 1519 potest,
3159 1421 3630 1520 quicumque
3678 1447 3876 1497 unus

664 1567 778 1631 est
823 1557 899 1630 in
937 1558 1202 1632 tribus„
1243 1557 1328 1631 In
1362 1555 1731 1631 Trinitate
1774 1580 1957 1654 ergo
2000 1578 2179 1653 quae
2237 1556 2447 1632 Deus
2489 1565 2629 1648 est,
2708 1565 2784 1630 et
2823 1556 3050 1630 Pater
3077 1555 3287 1631 Deus
3319 1564 3458 1649 est,
3503 1566 3579 1631 et
3642 1557 3879 1632 Filius

661 1690 872 1766 Deus
912 1701 1053 1786 est,
1090 1702 1164 1766 et
1203 1690 1539 1790 Spiritus
1567 1700 1881 1766 sanctus
1915 1690 2124 1765 Deus
2165 1700 2279 1766 est
2313 1715 2329 1766 ε
2391 1700 2470 1766 et
2521 1691 2755 1765 simul
2821 1690 2900 1764 hi
2972 1700 3146 1778 treS,
3184 1714 3384 1766 unus
3453 1691 3684 1767 Deus.
3723 1693 3879 1766 Nec

659 1826 892 1922 hujus
921 1819 1310 1901 Trinitatis
1353 1826 1576 1902 tertia
1606 1828 1794 1925 'pars
1833 1836 1949 1901 est
1981 1850 2214 1919 unus,
2255 1849 2394 1901 nec
2439 1824 2689 1923 majus
2720 1825 3013 1923 aliquid
3056 1825 3208 1900 duo
3256 1848 3489 1923 quam
3528 1852 3729 1902 unus
3768 1838 3883 1903 est

654 1961 790 2054 ibi,
837 1985 981 2038 nec
1034 1962 1284 2060 majus
1324 1961 1619 2062 aliquid
1659 1972 1841 2036 sunt
1879 1985 2151 2038 omnes
2183 1986 2413 2060 quam
2450 1961 2738 2060 singuli
2784 1985 2800 2036 :
2842 1961 3024 2062 quia
3053 1961 3446 2060 spiritalis,
3488 1988 3637 2038 non
3696 1988 3875 2040 cor-

653 2096 939 2195 poralis
970 2106 1088 2172 est
1128 2096 1606 2194 magnitudo.
1657 2094 1809 2186 om·
1835 2103 2089 2195 potest
2125 2120 2399 2195 capere
2450 2095 2711 2194 capiat
2748 2100 2795 2186 ¹,
2859 2095 2990 2194 qui
3051 2105 3308 2172 autem
3360 2121 3516 2174 non
3599 2109 3870 2197 potest,

648 2231 934 2324 credat,
969 2240 1044 2306 et
1081 2240 1247 2307 oret
1282 2241 1359 2306 ut
1391 2232 1597 2331 quod
1630 2231 1869 2307 credit
1909 2230 2313 2328 intelligat.
2358 2229 2651 2306 Verum
2682 2240 2795 2306 est
2828 2229 3035 2306 enim
3087 2232 3294 2330 quod
3325 2256 3463 2331 per
3520 2233 3865 2332 Prophe-

646 2374 803 2441 tam
837 2363 1167 2441 dicitnr:
1213 2364 1377 2440 Nisi
1422 2364 1929 2460 credideritis,
1965 2390 2115 2440 non
2151 2363 2600 2463 intelligetis
2629 2361 2679 2436 ².
2719 2363 2859 2438 Ilis
2910 2364 3164 2440 verbis
3214 2375 3474 2466 aperte
3539 2368 3868 2443 ostendit

648 2497 1212 2576 indifferentem
1244 2497 1858 2598 magnitudinem
1889 2498 2118 2574 trium
2162 2521 2700 2598 personarum.
2738 2496 2955 2591 Item,
2990 2497 3065 2572 in
3091 2498 3360 2575 eodem
3399 2522 3415 2573 :
3460 2499 3567 2575 Tu
3594 2524 3865 2601 nempe

645 2630 898 2707 dixisti
943 2656 1184 2708 unum
1226 2632 1476 2708 Deum
1522 2654 1674 2709 non
1723 2656 1813 2709 ex
1875 2632 2224 2730 partibus
2280 2654 2452 2708 esse
2504 2630 3049 2729 compositum,
3129 2642 3205 2707 et
3272 2634 3415 2710 hoc
3472 2634 3565 2710 de
3641 2635 3862 2710 Patre

647 2774 940 2841 tantum
983 2766 1102 2842 vis
1140 2765 1493 2864 intelligi.
1533 2767 1696 2860 llle,
1742 2765 2032 2864 inquis,
2076 2763 2322 2841 virtus
2356 2763 2872 2862 estingenita,
2919 2764 3296 2864 simplex:
3334 2775 3410 2841 et
3472 2775 3724 2844 tamen
3783 2767 3858 2840 in

651 2900 791 2975 hac
822 2900 1151 3000 simplici
1187 2899 1470 2976 virtute
1508 2900 1746 2974 multa
1785 2898 2072 2974 videris
2124 2921 2762 2993 commemorare,
2817 2921 2992 2972 cum
3051 2895 3289 2972 dicis:
3350 2898 3559 2975 Deus
3617 2900 3861 2976 Deum

649 3030 945 3132 gennit,
993 3033 1242 3108 bonus
1285 3032 1574 3108 bonum
1609 3031 1901 3131 genuit,
1939 3032 2251 3132 sapiens
2280 3030 2738 3130 sapientem,
2794 3031 3134 3106 clemens
3191 3031 3673 3128 clementem,
3734 3059 3870 3132 po-

653 3178 821 3246 tens
861 3176 1277 3268 potentem.
1313 3167 1710 3267 Numquid
1752 3191 1936 3264 ergo
1979 3166 2311 3256 bonitas,
2356 3176 2432 3243 et
2457 3164 2866 3266 sapientia,
2911 3174 2986 3242 et
3014 3165 3449 3259 clementia,
3493 3175 3569 3243 et
3600 3177 3867 3266 poten-

653 3299 753 3379 tia
796 3314 945 3379 tres
977 3313 1232 3403 partes
1262 3313 1442 3378 sunt
1488 3302 1720 3376 unius
1751 3301 2084 3395 virtutis,
2119 3324 2353 3400 quain
2381 3299 2811 3400 simplicem
2842 3321 3011 3375 esse
3057 3298 3308 3376 dixisti
3348 3301 3389 3374 Ῥ
3428 3299 3506 3376 Si
3553 3301 3863 3395 dixeris,

651 3449 902 3538 partes
933 3447 1112 3513 sunt
1158 3460 1174 3513 ε
1211 3437 1538 3537 simplex
1580 3460 1762 3534 ergo
1802 3435 2049 3511 virtus
2078 3459 2170 3511 ex
2213 3435 2563 3534 partibus
2601 3442 2926 3509 constat.
2978 3435 3063 3507 Et
3130 3433 3454 3533 simplex
3507 3434 3649 3511 ista
3713 3434 3869 3509 vir-

649 3584 799 3658 tuS,
838 3583 908 3647 te
946 3571 1400 3666 diffiniente,
1451 3594 1653 3647 unus
1686 3581 1799 3646 est
1833 3570 2040 3646 Deus
2077 3594 2093 3645 :
2131 3592 2317 3666 ergo
2350 3568 2597 3643 Deum
2632 3591 2724 3643 ex
2757 3566 3105 3667 partibus
3135 3568 3642 3668 compositum
3702 3593 3869 3647 esse

650 3706 866 3779 diris.
913 3705 1081 3780 Non
1125 3704 1325 3797 «lico,
1374 3704 1659 3802 inquiS,
1707 3729 1857 3777 non
1902 3712 2082 3777 sunt
2126 3712 2406 3801 partes,
2456 3701 2534 3774 si
2569 3725 2757 3796 ergo
2800 3700 2874 3774 in
2914 3725 3066 3774 una
3097 3725 3428 3801 persona
3482 3702 3756 3797 l’atriS,
3793 3712 3863 3778 ct

652 3837 1107 3913 illainvenis
1137 3862 1318 3936 qum
1347 3838 1571 3935 plura
1612 3837 1997 3930 videntur,
2043 3846 2119 3911 et
2166 3846 2420 3935 partes
2472 3859 2624 3909 non
2671 3833 3087 3927 inveneris,
3156 3834 3338 3932 quia
3400 3860 3550 3910 nna
3621 3836 3865 3913 virtus
3911 3888 3919 3895 -

651 3972 973 4069 simplex
1016 3982 1122 4045 est
1163 3996 1179 4046 ε
1245 3981 1537 4069 quanto
1581 3972 1823 4065 magis
1860 3972 2083 4044 l'ater
2115 3982 2182 4046 et
2234 3970 2471 4045 Filius
2510 3980 2587 4045 et
2639 3970 2973 4069 Spiritus
3016 3980 3358 4072 sanctus,
3428 3979 3498 4046 ct
3561 3983 3864 4070 propter

657 4104 1127 4178 iinlividnznn
1162 4104 1520 4179 deitatem
1559 4130 1760 4181 unns
1800 4105 2011 4179 Dens
2040 4115 2182 4193 est,
2228 4113 2300 4179 et
2335 4114 2650 4203 propter
2680 4102 3294 4201 uniuscujusque
3325 4104 3853 4202 proprietatem

653 4247 806 4309 tres
840 4262 1187 4334 personae
1220 4247 1429 4331 sunt,
1466 4250 1533 4313 et
1577 4250 1883 4337 propter
1915 4238 2402 4330 singulorum
2478 4238 3022 4335 perfectionem
3106 4248 3359 4335 parte-s
3429 4236 3657 4313 innius
3726 4238 3851 4312 noi

656 4394 807 4444 non
851 4380 1026 4442 sunt
1067 4369 1108 4441 ⁶?
1142 4368 1402 4445 vinus
1441 4381 1553 4444 est
1597 4371 1850 4464 Pater,
1896 4371 2142 4445 virtus
2175 4380 2286 4445 est
2335 4369 2600 4459 Filius,
2659 4370 2905 4444 virtus
2946 4380 3055 4446 est
3118 4370 3449 4470 Spiritus
3516 4385 3852 4447 sanctuS.

658 4501 817 4579 lloc
861 4527 1130 4578 verum
1173 4504 1364 4579 dicis
1411 4530 1425 4580 :
1464 4507 1597 4583 sed
1632 4507 1834 4606 qnod
1882 4506 2239 4580 virtutem
2284 4507 2377 4580 «le.
2420 4505 2701 4582 virtute
2770 4505 3139 4601 genitam,
3212 4518 3281 4581 et
3353 4506 3704 4583 virtutem
3767 4508 3857 4583 de

652 4639 931 4715 virtute
964 4641 1536 4740 procedentem,
1583 4667 1736 4717 non
1773 4643 1888 4716 vis
1929 4643 2278 4719 eamdem
2319 4644 2604 4719 habere
2653 4653 3040 4739 naturam,
3109 4645 3249 4717 linc
3303 4644 3573 4719 falsum
3639 4642 3855 4737 dicis,

652 4776 792 4850 lior
834 4786 1095 4851 contra
1166 4776 1392 4853 sideni
1440 4788 1719 4854 rectam
1763 4792 1828 4851 et
1867 4780 2339 4855 (lattinlicam
2383 4779 2578 4854 dicis
2616 4791 2664 4854 ⁸.
2707 4779 2848 4856 llis
2891 4780 3146 4856 verbis
3186 4790 3446 4879 aperte
3515 4780 3853 4869 docetur,

650 4907 850 5005 quod
899 4917 1047 4982 tres
1087 4936 1443 5009 personae
1486 4912 1637 4987 ittae
1679 4937 1826 4986 nnn
1873 4923 2052 4986 sunt
2086 4922 2342 5012 partes
2368 4912 2509 4988 Dei
2554 4916 2675 4989 vel
2720 4912 3008 4990 ‹livinae
3050 4911 3434 4988 essentiae.
3470 4911 3852 5013 Nullaque

652 5041 956 5119 illarum
986 5046 1374 5125 Trinitatis
1407 5073 1584 5146 pars
1622 5048 1945 5123 dicenda
1985 5060 2127 5142 est,
2176 5075 2314 5125 nec
2350 5073 2503 5125 una
2538 5051 2786 5144 (alias,
2828 5051 3012 5141 ulla)
3059 5048 3301 5147 major
3339 5049 3534 5123 aliis.

730 5475 746 5510 ¹
782 5474 982 5532 Matth.
1014 5493 1126 5547 xix,
1161 5482 1247 5537 12.

725 5563 749 5597 ¹
781 5561 944 5636 vulg.
976 5563 1173 5634 habet,
1207 5567 1318 5625 lsa.
1356 5584 1430 5636 vi,
1456 5571 1489 5624 9
1519 5586 1532 5625 :
1566 5569 1769 5627 Audite
1804 5569 2108 5638 audientes,
2140 5576 2195 5624 et
2221 5568 2392 5625 nolite
2420 5569 2759 5642 intelliqere,
2788 5577 2903 5629 etc.

723 5650 747 5687 ⁸
775 5653 831 5708 S.
864 5655 1231 5725 Aususnxcs,
1264 5656 1391 5714 Lib.
1425 5657 1473 5715 11
1504 5665 1706 5715 contra
1754 5659 2157 5728 Maximinum.
2188 5675 2317 5735 cap.
2366 5661 2450 5717 10.
