4897 6388
693 2938 945 2996 Adon-⁸⁸.
971 2941 1009 2989 Ι.

2049 356 2230 445 ,ιΝι
2285 341 2714 426 saffram&
2768 359 2996 428 ms'r.
3052 343 3261 425 1x1..'

1053 528 1527 596 necessitatem
1565 552 1578 594 ;
1613 530 1773 617 quia
1833 526 2246 615 praeteritum
2307 534 2409 593 est
2484 548 2610 594 ne-

1049 633 1421 700 cessarium
1496 632 1721 700 solum
1777 634 1954 699 inter
2014 630 2483 722 [temporaliaz
2544 639 2609 697 et

1053 737 1203 806 ideo
1281 740 1572 807 verbum
1637 739 1742 806 vel
1810 740 2238 829 participium
2285 736 2605 829 praeteriti

1050 847 1380 934 temporis
1412 854 1603 913 notat
1641 847 1815 913 circa
1845 846 2143 912 divinam
2212 845 2608 935 generatio-

1051 972 1209 1017 nem
1311 954 1783 1021 necessitatem
1865 962 2155 1022 tantum.

1050 1081 1353 1149 praesens
1382 1059 1609 1128 solum
1648 1069 1748 1129 est
1805 1062 1873 1128 in
1950 1059 2371 1151 temporibus
2426 1060 2606 1126 enti-

1051 1177 1156 1236 tas
1190 1189 1205 1236 :
1252 1191 1418 1259 ergo
1461 1169 1661 1238 debet
1690 1170 1917 1237 referri
1953 1171 2021 1236 in
2052 1169 2305 1245 divina,
2342 1177 2403 1236 et
2446 1190 2605 1233 mu-

1053 1275 1350 1343 tabilitas
1389 1285 1454 1344 et
1486 1276 1946 1366 temporalitas
1993 1274 2320 1343 abstrahi.
2391 1273 2600 1340 Futu-

1054 1407 1209 1450 rum
1237 1390 1466 1451 autem
1505 1385 1796 1453 vicinius
1840 1384 1975 1451 enti
2055 1391 2155 1451 est
2185 1405 2392 1472 quam
2422 1402 2604 1470 prae—

1055 1493 1360 1571 teritum,
1424 1492 1583 1584 quia
1674 1491 1978 1560 futurum
2027 1490 2391 1582 aliquando
2448 1490 2600 1568 erit,

1049 1600 1462 1691 praeteritum
1495 1607 1723 1668 autem
1748 1601 1893 1689 jam
1924 1600 2180 1668 delicit:
2206 1606 2368 1666 tunc
2399 1599 2608 1689 igitur

1045 1706 1352 1774 futurum
1412 1707 1780 1798 accipiatur
1838 1707 2095 1774 ratione
2189 1704 2363 1773 entis
2419 1701 2603 1793 quod

1047 1836 1186 1883 non
1230 1813 1458 1884 delicit
1485 1838 1572 1883 ex
1602 1824 1932 1905 tempore,
1971 1823 2039 1882 et
2076 1822 2237 1881 tunc
2279 1811 2604 1881 convenit

1047 1920 1350 1990 divinis:
1406 1921 1526 1991 sed
1600 1922 1903 1990 futurum
1967 1923 2246 2012 insuper
2311 1919 2473 1988 dicit
2532 1919 2599 1985 in

1044 2031 1351 2120 potentia
1390 2053 1537 2109 enS,
1606 2040 1673 2099 et
1736 2054 1874 2099 non
1933 2031 2000 2097 in
2069 2038 2281 2098 actu:
2336 2037 2401 2096 et
2466 2027 2602 2095 hoc

1046 2137 1298 2206 divinis
1334 2160 1477 2207 non
1506 2140 1846 2207 convenit.

1138 2244 1242 2312 Ex
1272 2245 1404 2313 hoc
1431 2254 1618 2337 patet
1670 2246 1853 2337 quod
1905 2245 2087 2313 nulla
2144 2253 2245 2314 est
2300 2244 2596 2334 objectio

1046 2356 1268 2446 prima
1302 2379 1318 2424 ε
1365 2355 1525 2448 quia
1555 2379 1693 2425 non
1733 2364 1974 2425 notant
2011 2354 2421 2447 temporales
2455 2378 2600 2424 mo·

1042 2470 1153 2532 tus
1200 2466 1272 2532 in
1315 2464 1565 2532 divinis
1612 2466 1821 2533 verba
1869 2463 1979 2532 vel
2038 2463 2415 2555 participia,
2478 2462 2597 2532 sed
2676 2513 2679 2516 -

1042 2570 1428 2640 referuntur
1472 2571 1559 2639 ad
1612 2571 1844 2639 divina
1895 2572 2153 2639 ratione
2209 2572 2355 2660 ejus
2408 2570 2598 2662 quod

1041 2677 1300 2748 habent
1327 2678 1413 2749 de
1451 2680 1881 2771 perfectione.

1130 2898 1236 2966 Ao
1285 2921 1412 2968 noc
1450 2896 1628 2990 quod
1688 2897 2037 2988 quieritur,
2108 2894 2289 2976 Quid
2356 2901 2597 2963 notent

1037 3005 1170 3073 tria
1197 3013 1512 3095 tempora
1540 3006 1611 3073 in
1647 3003 1855 3073 verbo
1883 3005 2273 3094 importata,
2317 3001 2593 3093 partici-

1040 3115 1180 3206 pio,
1231 3122 1299 3182 et
1348 3112 1729 3182 adverbio?
1774 3109 2180 3188 Dicendum,
2239 3110 2426 3202 quod
2481 3108 2597 3177 ad·

1038 3220 1352 3289 verbimn
1392 3229 1582 3290 notat
1611 3220 2004 3287 aeternitatis
2034 3217 2590 3296 indeficientiam,

1038 3329 1472 3420 participium
1556 3338 1783 3396 autem
1861 3335 2051 3395 notat
2133 3326 2595 3418 generationis

1041 3436 1540 3515 necessitatem,
1582 3446 1647 3505 et
1688 3434 1969 3503 verbum
2010 3441 2200 3502 notat
2238 3434 2592 3502 entitatem

1043 3567 1280 3635 ipsius,

2277 949 2609 1019 Similiter
2716 961 2723 964 “

3141 857 3640 927 AltTlcULUS
3693 859 3848 926 XX.

2726 1074 2968 1140 Utrum
3007 1073 3355 1162 qeneralio
3396 1071 3569 1137 Filii
3596 1094 3682 1138 ex
3718 1071 3946 1140 Maria
4004 1071 4269 1160 Virqine

2869 1179 2960 1245 sit
2989 1201 3032 1244 a
3063 1181 3275 1245 Patre
3304 1187 3426 1245 aul
3450 1201 3491 1243 a
3540 1187 3682 1244 tota
3718 1178 4046 1244 Trinilale
4070 1173 4110 1240 ?

2809 1498 3067 1566 Deinde
3107 1500 3434 1589 quaeritur
3480 1497 3560 1565 de
3617 1496 3747 1566 hoc
3795 1497 3981 1588 quod
4029 1499 4190 1566 dicit
4244 1519 4259 1563 z

2720 1634 2753 1669 α
2793 1608 3235 1696 Quamquam
3267 1629 3393 1696 per
3427 1606 3551 1673 Ιιοε
3608 1604 3799 1695 quod
3832 1605 3997 1672 dicit
4032 1603 4258 1682 hodie,

2715 1714 2924 1781 etiam
2957 1714 3177 1802 possit
3207 1713 3510 1803 intelliqi
3538 1711 3706 1791 dies,
3740 1721 3865 1780 etc.
3904 1737 3936 1778 ι

2811 1823 2870 1887 1.
2904 1821 3054 1889 Hoc
3086 1821 3267 1888 enim
3309 1819 3551 1888 falsum
3583 1819 3850 1887 videtur
3893 1842 3909 1887 ε
3952 1819 4112 1910 quia
4141 1841 4264 1887 nec

2672 1989 2675 1994 .
2714 1926 2919 1996 Pater
2946 1949 3070 1996 nec
3102 1925 3396 2018 Spiritus
3424 1935 3694 1994 sanctus
3726 1927 3961 2017 genuit
3990 1948 4150 1993 eum
4180 1947 4266 1992 ex

2713 2033 2929 2102 Maria
2987 2034 3295 2125 Virgine.
3365 2033 3516 2124 lpse
3572 2034 3754 2101 enim
3830 2034 4264 2124 generatione

2715 2141 3074 2232 temporali
3106 2151 3207 2210 est
3252 2142 3322 2208 in
3361 2141 3556 2209 terris
3598 2142 3742 2208 sine
3781 2148 3970 2232 patre
4015 2162 4030 2207 ε
4092 2140 4265 2207 sicut

2713 2252 3157 2340 generatione
3184 2257 3435 2318 aeterna
3467 2250 3535 2316 in
3574 2246 3760 2316 coelis
3799 2249 4072 2317 estsine
4111 2269 4265 2314 ma-

2714 2364 2841 2425 tre.

2806 2470 2870 2532 2.
2906 2465 3272 2543 Praeterea,
3306 2462 3479 2532 Cum
3505 2472 3645 2531 tres
3684 2462 4138 2531 communiter
4167 2462 4265 2528 in-

2714 2573 3180 2642 carnationem
3203 2572 3348 2661 ejus
3378 2569 3706 2653 fecerunt,
3737 2568 4110 2638 secundum
4133 2567 4264 2636 hoc

2712 2680 2899 2773 quod
2928 2680 3113 2757 dicit,
3174 2688 3307 2748 tres
3363 2677 3814 2747 communiter
3850 2685 4071 2768 patres
4119 2675 4264 2744 t‘ue-

2711 2799 2893 2868 runt,
2938 2797 3003 2857 et
3033 2798 3416 2881 genuerunt
3461 2810 3618 2855 eun1
3663 2810 3678 2854 :
3742 2810 3904 2879 ergo
3945 2788 4087 2877 ipse
4144 2784 4262 2853 Fi-

2707 2896 2840 2965 lius
2870 2899 3105 2988 genuit
3136 2897 3460 2987 seipsum,
3503 2894 3689 2987 quod
3718 2892 3963 2962 salsum
3996 2901 4123 2963 est.

2802 3112 3111 3182 Somno.
3172 3111 3576 3191 Dicendum,
3646 3109 3830 3203 quod
3887 3111 4253 3202 improprie

2707 3218 2976 3291 locutus
2997 3230 3098 3289 est
3129 3220 3575 3311 AugustinuS,
3600 3227 3664 3295 et
3693 3218 4064 3287 secundum
4092 3228 4257 3287 tem:-

2706 3327 3014 3419 poralem
3072 3329 3581 3418 generationem
3637 3328 3692 3394 si
3751 3326 4010 3393 dicatur
4073 3323 4255 3417 quod

2705 3433 2913 3503 Pater
2966 3435 3230 3525 genuit,
3290 3431 3767 3523 exponendum
3826 3441 3928 3500 est
3989 3433 4251 3522 qenuit,

2706 3541 2773 3610 id
2803 3550 2930 3620 est,
2963 3541 3120 3609 fecit
3151 3539 3337 3632 quod
3375 3547 3812 3631 generaretur
3860 3559 3876 3606 ε
3919 3547 3988 3619 et
4022 3547 4124 3607 est
4160 3540 4259 3606 si-

2706 3649 2890 3718 milia
2930 3649 3175 3718 modus
3231 3647 3582 3739 loquendi,
3617 3647 3857 3716 Mattli.
3901 3670 3997 3721 ιιι,
4031 3652 4098 3725 a,
4139 3669 4258 3714 su-

2707 3781 2828 3849 per
2866 3755 3059 3840 illud,
3092 3759 3345 3826 Potens
3400 3766 3497 3823 es!
3551 3759 3737 3824 Deus
3769 3754 3852 3822 de·
3911 3753 4260 3847 lapidibus

2707 3869 2880 3946 ἱειίε,
2924 3875 3085 3949 etc.,
3118 3865 3232 3934 ubi
3274 3866 3436 3934 dicit
3465 3864 3747 3933 Glossa:
3785 3863 3859 3932 ln
3900 3863 4259 3953 hujusmo-

2703 3974 2770 4042 di
2806 3975 2900 4043 rei
2936 3973 3402 4043 testimonium
3456 3972 3633 4041 Deus
3672 3972 3753 4039 de
3814 3972 3979 4039 Sara
4029 3971 4254 4063 genuit

2705 4081 2951 4160 lilium,
2987 4081 3117 4149 hoc
3154 4087 3281 4162 est,
3316 4079 3469 4148 lecit
3497 4079 3678 4170 quod
3708 4087 4145 4169 generaretur
4172 4077 4257 4147 de

2712 4191 2907 4259 Sara.

1051 4678 1135 4752 l..
1196 4675 1563 4773 Oriyenes·
1618 4670 1917 4746 ridetur
1953 4672 2206 4745 dicere
2253 4672 2731 4747 contrarium
2778 4672 2940 4745 :ait
2968 4672 3205 4766 enim,
3248 4671 3455 4771 qnod
3485 4696 3790 4769 semper
3848 4680 4261 4768 qeneralm·

2334 4806 2593 4882 Filius
2622 4831 2671 4882 α
2698 4806 2965 4883 Patre.

1146 5148 1523 5244 Origenes
1557 5172 1734 5224 vero
1763 5171 1995 5246 super
2030 5147 2455 5222 deremiam
2491 5148 2699 5235 dicit,
2732 5149 2939 5247 quod
2984 5149 3224 5223 Filius
3254 5174 3560 5248 semper
3587 5160 4001 5246 generatur
4038 5171 4085 5222 a
4124 5147 4260 5220 Pa·

1045 5294 1187 5378 tre,
1212 5285 1640 5360 liisverbis:
1669 5284 2426 5361 Salvatornosterest
2458 5284 2845 5383 sapientia
2875 5286 3014 5362 Dei
3052 5310 3068 5361 ε
3106 5285 3486 5384 sapientia
3518 5309 3699 5360 vero
3740 5296 3854 5361 est
3895 5283 4261 5384 splendor

1045 5429 1360 5494 aeternae
1418 5418 1663 5494 lucis:
1710 5418 2062 5494 Salvator
2101 5441 2284 5516 ergo
2318 5429 2583 5494 noster
2622 5422 2992 5519 splendor
3053 5432 3167 5496 est
3207 5420 3599 5496 claritatis.
3684 5420 4065 5520 Splendor
4128 5444 4257 5495 au·

1044 5565 1194 5629 tem
1242 5579 1394 5628 non
1438 5554 1674 5630 semel
1710 5553 2074 5647 nascitur,
2121 5563 2194 5627 et
2226 5554 2511 5630 desinit
2546 5578 2561 5629 :
2601 5555 2737 5631 sed
2770 5556 3076 5655 quoties
3108 5566 3363 5630 ortum
3397 5555 3623 5632 fuerit
3665 5556 3926 5632 lumen
3960 5580 4052 5632 ex
4101 5577 4253 5654 quo

1045 5691 1412 5791 splendor
1451 5689 1718 5783 oritur,
1765 5688 1984 5764 toties
2015 5687 2260 5763 oritur
2297 5688 2527 5765 etiam
2572 5692 2943 5789 splendor
2980 5689 3375 5766 claritatis.
3450 5690 3575 5766 Sic
3644 5716 3827 5789 ergo
3903 5691 4259 5767 Salvator

4010 407 4032 416 .,
4141 329 4255 424 301
4300 431 4307 439 ,

4341 3141 4544 3192 solatio.
