<?xml version="1.0" encoding="UTF-8"?>
<!DOCTYPE html PUBLIC "-//W3C//DTD XHTML 1.0 Transitional//EN"
    "http://www.w3.org/TR/xhtml1/DTD/xhtml1-transitional.dtd">
<html xmlns="http://www.w3.org/1999/xhtml" xml:lang="en" lang="en">
 <head>
  <title>
</title>
<meta http-equiv="Content-Type" content="text/html;charset=utf-8" />
  <meta name='ocr-system' content='tesseract 3.04.00' />
  <meta name='ocr-capabilities' content='ocr_page ocr_carea ocr_par ocr_line ocrx_word'/>
</head>
<body>
  <div class='ocr_page' id='page_1' title='image "balbertimagnira03chgoog_0142.png"; bbox 0 0 4897 6388; ppageno 0'>
   <div class='ocr_carea' id='block_1_1' title="bbox 662 362 801 473">
    <p class='ocr_par' dir='ltr' id='par_1_1' title="bbox 662 362 801 473">
     <span class='ocr_line' id='line_1_1' title="bbox 662 362 801 473; baseline 0.014 -47"><span class='ocrx_word' id='word_1_1' title='bbox 662 362 801 473; x_wconf 29' lang='grc'><strong>’130</strong></span> 
     </span>
    </p>
   </div>
   <div class='ocr_carea' id='block_1_2' title="bbox 590 511 2217 942">
    <p class='ocr_par' dir='ltr' id='par_1_2' title="bbox 590 511 2217 942">
     <span class='ocr_line' id='line_1_2' title="bbox 674 511 2215 621; baseline -0.006 -24"><span class='ocrx_word' id='word_1_2' title='bbox 674 530 744 597; x_wconf 82' lang='lat' dir='ltr'>in</span> <span class='ocrx_word' id='word_1_3' title='bbox 812 534 999 599; x_wconf 82' lang='lat' dir='ltr'>omni</span> <span class='ocrx_word' id='word_1_4' title='bbox 1044 530 1458 621; x_wconf 66' lang='lat' dir='ltr'>intelligibili</span> <span class='ocrx_word' id='word_1_5' title='bbox 1517 511 1947 616; x_wconf 67' lang='lat' dir='ltr'>intelligitur:</span> <span class='ocrx_word' id='word_1_6' title='bbox 1992 524 2099 590; x_wconf 68' lang='lat' dir='ltr'>vel</span> <span class='ocrx_word' id='word_1_7' title='bbox 2140 533 2215 588; x_wconf 71' lang='lat' dir='ltr'>ui</span> 
     </span>
     <span class='ocr_line' id='line_1_3' title="bbox 675 633 2216 729; baseline -0.006 -26"><span class='ocrx_word' id='word_1_8' title='bbox 675 646 864 704; x_wconf 86' lang='lat' dir='ltr'>actus</span> <span class='ocrx_word' id='word_1_9' title='bbox 903 647 968 706; x_wconf 87' lang='lat' dir='ltr'>et</span> <span class='ocrx_word' id='word_1_10' title='bbox 1015 639 1334 729; x_wconf 79' lang='lat' dir='ltr'>perfectio</span> <span class='ocrx_word' id='word_1_11' title='bbox 1393 633 1914 724; x_wconf 83' lang='lat' dir='ltr'>intelligibilium</span> <span class='ocrx_word' id='word_1_12' title='bbox 1972 650 2216 696; x_wconf 89' lang='lat' dir='ltr'>secun—</span> 
     </span>
     <span class='ocr_line' id='line_1_4' title="bbox 673 736 2217 835; baseline -0.008 -25"><span class='ocrx_word' id='word_1_13' title='bbox 673 743 838 811; x_wconf 88' lang='lat' dir='ltr'>dum</span> <span class='ocrx_word' id='word_1_14' title='bbox 869 744 1050 835; x_wconf 88' lang='lat' dir='ltr'>quod</span> <span class='ocrx_word' id='word_1_15' title='bbox 1090 742 1551 832; x_wconf 78' lang='lat' dir='ltr'>intelligibilia</span> <span class='ocrx_word' id='word_1_16' title='bbox 1595 749 1774 813; x_wconf 86' lang='lat' dir='ltr'>sunt,</span> <span class='ocrx_word' id='word_1_17' title='bbox 1819 746 1885 804; x_wconf 85' lang='lat' dir='ltr'>et</span> <span class='ocrx_word' id='word_1_18' title='bbox 1940 737 2033 802; x_wconf 87' lang='lat' dir='ltr'>sic</span> <span class='ocrx_word' id='word_1_19' title='bbox 2109 736 2217 799; x_wconf 91' lang='lat' dir='ltr'>in-</span> 
     </span>
     <span class='ocr_line' id='line_1_5' title="bbox 590 843 2217 942; baseline -0.007 -23"><span class='ocrx_word' id='word_1_20' title='bbox 590 869 593 870; x_wconf 71' lang='grc'>’</span> <span class='ocrx_word' id='word_1_21' title='bbox 672 852 1004 942; x_wconf 83' lang='lat' dir='ltr'>telligitur</span> <span class='ocrx_word' id='word_1_22' title='bbox 1062 854 1127 916; x_wconf 92' lang='lat' dir='ltr'>in</span> <span class='ocrx_word' id='word_1_23' title='bbox 1225 852 1411 917; x_wconf 88' lang='lat' dir='ltr'>omni</span> <span class='ocrx_word' id='word_1_24' title='bbox 1501 843 1973 934; x_wconf 82' lang='lat' dir='ltr'>intelligibili:</span> <span class='ocrx_word' id='word_1_25' title='bbox 2045 845 2217 909; x_wconf 89' lang='lat' dir='ltr'>sicut</span> 
     </span>
    </p>
   </div>
   <div class='ocr_carea' id='block_1_3' title="bbox 562 951 2216 1048">
    <p class='ocr_par' dir='ltr' id='par_1_3' title="bbox 562 951 2216 1048">
     <span class='ocr_line' id='line_1_6' title="bbox 562 951 2216 1048; baseline -0.007 -20"><span class='ocrx_word' id='word_1_26' title='bbox 562 1041 571 1048; x_wconf 43' lang='grc'><em>,</em></span> <span class='ocrx_word' id='word_1_27' title='bbox 673 962 882 1028; x_wconf 83' lang='lat' dir='ltr'>etiam</span> <span class='ocrx_word' id='word_1_28' title='bbox 914 957 1270 1047; x_wconf 80' lang='lat' dir='ltr'>dupliciter</span> <span class='ocrx_word' id='word_1_29' title='bbox 1319 957 1584 1022; x_wconf 84' lang='lat' dir='ltr'>videtur</span> <span class='ocrx_word' id='word_1_30' title='bbox 1630 954 1769 1033; x_wconf 79' lang='lat' dir='ltr'>lux,</span> <span class='ocrx_word' id='word_1_31' title='bbox 1830 951 2080 1019; x_wconf 88' lang='lat' dir='ltr'>scilicet</span> <span class='ocrx_word' id='word_1_32' title='bbox 2142 960 2216 1016; x_wconf 89' lang='lat' dir='ltr'>ut</span> 
     </span>
    </p>
   </div>
   <div class='ocr_carea' id='block_1_4' title="bbox 647 1060 2218 5440">
    <p class='ocr_par' dir='ltr' id='par_1_4' title="bbox 647 1060 2218 5440">
     <span class='ocr_line' id='line_1_7' title="bbox 647 1060 2218 1153; baseline -0.006 -20"><span class='ocrx_word' id='word_1_33' title='bbox 647 1067 1014 1153; x_wconf 68' lang='lat' dir='ltr'>&#39;objectum</span> <span class='ocrx_word' id='word_1_34' title='bbox 1100 1064 1624 1131; x_wconf 82' lang='lat' dir='ltr'>determinatum</span> <span class='ocrx_word' id='word_1_35' title='bbox 1704 1060 1772 1125; x_wconf 94' lang='lat' dir='ltr'>in</span> <span class='ocrx_word' id='word_1_36' title='bbox 1829 1081 1924 1138; x_wconf 90' lang='lat' dir='ltr'>se,</span> <span class='ocrx_word' id='word_1_37' title='bbox 2013 1067 2080 1126; x_wconf 86' lang='lat' dir='ltr'>et</span> <span class='ocrx_word' id='word_1_38' title='bbox 2143 1065 2218 1123; x_wconf 88' lang='lat' dir='ltr'>ut</span> 
     </span>
     <span class='ocr_line' id='line_1_8' title="bbox 671 1164 2218 1261; baseline -0.006 -22"><span class='ocrx_word' id='word_1_39' title='bbox 671 1171 996 1261; x_wconf 80' lang='lat' dir='ltr'>perfectio</span> <span class='ocrx_word' id='word_1_40' title='bbox 1028 1171 1361 1246; x_wconf 87' lang='lat' dir='ltr'>colorum,</span> <span class='ocrx_word' id='word_1_41' title='bbox 1406 1166 1776 1233; x_wconf 88' lang='lat' dir='ltr'>secundum</span> <span class='ocrx_word' id='word_1_42' title='bbox 1826 1164 2007 1255; x_wconf 89' lang='lat' dir='ltr'>quod</span> <span class='ocrx_word' id='word_1_43' title='bbox 2058 1164 2218 1231; x_wconf 89' lang='lat' dir='ltr'>dicit</span> 
     </span>
     <span class='ocr_line' id='line_1_9' title="bbox 670 1274 2208 1348; baseline -0.005 -4"><span class='ocrx_word' id='word_1_44' title='bbox 670 1277 1064 1345; x_wconf 86' lang='lat' dir='ltr'>Aristoteles</span> <span class='ocrx_word' id='word_1_45' title='bbox 1105 1278 1173 1342; x_wconf 93' lang='lat' dir='ltr'>in</span> <span class='ocrx_word' id='word_1_46' title='bbox 1203 1276 1378 1342; x_wconf 85' lang='lat' dir='ltr'>libro</span> <span class='ocrx_word' id='word_1_47' title='bbox 1418 1274 1498 1341; x_wconf 92' lang='lat' dir='ltr'>de</span> <span class='ocrx_word' id='word_1_48' title='bbox 1547 1274 1765 1342; x_wconf 78' lang='lat' dir='ltr'>Sensu</span> <span class='ocrx_word' id='word_1_49' title='bbox 1804 1284 1864 1339; x_wconf 81' lang='lat' dir='ltr'>et</span> <span class='ocrx_word' id='word_1_50' title='bbox 1917 1281 2208 1348; x_wconf 80' lang='lat' dir='ltr'>sensato,</span> 
     </span>
     <span class='ocr_line' id='line_1_10' title="bbox 675 1380 2215 1475; baseline -0.006 -21"><span class='ocrx_word' id='word_1_51' title='bbox 675 1386 860 1475; x_wconf 90' lang='lat' dir='ltr'>quod</span> <span class='ocrx_word' id='word_1_52' title='bbox 909 1385 1094 1453; x_wconf 89' lang='lat' dir='ltr'>color</span> <span class='ocrx_word' id='word_1_53' title='bbox 1151 1394 1253 1474; x_wconf 86' lang='lat' dir='ltr'>est</span> <span class='ocrx_word' id='word_1_54' title='bbox 1311 1383 1697 1450; x_wconf 80' lang='lat' dir='ltr'>extremitas</span> <span class='ocrx_word' id='word_1_55' title='bbox 1754 1380 2091 1471; x_wconf 87' lang='lat' dir='ltr'>perspicui</span> <span class='ocrx_word' id='word_1_56' title='bbox 2149 1380 2215 1444; x_wconf 90' lang='lat' dir='ltr'>in</span> 
     </span>
     <span class='ocr_line' id='line_1_11' title="bbox 680 1487 2217 1584; baseline -0.005 -24"><span class='ocrx_word' id='word_1_57' title='bbox 680 1516 962 1584; x_wconf 89' lang='lat' dir='ltr'>corpore</span> <span class='ocrx_word' id='word_1_58' title='bbox 1021 1494 1404 1560; x_wconf 80' lang='lat' dir='ltr'>terminato,</span> <span class='ocrx_word' id='word_1_59' title='bbox 1474 1490 1730 1557; x_wconf 88' lang='lat' dir='ltr'>Eodem</span> <span class='ocrx_word' id='word_1_60' title='bbox 1816 1487 2018 1554; x_wconf 89' lang='lat' dir='ltr'>modo</span> <span class='ocrx_word' id='word_1_61' title='bbox 2108 1488 2217 1552; x_wconf 90' lang='lat' dir='ltr'>in-</span> 
     </span>
     <span class='ocr_line' id='line_1_12' title="bbox 678 1592 2218 1689; baseline -0.007 -21"><span class='ocrx_word' id='word_1_62' title='bbox 678 1599 983 1668; x_wconf 89' lang='lat' dir='ltr'>tellectus</span> <span class='ocrx_word' id='word_1_63' title='bbox 1013 1598 1351 1689; x_wconf 89' lang='lat' dir='ltr'>possibilis</span> <span class='ocrx_word' id='word_1_64' title='bbox 1382 1598 1645 1665; x_wconf 89' lang='lat' dir='ltr'>duobus</span> <span class='ocrx_word' id='word_1_65' title='bbox 1704 1595 1922 1663; x_wconf 90' lang='lat' dir='ltr'>modis</span> <span class='ocrx_word' id='word_1_66' title='bbox 1967 1592 2218 1660; x_wconf 88' lang='lat' dir='ltr'>intelli-</span> 
     </span>
     <span class='ocr_line' id='line_1_13' title="bbox 677 1706 2216 1799; baseline -0.006 -24"><span class='ocrx_word' id='word_1_67' title='bbox 677 1711 882 1799; x_wconf 86' lang='lat' dir='ltr'>gitur,</span> <span class='ocrx_word' id='word_1_68' title='bbox 916 1706 1188 1786; x_wconf 87' lang='lat' dir='ltr'>scilicet,</span> <span class='ocrx_word' id='word_1_69' title='bbox 1227 1709 1295 1772; x_wconf 93' lang='lat' dir='ltr'>in</span> <span class='ocrx_word' id='word_1_70' title='bbox 1361 1707 1625 1796; x_wconf 87' lang='lat' dir='ltr'>propria</span> <span class='ocrx_word' id='word_1_71' title='bbox 1679 1712 1918 1770; x_wconf 86' lang='lat' dir='ltr'>natura</span> <span class='ocrx_word' id='word_1_72' title='bbox 1968 1723 2216 1768; x_wconf 89' lang='lat' dir='ltr'>secun-</span> 
     </span>
     <span class='ocr_line' id='line_1_14' title="bbox 653 1806 2215 1904; baseline -0.006 -21"><span class='ocrx_word' id='word_1_73' title='bbox 653 1816 843 1884; x_wconf 81' lang='lat' dir='ltr'>dum</span> <span class='ocrx_word' id='word_1_74' title='bbox 883 1814 1066 1904; x_wconf 92' lang='lat' dir='ltr'>quod</span> <span class='ocrx_word' id='word_1_75' title='bbox 1105 1813 1306 1880; x_wconf 88' lang='lat' dir='ltr'>habet</span> <span class='ocrx_word' id='word_1_76' title='bbox 1337 1835 1483 1880; x_wconf 90' lang='lat' dir='ltr'>esse</span> <span class='ocrx_word' id='word_1_77' title='bbox 1522 1811 1910 1877; x_wconf 85' lang='lat' dir='ltr'>distinctum</span> <span class='ocrx_word' id='word_1_78' title='bbox 1942 1808 2026 1875; x_wconf 90' lang='lat' dir='ltr'>ab</span> <span class='ocrx_word' id='word_1_79' title='bbox 2066 1806 2215 1875; x_wconf 88' lang='lat' dir='ltr'>aliis</span> 
     </span>
     <span class='ocr_line' id='line_1_15' title="bbox 680 1912 2217 2010; baseline -0.004 -24"><span class='ocrx_word' id='word_1_80' title='bbox 680 1918 1244 2010; x_wconf 75' lang='lat' dir='ltr'>intelligibilibus,</span> <span class='ocrx_word' id='word_1_81' title='bbox 1280 1927 1343 1986; x_wconf 91' lang='lat' dir='ltr'>et</span> <span class='ocrx_word' id='word_1_82' title='bbox 1374 1920 1468 1984; x_wconf 89' lang='lat' dir='ltr'>sic</span> <span class='ocrx_word' id='word_1_83' title='bbox 1509 1940 1645 1983; x_wconf 90' lang='lat' dir='ltr'>non</span> <span class='ocrx_word' id='word_1_84' title='bbox 1677 1937 1943 2006; x_wconf 88' lang='lat' dir='ltr'>semper</span> <span class='ocrx_word' id='word_1_85' title='bbox 1974 1912 2217 1980; x_wconf 89' lang='lat' dir='ltr'>intelli-</span> 
     </span>
     <span class='ocr_line' id='line_1_16' title="bbox 675 2022 2213 2120; baseline -0.005 -25"><span class='ocrx_word' id='word_1_86' title='bbox 675 2029 858 2120; x_wconf 84' lang='lat' dir='ltr'>gitur</span> <span class='ocrx_word' id='word_1_87' title='bbox 894 2028 1263 2096; x_wconf 87' lang='lat' dir='ltr'>secundum</span> <span class='ocrx_word' id='word_1_88' title='bbox 1325 2036 1607 2093; x_wconf 89' lang='lat' dir='ltr'>actum:</span> <span class='ocrx_word' id='word_1_89' title='bbox 1668 2023 1776 2091; x_wconf 83' lang='lat' dir='ltr'>vel</span> <span class='ocrx_word' id='word_1_90' title='bbox 1843 2022 2213 2090; x_wconf 88' lang='lat' dir='ltr'>secundum</span> 
     </span>
     <span class='ocr_line' id='line_1_17' title="bbox 672 2127 2213 2225; baseline -0.004 -24"><span class='ocrx_word' id='word_1_91' title='bbox 672 2134 855 2225; x_wconf 90' lang='lat' dir='ltr'>quod</span> <span class='ocrx_word' id='word_1_92' title='bbox 887 2132 1308 2224; x_wconf 85' lang='lat' dir='ltr'>intelligibile</span> <span class='ocrx_word' id='word_1_93' title='bbox 1355 2156 1474 2222; x_wconf 90' lang='lat' dir='ltr'>per</span> <span class='ocrx_word' id='word_1_94' title='bbox 1501 2131 1629 2198; x_wconf 89' lang='lat' dir='ltr'>hoc</span> <span class='ocrx_word' id='word_1_95' title='bbox 1661 2139 1759 2197; x_wconf 90' lang='lat' dir='ltr'>est</span> <span class='ocrx_word' id='word_1_96' title='bbox 1791 2127 2213 2219; x_wconf 88' lang='lat' dir='ltr'>intelligibile</span> 
     </span>
     <span class='ocr_line' id='line_1_18' title="bbox 674 2234 2212 2332; baseline -0.005 -23"><span class='ocrx_word' id='word_1_97' title='bbox 674 2240 859 2332; x_wconf 90' lang='lat' dir='ltr'>quod</span> <span class='ocrx_word' id='word_1_98' title='bbox 887 2248 989 2308; x_wconf 90' lang='lat' dir='ltr'>est</span> <span class='ocrx_word' id='word_1_99' title='bbox 1029 2241 1095 2307; x_wconf 92' lang='lat' dir='ltr'>in</span> <span class='ocrx_word' id='word_1_100' title='bbox 1144 2240 1292 2329; x_wconf 89' lang='lat' dir='ltr'>ipso</span> <span class='ocrx_word' id='word_1_101' title='bbox 1351 2237 1653 2328; x_wconf 90' lang='lat' dir='ltr'>possibili</span> <span class='ocrx_word' id='word_1_102' title='bbox 1720 2234 2086 2314; x_wconf 89' lang='lat' dir='ltr'>intellectu,</span> <span class='ocrx_word' id='word_1_103' title='bbox 2149 2242 2212 2302; x_wconf 92' lang='lat' dir='ltr'>et</span> 
     </span>
     <span class='ocr_line' id='line_1_19' title="bbox 674 2343 2214 2438; baseline -0.003 -23"><span class='ocrx_word' id='word_1_104' title='bbox 674 2350 772 2416; x_wconf 91' lang='lat' dir='ltr'>sic</span> <span class='ocrx_word' id='word_1_105' title='bbox 802 2349 946 2438; x_wconf 91' lang='lat' dir='ltr'>ipse</span> <span class='ocrx_word' id='word_1_106' title='bbox 990 2349 1057 2414; x_wconf 91' lang='lat' dir='ltr'>in</span> <span class='ocrx_word' id='word_1_107' title='bbox 1139 2348 1461 2415; x_wconf 89' lang='lat' dir='ltr'>omnibus</span> <span class='ocrx_word' id='word_1_108' title='bbox 1519 2343 2050 2433; x_wconf 87' lang='lat' dir='ltr'>intelligibilibus</span> <span class='ocrx_word' id='word_1_109' title='bbox 2117 2345 2214 2411; x_wconf 90' lang='lat' dir='ltr'>in-</span> 
     </span>
     <span class='ocr_line' id='line_1_20' title="bbox 673 2451 2211 2548; baseline -0.005 -22"><span class='ocrx_word' id='word_1_110' title='bbox 673 2458 1021 2548; x_wconf 88' lang='lat' dir='ltr'>telligitur,</span> <span class='ocrx_word' id='word_1_111' title='bbox 1060 2466 1127 2524; x_wconf 87' lang='lat' dir='ltr'>et</span> <span class='ocrx_word' id='word_1_112' title='bbox 1163 2457 1261 2524; x_wconf 88' lang='lat' dir='ltr'>sic</span> <span class='ocrx_word' id='word_1_113' title='bbox 1303 2455 1615 2546; x_wconf 90' lang='lat' dir='ltr'>intelligit</span> <span class='ocrx_word' id='word_1_114' title='bbox 1643 2478 1713 2521; x_wconf 91' lang='lat' dir='ltr'>se</span> <span class='ocrx_word' id='word_1_115' title='bbox 1751 2474 2042 2543; x_wconf 84' lang='lat' dir='ltr'>semper.</span> <span class='ocrx_word' id='word_1_116' title='bbox 2078 2451 2211 2520; x_wconf 90' lang='lat' dir='ltr'>Sed</span> 
     </span>
     <span class='ocr_line' id='line_1_21' title="bbox 658 2558 2213 2633; baseline -0.005 0"><span class='ocrx_word' id='word_1_117' title='bbox 658 2559 800 2633; x_wconf 57' lang='grc' dir='ltr'>’ὶεῑει</span> <span class='ocrx_word' id='word_1_118' title='bbox 829 2563 1077 2632; x_wconf 88' lang='lat' dir='ltr'>solutio</span> <span class='ocrx_word' id='word_1_119' title='bbox 1116 2564 1240 2631; x_wconf 88' lang='lat' dir='ltr'>etsi</span> <span class='ocrx_word' id='word_1_120' title='bbox 1305 2565 1469 2630; x_wconf 88' lang='lat' dir='ltr'>satis</span> <span class='ocrx_word' id='word_1_121' title='bbox 1506 2563 1591 2629; x_wconf 90' lang='lat' dir='ltr'>sit</span> <span class='ocrx_word' id='word_1_122' title='bbox 1648 2561 2062 2628; x_wconf 80' lang='lat' dir='ltr'>conveniens</span> <span class='ocrx_word' id='word_1_123' title='bbox 2129 2558 2213 2626; x_wconf 89' lang='lat' dir='ltr'>ad</span> 
     </span>
     <span class='ocr_line' id='line_1_22' title="bbox 674 2665 2215 2757; baseline -0.005 -17"><span class='ocrx_word' id='word_1_124' title='bbox 674 2670 807 2740; x_wconf 86' lang='lat' dir='ltr'>hoc</span> <span class='ocrx_word' id='word_1_125' title='bbox 845 2679 918 2737; x_wconf 90' lang='lat' dir='ltr'>ut</span> <span class='ocrx_word' id='word_1_126' title='bbox 963 2670 1263 2738; x_wconf 78' lang='lat' dir='ltr'>salvetur</span> <span class='ocrx_word' id='word_1_127' title='bbox 1318 2668 1573 2736; x_wconf 86' lang='lat' dir='ltr'>dictum</span> <span class='ocrx_word' id='word_1_128' title='bbox 1630 2665 2053 2757; x_wconf 84' lang='lat' dir='ltr'>Philosophi,</span> <span class='ocrx_word' id='word_1_129' title='bbox 2110 2674 2215 2733; x_wconf 88' lang='lat' dir='ltr'>ta·</span> 
     </span>
     <span class='ocr_line' id='line_1_23' title="bbox 674 2774 2214 2865; baseline -0.003 -19"><span class='ocrx_word' id='word_1_130' title='bbox 674 2801 830 2846; x_wconf 90' lang='lat' dir='ltr'>men</span> <span class='ocrx_word' id='word_1_131' title='bbox 864 2777 1050 2845; x_wconf 92' lang='lat' dir='ltr'>nullo</span> <span class='ocrx_word' id='word_1_132' title='bbox 1115 2777 1320 2845; x_wconf 89' lang='lat' dir='ltr'>modo</span> <span class='ocrx_word' id='word_1_133' title='bbox 1369 2777 1685 2843; x_wconf 73' lang='lat' dir='ltr'>satisfacit</span> <span class='ocrx_word' id='word_1_134' title='bbox 1734 2774 1913 2841; x_wconf 86' lang='lat' dir='ltr'>dieto</span> <span class='ocrx_word' id='word_1_135' title='bbox 1969 2776 2214 2865; x_wconf 79' lang='lat' dir='ltr'>Augu-</span> 
     </span>
     <span class='ocr_line' id='line_1_24' title="bbox 672 2881 2213 2976; baseline -0.003 -24"><span class='ocrx_word' id='word_1_136' title='bbox 672 2887 860 2964; x_wconf 86' lang='lat' dir='ltr'>stini,</span> <span class='ocrx_word' id='word_1_137' title='bbox 896 2885 1211 2976; x_wconf 79' lang='lat' dir='ltr'>quivult,</span> <span class='ocrx_word' id='word_1_138' title='bbox 1257 2884 1437 2975; x_wconf 88' lang='lat' dir='ltr'>quod</span> <span class='ocrx_word' id='word_1_139' title='bbox 1479 2882 1604 2951; x_wconf 90' lang='lat' dir='ltr'>sub</span> <span class='ocrx_word' id='word_1_140' title='bbox 1662 2883 1848 2949; x_wconf 89' lang='lat' dir='ltr'>omni</span> <span class='ocrx_word' id='word_1_141' title='bbox 1891 2881 2213 2973; x_wconf 87' lang='lat' dir='ltr'>intelligi-</span> 
     </span>
     <span class='ocr_line' id='line_1_25' title="bbox 670 2988 2209 3080; baseline -0.001 -21"><span class='ocrx_word' id='word_1_142' title='bbox 670 2991 786 3059; x_wconf 85' lang='lat' dir='ltr'>bili</span> <span class='ocrx_word' id='word_1_143' title='bbox 818 2992 952 3059; x_wconf 87' lang='lat' dir='ltr'>alio</span> <span class='ocrx_word' id='word_1_144' title='bbox 992 2991 1371 3060; x_wconf 88' lang='lat' dir='ltr'>intellectus</span> <span class='ocrx_word' id='word_1_145' title='bbox 1425 3013 1695 3080; x_wconf 82' lang='lat' dir='ltr'>semper</span> <span class='ocrx_word' id='word_1_146' title='bbox 1724 2988 2057 3079; x_wconf 89' lang='lat' dir='ltr'>intelligat</span> <span class='ocrx_word' id='word_1_147' title='bbox 2111 3012 2209 3067; x_wconf 88' lang='lat' dir='ltr'>se,</span> 
     </span>
     <span class='ocr_line' id='line_1_26' title="bbox 670 3097 2213 3187; baseline -0.003 -21"><span class='ocrx_word' id='word_1_148' title='bbox 670 3107 735 3166; x_wconf 89' lang='lat' dir='ltr'>et</span> <span class='ocrx_word' id='word_1_149' title='bbox 773 3097 906 3166; x_wconf 89' lang='lat' dir='ltr'>alia</span> <span class='ocrx_word' id='word_1_150' title='bbox 934 3098 1111 3166; x_wconf 88' lang='lat' dir='ltr'>duo:</span> <span class='ocrx_word' id='word_1_151' title='bbox 1146 3108 1211 3165; x_wconf 91' lang='lat' dir='ltr'>et</span> <span class='ocrx_word' id='word_1_152' title='bbox 1255 3100 1582 3165; x_wconf 90' lang='lat' dir='ltr'>memoria</span> <span class='ocrx_word' id='word_1_153' title='bbox 1647 3118 1915 3187; x_wconf 85' lang='lat' dir='ltr'>semper</span> <span class='ocrx_word' id='word_1_154' title='bbox 1979 3099 2213 3164; x_wconf 87' lang='lat' dir='ltr'>memi-</span> 
     </span>
     <span class='ocr_line' id='line_1_27' title="bbox 671 3204 2213 3288; baseline -0.002 -14"><span class='ocrx_word' id='word_1_155' title='bbox 671 3208 843 3274; x_wconf 87' lang='lat' dir='ltr'>nerit</span> <span class='ocrx_word' id='word_1_156' title='bbox 873 3208 1003 3288; x_wconf 87' lang='lat' dir='ltr'>sui,</span> <span class='ocrx_word' id='word_1_157' title='bbox 1027 3216 1092 3275; x_wconf 92' lang='lat' dir='ltr'>et</span> <span class='ocrx_word' id='word_1_158' title='bbox 1130 3207 1422 3273; x_wconf 86' lang='lat' dir='ltr'>aliorum</span> <span class='ocrx_word' id='word_1_159' title='bbox 1456 3206 1786 3272; x_wconf 82' lang='lat' dir='ltr'>duorum:</span> <span class='ocrx_word' id='word_1_160' title='bbox 1814 3204 2213 3273; x_wconf 79' lang='lat' dir='ltr'>etvoluntas</span> 
     </span>
     <span class='ocr_line' id='line_1_28' title="bbox 669 3309 2211 3402; baseline -0.001 -22"><span class='ocrx_word' id='word_1_161' title='bbox 669 3335 938 3402; x_wconf 83' lang='lat' dir='ltr'>semper</span> <span class='ocrx_word' id='word_1_162' title='bbox 1000 3312 1166 3396; x_wconf 77' lang='lat' dir='ltr'>velit</span> <span class='ocrx_word' id='word_1_163' title='bbox 1217 3337 1318 3395; x_wconf 90' lang='lat' dir='ltr'>se,</span> <span class='ocrx_word' id='word_1_164' title='bbox 1378 3321 1442 3379; x_wconf 90' lang='lat' dir='ltr'>et</span> <span class='ocrx_word' id='word_1_165' title='bbox 1473 3311 1603 3378; x_wconf 87' lang='lat' dir='ltr'>alia</span> <span class='ocrx_word' id='word_1_166' title='bbox 1643 3310 1803 3377; x_wconf 86' lang='lat' dir='ltr'>du0.</span> <span class='ocrx_word' id='word_1_167' title='bbox 1853 3309 2040 3378; x_wconf 79' lang='lat' dir='ltr'>Unde</span> <span class='ocrx_word' id='word_1_168' title='bbox 2067 3313 2211 3378; x_wconf 90' lang='lat' dir='ltr'>sine</span> 
     </span>
     <span class='ocr_line' id='line_1_29' title="bbox 667 3418 2206 3511; baseline -0.002 -22"><span class='ocrx_word' id='word_1_169' title='bbox 667 3420 1063 3511; x_wconf 80' lang='lat' dir='ltr'>praejudicio</span> <span class='ocrx_word' id='word_1_170' title='bbox 1166 3420 1317 3488; x_wconf 89' lang='lat' dir='ltr'>dico</span> <span class='ocrx_word' id='word_1_171' title='bbox 1410 3419 1779 3487; x_wconf 87' lang='lat' dir='ltr'>secundum</span> <span class='ocrx_word' id='word_1_172' title='bbox 1865 3418 2206 3508; x_wconf 76' lang='lat' dir='ltr'>praedicta,</span> 
     </span>
     <span class='ocr_line' id='line_1_30' title="bbox 668 3527 2213 3620; baseline -0.001 -24"><span class='ocrx_word' id='word_1_173' title='bbox 668 3528 851 3620; x_wconf 86' lang='lat' dir='ltr'>quod</span> <span class='ocrx_word' id='word_1_174' title='bbox 885 3529 1276 3596; x_wconf 85' lang='lat' dir='ltr'>meminisse</span> <span class='ocrx_word' id='word_1_175' title='bbox 1309 3528 1477 3596; x_wconf 90' lang='lat' dir='ltr'>nihil</span> <span class='ocrx_word' id='word_1_176' title='bbox 1508 3527 1689 3595; x_wconf 87' lang='lat' dir='ltr'>aliud</span> <span class='ocrx_word' id='word_1_177' title='bbox 1720 3538 1817 3594; x_wconf 88' lang='lat' dir='ltr'>est</span> <span class='ocrx_word' id='word_1_178' title='bbox 1859 3550 2062 3616; x_wconf 89' lang='lat' dir='ltr'>quam</span> <span class='ocrx_word' id='word_1_179' title='bbox 2095 3549 2213 3594; x_wconf 86' lang='lat' dir='ltr'>no·</span> 
     </span>
     <span class='ocr_line' id='line_1_31' title="bbox 666 3632 2210 3725; baseline -0.002 -22"><span class='ocrx_word' id='word_1_180' title='bbox 666 3636 884 3703; x_wconf 85' lang='lat' dir='ltr'>titiam</span> <span class='ocrx_word' id='word_1_181' title='bbox 930 3637 1020 3703; x_wconf 90' lang='lat' dir='ltr'>rei</span> <span class='ocrx_word' id='word_1_182' title='bbox 1074 3634 1254 3725; x_wconf 90' lang='lat' dir='ltr'>apud</span> <span class='ocrx_word' id='word_1_183' title='bbox 1329 3660 1401 3701; x_wconf 89' lang='lat' dir='ltr'>se</span> <span class='ocrx_word' id='word_1_184' title='bbox 1460 3636 1764 3702; x_wconf 86' lang='lat' dir='ltr'>retinere.</span> <span class='ocrx_word' id='word_1_185' title='bbox 1832 3632 2210 3723; x_wconf 86' lang='lat' dir='ltr'>lntelligere</span> 
     </span>
     <span class='ocr_line' id='line_1_32' title="bbox 664 3740 2209 3831; baseline -0.001 -22"><span class='ocrx_word' id='word_1_186' title='bbox 664 3764 829 3810; x_wconf 73' lang='lat' dir='ltr'>vero</span> <span class='ocrx_word' id='word_1_187' title='bbox 871 3740 1035 3808; x_wconf 90' lang='lat' dir='ltr'>nihil</span> <span class='ocrx_word' id='word_1_188' title='bbox 1069 3741 1254 3808; x_wconf 87' lang='lat' dir='ltr'>aliud</span> <span class='ocrx_word' id='word_1_189' title='bbox 1285 3764 1489 3831; x_wconf 90' lang='lat' dir='ltr'>quam</span> <span class='ocrx_word' id='word_1_190' title='bbox 1534 3742 1786 3807; x_wconf 70' lang='lat' dir='ltr'>notitiae</span> <span class='ocrx_word' id='word_1_191' title='bbox 1828 3742 2046 3830; x_wconf 82' lang='lat' dir='ltr'>specie</span> <span class='ocrx_word' id='word_1_192' title='bbox 2101 3741 2209 3808; x_wconf 77' lang='lat' dir='ltr'>vel</span> 
     </span>
     <span class='ocr_line' id='line_1_33' title="bbox 666 3846 2213 3936; baseline -0.001 -21"><span class='ocrx_word' id='word_1_193' title='bbox 666 3848 956 3915; x_wconf 82' lang='lat' dir='ltr'>essentia</span> <span class='ocrx_word' id='word_1_194' title='bbox 1030 3849 1285 3916; x_wconf 70' lang='lat' dir='ltr'>notitiae</span> <span class='ocrx_word' id='word_1_195' title='bbox 1355 3871 1423 3914; x_wconf 79' lang='lat' dir='ltr'>se</span> <span class='ocrx_word' id='word_1_196' title='bbox 1507 3849 1746 3913; x_wconf 84' lang='lat' dir='ltr'>intueri</span> <span class='ocrx_word' id='word_1_197' title='bbox 1820 3846 2213 3936; x_wconf 85' lang='lat' dir='ltr'>simpliciter</span> 
     </span>
     <span class='ocr_line' id='line_1_34' title="bbox 667 3952 2208 4024; baseline -0.001 0"><span class='ocrx_word' id='word_1_198' title='bbox 667 3958 811 4024; x_wconf 86' lang='lat' dir='ltr'>sine</span> <span class='ocrx_word' id='word_1_199' title='bbox 873 3955 1413 4023; x_wconf 78' lang='lat' dir='ltr'>consideratione</span> <span class='ocrx_word' id='word_1_200' title='bbox 1469 3955 1571 4020; x_wconf 91' lang='lat' dir='ltr'>sui</span> <span class='ocrx_word' id='word_1_201' title='bbox 1649 3963 1714 4020; x_wconf 90' lang='lat' dir='ltr'>et</span> <span class='ocrx_word' id='word_1_202' title='bbox 1805 3952 2208 4022; x_wconf 81' lang='lat' dir='ltr'>discretione</span> 
     </span>
     <span class='ocr_line' id='line_1_35' title="bbox 666 4062 2210 4154; baseline -0.001 -23"><span class='ocrx_word' id='word_1_203' title='bbox 666 4088 806 4132; x_wconf 81' lang='lat' dir='ltr'>suae</span> <span class='ocrx_word' id='word_1_204' title='bbox 844 4074 1127 4140; x_wconf 67' lang='lat' dir='ltr'>natura»,</span> <span class='ocrx_word' id='word_1_205' title='bbox 1164 4063 1323 4154; x_wconf 89' lang='lat' dir='ltr'>quia</span> <span class='ocrx_word' id='word_1_206' title='bbox 1359 4062 1488 4131; x_wconf 87' lang='lat' dir='ltr'>boc</span> <span class='ocrx_word' id='word_1_207' title='bbox 1552 4071 1747 4129; x_wconf 77' lang='lat' dir='ltr'>vocat</span> <span class='ocrx_word' id='word_1_208' title='bbox 1787 4062 2210 4151; x_wconf 75' lang='lat' dir='ltr'>Augustinus</span> 
     </span>
     <span class='ocr_line' id='line_1_36' title="bbox 668 4163 2209 4262; baseline -0.003 -22"><span class='ocrx_word' id='word_1_209' title='bbox 668 4171 1052 4262; x_wconf 73' lang='lat' dir='ltr'>intelliyere</span> <span class='ocrx_word' id='word_1_210' title='bbox 1076 4196 1145 4237; x_wconf 80' lang='lat' dir='ltr'>se</span> <span class='ocrx_word' id='word_1_211' title='bbox 1178 4194 1193 4238; x_wconf 92' lang='lat'>:</span> <span class='ocrx_word' id='word_1_212' title='bbox 1229 4179 1294 4238; x_wconf 92' lang='lat' dir='ltr'>et</span> <span class='ocrx_word' id='word_1_213' title='bbox 1323 4163 1696 4237; x_wconf 71' lang='lat' dir='ltr'>diseernert·</span> <span class='ocrx_word' id='word_1_214' title='bbox 1720 4194 1790 4235; x_wconf 87' lang='lat' dir='ltr'>se</span> <span class='ocrx_word' id='word_1_215' title='bbox 1820 4177 1884 4235; x_wconf 89' lang='lat' dir='ltr'>et</span> <span class='ocrx_word' id='word_1_216' title='bbox 1914 4171 2209 4258; x_wconf 81' lang='lat' dir='ltr'>cogitare</span> 
     </span>
     <span class='ocr_line' id='line_1_37' title="bbox 665 4278 2211 4371; baseline -0.003 -23"><span class='ocrx_word' id='word_1_217' title='bbox 665 4304 736 4350; x_wconf 86' lang='lat' dir='ltr'>se</span> <span class='ocrx_word' id='word_1_218' title='bbox 769 4279 922 4371; x_wconf 88' lang='lat' dir='ltr'>plus</span> <span class='ocrx_word' id='word_1_219' title='bbox 952 4278 1322 4346; x_wconf 87' lang='lat' dir='ltr'>secundum</span> <span class='ocrx_word' id='word_1_220' title='bbox 1356 4301 1510 4345; x_wconf 90' lang='lat' dir='ltr'>eum</span> <span class='ocrx_word' id='word_1_221' title='bbox 1568 4278 1797 4344; x_wconf 88' lang='lat' dir='ltr'>dicunt</span> <span class='ocrx_word' id='word_1_222' title='bbox 1847 4300 2051 4366; x_wconf 89' lang='lat' dir='ltr'>quam</span> <span class='ocrx_word' id='word_1_223' title='bbox 2113 4279 2211 4344; x_wconf 90' lang='lat' dir='ltr'>iu-</span> 
     </span>
     <span class='ocr_line' id='line_1_38' title="bbox 665 4384 2205 4478; baseline -0.002 -24"><span class='ocrx_word' id='word_1_224' title='bbox 665 4388 966 4478; x_wconf 86' lang='lat' dir='ltr'>telligere</span> <span class='ocrx_word' id='word_1_225' title='bbox 1033 4411 1127 4453; x_wconf 87' lang='lat' dir='ltr'>se.</span> <span class='ocrx_word' id='word_1_226' title='bbox 1201 4387 1374 4453; x_wconf 86' lang='lat' dir='ltr'>Cum</span> <span class='ocrx_word' id='word_1_227' title='bbox 1445 4387 1648 4475; x_wconf 89' lang='lat' dir='ltr'>igitur</span> <span class='ocrx_word' id='word_1_228' title='bbox 1713 4384 2082 4474; x_wconf 86' lang='lat' dir='ltr'>intelligere</span> <span class='ocrx_word' id='word_1_229' title='bbox 2135 4408 2205 4451; x_wconf 89' lang='lat' dir='ltr'>se</span> 
     </span>
     <span class='ocr_line' id='line_1_39' title="bbox 668 4490 2211 4584; baseline -0.004 -22"><span class='ocrx_word' id='word_1_230' title='bbox 668 4518 806 4562; x_wconf 89' lang='lat' dir='ltr'>non</span> <span class='ocrx_word' id='word_1_231' title='bbox 837 4503 1043 4584; x_wconf 87' lang='lat' dir='ltr'>ponat</span> <span class='ocrx_word' id='word_1_232' title='bbox 1089 4492 1561 4561; x_wconf 84' lang='lat' dir='ltr'>discretionem</span> <span class='ocrx_word' id='word_1_233' title='bbox 1612 4493 1739 4567; x_wconf 87' lang='lat' dir='ltr'>sui,</span> <span class='ocrx_word' id='word_1_234' title='bbox 1792 4490 1905 4556; x_wconf 87' lang='lat' dir='ltr'>sed</span> <span class='ocrx_word' id='word_1_235' title='bbox 1955 4491 2211 4581; x_wconf 86' lang='lat' dir='ltr'>simpli-</span> 
     </span>
     <span class='ocr_line' id='line_1_40' title="bbox 667 4599 2210 4689; baseline -0.004 -19"><span class='ocrx_word' id='word_1_236' title='bbox 667 4625 813 4670; x_wconf 88' lang='lat' dir='ltr'>cem</span> <span class='ocrx_word' id='word_1_237' title='bbox 843 4603 1162 4668; x_wconf 88' lang='lat' dir='ltr'>intuitum</span> <span class='ocrx_word' id='word_1_238' title='bbox 1204 4601 1348 4667; x_wconf 87' lang='lat' dir='ltr'>sine</span> <span class='ocrx_word' id='word_1_239' title='bbox 1388 4599 1788 4666; x_wconf 76' lang='lat' dir='ltr'>discretione</span> <span class='ocrx_word' id='word_1_240' title='bbox 1836 4609 1896 4666; x_wconf 89' lang='lat' dir='ltr'>et</span> <span class='ocrx_word' id='word_1_241' title='bbox 1948 4600 2210 4689; x_wconf 84' lang='lat' dir='ltr'>cogita-</span> 
     </span>
     <span class='ocr_line' id='line_1_41' title="bbox 665 4706 2204 4797; baseline -0.001 -24"><span class='ocrx_word' id='word_1_242' title='bbox 665 4709 877 4783; x_wconf 87' lang='lat' dir='ltr'>tione,</span> <span class='ocrx_word' id='word_1_243' title='bbox 919 4707 1068 4774; x_wconf 87' lang='lat' dir='ltr'>dico</span> <span class='ocrx_word' id='word_1_244' title='bbox 1100 4706 1284 4797; x_wconf 86' lang='lat' dir='ltr'>quod</span> <span class='ocrx_word' id='word_1_245' title='bbox 1317 4730 1452 4773; x_wconf 88' lang='lat' dir='ltr'>non</span> <span class='ocrx_word' id='word_1_246' title='bbox 1486 4706 1672 4795; x_wconf 89' lang='lat' dir='ltr'>ponit</span> <span class='ocrx_word' id='word_1_247' title='bbox 1694 4707 2204 4772; x_wconf 77' lang='lat' dir='ltr'>conversionem</span> 
     </span>
     <span class='ocr_line' id='line_1_42' title="bbox 665 4813 2205 4904; baseline -0.002 -23"><span class='ocrx_word' id='word_1_248' title='bbox 665 4814 1042 4883; x_wconf 85' lang='lat' dir='ltr'>intellectus</span> <span class='ocrx_word' id='word_1_249' title='bbox 1073 4815 1154 4880; x_wconf 77' lang='lat' dir='ltr'>all</span> <span class='ocrx_word' id='word_1_250' title='bbox 1186 4814 1438 4904; x_wconf 83' lang='lat' dir='ltr'>aliquid</span> <span class='ocrx_word' id='word_1_251' title='bbox 1474 4814 1650 4903; x_wconf 78' lang='lat' dir='ltr'>quod</span> <span class='ocrx_word' id='word_1_252' title='bbox 1675 4814 1755 4878; x_wconf 89' lang='lat' dir='ltr'>sit</span> <span class='ocrx_word' id='word_1_253' title='bbox 1778 4823 1960 4879; x_wconf 81' lang='lat' dir='ltr'>extra</span> <span class='ocrx_word' id='word_1_254' title='bbox 1988 4813 2205 4901; x_wconf 88' lang='lat' dir='ltr'>ipsum</span> 
     </span>
     <span class='ocr_line' id='line_1_43' title="bbox 664 4918 2209 5011; baseline 0 -25"><span class='ocrx_word' id='word_1_255' title='bbox 664 4921 746 4986; x_wconf 85' lang='lat' dir='ltr'>ad</span> <span class='ocrx_word' id='word_1_256' title='bbox 765 4922 947 5011; x_wconf 88' lang='lat' dir='ltr'>quod</span> <span class='ocrx_word' id='word_1_257' title='bbox 971 4922 1068 4987; x_wconf 91' lang='lat' dir='ltr'>sui</span> <span class='ocrx_word' id='word_1_258' title='bbox 1098 4929 1306 5011; x_wconf 80' lang='lat' dir='ltr'>ponat</span> <span class='ocrx_word' id='word_1_259' title='bbox 1329 4922 1870 4987; x_wconf 72' lang='lat' dir='ltr'>coln·‹·nienti.·lln</span> <span class='ocrx_word' id='word_1_260' title='bbox 1895 4918 1999 4985; x_wconf 77' lang='lat' dir='ltr'>vel</span> <span class='ocrx_word' id='word_1_261' title='bbox 2024 4920 2209 4986; x_wconf 73' lang='grc' dir='ltr'>«ΙίΠο-</span> 
     </span>
     <span class='ocr_line' id='line_1_44' title="bbox 664 5027 2205 5117; baseline 0 -24"><span class='ocrx_word' id='word_1_262' title='bbox 664 5030 976 5107; x_wconf 87' lang='lat' dir='ltr'>rentiam,</span> <span class='ocrx_word' id='word_1_263' title='bbox 1020 5050 1140 5095; x_wconf 89' lang='lat' dir='ltr'>nec</span> <span class='ocrx_word' id='word_1_264' title='bbox 1169 5027 1464 5117; x_wconf 81' lang='lat' dir='ltr'>aliquam</span> <span class='ocrx_word' id='word_1_265' title='bbox 1508 5029 1980 5116; x_wconf 80' lang='lat' dir='ltr'>proprietatem</span> <span class='ocrx_word' id='word_1_266' title='bbox 2013 5050 2205 5094; x_wconf 89' lang='lat' dir='ltr'>suam</span> 
     </span>
     <span class='ocr_line' id='line_1_45' title="bbox 664 5134 2207 5226; baseline 0 -25"><span class='ocrx_word' id='word_1_267' title='bbox 664 5158 814 5226; x_wconf 81' lang='lat' dir='ltr'>quae</span> <span class='ocrx_word' id='word_1_268' title='bbox 845 5138 1177 5225; x_wconf 81' lang='lat' dir='ltr'>cogitetur</span> <span class='ocrx_word' id='word_1_269' title='bbox 1194 5137 1252 5202; x_wconf 91' lang='lat' dir='ltr'>ei</span> <span class='ocrx_word' id='word_1_270' title='bbox 1280 5137 1496 5225; x_wconf 80' lang='lat' dir='ltr'>inesse</span> <span class='ocrx_word' id='word_1_271' title='bbox 1520 5134 1624 5201; x_wconf 76' lang='lat' dir='ltr'>vel</span> <span class='ocrx_word' id='word_1_272' title='bbox 1650 5157 1783 5199; x_wconf 86' lang='lat' dir='ltr'>non</span> <span class='ocrx_word' id='word_1_273' title='bbox 1815 5134 2054 5201; x_wconf 85' lang='lat' dir='ltr'>inesse.</span> <span class='ocrx_word' id='word_1_274' title='bbox 2083 5134 2207 5201; x_wconf 90' lang='lat' dir='ltr'>llic</span> 
     </span>
     <span class='ocr_line' id='line_1_46' title="bbox 660 5239 2204 5331; baseline -0.001 -22"><span class='ocrx_word' id='word_1_275' title='bbox 660 5251 885 5309; x_wconf 87' lang='lat' dir='ltr'>autem</span> <span class='ocrx_word' id='word_1_276' title='bbox 920 5244 1200 5309; x_wconf 86' lang='lat' dir='ltr'>intuitus</span> <span class='ocrx_word' id='word_1_277' title='bbox 1244 5243 1582 5331; x_wconf 85' lang='lat' dir='ltr'>perlicitur</span> <span class='ocrx_word' id='word_1_278' title='bbox 1627 5240 1917 5315; x_wconf 87' lang='lat' dir='ltr'>duobus,</span> <span class='ocrx_word' id='word_1_279' title='bbox 1952 5239 2204 5308; x_wconf 79' lang='lat' dir='ltr'>seilicet</span> 
     </span>
     <span class='ocr_line' id='line_1_47' title="bbox 658 5347 2206 5440; baseline -0.001 -23"><span class='ocrx_word' id='word_1_280' title='bbox 658 5350 914 5417; x_wconf 91' lang='lat' dir='ltr'>lumine</span> <span class='ocrx_word' id='word_1_281' title='bbox 958 5349 1363 5440; x_wconf 85' lang='lat' dir='ltr'>intelligibili</span> <span class='ocrx_word' id='word_1_282' title='bbox 1406 5350 1680 5427; x_wconf 80' lang='lat' dir='ltr'>emisse,</span> <span class='ocrx_word' id='word_1_283' title='bbox 1722 5357 1782 5414; x_wconf 88' lang='lat' dir='ltr'>et</span> <span class='ocrx_word' id='word_1_284' title='bbox 1816 5347 2113 5434; x_wconf 78' lang='lat' dir='ltr'>obJecto:</span> <span class='ocrx_word' id='word_1_285' title='bbox 2141 5357 2206 5416; x_wconf 89' lang='lat' dir='ltr'>et</span> 
     </span>
    </p>
   </div>
   <div class='ocr_carea' id='block_1_5' title="bbox 1672 351 2972 460">
    <p class='ocr_par' dir='ltr' id='par_1_5' title="bbox 1672 351 2972 460">
     <span class='ocr_line' id='line_1_48' title="bbox 1672 351 2972 460; baseline -0.005 -35"><span class='ocrx_word' id='word_1_286' title='bbox 1672 359 1773 460; x_wconf 45' lang='lat' dir='ltr'>D„</span> <span class='ocrx_word' id='word_1_287' title='bbox 1810 358 2002 426; x_wconf 88' lang='lat' dir='ltr'><strong>ALB.</strong></span> <span class='ocrx_word' id='word_1_288' title='bbox 2034 354 2283 423; x_wconf 49' lang='lat' dir='ltr'>&#39;MAG.·</span> <span class='ocrx_word' id='word_1_289' title='bbox 2325 351 2532 421; x_wconf 82' lang='lat' dir='ltr'><strong>ORD.</strong></span> <span class='ocrx_word' id='word_1_290' title='bbox 2587 351 2884 419; x_wconf 83' lang='lat' dir='ltr'>PRAED.</span> <span class='ocrx_word' id='word_1_291' title='bbox 2969 377 2972 382; x_wconf 83' lang='grc'><em>·</em></span> 
     </span>
    </p>
   </div>
   <div class='ocr_carea' id='block_1_6' title="bbox 2318 511 3882 1249">
    <p class='ocr_par' dir='ltr' id='par_1_6' title="bbox 2318 511 3882 1249">
     <span class='ocr_line' id='line_1_49' title="bbox 2321 511 3882 611; baseline 0.001 -24"><span class='ocrx_word' id='word_1_292' title='bbox 2321 521 2666 609; x_wconf 87' lang='lat' dir='ltr'>possibile,</span> <span class='ocrx_word' id='word_1_293' title='bbox 2739 544 2818 587; x_wconf 92' lang='lat' dir='ltr'>eo</span> <span class='ocrx_word' id='word_1_294' title='bbox 2886 521 3068 610; x_wconf 90' lang='lat' dir='ltr'>quod</span> <span class='ocrx_word' id='word_1_295' title='bbox 3117 511 3374 611; x_wconf 66' lang='lat' dir='ltr'>—a&#39;gens&#39;</span> <span class='ocrx_word' id='word_1_296' title='bbox 3414 521 3502 588; x_wconf 88' lang='lat' dir='ltr'>sit</span> <span class='ocrx_word' id='word_1_297' title='bbox 3559 521 3778 587; x_wconf 83' lang='lat' dir='ltr'>forma</span> <span class='ocrx_word' id='word_1_298' title='bbox 3817 530 3882 588; x_wconf 90' lang='lat' dir='ltr'>et</span> 
     </span>
     <span class='ocr_line' id='line_1_50' title="bbox 2323 626 3879 716; baseline 0.001 -25"><span class='ocrx_word' id='word_1_299' title='bbox 2323 635 2512 692; x_wconf 90' lang='lat' dir='ltr'>actus</span> <span class='ocrx_word' id='word_1_300' title='bbox 2614 627 2979 715; x_wconf 88' lang='lat' dir='ltr'>possibilis,</span> <span class='ocrx_word' id='word_1_301' title='bbox 3070 626 3450 694; x_wconf 88' lang='lat' dir='ltr'>intellectus</span> <span class='ocrx_word' id='word_1_302' title='bbox 3534 626 3879 716; x_wconf 87' lang='lat' dir='ltr'>possibilis</span> 
     </span>
     <span class='ocr_line' id='line_1_51' title="bbox 2322 731 3879 821; baseline 0.001 -24"><span class='ocrx_word' id='word_1_303' title='bbox 2322 754 2590 821; x_wconf 86' lang='lat' dir='ltr'>semper</span> <span class='ocrx_word' id='word_1_304' title='bbox 2627 731 2945 819; x_wconf 87' lang='lat' dir='ltr'>objicitur</span> <span class='ocrx_word' id='word_1_305' title='bbox 2973 731 3104 797; x_wconf 90' lang='lat' dir='ltr'>sibi</span> <span class='ocrx_word' id='word_1_306' title='bbox 3150 734 3221 799; x_wconf 89' lang='lat' dir='ltr'>in</span> <span class='ocrx_word' id='word_1_307' title='bbox 3289 733 3550 801; x_wconf 85' lang='lat' dir='ltr'>lumine</span> <span class='ocrx_word' id='word_1_308' title='bbox 3609 731 3768 801; x_wconf 91' lang='lat' dir='ltr'>illo:</span> <span class='ocrx_word' id='word_1_309' title='bbox 3813 741 3879 800; x_wconf 89' lang='lat' dir='ltr'>et</span> 
     </span>
     <span class='ocr_line' id='line_1_52' title="bbox 2318 835 3876 927; baseline -0.001 -24"><span class='ocrx_word' id='word_1_310' title='bbox 2318 858 2474 903; x_wconf 89' lang='lat' dir='ltr'>cum</span> <span class='ocrx_word' id='word_1_311' title='bbox 2543 835 2673 904; x_wconf 92' lang='lat' dir='ltr'>hoc</span> <span class='ocrx_word' id='word_1_312' title='bbox 2738 837 2826 903; x_wconf 90' lang='lat' dir='ltr'>sit</span> <span class='ocrx_word' id='word_1_313' title='bbox 2901 835 3276 927; x_wconf 85' lang='lat' dir='ltr'>intelligere</span> <span class='ocrx_word' id='word_1_314' title='bbox 3352 860 3425 905; x_wconf 90' lang='lat' dir='ltr'>se</span> <span class='ocrx_word' id='word_1_315' title='bbox 3500 838 3876 905; x_wconf 87' lang='lat' dir='ltr'>secundum</span> 
     </span>
     <span class='ocr_line' id='line_1_53' title="bbox 2318 943 3874 1035; baseline 0.001 -26"><span class='ocrx_word' id='word_1_316' title='bbox 2318 943 2811 1034; x_wconf 70' lang='lat' dir='ltr'>Augustulum,</span> <span class='ocrx_word' id='word_1_317' title='bbox 2872 967 3145 1035; x_wconf 90' lang='lat' dir='ltr'>semper</span> <span class='ocrx_word' id='word_1_318' title='bbox 3224 945 3547 1035; x_wconf 85' lang='lat' dir='ltr'>intelligit</span> <span class='ocrx_word' id='word_1_319' title='bbox 3623 968 3717 1013; x_wconf 89' lang='lat' dir='ltr'>se.</span> <span class='ocrx_word' id='word_1_320' title='bbox 3791 946 3874 1012; x_wconf 83' lang='lat' dir='ltr'>Et</span> 
     </span>
     <span class='ocr_line' id='line_1_54' title="bbox 2322 1049 3872 1142; baseline 0.002 -26"><span class='ocrx_word' id='word_1_321' title='bbox 2322 1049 2501 1117; x_wconf 90' lang='lat' dir='ltr'>idem</span> <span class='ocrx_word' id='word_1_322' title='bbox 2534 1050 2683 1119; x_wconf 90' lang='lat' dir='ltr'>dico</span> <span class='ocrx_word' id='word_1_323' title='bbox 2725 1051 2806 1118; x_wconf 90' lang='lat' dir='ltr'>de</span> <span class='ocrx_word' id='word_1_324' title='bbox 2837 1053 3172 1119; x_wconf 87' lang='lat' dir='ltr'>memoria</span> <span class='ocrx_word' id='word_1_325' title='bbox 3211 1060 3279 1119; x_wconf 84' lang='lat' dir='ltr'>et</span> <span class='ocrx_word' id='word_1_326' title='bbox 3324 1051 3408 1119; x_wconf 91' lang='lat' dir='ltr'>de</span> <span class='ocrx_word' id='word_1_327' title='bbox 3474 1051 3872 1142; x_wconf 89' lang='lat' dir='ltr'>voluntate:</span> 
     </span>
     <span class='ocr_line' id='line_1_55' title="bbox 2322 1156 3876 1249; baseline 0.002 -26"><span class='ocrx_word' id='word_1_328' title='bbox 2322 1156 2481 1247; x_wconf 90' lang='lat' dir='ltr'>quia</span> <span class='ocrx_word' id='word_1_329' title='bbox 2537 1157 2622 1224; x_wconf 91' lang='lat' dir='ltr'>ab</span> <span class='ocrx_word' id='word_1_330' title='bbox 2688 1158 2868 1247; x_wconf 86' lang='lat' dir='ltr'>ipsa</span> <span class='ocrx_word' id='word_1_331' title='bbox 2918 1159 3180 1242; x_wconf 28' lang='lat' dir='ltr'>notitia,</span> <span class='ocrx_word' id='word_1_332' title='bbox 3246 1180 3520 1249; x_wconf 73' lang='lat' dir='ltr'>semper</span> <span class='ocrx_word' id='word_1_333' title='bbox 3591 1167 3876 1249; x_wconf 84' lang='lat' dir='ltr'>vaporat</span> 
     </span>
    </p>
   </div>
   <div class='ocr_carea' id='block_1_7' title="bbox 2294 1264 3874 1355">
    <p class='ocr_par' dir='ltr' id='par_1_7' title="bbox 2294 1264 3874 1355">
     <span class='ocr_line' id='line_1_56' title="bbox 2294 1264 3874 1355; baseline 0.001 -25"><span class='ocrx_word' id='word_1_334' title='bbox 2294 1287 2537 1348; x_wconf 79' lang='lat' dir='ltr'>amor,</span> <span class='ocrx_word' id='word_1_335' title='bbox 2573 1264 2728 1333; x_wconf 93' lang='lat' dir='ltr'>licet</span> <span class='ocrx_word' id='word_1_336' title='bbox 2755 1287 2895 1331; x_wconf 91' lang='lat' dir='ltr'>non</span> <span class='ocrx_word' id='word_1_337' title='bbox 2927 1264 3281 1333; x_wconf 88' lang='lat' dir='ltr'>distinctus</span> <span class='ocrx_word' id='word_1_338' title='bbox 3309 1287 3324 1330; x_wconf 79' lang='lat' dir='ltr'><strong><em>z</em></strong></span> <span class='ocrx_word' id='word_1_339' title='bbox 3359 1266 3536 1334; x_wconf 89' lang='lat' dir='ltr'>sicut</span> <span class='ocrx_word' id='word_1_340' title='bbox 3565 1288 3691 1334; x_wconf 90' lang='lat' dir='ltr'>nec</span> <span class='ocrx_word' id='word_1_341' title='bbox 3729 1267 3874 1355; x_wconf 89' lang='lat' dir='ltr'>ipsa</span> 
     </span>
    </p>
   </div>
   <div class='ocr_carea' id='block_1_8' title="bbox 2319 1371 3871 1678">
    <p class='ocr_par' dir='ltr' id='par_1_8' title="bbox 2319 1371 3871 1678">
     <span class='ocr_line' id='line_1_57' title="bbox 2321 1371 3871 1458; baseline 0.002 -22"><span class='ocrx_word' id='word_1_342' title='bbox 2321 1372 2559 1437; x_wconf 86' lang='lat' dir='ltr'>notitia</span> <span class='ocrx_word' id='word_1_343' title='bbox 2619 1372 2727 1438; x_wconf 83' lang='lat' dir='ltr'>vel</span> <span class='ocrx_word' id='word_1_344' title='bbox 2800 1371 3182 1440; x_wconf 90' lang='lat' dir='ltr'>intellectus</span> <span class='ocrx_word' id='word_1_345' title='bbox 3262 1381 3332 1438; x_wconf 86' lang='lat' dir='ltr'>ut</span> <span class='ocrx_word' id='word_1_346' title='bbox 3407 1372 3726 1441; x_wconf 90' lang='lat' dir='ltr'>distincta</span> <span class='ocrx_word' id='word_1_347' title='bbox 3757 1371 3871 1458; x_wconf 70' lang='lat' dir='ltr'>‚ab</span> 
     </span>
     <span class='ocr_line' id='line_1_58' title="bbox 2319 1475 3504 1567; baseline 0.001 -25"><span class='ocrx_word' id='word_1_348' title='bbox 2319 1477 2470 1544; x_wconf 89' lang='lat' dir='ltr'>aliis</span> <span class='ocrx_word' id='word_1_349' title='bbox 2502 1477 2701 1545; x_wconf 87' lang='lat' dir='ltr'>rebus</span> <span class='ocrx_word' id='word_1_350' title='bbox 2730 1480 3178 1567; x_wconf 87' lang='lat' dir='ltr'>accipiuntur.</span> <span class='ocrx_word' id='word_1_351' title='bbox 3251 1523 3266 1534; x_wconf 83' lang='lat'><strong>·</strong></span> <span class='ocrx_word' id='word_1_352' title='bbox 3502 1475 3504 1477; x_wconf 64' lang='grc'><strong>’</strong></span> 
     </span>
     <span class='ocr_line' id='line_1_59' title="bbox 2399 1581 3870 1678; baseline 0.001 -27"><span class='ocrx_word' id='word_1_353' title='bbox 2399 1581 2754 1652; x_wconf 67' lang='grc' dir='ltr'>-Πιοῐὲκοωι</span> <span class='ocrx_word' id='word_1_354' title='bbox 2784 1608 2945 1676; x_wconf 89' lang='lat' dir='ltr'>ergo</span> <span class='ocrx_word' id='word_1_355' title='bbox 2978 1587 3064 1654; x_wconf 91' lang='lat' dir='ltr'>ad</span> <span class='ocrx_word' id='word_1_356' title='bbox 3090 1589 3417 1677; x_wconf 85' lang='lat' dir='ltr'>primum,</span> <span class='ocrx_word' id='word_1_357' title='bbox 3445 1588 3630 1677; x_wconf 93' lang='lat' dir='ltr'>quod</span> <span class='ocrx_word' id='word_1_358' title='bbox 3660 1609 3870 1678; x_wconf 87' lang='lat' dir='ltr'>quan·</span> 
     </span>
    </p>
   </div>
   <div class='ocr_carea' id='block_1_9' title="bbox 3980 1609 4116 1652">
    <p class='ocr_par' dir='ltr' id='par_1_9' title="bbox 3980 1609 4116 1652">
     <span class='ocr_line' id='line_1_60' title="bbox 3980 1609 4116 1652; baseline 0.007 -1"><span class='ocrx_word' id='word_1_359' title='bbox 3980 1610 4050 1652; x_wconf 71' lang='lat' dir='ltr'>Azl</span> <span class='ocrx_word' id='word_1_360' title='bbox 4083 1609 4116 1652; x_wconf 89' lang='grc' dir='ltr'>Ι.</span> 
     </span>
    </p>
   </div>
   <div class='ocr_carea' id='block_1_10' title="bbox 2318 1694 4003 1788">
    <p class='ocr_par' dir='ltr' id='par_1_10' title="bbox 2318 1694 4003 1788">
     <span class='ocr_line' id='line_1_61' title="bbox 2318 1694 4003 1788; baseline 0.002 -28"><span class='ocrx_word' id='word_1_361' title='bbox 2318 1694 2543 1783; x_wconf 88' lang='lat' dir='ltr'>doque</span> <span class='ocrx_word' id='word_1_362' title='bbox 2573 1717 2707 1760; x_wconf 90' lang='lat' dir='ltr'>una</span> <span class='ocrx_word' id='word_1_363' title='bbox 2761 1696 3066 1785; x_wconf 87' lang='lat' dir='ltr'>potentia</span> <span class='ocrx_word' id='word_1_364' title='bbox 3142 1694 3476 1763; x_wconf 80' lang='lat' dir='ltr'>abstrahit</span> <span class='ocrx_word' id='word_1_365' title='bbox 3541 1695 3744 1763; x_wconf 87' lang='lat' dir='ltr'>aliam</span> <span class='ocrx_word' id='word_1_366' title='bbox 3786 1695 3870 1763; x_wconf 87' lang='lat' dir='ltr'>ab</span> <span class='ocrx_word' id='word_1_367' title='bbox 3986 1769 4003 1788; x_wconf 41' lang='lat'><em>⁶</em></span> 
     </span>
    </p>
   </div>
   <div class='ocr_carea' id='block_1_11' title="bbox 2307 1800 3875 5440">
    <p class='ocr_par' dir='ltr' id='par_1_11' title="bbox 2313 1800 3875 3510">
     <span class='ocr_line' id='line_1_62' title="bbox 2318 1800 3872 1892; baseline 0.002 -26"><span class='ocrx_word' id='word_1_368' title='bbox 2318 1809 2497 1881; x_wconf 88' lang='lat' dir='ltr'>actu,</span> <span class='ocrx_word' id='word_1_369' title='bbox 2559 1809 2624 1867; x_wconf 90' lang='lat' dir='ltr'>et</span> <span class='ocrx_word' id='word_1_370' title='bbox 2684 1800 3098 1892; x_wconf 89' lang='lat' dir='ltr'>quandoque</span> <span class='ocrx_word' id='word_1_371' title='bbox 3155 1803 3354 1891; x_wconf 88' lang='lat' dir='ltr'>juvat</span> <span class='ocrx_word' id='word_1_372' title='bbox 3421 1825 3573 1870; x_wconf 86' lang='lat' dir='ltr'>eam</span> <span class='ocrx_word' id='word_1_373' title='bbox 3639 1812 3716 1869; x_wconf 86' lang='lat' dir='ltr'>ut</span> <span class='ocrx_word' id='word_1_374' title='bbox 3789 1802 3872 1869; x_wconf 89' lang='lat' dir='ltr'>ad</span> 
     </span>
     <span class='ocr_line' id='line_1_63' title="bbox 2317 1907 3869 1997; baseline 0.003 -26"><span class='ocrx_word' id='word_1_375' title='bbox 2317 1913 2586 1972; x_wconf 88' lang='lat' dir='ltr'>actum:</span> <span class='ocrx_word' id='word_1_376' title='bbox 2651 1907 3061 1997; x_wconf 87' lang='lat' dir='ltr'>quandoque</span> <span class='ocrx_word' id='word_1_377' title='bbox 3114 1910 3301 1976; x_wconf 89' lang='lat' dir='ltr'>enim</span> <span class='ocrx_word' id='word_1_378' title='bbox 3331 1917 3522 1976; x_wconf 87' lang='lat' dir='ltr'>actus</span> <span class='ocrx_word' id='word_1_379' title='bbox 3577 1909 3869 1978; x_wconf 85' lang='lat' dir='ltr'>ordinati</span> 
     </span>
     <span class='ocr_line' id='line_1_64' title="bbox 2317 2014 3874 2109; baseline 0.004 -31"><span class='ocrx_word' id='word_1_380' title='bbox 2317 2019 2498 2091; x_wconf 88' lang='lat' dir='ltr'>sunt,</span> <span class='ocrx_word' id='word_1_381' title='bbox 2529 2014 2618 2079; x_wconf 89' lang='lat' dir='ltr'>ita</span> <span class='ocrx_word' id='word_1_382' title='bbox 2652 2014 2834 2102; x_wconf 91' lang='lat' dir='ltr'>quod</span> <span class='ocrx_word' id='word_1_383' title='bbox 2870 2037 3003 2082; x_wconf 90' lang='lat' dir='ltr'>una</span> <span class='ocrx_word' id='word_1_384' title='bbox 3046 2015 3291 2106; x_wconf 85' lang='lat' dir='ltr'>accipit</span> <span class='ocrx_word' id='word_1_385' title='bbox 3344 2015 3431 2084; x_wconf 88' lang='lat' dir='ltr'>ab</span> <span class='ocrx_word' id='word_1_386' title='bbox 3480 2016 3615 2084; x_wconf 89' lang='lat' dir='ltr'>alia</span> <span class='ocrx_word' id='word_1_387' title='bbox 3671 2039 3874 2109; x_wconf 89' lang='lat' dir='ltr'>super</span> 
     </span>
     <span class='ocr_line' id='line_1_65' title="bbox 2318 2119 3872 2213; baseline 0.005 -28"><span class='ocrx_word' id='word_1_388' title='bbox 2318 2119 2496 2186; x_wconf 88' lang='lat' dir='ltr'>idem</span> <span class='ocrx_word' id='word_1_389' title='bbox 2538 2121 2908 2211; x_wconf 90' lang='lat' dir='ltr'>objectum,</span> <span class='ocrx_word' id='word_1_390' title='bbox 2952 2129 3019 2204; x_wconf 87' lang='lat' dir='ltr'>et</span> <span class='ocrx_word' id='word_1_391' title='bbox 3058 2131 3222 2190; x_wconf 87' lang='lat' dir='ltr'>tunc</span> <span class='ocrx_word' id='word_1_392' title='bbox 3261 2146 3397 2190; x_wconf 89' lang='lat' dir='ltr'>uua</span> <span class='ocrx_word' id='word_1_393' title='bbox 3465 2146 3606 2191; x_wconf 91' lang='lat' dir='ltr'>non</span> <span class='ocrx_word' id='word_1_394' title='bbox 3663 2124 3872 2213; x_wconf 90' lang='lat' dir='ltr'>impe·</span> 
     </span>
     <span class='ocr_line' id='line_1_66' title="bbox 2317 2226 3875 2322; baseline 0.004 -29"><span class='ocrx_word' id='word_1_395' title='bbox 2317 2226 2415 2294; x_wconf 86' lang='lat' dir='ltr'>dit</span> <span class='ocrx_word' id='word_1_396' title='bbox 2470 2226 2699 2312; x_wconf 84' lang='lat' dir='ltr'>aliam,</span> <span class='ocrx_word' id='word_1_397' title='bbox 2769 2230 2944 2297; x_wconf 89' lang='lat' dir='ltr'>sicut</span> <span class='ocrx_word' id='word_1_398' title='bbox 3001 2230 3187 2296; x_wconf 79' lang='lat' dir='ltr'>visus</span> <span class='ocrx_word' id='word_1_399' title='bbox 3237 2228 3542 2298; x_wconf 87' lang='lat' dir='ltr'>hominis</span> <span class='ocrx_word' id='word_1_400' title='bbox 3580 2229 3875 2322; x_wconf 87' lang='lat' dir='ltr'>phanta-</span> 
     </span>
     <span class='ocr_line' id='line_1_67' title="bbox 2316 2335 3872 2423; baseline 0.004 -23"><span class='ocrx_word' id='word_1_401' title='bbox 2316 2336 2488 2401; x_wconf 85' lang='lat' dir='ltr'>siam</span> <span class='ocrx_word' id='word_1_402' title='bbox 2520 2335 2823 2423; x_wconf 88' lang='lat' dir='ltr'>ejusdem</span> <span class='ocrx_word' id='word_1_403' title='bbox 2856 2336 3198 2418; x_wconf 59' lang='lat' dir='ltr'>hominis,</span> <span class='ocrx_word' id='word_1_404' title='bbox 3216 2346 3284 2405; x_wconf 91' lang='lat' dir='ltr'>et</span> <span class='ocrx_word' id='word_1_405' title='bbox 3323 2337 3740 2407; x_wconf 88' lang='lat' dir='ltr'>intellectum</span> <span class='ocrx_word' id='word_1_406' title='bbox 3789 2338 3872 2406; x_wconf 89' lang='lat' dir='ltr'>de</span> 
     </span>
     <span class='ocr_line' id='line_1_68' title="bbox 2317 2442 3873 2535; baseline 0.004 -28"><span class='ocrx_word' id='word_1_407' title='bbox 2317 2442 2557 2510; x_wconf 86' lang='lat' dir='ltr'>eodem</span> <span class='ocrx_word' id='word_1_408' title='bbox 2627 2444 2815 2534; x_wconf 88' lang='lat' dir='ltr'>ipso:</span> <span class='ocrx_word' id='word_1_409' title='bbox 2886 2445 3162 2535; x_wconf 89' lang='lat' dir='ltr'>quando</span> <span class='ocrx_word' id='word_1_410' title='bbox 3220 2455 3450 2514; x_wconf 89' lang='lat' dir='ltr'>autem</span> <span class='ocrx_word' id='word_1_411' title='bbox 3520 2470 3658 2515; x_wconf 93' lang='lat' dir='ltr'>non</span> <span class='ocrx_word' id='word_1_412' title='bbox 3713 2454 3873 2514; x_wconf 88' lang='lat' dir='ltr'>sunt</span> 
     </span>
     <span class='ocr_line' id='line_1_69' title="bbox 2317 2551 3874 2644; baseline 0.003 -27"><span class='ocrx_word' id='word_1_413' title='bbox 2317 2551 2645 2620; x_wconf 84' lang='lat' dir='ltr'>ordillatae</span> <span class='ocrx_word' id='word_1_414' title='bbox 2677 2577 2882 2644; x_wconf 85' lang='lat' dir='ltr'>super</span> <span class='ocrx_word' id='word_1_415' title='bbox 2921 2554 3128 2632; x_wconf 88' lang='lat' dir='ltr'>idem,</span> <span class='ocrx_word' id='word_1_416' title='bbox 3181 2563 3344 2622; x_wconf 90' lang='lat' dir='ltr'>tunc</span> <span class='ocrx_word' id='word_1_417' title='bbox 3409 2577 3546 2622; x_wconf 88' lang='lat' dir='ltr'>una</span> <span class='ocrx_word' id='word_1_418' title='bbox 3593 2555 3874 2629; x_wconf 61' lang='lat' dir='ltr'>,fortiter</span> 
     </span>
     <span class='ocr_line' id='line_1_70' title="bbox 2317 2659 3866 2752; baseline 0.003 -28"><span class='ocrx_word' id='word_1_419' title='bbox 2317 2659 2613 2727; x_wconf 87' lang='lat' dir='ltr'>existens</span> <span class='ocrx_word' id='word_1_420' title='bbox 2652 2662 2720 2726; x_wconf 90' lang='lat' dir='ltr'>in</span> <span class='ocrx_word' id='word_1_421' title='bbox 2759 2669 2939 2738; x_wconf 85' lang='lat' dir='ltr'>actu,</span> <span class='ocrx_word' id='word_1_422' title='bbox 2976 2661 3265 2752; x_wconf 87' lang='lat' dir='ltr'>impedit</span> <span class='ocrx_word' id='word_1_423' title='bbox 3291 2659 3496 2728; x_wconf 90' lang='lat' dir='ltr'>aliam</span> <span class='ocrx_word' id='word_1_424' title='bbox 3542 2683 3628 2728; x_wconf 90' lang='lat' dir='ltr'>ne</span> <span class='ocrx_word' id='word_1_425' title='bbox 3667 2669 3866 2752; x_wconf 82' lang='lat' dir='ltr'>agat:</span> 
     </span>
     <span class='ocr_line' id='line_1_71' title="bbox 2313 2766 3870 2861; baseline 0.002 -29"><span class='ocrx_word' id='word_1_426' title='bbox 2313 2766 2487 2834; x_wconf 91' lang='lat' dir='ltr'>sicut</span> <span class='ocrx_word' id='word_1_427' title='bbox 2541 2768 2917 2857; x_wconf 85' lang='lat' dir='ltr'>cogitantes</span> <span class='ocrx_word' id='word_1_428' title='bbox 2981 2768 3065 2837; x_wconf 90' lang='lat' dir='ltr'>de</span> <span class='ocrx_word' id='word_1_429' title='bbox 3140 2767 3375 2858; x_wconf 90' lang='lat' dir='ltr'>aliquo</span> <span class='ocrx_word' id='word_1_430' title='bbox 3460 2768 3870 2861; x_wconf 82' lang='lat' dir='ltr'>intelligibili</span> 
     </span>
     <span class='ocr_line' id='line_1_72' title="bbox 2315 2873 3868 2968; baseline 0.002 -27"><span class='ocrx_word' id='word_1_431' title='bbox 2315 2873 2662 2943; x_wconf 90' lang='lat' dir='ltr'>intellectu</span> <span class='ocrx_word' id='word_1_432' title='bbox 2701 2877 2853 2944; x_wconf 86' lang='lat' dir='ltr'>sorti</span> <span class='ocrx_word' id='word_1_433' title='bbox 2887 2885 2952 2944; x_wconf 93' lang='lat' dir='ltr'>et</span> <span class='ocrx_word' id='word_1_434' title='bbox 2993 2878 3289 2956; x_wconf 89' lang='lat' dir='ltr'>intens0,</span> <span class='ocrx_word' id='word_1_435' title='bbox 3333 2899 3415 2945; x_wconf 92' lang='lat' dir='ltr'>ea</span> <span class='ocrx_word' id='word_1_436' title='bbox 3443 2899 3598 2968; x_wconf 84' lang='lat' dir='ltr'>quae</span> <span class='ocrx_word' id='word_1_437' title='bbox 3638 2900 3868 2946; x_wconf 86' lang='lat' dir='ltr'>coram</span> 
     </span>
     <span class='ocr_line' id='line_1_73' title="bbox 2315 2985 3868 3057; baseline 0.001 -3"><span class='ocrx_word' id='word_1_438' title='bbox 2315 2985 2530 3054; x_wconf 90' lang='lat' dir='ltr'>oculis</span> <span class='ocrx_word' id='word_1_439' title='bbox 2558 2996 2718 3054; x_wconf 88' lang='lat' dir='ltr'>sunt</span> <span class='ocrx_word' id='word_1_440' title='bbox 2747 3010 2883 3055; x_wconf 92' lang='lat' dir='ltr'>non</span> <span class='ocrx_word' id='word_1_441' title='bbox 2925 2987 3369 3057; x_wconf 82' lang='lat' dir='ltr'>advertimus.</span> <span class='ocrx_word' id='word_1_442' title='bbox 3421 2987 3576 3056; x_wconf 81' lang='lat' dir='ltr'>lstoe</span> <span class='ocrx_word' id='word_1_443' title='bbox 3640 2999 3868 3057; x_wconf 90' lang='lat' dir='ltr'>autem</span> 
     </span>
     <span class='ocr_line' id='line_1_74' title="bbox 2315 3094 3866 3185; baseline 0.002 -26"><span class='ocrx_word' id='word_1_444' title='bbox 2315 3102 2450 3161; x_wconf 90' lang='lat' dir='ltr'>tres</span> <span class='ocrx_word' id='word_1_445' title='bbox 2479 3096 2799 3183; x_wconf 83' lang='lat' dir='ltr'>potentiae</span> <span class='ocrx_word' id='word_1_446' title='bbox 2830 3094 3162 3163; x_wconf 65' lang='lat' dir='ltr'>ordinatae</span> <span class='ocrx_word' id='word_1_447' title='bbox 3210 3103 3368 3162; x_wconf 89' lang='lat' dir='ltr'>sunt</span> <span class='ocrx_word' id='word_1_448' title='bbox 3426 3118 3631 3185; x_wconf 90' lang='lat' dir='ltr'>super</span> <span class='ocrx_word' id='word_1_449' title='bbox 3688 3095 3866 3163; x_wconf 85' lang='lat' dir='ltr'>idem</span> 
     </span>
     <span class='ocr_line' id='line_1_75' title="bbox 2314 3199 3872 3291; baseline 0.001 -24"><span class='ocrx_word' id='word_1_450' title='bbox 2314 3201 2736 3291; x_wconf 89' lang='lat' dir='ltr'>intelligibile</span> <span class='ocrx_word' id='word_1_451' title='bbox 2802 3200 2908 3269; x_wconf 78' lang='lat' dir='ltr'>vel</span> <span class='ocrx_word' id='word_1_452' title='bbox 2975 3199 3349 3290; x_wconf 81' lang='lat' dir='ltr'>objectum,</span> <span class='ocrx_word' id='word_1_453' title='bbox 3392 3211 3464 3269; x_wconf 91' lang='lat' dir='ltr'>ut</span> <span class='ocrx_word' id='word_1_454' title='bbox 3503 3202 3664 3270; x_wconf 86' lang='lat' dir='ltr'>dicit</span> <span class='ocrx_word' id='word_1_455' title='bbox 3723 3203 3872 3270; x_wconf 79' lang='lat' dir='ltr'>Au·</span> 
     </span>
     <span class='ocr_line' id='line_1_76' title="bbox 2314 3310 3868 3398; baseline 0.003 -23"><span class='ocrx_word' id='word_1_456' title='bbox 2314 3310 2667 3398; x_wconf 83' lang='lat' dir='ltr'>gustinus:</span> <span class='ocrx_word' id='word_1_457' title='bbox 2715 3320 2777 3377; x_wconf 92' lang='lat' dir='ltr'>et</span> <span class='ocrx_word' id='word_1_458' title='bbox 2812 3310 2961 3376; x_wconf 83' lang='lat' dir='ltr'>ideo</span> <span class='ocrx_word' id='word_1_459' title='bbox 3002 3332 3141 3376; x_wconf 86' lang='lat' dir='ltr'>una</span> <span class='ocrx_word' id='word_1_460' title='bbox 3193 3331 3334 3377; x_wconf 89' lang='lat' dir='ltr'>non</span> <span class='ocrx_word' id='word_1_461' title='bbox 3381 3310 3692 3388; x_wconf 86' lang='lat' dir='ltr'>destruit,</span> <span class='ocrx_word' id='word_1_462' title='bbox 3747 3334 3868 3379; x_wconf 84' lang='lat' dir='ltr'>nec-</span> 
     </span>
     <span class='ocr_line' id='line_1_77' title="bbox 2317 3418 3262 3510; baseline 0.003 -26"><span class='ocrx_word' id='word_1_463' title='bbox 2317 3419 2593 3508; x_wconf 89' lang='lat' dir='ltr'>impedit</span> <span class='ocrx_word' id='word_1_464' title='bbox 2625 3420 2828 3486; x_wconf 89' lang='lat' dir='ltr'>aliam</span> <span class='ocrx_word' id='word_1_465' title='bbox 2865 3422 2928 3487; x_wconf 87' lang='lat' dir='ltr'>in</span> <span class='ocrx_word' id='word_1_466' title='bbox 2970 3418 3262 3510; x_wconf 79' lang='lat' dir='ltr'>agendo.</span> 
     </span>
    </p>

    <p class='ocr_par' dir='ltr' id='par_1_12' title="bbox 2311 3528 3873 4478">
     <span class='ocr_line' id='line_1_78' title="bbox 2405 3528 3867 3619; baseline 0.002 -27"><span class='ocrx_word' id='word_1_467' title='bbox 2405 3529 2507 3592; x_wconf 81' lang='lat' dir='ltr'>An</span> <span class='ocrx_word' id='word_1_468' title='bbox 2570 3549 2767 3594; x_wconf 75' lang='grc' dir='ltr'>Λιωυ</span> <span class='ocrx_word' id='word_1_469' title='bbox 2823 3528 3212 3604; x_wconf 85' lang='lat' dir='ltr'>dicendum,</span> <span class='ocrx_word' id='word_1_470' title='bbox 3279 3528 3464 3619; x_wconf 90' lang='lat' dir='ltr'>quod</span> <span class='ocrx_word' id='word_1_471' title='bbox 3545 3529 3628 3596; x_wconf 87' lang='lat' dir='ltr'>ad</span> <span class='ocrx_word' id='word_1_472' title='bbox 3688 3528 3867 3596; x_wconf 87' lang='lat' dir='ltr'>istud</span> 
     </span>
     <span class='ocr_line' id='line_1_79' title="bbox 2313 3630 3866 3723; baseline 0.002 -25"><span class='ocrx_word' id='word_1_473' title='bbox 2313 3630 2690 3722; x_wconf 89' lang='lat' dir='ltr'>intelligere</span> <span class='ocrx_word' id='word_1_474' title='bbox 2721 3634 2901 3723; x_wconf 87' lang='lat' dir='ltr'>quod</span> <span class='ocrx_word' id='word_1_475' title='bbox 2937 3642 3201 3701; x_wconf 88' lang='lat' dir='ltr'>tantum</span> <span class='ocrx_word' id='word_1_476' title='bbox 3236 3644 3334 3702; x_wconf 89' lang='lat' dir='ltr'>est</span> <span class='ocrx_word' id='word_1_477' title='bbox 3366 3633 3571 3723; x_wconf 88' lang='lat' dir='ltr'>objici</span> <span class='ocrx_word' id='word_1_478' title='bbox 3604 3635 3730 3703; x_wconf 87' lang='lat' dir='ltr'>sibi</span> <span class='ocrx_word' id='word_1_479' title='bbox 3801 3638 3866 3702; x_wconf 91' lang='lat' dir='ltr'>in</span> 
     </span>
     <span class='ocr_line' id='line_1_80' title="bbox 2311 3738 3872 3834; baseline 0.002 -29"><span class='ocrx_word' id='word_1_480' title='bbox 2311 3738 2569 3807; x_wconf 89' lang='lat' dir='ltr'>lumine</span> <span class='ocrx_word' id='word_1_481' title='bbox 2602 3741 2983 3809; x_wconf 88' lang='lat' dir='ltr'>intellectus</span> <span class='ocrx_word' id='word_1_482' title='bbox 3029 3743 3320 3832; x_wconf 85' lang='lat' dir='ltr'>agentis,</span> <span class='ocrx_word' id='word_1_483' title='bbox 3376 3765 3516 3810; x_wconf 89' lang='lat' dir='ltr'>non</span> <span class='ocrx_word' id='word_1_484' title='bbox 3573 3744 3872 3834; x_wconf 77' lang='lat' dir='ltr'>exigitur</span> 
     </span>
     <span class='ocr_line' id='line_1_81' title="bbox 2311 3845 3871 3941; baseline 0.003 -29"><span class='ocrx_word' id='word_1_485' title='bbox 2311 3845 2630 3914; x_wconf 79' lang='lat' dir='ltr'>voluntas</span> <span class='ocrx_word' id='word_1_486' title='bbox 2662 3849 2789 3915; x_wconf 89' lang='lat' dir='ltr'>nisi</span> <span class='ocrx_word' id='word_1_487' title='bbox 2859 3849 3261 3916; x_wconf 87' lang='lat' dir='ltr'>naturaliter</span> <span class='ocrx_word' id='word_1_488' title='bbox 3316 3873 3771 3941; x_wconf 66' lang='lat' dir='ltr'>consequenti,</span> <span class='ocrx_word' id='word_1_489' title='bbox 3804 3859 3871 3917; x_wconf 86' lang='lat' dir='ltr'>et</span> 
     </span>
     <span class='ocr_line' id='line_1_82' title="bbox 2313 3955 3870 4049; baseline 0.003 -28"><span class='ocrx_word' id='word_1_490' title='bbox 2313 3976 2451 4021; x_wconf 88' lang='lat' dir='ltr'>non</span> <span class='ocrx_word' id='word_1_491' title='bbox 2482 3955 2855 4023; x_wconf 87' lang='lat' dir='ltr'>secundnm</span> <span class='ocrx_word' id='word_1_492' title='bbox 2894 3966 3165 4023; x_wconf 90' lang='lat' dir='ltr'>actum:</span> <span class='ocrx_word' id='word_1_493' title='bbox 3213 3957 3331 4025; x_wconf 86' lang='lat' dir='ltr'>sed</span> <span class='ocrx_word' id='word_1_494' title='bbox 3363 3957 3449 4025; x_wconf 86' lang='lat' dir='ltr'>ad</span> <span class='ocrx_word' id='word_1_495' title='bbox 3488 3956 3657 4026; x_wconf 87' lang='lat' dir='ltr'>illud</span> <span class='ocrx_word' id='word_1_496' title='bbox 3686 3958 3870 4049; x_wconf 89' lang='lat' dir='ltr'>quod</span> 
     </span>
     <span class='ocr_line' id='line_1_83' title="bbox 2313 4062 3869 4155; baseline 0.001 -26"><span class='ocrx_word' id='word_1_497' title='bbox 2313 4070 2413 4129; x_wconf 92' lang='lat' dir='ltr'>est</span> <span class='ocrx_word' id='word_1_498' title='bbox 2462 4062 2840 4130; x_wconf 85' lang='lat' dir='ltr'>discernere</span> <span class='ocrx_word' id='word_1_499' title='bbox 2895 4086 3110 4131; x_wconf 89' lang='lat' dir='ltr'>unum</span> <span class='ocrx_word' id='word_1_500' title='bbox 3182 4063 3716 4155; x_wconf 86' lang='lat' dir='ltr'>intelligibilium</span> <span class='ocrx_word' id='word_1_501' title='bbox 3783 4063 3869 4132; x_wconf 87' lang='lat' dir='ltr'>ab</span> 
     </span>
     <span class='ocr_line' id='line_1_84' title="bbox 2312 4168 3869 4263; baseline 0.003 -27"><span class='ocrx_word' id='word_1_502' title='bbox 2312 4168 2474 4247; x_wconf 85' lang='lat' dir='ltr'>alic,</span> <span class='ocrx_word' id='word_1_503' title='bbox 2519 4170 2625 4239; x_wconf 78' lang='lat' dir='ltr'>vel</span> <span class='ocrx_word' id='word_1_504' title='bbox 2685 4170 2753 4238; x_wconf 88' lang='lat' dir='ltr'>in</span> <span class='ocrx_word' id='word_1_505' title='bbox 2815 4173 3086 4263; x_wconf 87' lang='lat' dir='ltr'>propria</span> <span class='ocrx_word' id='word_1_506' title='bbox 3164 4181 3432 4249; x_wconf 87' lang='lat' dir='ltr'>natura,</span> <span class='ocrx_word' id='word_1_507' title='bbox 3466 4179 3536 4240; x_wconf 89' lang='lat' dir='ltr'>et</span> <span class='ocrx_word' id='word_1_508' title='bbox 3563 4172 3869 4262; x_wconf 84' lang='lat' dir='ltr'>partibus</span> 
     </span>
     <span class='ocr_line' id='line_1_85' title="bbox 2313 4278 3873 4373; baseline 0.004 -31"><span class='ocrx_word' id='word_1_509' title='bbox 2313 4286 2378 4343; x_wconf 91' lang='lat' dir='ltr'>et</span> <span class='ocrx_word' id='word_1_510' title='bbox 2409 4278 2807 4347; x_wconf 77' lang='lat' dir='ltr'>differentiis</span> <span class='ocrx_word' id='word_1_511' title='bbox 2827 4280 3284 4363; x_wconf 86' lang='lat' dir='ltr'>considerare,</span> <span class='ocrx_word' id='word_1_512' title='bbox 3308 4279 3394 4347; x_wconf 89' lang='lat' dir='ltr'>ad</span> <span class='ocrx_word' id='word_1_513' title='bbox 3424 4279 3558 4349; x_wconf 88' lang='lat' dir='ltr'>hoc</span> <span class='ocrx_word' id='word_1_514' title='bbox 3577 4281 3873 4373; x_wconf 80' lang='lat' dir='ltr'>exigitur</span> 
     </span>
     <span class='ocr_line' id='line_1_86' title="bbox 2312 4384 3867 4478; baseline 0.003 -29"><span class='ocrx_word' id='word_1_515' title='bbox 2312 4384 2594 4451; x_wconf 87' lang='lat' dir='ltr'>actualis</span> <span class='ocrx_word' id='word_1_516' title='bbox 2625 4385 2941 4453; x_wconf 75' lang='lat' dir='ltr'>voluntas</span> <span class='ocrx_word' id='word_1_517' title='bbox 2997 4394 3368 4477; x_wconf 87' lang='lat' dir='ltr'>utrumque</span> <span class='ocrx_word' id='word_1_518' title='bbox 3416 4388 3867 4478; x_wconf 82' lang='lat' dir='ltr'>conjungens.</span> 
     </span>
    </p>

    <p class='ocr_par' dir='ltr' id='par_1_13' title="bbox 2307 4491 3872 5314">
     <span class='ocr_line' id='line_1_87' title="bbox 2402 4491 3872 4583; baseline 0.004 -27"><span class='ocrx_word' id='word_1_519' title='bbox 2402 4492 2505 4558; x_wconf 76' lang='lat' dir='ltr'>An</span> <span class='ocrx_word' id='word_1_520' title='bbox 2544 4515 2742 4560; x_wconf 71' lang='grc' dir='ltr'><strong>Λιιυι)</strong></span> <span class='ocrx_word' id='word_1_521' title='bbox 2781 4491 3171 4573; x_wconf 84' lang='lat' dir='ltr'>(licendum,</span> <span class='ocrx_word' id='word_1_522' title='bbox 3214 4493 3399 4583; x_wconf 88' lang='lat' dir='ltr'>quod</span> <span class='ocrx_word' id='word_1_523' title='bbox 3459 4492 3573 4562; x_wconf 90' lang='lat' dir='ltr'>illa</span> <span class='ocrx_word' id='word_1_524' title='bbox 3630 4502 3872 4563; x_wconf 89' lang='lat' dir='ltr'>aucto-</span> 
     </span>
     <span class='ocr_line' id='line_1_88' title="bbox 2314 4598 3866 4691; baseline 0.003 -27"><span class='ocrx_word' id='word_1_525' title='bbox 2314 4599 2471 4664; x_wconf 86' lang='lat' dir='ltr'>ritas</span> <span class='ocrx_word' id='word_1_526' title='bbox 2539 4598 2839 4690; x_wconf 85' lang='lat' dir='ltr'>loqnitur</span> <span class='ocrx_word' id='word_1_527' title='bbox 2901 4599 2984 4666; x_wconf 84' lang='lat' dir='ltr'>(le</span> <span class='ocrx_word' id='word_1_528' title='bbox 3046 4601 3376 4667; x_wconf 88' lang='lat' dir='ltr'>memoria</span> <span class='ocrx_word' id='word_1_529' title='bbox 3444 4603 3866 4691; x_wconf 78' lang='lat' dir='ltr'>inquisitiva,</span> 
     </span>
     <span class='ocr_line' id='line_1_89' title="bbox 2312 4705 3868 4798; baseline 0.003 -27"><span class='ocrx_word' id='word_1_530' title='bbox 2312 4705 2584 4796; x_wconf 86' lang='lat' dir='ltr'>quando</span> <span class='ocrx_word' id='word_1_531' title='bbox 2618 4707 2899 4796; x_wconf 89' lang='lat' dir='ltr'>inquirit</span> <span class='ocrx_word' id='word_1_532' title='bbox 2966 4730 3038 4774; x_wconf 89' lang='lat' dir='ltr'>se</span> <span class='ocrx_word' id='word_1_533' title='bbox 3083 4708 3149 4773; x_wconf 91' lang='lat' dir='ltr'>in</span> <span class='ocrx_word' id='word_1_534' title='bbox 3208 4710 3725 4798; x_wconf 87' lang='lat' dir='ltr'>comparatione</span> <span class='ocrx_word' id='word_1_535' title='bbox 3781 4709 3868 4776; x_wconf 84' lang='lat' dir='ltr'>ad</span> 
     </span>
     <span class='ocr_line' id='line_1_90' title="bbox 2310 4813 3867 4905; baseline 0.001 -26"><span class='ocrx_word' id='word_1_536' title='bbox 2310 4813 2513 4880; x_wconf 88' lang='lat' dir='ltr'>aliam</span> <span class='ocrx_word' id='word_1_537' title='bbox 2555 4822 2621 4879; x_wconf 89' lang='lat' dir='ltr'>et</span> <span class='ocrx_word' id='word_1_538' title='bbox 2673 4813 2991 4880; x_wconf 80' lang='lat' dir='ltr'>discernit</span> <span class='ocrx_word' id='word_1_539' title='bbox 3030 4837 3144 4880; x_wconf 86' lang='lat' dir='ltr'>se:</span> <span class='ocrx_word' id='word_1_540' title='bbox 3199 4815 3360 4903; x_wconf 90' lang='lat' dir='ltr'>quia</span> <span class='ocrx_word' id='word_1_541' title='bbox 3413 4813 3527 4880; x_wconf 84' lang='lat' dir='ltr'>illa</span> <span class='ocrx_word' id='word_1_542' title='bbox 3582 4814 3867 4905; x_wconf 85' lang='lat' dir='ltr'>inquiri-</span> 
     </span>
     <span class='ocr_line' id='line_1_91' title="bbox 2313 4919 3868 4997; baseline 0.001 -9"><span class='ocrx_word' id='word_1_543' title='bbox 2313 4929 2441 4997; x_wconf 87' lang='lat' dir='ltr'>tur,</span> <span class='ocrx_word' id='word_1_544' title='bbox 2487 4930 2549 4988; x_wconf 90' lang='lat' dir='ltr'>et</span> <span class='ocrx_word' id='word_1_545' title='bbox 2582 4932 2736 4988; x_wconf 87' lang='lat' dir='ltr'>ante</span> <span class='ocrx_word' id='word_1_546' title='bbox 2776 4919 2905 4988; x_wconf 87' lang='lat' dir='ltr'>hoc</span> <span class='ocrx_word' id='word_1_547' title='bbox 2946 4944 3084 4988; x_wconf 91' lang='lat' dir='ltr'>non</span> <span class='ocrx_word' id='word_1_548' title='bbox 3118 4920 3537 4990; x_wconf 80' lang='lat' dir='ltr'>habebatur:</span> <span class='ocrx_word' id='word_1_549' title='bbox 3602 4931 3666 4990; x_wconf 88' lang='lat' dir='ltr'>ct</span> <span class='ocrx_word' id='word_1_550' title='bbox 3735 4921 3868 4989; x_wconf 89' lang='lat' dir='ltr'>hoc</span> 
     </span>
     <span class='ocr_line' id='line_1_92' title="bbox 2310 5027 3866 5120; baseline 0.001 -25"><span class='ocrx_word' id='word_1_551' title='bbox 2310 5038 2489 5119; x_wconf 88' lang='lat' dir='ltr'>patet</span> <span class='ocrx_word' id='word_1_552' title='bbox 2520 5029 2899 5118; x_wconf 84' lang='lat' dir='ltr'>inspicienti</span> <span class='ocrx_word' id='word_1_553' title='bbox 2929 5027 3303 5118; x_wconf 82' lang='lat' dir='ltr'>originale:</span> <span class='ocrx_word' id='word_1_554' title='bbox 3342 5030 3504 5119; x_wconf 88' lang='lat' dir='ltr'>quia</span> <span class='ocrx_word' id='word_1_555' title='bbox 3533 5028 3615 5096; x_wconf 89' lang='lat' dir='ltr'>de</span> <span class='ocrx_word' id='word_1_556' title='bbox 3648 5030 3866 5120; x_wconf 90' lang='lat' dir='ltr'>inqui·</span> 
     </span>
     <span class='ocr_line' id='line_1_93' title="bbox 2307 5135 3864 5226; baseline 0.001 -25"><span class='ocrx_word' id='word_1_557' title='bbox 2307 5136 2553 5202; x_wconf 90' lang='lat' dir='ltr'>sitione</span> <span class='ocrx_word' id='word_1_558' title='bbox 2594 5136 2683 5201; x_wconf 92' lang='lat' dir='ltr'>ibi</span> <span class='ocrx_word' id='word_1_559' title='bbox 2717 5135 3041 5226; x_wconf 86' lang='lat' dir='ltr'>loquitur,</span> <span class='ocrx_word' id='word_1_560' title='bbox 3077 5136 3352 5224; x_wconf 88' lang='lat' dir='ltr'>quando</span> <span class='ocrx_word' id='word_1_561' title='bbox 3388 5157 3580 5203; x_wconf 87' lang='lat' dir='ltr'>mens</span> <span class='ocrx_word' id='word_1_562' title='bbox 3625 5139 3864 5225; x_wconf 81' lang='lat' dir='ltr'>quaerit</span> 
     </span>
     <span class='ocr_line' id='line_1_94' title="bbox 2307 5245 3746 5314; baseline 0.004 -6"><span class='ocrx_word' id='word_1_563' title='bbox 2307 5266 2377 5309; x_wconf 86' lang='lat' dir='ltr'>se</span> <span class='ocrx_word' id='word_1_564' title='bbox 2417 5252 2484 5309; x_wconf 86' lang='lat' dir='ltr'>et</span> <span class='ocrx_word' id='word_1_565' title='bbox 2515 5245 2773 5311; x_wconf 80' lang='lat' dir='ltr'>invenit</span> <span class='ocrx_word' id='word_1_566' title='bbox 2800 5267 2896 5310; x_wconf 86' lang='lat' dir='ltr'>se.</span> <span class='ocrx_word' id='word_1_567' title='bbox 3730 5303 3746 5314; x_wconf 92' lang='lat'><strong>.</strong></span> 
     </span>
    </p>

    <p class='ocr_par' dir='ltr' id='par_1_14' title="bbox 2393 5350 3859 5440">
     <span class='ocr_line' id='line_1_95' title="bbox 2393 5350 3859 5440; baseline 0.003 -25"><span class='ocrx_word' id='word_1_568' title='bbox 2393 5351 2498 5417; x_wconf 80' lang='lat' dir='ltr'>An</span> <span class='ocrx_word' id='word_1_569' title='bbox 2527 5374 2726 5419; x_wconf 74' lang='grc' dir='ltr'><strong>Λιιυι)</strong></span> <span class='ocrx_word' id='word_1_570' title='bbox 2754 5350 3145 5431; x_wconf 87' lang='lat' dir='ltr'>dicendum,</span> <span class='ocrx_word' id='word_1_571' title='bbox 3188 5351 3373 5440; x_wconf 91' lang='lat' dir='ltr'>quod</span> <span class='ocrx_word' id='word_1_572' title='bbox 3412 5375 3614 5420; x_wconf 87' lang='lat' dir='ltr'>nosse</span> <span class='ocrx_word' id='word_1_573' title='bbox 3652 5374 3724 5420; x_wconf 85' lang='lat' dir='ltr'>se</span> <span class='ocrx_word' id='word_1_574' title='bbox 3761 5361 3859 5420; x_wconf 88' lang='lat' dir='ltr'>est</span> 
     </span>
    </p>
   </div>
   <div class='ocr_carea' id='block_1_12' title="bbox 658 5446 3858 5549">
    <p class='ocr_par' dir='ltr' id='par_1_15' title="bbox 658 5446 3858 5549">
     <span class='ocr_line' id='line_1_96' title="bbox 658 5446 3858 5549; baseline 0.001 -26"><span class='ocrx_word' id='word_1_575' title='bbox 658 5457 900 5526; x_wconf 89' lang='lat' dir='ltr'>intueri</span> <span class='ocrx_word' id='word_1_576' title='bbox 934 5482 1003 5523; x_wconf 83' lang='lat' dir='ltr'>se</span> <span class='ocrx_word' id='word_1_577' title='bbox 1036 5457 1199 5525; x_wconf 89' lang='lat' dir='ltr'>nihil</span> <span class='ocrx_word' id='word_1_578' title='bbox 1242 5457 1424 5525; x_wconf 87' lang='lat' dir='ltr'>aliud</span> <span class='ocrx_word' id='word_1_579' title='bbox 1458 5467 1553 5526; x_wconf 89' lang='lat' dir='ltr'>est</span> <span class='ocrx_word' id='word_1_580' title='bbox 1589 5446 1790 5547; x_wconf 85' lang='lat' dir='ltr'>quam</span> <span class='ocrx_word' id='word_1_581' title='bbox 1836 5457 1901 5521; x_wconf 90' lang='lat' dir='ltr'>in</span> <span class='ocrx_word' id='word_1_582' title='bbox 1950 5454 2202 5521; x_wconf 87' lang='lat' dir='ltr'>lumine</span> <span class='ocrx_word' id='word_1_583' title='bbox 2303 5458 2616 5526; x_wconf 87' lang='lat' dir='ltr'>notitiam</span> <span class='ocrx_word' id='word_1_584' title='bbox 2646 5458 2826 5549; x_wconf 89' lang='lat' dir='ltr'>apud</span> <span class='ocrx_word' id='word_1_585' title='bbox 2855 5479 2925 5524; x_wconf 87' lang='lat' dir='ltr'>se</span> <span class='ocrx_word' id='word_1_586' title='bbox 2957 5455 3233 5535; x_wconf 88' lang='lat' dir='ltr'>habere,</span> <span class='ocrx_word' id='word_1_587' title='bbox 3275 5456 3387 5524; x_wconf 75' lang='lat' dir='ltr'>vel</span> <span class='ocrx_word' id='word_1_588' title='bbox 3418 5480 3537 5547; x_wconf 89' lang='lat' dir='ltr'>per</span> <span class='ocrx_word' id='word_1_589' title='bbox 3565 5460 3858 5548; x_wconf 88' lang='lat' dir='ltr'>speciem</span> 
     </span>
    </p>
   </div>
   <div class='ocr_carea' id='block_1_13' title="bbox 657 5563 2203 5762">
    <p class='ocr_par' dir='ltr' id='par_1_16' title="bbox 657 5563 2203 5762">
     <span class='ocr_line' id='line_1_97' title="bbox 662 5563 2203 5655; baseline -0.001 -24"><span class='ocrx_word' id='word_1_590' title='bbox 662 5564 776 5632; x_wconf 86' lang='lat' dir='ltr'>illo</span> <span class='ocrx_word' id='word_1_591' title='bbox 842 5565 967 5632; x_wconf 88' lang='lat' dir='ltr'>sihi</span> <span class='ocrx_word' id='word_1_592' title='bbox 1027 5564 1251 5653; x_wconf 88' lang='lat' dir='ltr'>objici.</span> <span class='ocrx_word' id='word_1_593' title='bbox 1324 5566 1492 5632; x_wconf 84' lang='lat' dir='ltr'>Cum</span> <span class='ocrx_word' id='word_1_594' title='bbox 1565 5567 1765 5655; x_wconf 83' lang='lat' dir='ltr'>igitur</span> <span class='ocrx_word' id='word_1_595' title='bbox 1831 5564 2056 5630; x_wconf 89' lang='lat' dir='ltr'>lumen</span> <span class='ocrx_word' id='word_1_596' title='bbox 2108 5563 2203 5629; x_wconf 86' lang='lat' dir='ltr'>in·</span> 
     </span>
     <span class='ocr_line' id='line_1_98' title="bbox 657 5670 2198 5762; baseline -0.001 -22"><span class='ocrx_word' id='word_1_597' title='bbox 657 5672 948 5740; x_wconf 85' lang='lat' dir='ltr'>ellectus</span> <span class='ocrx_word' id='word_1_598' title='bbox 982 5673 1243 5757; x_wconf 80' lang='lat' dir='ltr'>agentis</span> <span class='ocrx_word' id='word_1_599' title='bbox 1274 5695 1548 5762; x_wconf 81' lang='lat' dir='ltr'>semper</span> <span class='ocrx_word' id='word_1_600' title='bbox 1579 5670 1933 5761; x_wconf 79' lang='lat' dir='ltr'>splendeat</span> <span class='ocrx_word' id='word_1_601' title='bbox 1993 5693 2198 5759; x_wconf 82' lang='lat' dir='ltr'>super</span> 
     </span>
    </p>
   </div>
   <div class='ocr_carea' id='block_1_14' title="bbox 2304 5564 3860 5760">
    <p class='ocr_par' dir='ltr' id='par_1_17' title="bbox 2304 5564 3860 5760">
     <span class='ocr_line' id='line_1_99' title="bbox 2304 5564 3859 5657; baseline 0.003 -27"><span class='ocrx_word' id='word_1_602' title='bbox 2304 5564 2407 5632; x_wconf 81' lang='lat' dir='ltr'>vel</span> <span class='ocrx_word' id='word_1_603' title='bbox 2442 5588 2564 5655; x_wconf 92' lang='lat' dir='ltr'>per</span> <span class='ocrx_word' id='word_1_604' title='bbox 2592 5567 3051 5656; x_wconf 63' lang='lat' dir='ltr'>praesentiam,</span> <span class='ocrx_word' id='word_1_605' title='bbox 3114 5575 3177 5632; x_wconf 93' lang='lat' dir='ltr'>et</span> <span class='ocrx_word' id='word_1_606' title='bbox 3232 5564 3610 5657; x_wconf 88' lang='lat' dir='ltr'>intelligere</span> <span class='ocrx_word' id='word_1_607' title='bbox 3649 5589 3720 5635; x_wconf 91' lang='lat' dir='ltr'>se</span> <span class='ocrx_word' id='word_1_608' title='bbox 3760 5576 3859 5635; x_wconf 87' lang='lat' dir='ltr'>est</span> 
     </span>
     <span class='ocr_line' id='line_1_100' title="bbox 2304 5672 3860 5760; baseline 0.003 -24"><span class='ocrx_word' id='word_1_609' title='bbox 2304 5674 2427 5739; x_wconf 90' lang='lat' dir='ltr'>sibi</span> <span class='ocrx_word' id='word_1_610' title='bbox 2463 5674 2664 5760; x_wconf 86' lang='lat' dir='ltr'>objici</span> <span class='ocrx_word' id='word_1_611' title='bbox 2696 5675 2766 5740; x_wconf 92' lang='lat' dir='ltr'>in</span> <span class='ocrx_word' id='word_1_612' title='bbox 2797 5675 3034 5741; x_wconf 84' lang='lat' dir='ltr'>notitia</span> <span class='ocrx_word' id='word_1_613' title='bbox 3069 5674 3179 5740; x_wconf 92' lang='lat' dir='ltr'>illa</span> <span class='ocrx_word' id='word_1_614' title='bbox 3212 5683 3273 5741; x_wconf 92' lang='lat' dir='ltr'>et</span> <span class='ocrx_word' id='word_1_615' title='bbox 3299 5672 3449 5741; x_wconf 87' lang='lat' dir='ltr'>luce</span> <span class='ocrx_word' id='word_1_616' title='bbox 3482 5674 3860 5744; x_wconf 84' lang='lat' dir='ltr'>intellectus</span> 
     </span>
    </p>
   </div>
   <div class='ocr_carea' id='block_1_15' title="bbox 3974 3562 4115 3607">
    <p class='ocr_par' dir='ltr' id='par_1_18' title="bbox 3974 3562 4115 3607">
     <span class='ocr_line' id='line_1_101' title="bbox 3974 3562 4115 3607; baseline 0.007 -1"><span class='ocrx_word' id='word_1_617' title='bbox 3974 3562 4045 3606; x_wconf 71' lang='lat' dir='ltr'>Aet</span> <span class='ocrx_word' id='word_1_618' title='bbox 4073 3564 4115 3607; x_wconf 77' lang='lat'>².</span> 
     </span>
    </p>
   </div>
   <div class='ocr_carea' id='block_1_16' title="bbox 3971 5383 4110 5433">
    <p class='ocr_par' dir='ltr' id='par_1_19' title="bbox 3971 5383 4110 5433">
     <span class='ocr_line' id='line_1_102' title="bbox 3971 5383 4110 5433; baseline 0.05 -7"><span class='ocrx_word' id='word_1_619' title='bbox 3971 5383 4038 5428; x_wconf 70' lang='lat' dir='ltr'>Ad</span> <span class='ocrx_word' id='word_1_620' title='bbox 4067 5385 4110 5433; x_wconf 75' lang='grc'>3.</span> 
     </span>
    </p>
   </div>
  </div>
 </body>
</html>
