4897 6388
663 381 742 446 ιη
1644 378 1731 446 D.
1780 377 1980 446 ALB.
2030 377 2248 465 MAG,
2302 378 2520 491 om).
2561 382 2862 451 PRAED.
2919 450 2924 455 ,

742 552 806 617 2.
845 508 977 617 San
1015 571 1264 619 cois-rna
1306 570 1322 616 ε
1357 532 1537 615 Dfoit
1597 545 1919 634 Magister
1956 543 2198 631 Hug0,·

568 720 573 723 .
656 658 725 724 in
789 656 967 724 libro
1032 657 1253 746 primo
1312 655 1393 721 de
1462 651 1948 732 Sacramentis,
2010 648 2191 738 quod

651 785 858 852 opera
897 760 1404 828 restaurationis
1434 766 1592 825 sunt
1657 757 1939 824 materia
1985 778 2191 824 sacrae

653 868 1018 955 Scripturae
1052 892 1067 933 z
1114 887 1319 955 opera
1357 874 1583 933 autem
1614 863 2020 932 conditionis
2050 886 2192 930 ma-

649 976 818 1043 teria
848 974 1135 1043 aliarum
1202 977 1633 1044 scientiarum
1688 997 1704 1045 :
1765 998 1905 1043 non
1954 996 2191 1043 omnes

649 1091 876 1151 autem
917 1106 1024 1152 res
1062 1086 1399 1173 pertinent
1446 1085 1529 1153 ad
1585 1108 1789 1175 opera
1850 1091 2193 1152 restaura-

646 1192 853 1260 tionis
887 1214 904 1259 :
935 1214 1110 1283 ¹ergo
1152 1216 1256 1260 res
1304 1190 1772 1260 universaliter
1827 1212 1966 1257 non
2032 1196 2191 1256 sunt

648 1297 1051 1389 subJectum,
1083 1300 1192 1367 vel
1232 1323 1386 1390 pars
1416 1298 1697 1388 subjecti
1728 1295 1930 1395 ¹hujus
1967 1295 2190 1362 scien-

646 1410 783 1474 tiae.

733 1514 797 1581 3.
841 1512 1204 1590 Praeterea,
1261 1510 1632 1602 Theologia
1668 1510 1911 1579 dicitur
1956 1533 1996 1578 a
2051 1522 2184 1586 Θεός

645 1620 827 1711 quod
882 1628 985 1688 est
1037 1622 1249 1704 DeuS,
1320 1628 1384 1687 et
1422 1634 1613 1711 λόγος,
1668 1642 1886 1688 sermo
1933 1642 1949 1687 ε
2001 1640 2182 1709 -ergo

643 1729 791 1819 ipsa
817 1734 917 1795 est
945 1728 1168 1821 primo
1227 1727 1310 1796 de
1342 1727 1483 1795 Deo
1524 1751 1539 1794 ε
1577 1736 1643 1795 et
1710 1749 1933 1795 sermo
1972 1727 2188 1793 scien-

643 1837 752 1904 tiae
781 1842 884 1905 est
926 1835 1009 1905 de
1064 1859 1189 1904 suo
1266 1835 1566 1923 subjecto
1627 1857 1643 1904 ε
1695 1857 1857 1925 ergo
1920 1833 2187 1901 videtur

644 1943 828 2036 quod
864 1944 1014 2033 ipsa
1038 1944 1127 2010 sit
1154 1943 1462 2022 scientia,
1494 1941 1575 2009 de
1607 1940 1748 2010 Deo
1779 1948 1856 2008 ut
1891 1940 1973 2008 de
2015 1940 2184 2008 sub-

632 2051 843 2141 jecto.

728 2159 794 2229 4.
837 2158 1037 2240 Item,
1099 2156 1418 2226 Scientiae
1491 2156 1814 2224 diss'erunt
1872 2155 2185 2224 nobilita·

640 2273 709 2336 te
772 2267 1145 2336 secundum
1175 2265 1626 2333 differentiam
1654 2272 1721 2333 et
1756 2264 2182 2333 nobilitatem

516 2458 523 2463 ,
642 2373 1130 2465 subjectorum,
1199 2379 1276 2441 ut
1313 2372 1471 2441 dicit
1528 2371 1915 2441 Priscianus
1975 2393 2180 2440 :cum

436 2982 521 3041 *ᾖ*

64 3639 552 3748 2·4s01·uo.

640 2503 804 2574 ergo
831 2479 1205 2573 Theologia
1258 2480 1347 2548 sit
1400 2480 1679 2548 scientia
1732 2477 2175 2558 nobilissima,

639 2589 785 2681 ipsa
816 2590 945 2658 erit
966 2588 1373 2658 nobilissimi
1403 2587 1685 2677 subjecti
1729 2609 1744 2655 ε
1789 2594 1856 2656 et
1881 2586 2013 2657 hoc
2040 2609 2180 2656 non

640 2707 746 2769 est
769 2699 901 2769 nisi
934 2698 1167 2767 Deus:
1215 2719 1377 2788 ergo
1420 2696 1602 2764 Deus
1663 2704 1765 2765 est
1798 2696 2177 2786 subjectum

636 2828 806 2898 ejus.

723 2916 791 2983 5.
836 2911 973 2982 Sed
1002 2909 1251 2992 adbuc,
1301 2910 1587 2980 Videtur
1658 2910 1841 3002 quod
1890 2909 2178 2979 litterale

634 3026 702 3086 et
736 3015 1085 3109 spirituale
1121 3024 1281 3085 sunt
1308 3015 1713 3103 subjectum,
1746 3039 1828 3085 eo
1850 3016 2034 3108 quod
2063 3015 2179 3084 illa

635 3122 1105 3194 universaliter
1139 3124 1210 3192 in
1267 3146 1346 3191 ea
1412 3131 1781 3192 tractantur
1823 3145 1838 3191 ε
1883 3122 2014 3193 hoc
2050 3147 2179 3192 au-

633 3240 768 3302 tem
807 3235 912 3301 est
940 3230 1324 3320 subjectum
1388 3232 1565 3299 circa
1622 3232 1806 3321 quod
1867 3241 2176 3301 versatur

632 3340 910 3410 scientia
947 3340 1420 3430 universaliter
1486 3362 1504 3407 ε
1562 3362 1725 3431 ergo
1776 3338 2061 3409 litterale
2109 3349 2177 3409 et

637 3446 985 3540 spirituale
1024 3455 1183 3516 sunt
1236 3447 1612 3533 subiectum
1643 3447 2056 3541 Theologiae.

728 3663 1038 3733 Somno.
1101 3663 1499 3742 Dicendum,
1556 3665 1740 3757 quod
1793 3667 2170 3758 subjeetum

637 3771 935 3841 scientim
964 3770 1210 3840 dicitur
1246 3771 1730 3863 multipliciter,
1771 3775 2019 3846 scilicet
2061 3802 2174 3872 ge-

635 3878 977 3958 neraliter,
1007 3887 1073 3949 et
1136 3879 1539 3971 specialiter.
1610 3884 2032 3954 Generaliter
2076 3889 2173 3957 sic

629 3996 707 4057 ut
732 4008 938 4057 omne
966 3985 1130 4056 illud
1172 3986 1434 4055 dicatur
1470 3988 1845 4078 subjectum
1875 4015 2022 4062 esse
2061 3995 2167 4064 vel

628 4116 783 4185 pars
819 4092 1130 4183 subjecti,
1161 4091 1244 4161 de
1273 4116 1407 4183 quo
1465 4102 1789 4164 tractatur
1833 4098 1900 4165 in
1947 4100 2172 4169 scien-

628 4199 769 4270 tia:
813 4199 1014 4268 etsie
1046 4221 1287 4267 verum
1337 4210 1436 4268 est
1490 4201 1673 4290 quod
1717 4202 1878 4271 dicit
1938 4207 2174 4298 Augu-

630 4310 873 4391 stinus,
904 4307 1088 4400 quod
1119 4331 1224 4377 res
1253 4315 1316 4374 et
1346 4311 1539 4399 signa
1569 4318 1728 4379 sunt
1748 4310 2163 4401 subjectum:

631 4438 768 4484 non
806 4423 1032 4484 tamen
1070 4414 1379 4484 absolute
1430 4417 1496 4482 in
1534 4437 1616 4484 eo
1665 4417 1846 4509 quod
1875 4441 2006 4501 res,
2047 4444 2170 4491 nec

631 4521 937 4592 absolute
976 4522 1045 4589 in
1082 4544 1164 4590 eo
1190 4522 1385 4614 -quod
1424 4524 1619 4612 signa
1660 4547 1675 4592 ε
1708 4525 1922 4594 sedin
1967 4551 2173 4619 quan·

631 4641 774 4702 tum
824 4631 1078 4699 faciunt
1107 4630 1338 4721 aliquo
1371 4631 1573 4699 modo
1605 4633 1686 4700 ad
1736 4632 2170 4705 beatitudinis

628 4738 1217 4831 participationem
1267 4764 1285 4808 ε
1330 4747 1393 4806 et
1452 4738 1580 4807 hoc
1622 4748 1809 4808 notat
1847 4744 2172 4834 Augusti·

631 4871 759 4917 nus
807 4869 965 4916 cum
1005 4845 1175 4915 infra
1206 4844 1456 4922 subdit,
1492 4844 1719 4915 dicens
1752 4868 1769 4916 ε
1808 4875 1841 4912 ι
1886 4847 1959 4916 ld
2006 4873 2166 4918 vero

633 4978 667 5012 «
709 4950 781 5017 in
810 4947 1012 5016 rebus
1052 4948 1618 5019 considerandum
1657 4962 1782 5030 est,
1843 4955 2026 5044 quod
2066 4979 2169 5024 res

634 5083 671 5122 et
710 5053 861 5123 aliae
894 5063 1053 5123 sunt
1080 5054 1326 5146 quibus
1382 5055 1741 5125 fruendum
1810 5068 1934 5140 est,
1968 5069 2092 5129 etc.
2129 5086 2162 5128 ιο

629 5162 732 5231 Ac
767 5165 824 5231 si
852 5162 1078 5232 dicat:
1149 5162 1521 5254 Theologia
1589 5187 1724 5231 non
1789 5166 2173 5255 speculatur

634 5291 739 5338 res
792 5270 862 5338 in
901 5277 1233 5362 quantum
1294 5293 1396 5338 res
1443 5279 1601 5338 sunt
1663 5269 1995 5353 absolute,
2053 5273 2172 5341 sed

631 5385 835 5468 prout
871 5376 1283 5445 ordinantur
1345 5377 1428 5444 ad
1475 5377 1952 5468 perfectionem
2017 5380 2170 5448 bea·

633 5484 938 5553 titudinis
968 5493 1034 5552 et
1050 5484 1511 5564 fruitioniS,ad
1541 5508 1709 5576 quas
1737 5486 2050 5577 quaedam
2067 5510 2173 5556 or·

704 5711 998 5788 ¹*ApocaL
1029 5727 1069 5784 1,
1102 5713 1138 5768 8
1196 5728 1211 5768 2
1263 5715 1377 5784 Euo
1430 5730 1547 5769 sum
1599 5713 1786 5786 ΑΙρΙια
1837 5723 1888 5772 et
1946 5716 2168 5788 Omeqa,

3409 216 3448 233 xe.
3481 236 3484 241 ⁵

3429 244 3441 259 s
3465 240 3471 247 ‘
3587 254 3590 259 .

3393 288 3396 291 .
3443 264 3462 281 κ
3483 262 3494 287 1.
3590 278 3595 295 Ῑ

3383 306 3386 311 .
3462 286 3495 332 χ
3539 307 3549 319 ,
3589 320 3590 323 ¹

3497 334 3528 361 'x‘

3521 368 3554 393 *Kx
3622 365 3627 370 ”

2300 512 2621 615 dinantur
2648 557 2725 617 ut
2751 551 3248 630 beatificantes,
3270 529 3602 641 quaedam
3631 517 3858 612 autem
3907 576 3913 580 ·

2299 660 2372 719 ut
2408 653 2809 742 adjuvantes
2841 663 2907 722 et
2937 655 3379 746 disponentes
3427 655 3514 723 ad
3559 653 3863 720 beatitu-
3988 694 3994 700 -
4066 639 4072 645 ’

2297 757 2525 827 dinem
2582 763 2758 829 sicut
2812 761 3032 829 utilia.
3107 761 3444 829 Similiter
3490 758 3860 828 dicendum

2298 876 2397 935 est
2424 868 2506 936 de
2539 870 2777 961 signis,
2821 868 3008 961 quod
3049 892 3193 937 non
3233 867 3757 936 considerantur
3787 865 3858 931 in

2292 976 2591 1066 generali
2632 979 3026 1068 acceptione
3054 979 3440 1068 signorum,
3493 974 3612 1041 sed
3655 979 3858 1062 prout

2292 1082 2765 1153 demonstrant
2852 1108 2993 1152 non
3050 1082 3495 1167 continendo,
3538 1079 3646 1147 vel
3729 1079 3855 1147 de-

2293 1199 2676 1257 monstrant
2721 1192 3134 1260 continendo
3164 1194 3484 1283 gratiam,
3552 1209 3702 1278 quae
3750 1193 3855 1252 est

2290 1299 2567 1387 propria
2621 1297 2978 1389 dispositio
3020 1298 3106 1366 ad
3138 1298 3657 1367 beatitudinem.

2378 1403 2534 1473 Alio
2573 1405 2781 1474 modo
2812 1407 3060 1475 dicitur
3088 1405 3477 1495 subjectum
3531 1400 3852 1493 speciali·

2293 1523 2415 1593 ter,
2450 1515 2627 1584 circa
2678 1515 2863 1607 quod
2914 1516 3311 1607 negotiatur
3364 1513 3650 1581 scientia
3688 1532 3852 1601 pro-

2291 1620 2515 1690 bando
2555 1623 2638 1692 de
2668 1625 2816 1714 ipso
2838 1625 3287 1715 proprietates
3319 1643 3474 1713 quae
3500 1620 3852 1712 passiones

2290 1727 2628 1812 dicuntur,
2698 1739 2765 1798 et
2820 1728 3239 1799 differentias
3294 1750 3419 1820 per
3489 1725 3846 1817 principia,

2290 1838 2545 1908 scilicet
2608 1841 2888 1932 propria
2957 1863 2974 1908 :
3024 1848 3092 1908 et
3143 1840 3262 1921 sic,
3299 1837 3578 1930 quidam
3674 1835 3849 1903 anti-

2290 1948 2406 2037 qui
2439 1947 2784 2028 dixerunt,
2830 1948 3014 2039 quod
3053 1946 3379 2017 credibile
3447 1944 3851 2036 generaliter

2288 2065 2640 2145 acceptum
2670 2065 2772 2125 est
2802 2056 3187 2147 subjectum
3250 2053 3670 2145 Theologiae.
3711 2052 3851 2120 Vo-

2289 2187 2368 2233 co
2410 2174 2636 2232 autem
2667 2163 2995 2233 credibile
3018 2163 3443 2255 qeneraliter
3467 2168 3841 2251 acceptum,

2285 2273 2783 2364 praeambulum
2814 2272 3129 2351 articulo,
3180 2274 3358 2341 sicut
3417 2269 3645 2338 Deum
3700 2289 3846 2336 esse

2286 2405 2624 2462 veracem,
2656 2383 2881 2451 Deum
2911 2402 3086 2461 esse,
3121 2402 3387 2449 sacram
3421 2378 3844 2468 Scripturam

2286 2514 2328 2559 a
2385 2489 2643 2582 Spiritu
2681 2497 2918 2560 sancto
2977 2510 3129 2558 esse
3191 2488 3472 2568 factam,
3543 2484 3846 2574 Scriptu-

2285 2621 2431 2666 ram
2462 2622 2602 2667 non
2636 2621 2839 2691 posse
2886 2597 3227 2682 excidere,
3282 2603 3352 2664 et
3414 2591 3836 2683 hujusmodi.

2283 2700 2371 2776 Et
2396 2709 2709 2777 similiter
2735 2706 3060 2777 articulos
3090 2707 3209 2798 qui
3250 2703 3629 2775 secundum
3673 2701 3843 2771 divi-

2284 2816 2546 2886 sionem
2605 2839 2844 2885 eorum
2892 2816 3012 2908 qui
3051 2813 3417 2884 ediderunt
3482 2810 3702 2881 Credo
3768 2810 3838 2876 in

2284 2925 2532 3006 Deum,
2565 2929 2726 2992 sunt
2754 2921 3117 2992 duodecim
3152 2942 3168 2988 ε
3203 2917 3582 2989 secundum
3612 2924 3840 2984 autem

2283 3030 2687 3099 divisionem
2715 3028 2948 3111 aliam,
2981 3050 3137 3120 quae
3186 3035 3291 3096 est
3326 3022 3705 3095 secundum
3736 3044 3840 3090 res

2281 3137 2650 3206 credendas
2691 3139 2761 3205 in
2802 3135 3016 3206 Credo
3070 3136 3142 3203 in
3192 3156 3413 3204 urium
3432 3135 3686 3211 Deum,
3724 3152 3840 3222 po·

2281 3246 2469 3326 sitas,
2501 3254 2662 3313 sunt
2696 3243 3240 3336 quatuordecim.
3283 3241 3370 3310 Et
3406 3241 3615 3310 etiam
3672 3237 3839 3306 illud

2281 3350 2465 3441 quod
2503 3351 2811 3440 sequitur
2866 3348 2954 3416 ad
2984 3347 3099 3417 illa
3138 3348 3278 3415 duo
3327 3368 3416 3415 ex
3469 3352 3661 3437 parte
3705 3342 3839 3411 bo-

2283 3479 2529 3524 norum
2596 3479 2896 3539 morum,
2965 3463 3044 3523 ut
3099 3454 3623 3524 fornicationem
3691 3474 3836 3520 esse

2280 3562 2591 3644 mortale,
2634 3572 2701 3631 et
2756 3560 3149 3652 hujusmodi
3212 3582 3229 3629 :
3291 3561 3377 3631 de
3451 3559 3599 3627 istis
3653 3559 3835 3626 enim

2281 3668 2606 3762 probatur
2650 3691 2854 3737 omne
2928 3667 3112 3761 quod
3157 3665 3488 3759 probatur
3541 3666 3613 3733 in
3648 3687 3838 3732 sacra

2283 3776 2653 3868 Scriptura.
2699 3773 3009 3866 Speciale
3038 3783 3270 3843 autem
3321 3773 3570 3841 dicitur
3614 3770 3839 3861 subje-

2277 3894 2489 3964 ctum,
2525 3884 2589 3951 id
2621 3865 2807 3975 quod
2851 3892 2954 3952 est
2991 3881 3269 3974 dignius
3300 3882 3478 3950 inter
3519 3879 3837 3948 conside-

2277 4001 2420 4060 rata
2469 3994 2537 4059 in
2567 3993 2874 4068 scientia,
2917 3998 2984 4059 et
3022 3990 3122 4059 sic
3183 3989 3567 4079 subjectum
3632 3984 3837 4073 hujus

2277 4100 2574 4167 scientiae
2628 4099 2808 4167 Deus
2840 4106 2962 4173 est.
3007 4122 3050 4166 a
3088 4119 3226 4188 quo
3288 4094 3772 4164 denominatur
3813 4114 3828 4159 :

2276 4228 2415 4273 non
2472 4213 2698 4272 autem
2756 4202 3068 4272 absolute
3126 4210 3393 4270 tantum
3449 4208 3550 4268 est
3607 4199 3837 4286 subje-

2274 4321 2487 4391 ctum,
2520 4310 2636 4380 sed
2664 4309 3040 4379 secundum
3070 4308 3258 4401 quod
3298 4309 3443 4397 ipse
3481 4313 3586 4374 est
3613 4302 3836 4394 Alpha

2275 4430 2342 4489 et
2388 4417 2674 4510 Omega,
2734 4418 3147 4508 principium
3216 4424 3285 4484 et
3352 4414 3609 4483 ssnis⁸:
3673 4414 3835 4503 quia

2274 4530 2372 4596 sic
2408 4549 2490 4595 ea
2518 4548 2668 4617 quae
2707 4533 2867 4592 s'unt
2897 4525 2966 4592 in
3007 4526 3184 4615 ipso,
3217 4522 3739 4592 considerantur
3766 4522 3833 4587 in

2275 4643 2404 4717 ista
2429 4632 2733 4708 scientia,
2778 4639 3128 4722 tamquam
3162 4629 3493 4720 principia
3532 4628 3619 4696 ab
3659 4629 3830 4718 ipso,

2274 4763 2425 4831 quae
2483 4746 2966 4829 repraesentant
3004 4736 3255 4804 indicia
3331 4738 3439 4803 sui
3507 4734 3828 4802 factoris:

2275 4849 2445 4914 sicut
2475 4845 2638 4914 dicit
2691 4844 3149 4935 Augustinus,
3203 4842 3389 4933 quod
3428 4842 3664 4909 omnia
3693 4841 3836 4908 cla-

2274 4961 2505 5022 mant:
2552 4979 2585 5019 ι
2620 4953 2769 5044 lpse
2809 4953 2963 5021 fecit
2988 4975 3140 5034 nos,
3172 4960 3240 5020 et
3278 4972 3420 5018 non
3458 4951 3586 5041 ipsi
3617 4973 3767 5018 nos.
3795 4977 3828 5012 ιι

2279 5060 2669 5130 Secundum
2710 5069 2940 5128 autem
2982 5058 3169 5151 quod
3197 5060 3341 5149 ipse
3385 5067 3489 5127 est
3529 5057 3707 5138 linis,
3739 5059 3834 5126 sic

2276 5165 2789 5234 considerantur
2814 5175 3096 5256 propter
3123 5165 3348 5255 ipsum
3391 5162 3703 5232 ordinata
3749 5162 3833 5230 ad

2278 5271 2483 5339 tinem
2525 5270 2745 5356 illum,
2787 5279 2861 5338 ut
2890 5270 3374 5361 dispositiones
3412 5268 3830 5347 ordinantes,

2275 5377 2450 5445 sicut
2497 5377 2810 5457 virtutes,
2843 5376 3050 5458 dona,
3102 5382 3557 5452 sacramenta,
3592 5382 3659 5442 et
3702 5372 3836 5439 hu-

2268 5483 2595 5573 jusmodi.

2267 5717 2614 5792 principium
2644 5723 2694 5775 οι
2717 5717 2867 5790 finis.
2898 5715 2986 5775 Cf.
3017 5717 3221 5824 etiam,
3267 5714 3518 5789 Apocal.
3548 5731 3689 5783 xxu,
3744 5717 3830 5771 ¹3.
