4897 6388
1814 329 1911 396 ΙΝ
1963 328 1986 394 l
2039 331 2462 401 SENTENT.
2515 336 2742 406 DIST.
2798 339 2958 448 XX,
3008 341 3095 434 A,
3144 343 3342 411 ART.
3400 348 3463 414 1.
3893 385 3923 401 ⁴-
4134 359 4263 426 545

2717 503 2938 592 prima
3003 515 3184 587 sunt,
3255 518 3320 577 et
3376 512 3563 580 nullo
3622 516 3826 584 modo
3879 519 4255 591 differunt:

2715 613 2878 699 ergo
2946 613 3181 681 eadem
3258 626 3415 685 sunt
3474 617 3518 685 ².
3596 620 3929 693 Paoaxrm
3991 652 4260 699 Mmoms

2715 715 2902 804 (quia
2940 720 3158 807 prima
3186 731 3471 812 constat)
3515 747 3532 796 ε
3581 725 3931 819 Simplicia
3971 738 4254 805 omnino

1512 808 2019 879 ARTlCULUS
2080 811 2132 881 Ι.
2391 871 2398 878 .
2711 819 2973 894 nullam
3013 823 3264 895 habent
3312 830 3809 903 differentiam:
3862 840 4021 929 quia
4070 843 4256 931 quod

2707 923 2916 995 habet
2947 930 3420 1016 differentiam,
3455 944 3904 1032 compositum
3949 955 4050 1014 est
4083 969 4098 1014 ε
4135 949 4254 1017 sed

1038 1027 1146 1092 An
1173 1026 1484 1115 potentia
1512 1027 1885 1094 secundum
1914 1050 2109 1095 omne
2132 1051 2349 1119 qenus
2376 1053 2594 1098 causae
2687 1033 2891 1104 ‚Deus
2930 1047 2996 1106 et
3034 1046 3318 1111 materia
3373 1048 3594 1136 prima
3648 1052 3980 1143 simplicia
4028 1065 4187 1124 sunt
4230 1082 4246 1125 :

1119 1136 1211 1201 sit
1249 1135 1322 1200 in
1359 1137 1533 1218 Dee,
1567 1136 1679 1202 vel
1722 1137 2099 1204 secundum
2142 1139 2436 1229 aliquod
2473 1163 2590 1229 qe·
2705 1163 2868 1231 ergo
2922 1145 3177 1214 nullam
3228 1149 3480 1220 habent
3531 1154 4030 1227 differentiam:
4085 1185 4247 1253 ergo

1122 1263 1254 1308 nus
1281 1251 1555 1310 tantum
1580 1245 1613 1313 ?
2703 1258 2863 1318 sunt
2895 1253 3073 1322 idem
3108 1278 3123 1325 :
3161 1281 3321 1350 ergo
3382 1262 3564 1330 Deus
3632 1273 3730 1333 est
3777 1272 4080 1356 potentia
4107 1295 4249 1339 ma-

2141 1375 2144 1380 ·
2697 1359 2957 1429 terialis
3009 1366 3343 1447 omnium,
3397 1372 3573 1438 sicut
3631 1374 3927 1445 efficiens
3987 1388 4053 1447 et
4098 1380 4247 1449 aliae

2696 1487 2943 1540 causae.

1119 1570 1248 1639 llio
1284 1580 1515 1640 autem
1544 1579 1701 1640 ante
1740 1573 2076 1639 Litteram
2125 1571 2429 1641 incidunt
2459 1575 2587 1641 tria
2785 1580 2847 1647 2.
2891 1578 3090 1665 Item,
3132 1582 3314 1652 Deus
3343 1585 3677 1657 abstrahit
3719 1590 3805 1658 ab
3848 1595 4038 1660 omni
4086 1604 4240 1665 ente

1025 1677 1432 1746 dubitabilia
1470 1701 1765 1772 quorum
1817 1679 2116 1770 primum
2164 1688 2289 1758 est,
2345 1678 2418 1748 Si
2466 1686 2586 1771 po,-
2693 1686 2882 1778 quod
2909 1687 3198 1758 trahitur
3235 1693 3304 1760 in
3326 1704 3588 1784 partem
3618 1701 3792 1767 entis
3825 1722 3842 1768 :
3878 1703 3995 1770 sed
4035 1725 4239 1773 omne

1021 1788 1232 1855 tentia
1263 1772 1640 1856 sec-undum
1673 1810 1879 1856 omne
1908 1811 2122 1879 genus
2152 1810 2371 1856 oausae
2401 1790 2580 1857 sitin
2689 1802 2845 1862 actu
2888 1817 3009 1890 ens
3037 1803 3324 1866 tractum
3358 1809 3425 1882 et
3463 1803 3985 1876 determinatum
4036 1820 4137 1879 est
4169 1812 4237 1880 in

1016 1881 1718 1980 Deojvelsecundum
1742 1895 2580 1987 aliquodgenustantum?
2688 1910 2956 1992 partem
3013 1905 3186 1972 eutis
3245 1928 3260 1974 z
3314 1930 3508 2000 ergo’
3538 1910 3869 1983 abstrahit
3916 1917 4004 1985 ab
4045 1920 4233 1986 omni

1105 2001 1502 2073 Secundum
1533 2012 1661 2089 est,
1714 2004 1962 2074 Utrum
2014 2006 2314 2096 potentia
2371 2007 2576 2074 unius
2686 2017 2841 2109 ente
2869 2019 3075 2080 actu:
3128 2036 3291 2105 ergo
3349 2016 3756 2109 relinquitur
3801 2031 4064 2095 tantum
4112 2048 4233 2096 ens

1015 2110 1300 2179 rationis
1337 2112 1423 2179 sit
1463 2111 1546 2180 ad
1576 2114 1957 2202 potentiam
1987 2112 2257 2181 creandi
2297 2121 2363 2180 et
2411 2135 2574 2203 pro·
2683 2114 2756 2181 in
2788 2118 3097 2206 potentia
3128 2140 3144 2186 :
3181 2141 3341 2212 ergo
3366 2144 3486 2190 ens
3518 2126 3587 2192 in
3627 2131 3926 2219 potentia
3955 2140 4058 2201 est
4086 2135 4230 2223 pri-

1017 2218 1349 2286 eessionis
1377 2241 1829 2309 personarum
1848 2221 1882 2287 ’ἶ
2167 2255 2176 2263 -
2680 2243 2897 2289 mum.
2944 2221 3252 2292 Primum
3282 2236 3511 2297 autem
3551 2241 3652 2301 est
3681 2242 3836 2303 ante
3874 2237 4058 2328 quod
4088 2261 4224 2309 non

1101 2324 1409 2393 Tertium
1460 2335 1586 2406 est,
1632 2325 1881 2395 Utrum
1921 2325 2051 2393 illae
2094 2327 2412 2417 potentiae
2455 2326 2572 2394 ha·
2678 2338 2780 2397 est
2808 2328 3068 2421 aliquid
3099 2333 3419 2423 possibile
3449 2338 3827 2433 intelligere
3860 2365 3876 2410 ε
3913 2344 4080 2415 illud
4110 2370 4229 2415 au·

1009 2431 1176 2501 bent
1214 2432 1526 2502 ordinem
1556 2433 1937 2504 secundum
1984 2435 2315 2503 rationem
2363 2432 2566 2502 intel-
2674 2429 2818 2506 tem
2846 2433 3148 2529 primum
3189 2452 3343 2512 ante
3369 2447 3555 2537 quod
3583 2447 3755 2517 nihil
3783 2453 4103 2542 possibile
4123 2465 4224 2525 est

1007 2537 1337 2631 ligentiae,
1375 2549 1438 2610 et
1481 2563 1636 2633 quae
1681 2541 1953 2610 illarum
1982 2543 2071 2610 sit
2104 2542 2340 2633 prior?
2676 2545 3080 2638 intelligere,
3122 2559 3224 2618 est
3254 2550 3437 2621 Deus
3470 2576 3487 2623 ε
3532 2578 3695 2648 ergo
3726 2581 3845 2627 ens
3875 2561 3944 2628 in
3974 2571 4224 2653 poten-

1919 2655 1932 2667 “
2672 2655 2765 2721 tia
2796 2661 2863 2722 et
2905 2653 3084 2724 Deus
3108 2655 3288 2725 idern
3320 2669 3480 2730 sunt
3520 2683 3536 2730 :
3572 2686 3692 2732 ens
3731 2675 3961 2736 autem
3993 2672 4217 2760 primo

1096 2753 1159 2819 1.
1195 2751 1484 2821 Videtur
1521 2762 1781 2838 autem,
1824 2754 2009 2846 quod
2058 2755 2283 2823 omnis
2320 2761 2562 2846 poten·
2671 2760 2740 2828 in
2777 2764 3082 2853 potentia
3111 2766 3303 2856 ponit
3334 2773 3688 2840 materiam
3716 2774 4006 2866 primam
4045 2801 4062 2846 ε
4106 2802 4218 2849 er-

1001 2860 1096 2927 tia
1126 2861 1216 2929 sit
1245 2861 1316 2928 in
1345 2861 1523 2943 Deo,
1583 2884 1708 2954 per
1743 2859 1880 2932 hoo
1925 2863 2109 2955 quod
2158 2863 2385 2931 omnis
2429 2885 2562 2955 po·
2664 2890 2756 2960 go
2786 2870 2974 2939 Deus
3010 2880 3078 2942 et
3106 2877 3387 2944 materia
3423 2888 3584 2949 sunt
3615 2881 3816 2953 idem.

997 2969 1212 3035 tentia
1250 2966 1630 3038 nobilitatis
1658 2977 1762 3038 est
1794 2992 1812 3038 ε
1862 2992 2026 3062 ergo
2088 2991 2293 3039 omne
2342 2991 2558 3062 genus
2755 2976 2821 3047 3.
2859 2975 3059 3063 Item,
3092 2977 3434 3073 Quidquid
3467 3007 3736 3058 necesse
3768 3003 3867 3061 est
3906 3017 4214 3088 praesup-

1004 3076 1329 3165 potentiae
1362 3075 1563 3145 debet
1600 3076 1731 3145 sibi
1761 3076 2066 3146 attribui.
2662 3107 2921 3186 ponere
2965 3093 3122 3155 ante
3186 3111 3389 3159 omno
3447 3093 3621 3178 (ieri,
3680 3107 3745 3167 et
3798 3112 3953 3193 post
4006 3127 4212 3175 omne

1082 3185 1149 3252 2.
1186 3183 1385 3269 ltem,
1449 3186 1757 3269 Constat,
1809 3185 1994 3280 quod
2056 3188 2198 3278 ipse
2253 3193 2354 3256 est
2402 3187 2555 3257 esti-
2660 3193 3035 3286 corrumpi.
3095 3197 3316 3287 ipsum
3376 3211 3477 3269 est
3534 3205 3680 3273 sine
3746 3210 4077 3302 principio
4144 3221 4210 3282 et

991 3294 1180 3362 ciens
1213 3316 1230 3361 :
1265 3295 1383 3364 sed
1436 3303 1574 3365 tres
1629 3276 1718 3364 in'
1748 3318 1962 3364 unum
1999 3296 2418 3377 coincidunt,
2479 3305 2553 3366 ut
2658 3302 2845 3372 tine:
2893 3305 3265 3394 potentiam
3317 3312 3732 3383 materialem
3791 3340 4068 3393 necesse
4105 3331 4206 3391 eat

990 3402 1153 3472 dicit
1210 3402 1735 3496 Philosophus:
1778 3427 1943 3498 argo
1992 3406 2134 3496 ipse
2183 3406 2389 3476 etiam
2446 3415 2549 3475 est
2655 3434 3185 3505 praesupponere
3240 3427 3395 3486 ante
3451 3443 3657 3493 omne
3714 3428 3882 3508 lieri,
3928 3439 3996 3499 et
4050 3442 4205 3523 post

989 3508 1320 3590 formalis,
1353 3519 1421 3580 et
1461 3511 1686 3580 finalis
1730 3534 1747 3581 ε
1790 3533 1955 3604 ergo
1976 3513 2283 3604 potentia
2321 3534 2544 3581 oausoe
2652 3539 2858 3588 omne
2887 3524 3230 3613 corrumpi
3276 3545 3292 3591 ε
3335 3547 3500 3618 ergo
3544 3535 3845 3620 potentia
3890 3538 4202 3607 materia·

990 3616 1299 3687 l'ormalia
1326 3628 1393 3687 et
1424 3618 1648 3687 finalis
1692 3619 1894 3688 estin
1947 3620 2136 3710 ipso:
2171 3628 2237 3689 et
2267 3619 2396 3689 hoc
2440 3620 2542 3710 ip·
2651 3625 2733 3694 lis
2771 3628 3050 3697 estsine
3085 3629 3418 3723 principio
3457 3644 3525 3704 et
3570 3639 3718 3709 sine
3758 3641 3912 3712 fine.
3972 3644 4201 3715 Prima

985 3747 1139 3793 sum
1156 3728 1619 3797 communiter
1645 3727 1919 3808 dicitur,
1946 3728 2123 3805 unde
2149 3729 2355 3798 etiam
2383 3750 2544 3796 ver·
2646 3741 2833 3825 patet
2874 3757 2998 3826 per
3023 3757 3118 3804 ae.
3179 3736 3495 3811 Secunda
3544 3746 3871 3836 probatur
3907 3773 4031 3843 par
4069 3751 4199 3824 hoc

985 3856 1103 3900 sus
1141 3832 1437 3903 dicitur:
1481 3880 1492 3883 ψ
2644 3840 2833 3933 quod
2870 3842 2941 3909 in
2979 3844 3168 3912 omui
3228 3845 3371 3915 [ieri
3428 3873 3703 3923 necesse
3763 3866 3861 3926 est
3916 3860 4195 3954 aliquod

2642 3970 3180 4041 praesupponere
3227 3953 3637 4045 subjectum,
3686 3972 3750 4031 et
3787 3976 3939 4057 post
3985 3992 4190 4039 omne

1153 4044 1436 4100 Efficiens
1464 4058 1648 4101 causa
1677 4045 1835 4101 Deus
1863 4049 1976 4111 est,
2007 4043 2274 4101 formalis
2302 4043 2457 4114 idea,
2642 4057 2989 4147 corrumpi
3048 4080 3320 4129 necesse
3377 4072 3479 4132 ρει
3536 4066 3918 4162 relinquero
3984 4075 4051 4144 id
4117 4078 4187 4146 iu

1220 4134 1445 4191 l-'inalis
1475 4132 1737 4203 bonitas,
1768 4134 2099 4192 materialis
2128 4135 2284 4208 hyle.
2642 4163 2828 4255 quod
2865 4178 3397 4258 corrumpamur
3432 4194 3589 4263 quae
3630 4193 4183 4273 corrumpuntur,

2640 4277 2707 4338 et
2739 4268 2873 4338 hoc
2899 4278 3000 4339 est
3059 4279 3359 4362 potentia
3414 4283 3781 4352 materialis
3824 4308 3840 4354 :
3884 4311 4047 4380 ergo
4086 4303 4188 4361 est

1062 4359 1129 4424 3,
1195 4357 1392 4433 ltem,
1465 4356 1738 4439 dicitur,
1800 4357 2082 4449 Apocal·
2148 4381 2353 4436 mxu,
2421 4360 2526 4436 ¹32
2639 4376 2785 4444 sine
2825 4376 3156 4468 principio
3197 4392 3263 4449 et
3315 4384 3447 4453 fine
3490 4408 3506 4453 :
3551 4398 3619 4457 et
3655 4389 3823 4461 nihil
3873 4406 3975 4463 est
4038 4399 4184 4467 sine

974 4462 1158 4554 «guod
1194 4465 1335 4555 ipse
1365 4473 1466 4532 est
1507 4502 1562 4552 a,
1586 4472 1654 4533 et
1682 4502 1749 4552 ω,
1772 4466 2178 4557 principium
2212 4473 2277 4533 et
2308 4465 2523 4542 suasu
2638 4483 2972 4576 principio
3001 4494 3071 4556 et
3109 4485 3240 4558 fine
3273 4491 3402 4559 nisi
3437 4492 3616 4563 Deus
3660 4518 3677 4565 ε
3718 4521 3881 4591 ergo
3927 4503 3994 4570 in
4036 4501 4181 4575 Deo

979 4572 1165 4639 Finis
1194 4581 1423 4642 autem
1456 4581 1520 4642 et
1550 4572 1775 4642 forma
1803 4581 1960 4645 sunt
1989 4574 2194 4643 idem·
2633 4599 2736 4661 est
2803 4594 3105 4683 potentia
3169 4600 3539 4670 materialis
3630 4605 3802 4675 sicut
3874 4615 4179 4701 potentia

2632 4721 2991 4768 causarum
3015 4701 3325 4776 aliarum.

1062 4788 1199 4857 Sed
1231 4788 1312 4856 de
1346 4790 1649 4879 potentia
1687 4811 1910 4858 oausae
1943 4788 2313 4857 materialis
2337 4787 2525 4856 vide·
2724 4806 2858 4875 820
2886 4830 3142 4879 com-M
3177 4836 3194 4880 :
4202 4892 4302 4939 sd
4429 4904 4445 4941 ι

965 4906 1076 4964 tur
1113 4899 1318 4964 etiam
1350 4919 1552 4988 posse
1599 4895 1873 4988 probari
1913 4898 2034 4977 Sic·
2067 4905 2132 4964 Θῑ
2179 4904 2282 4965 θδῐ
2328 4893 2526 4983 Oble-
2724 4916 2785 4982 1.
2847 4914 3308 5011 Philosophus
3364 4923 3549 5006 dicit,
3631 4931 3811 5021 quod
3872 4933 4173 5005 efficiens
4328 4907 4522 4945 (σπη’

965 5007 1099 5072 ctio
1130 5003 1500 5071 Alexandri
1527 5003 1888 5093 cujusdam
1927 5002 2164 5086 Graeci,
2198 5010 2267 5072 θῑ
2304 5000 2524 5070 David
2628 5041 3008 5112 numquam
3039 5026 3420 5098 estfactum
3457 5054 3476 5101 ε
3510 5056 3672 5126 ergo
3704 5039 4174 5114 universaliter

964 5116 1049 5180 de
1090 5111 1397 5180 Dinanto
1435 5110 1705 5180 Latinie
2232 5108 2241 5117 ⁴
2628 5135 2929 5204 efficiens
2984 5157 3124 5204 non
3162 5144 3263 5205 est
3317 5142 3790 5214 universaliter
3842 5147 4092 5220 factum
4148 5175 4165 5223 t

1060 5224 1122 5286 ¹·
1175 5220 1651 5311 Qua‘cumqufl
1707 5228 1893 5301 ⁸⁰⁰²,
1950 5226 2018 5287 0²
2071 5217 2261 5287 ”⁰¹¹⁰
2319 5216 2521 5286 ¹¹¹⁰d⁰
2626 5242 3103 5312 universaliter
3129 5244 3429 5316 efficiens
3457 5249 3643 5320 Deus
3672 5263 3798 5336 est,
3840 5260 3999 5348 quia
4028 5261 4172 5353 ipse

965 5328 1313 5409 differunt,
1355 5328 1596 5398 eadem
1644 5337 1852 5397 sunt:
1905 5329 2087 5398 Deus
2134 5338 2202 5398 et
2239 5330 2521 5397 materia
2625 5352 2768 5444 agit
2821 5352 3154 5445 quidquid
3188 5354 3264 5423 fit
3336 5380 3353 5424 :
3414 5361 3887 5435 universaliter
3941 5380 4170 5441 autem

923 5610 928 5614 -
1033 5574 1046 5608 ¹
1085 5582 1128 5629 Α
1141 5575 1334 5647 pocal.
1368 5590 1508 5644 xxn,
1539 5576 1605 5628 13
1646 5589 1660 5629 2
1692 5575 1809 5645 qu
1853 5590 1972 5630 svm
2003 5575 2180 5646 1⁴¹th
2207 5584 2262 5632 εἱ
2291 5582 2517 5651 Omma,
2692 5596 2717 5633 ²
2753 5598 2837 5654 cr.
2872 5599 2933 5654 Β.
2968 5601 3291 5671 Amnum,
3318 5605 3362 5659 n
3397 5608 3462 5663 P.
3494 5609 3723 5668 Summ.
3748 5613 3821 5672 de
3850 5617 4171 5693 Creaturis,

953 5669 1173 5739 primus
1203 5673 1255 5722 ct
1288 5667 1636 5735 norissimus,
1660 5666 2005 5736 principium
2036 5673 2087 5722 et
2110 5670 2258 5737 fiunis.
2623 5705 2756 5761 qum
2803 5696 2895 5746 est
2924 5689 2997 5747 de
3021 5692 3287 5765 Homine,
3319 5697 3385 5763 Q.
3420 5701 3472 5756 2.
3508 5704 3705 5758 memb
3750 5708 3804 5775 2,
3835 5714 3985 5780 part.
4023 5713 4074 5768 1.

1257 5796 1366 5841 xxv
3841 5830 3909 5879 33
