4897 6388
586 273 821 355 V128
952 318 959 325 -

1687 247 1770 354 n.
1821 286 2033 358 ALB:
2068 259 2549 364 MA'Gsonn.
2606 292 2906 364 pnAEn.

886 832 981 906 H.
1016 828 1407 920 Quomodo
1435 826 1773 927 oequolio
1789 835 1990 925 sunt,
2021 831 2204 931 quia
2237 835 2654 931 capiuntur
2676 860 2724 911 a
2769 834 3103 933 sinyulz‘s
3136 838 3407 912 omnia
3437 844 3513 913 et
3535 844 3691 914 tota
3707 839 3747 911 7

780 1166 1142 1265 AEqualia
1168 1167 1397 1244 etiam
1438 1175 1619 1240 sunt
1649 1191 1803 1241 non
1843 1165 2092 1242 solum
2125 1168 2432 1266 singula
2462 1170 2820 1266 singulis,
2866 1171 3000 1246 sed
3045 1170 3275 1246 etiem
3356 1167 3667 1267 singula
3738 1194 3892 1244 om·

638 1323 641 1326 ’
683 1303 954 1379 nibus:
991 1303 1335 1401 alioquin
1379 1326 1534 1376 non
1566 1324 1648 1376 se
1677 1300 2005 1376 invicem
2038 1313 2444 1401 caperent:
2482 1329 2563 1380 se
2603 1314 2866 1380 autem
2918 1305 3254 1380 invicem
3321 1306 3662 1411 oapiunt.
3745 1304 3891 1378 Ca-

678 1439 1001 1538 piuntur
1029 1438 1235 1513 enim
1269 1447 1343 1511 et
1370 1459 1418 1510 a
1454 1435 1782 1533 singulis
1811 1435 2145 1533 singula,
2190 1448 2267 1512 et
2297 1460 2342 1512 a
2370 1437 2700 1537 singulis
2730 1441 3022 1515 omnia.
3103 1440 3432 1515 Memini
3491 1440 3699 1515 enim
3768 1462 3887 1514 me

574 1667 579 1670 Ἴ
678 1573 962 1648 habere
1004 1570 1477 1656 memoriam,
1519 1578 1592 1645 et
1638 1568 2254 1667 intelligentiam,
2299 1579 2373 1646 et
2444 1575 2967 1649 voluntatem:
3016 1583 3094 1649 et
3157 1573 3509 1671 intelligo
3574 1597 3692 1649 me
3762 1574 3885 1648 in-

680 1706 1053 1804 telligere,
1098 1706 1425 1818 eti-felle,
1471 1712 1702 1802 atque
1744 1681 2240 1780 meminisse:
2288 1715 2363 1781 et
2388 1710 2562 1784 volo
2644 1732 2765 1783 me
2831 1708 3058 1794 velle,
3129 1715 3205 1781 et
3263 1706 3736 1795 meminisse,
3810 1718 3880 1783 et

678 1841 1137 1942 intelligere.

1038 2298 1536 2370 ARTlCULUS
1584 2298 1841 2367 XXIX.

673 2519 922 2587 Utrum
951 2515 1283 2583 memoria
1309 2537 1575 2604 semper
1607 2523 1706 2582 est
1758 2513 1832 2606 {n
1861 2514 2211 2583 intellectu

754 2633 818 2690 el
854 2621 1233 2703 voluntate,
1275 2632 1339 2689 et
1368 2619 1752 2688 intellectus
1783 2621 1854 2688 in
1880 2620 2211 2690 memoria

755 2739 819 2798 el
846 2729 1222 2807 voluntate,
1273 2739 1336 2796 et
1399 2728 1721 2796 voluntas
1751 2727 1821 2795 in
1876 2729 2208 2798 memoria

754 2848 818 2905 el
848 2836 1200 2906 intellectu
1224 2835 1265 2905 ?

756 3190 792 3232 ι
825 3163 1174 3256 AEqualia
1202 3163 1408 3232 etiam
1443 3169 1606 3230 sunt
1642 3181 1776 3228 non
1808 3158 2037 3229 solum
2060 3161 2215 3229 sin-

659 3272 836 3363 qula
860 3272 1184 3363 εἰηρηὶίε,
1217 3279 1344 3339 etc.
1381 3294 1417 3336 ι

753 3379 879 3449 Hic
944 3380 1181 3471 incipit
1245 3377 1358 3445 illa
1414 3398 1574 3467 pars
1632 3377 1700 3443 in
1783 3395 1917 3466 qua
1992 3377 2210 3468 tangit

662 3489 998 3557 dictarum
1049 3488 1512 3579 potentiarum
1587 3480 2052 3575 equalitatem.
2124 3483 2210 3552 Et

662 3595 1082 3664 dividitur-in
1117 3593 1288 3662 duas
1325 3599 1592 3683 partes:
1641 3612 1930 3682 quarum
1986 3593 2208 3682 prima

659 3704 962 3772 eontinet
999 3724 1235 3772 earum
1297 3698 1757 3791 aequalitatem
1825 3697 1893 3765 in
1937 3720 2054 3768 se:
2093 3720 2208 3769 se-

659 3810 882 3880 cunda
938 3832 1175 3879 earum
1231 3807 1539 3878 eontinet
1587 3804 2040 3897 aequalitatem
2087 3829 2205 3875 se-

657 3918 956 3988 cundum
987 3920 1093 3986 sui
1122 3915 1554 3992 totalitatem,
1623 3924 1693 3982 et
1720 3914 1953 4003 incipit
1991 3914 2109 3995 ibi,
2142 3914 2200 3989 1.

662 4055 696 4089 α
745 4029 1112 4118 Totamque
1139 4046 1360 4094 meam
1398 4022 1824 4099 memoriam,
1864 4029 1992 4090 ete.
2027 4047 2064 4088 ι

744 4135 825 4203 ln
890 4135 1101 4225 priori
1164 4130 1462 4223 capitulo
1537 4127 1894 4221 dupliciter
1961 4128 2202 4221 probat

652 4240 1137 4332 aequalitatem,
1184 4239 1462 4318 seilicet,
1533 4239 1693 4328 quia
1746 4237 2106 4326 capiuntur
2159 4260 2201 4307 a

654 4348 944 4436 singulis
1004 4349 1268 4425 omitia.
1346 4357 1411 4415 et
1476 4369 1517 4413 a
1573 4342 1859 4435 siugulis
1886 4344 2197 4438 singula:

653 4459 823 4527 sicut
856 4456 1185 4526 memoria
1217 4456 1394 4546 capit
1445 4451 1861 4522 intellectum
1926 4474 2046 4543 per
2095 4476 2194 4532 se,

652 4577 717 4636 et
746 4570 1010 4657 capitur
1044 4564 1131 4633 ab
1171 4565 1318 4655 ipso
1386 4585 1506 4653 per
1564 4582 1637 4629 se
1709 4560 1855 4629 sine
1902 4561 2188 4651 conjun-

650 4675 873 4745 ctione
904 4673 989 4741 ad
1036 4670 1506 4740 voluntatem:
1566 4677 1633 4736 et
1702 4666 2021 4736 voluntas
2073 4690 2196 4737 ca·-

651 4784 832 4873 pitur
863 4802 982 4872 per
1018 4803 1090 4848 se
1121 4802 1159 4845 a
1191 4778 1545 4854 memoria,
1578 4785 1645 4845 et
1675 4798 1795 4865 per
1822 4797 1892 4842 se
1942 4776 2028 4844 ab
2084 4775 2194 4844 in-

650 4889 947 4968 tellectu,
988 4897 1057 4957 et
1110 4910 1146 4955 e
1194 4907 1565 4955 converso:
1618 4906 1656 4951 a
1721 4882 2000 4973 singulis
2065 4907 2194 4953 au-

653 5008 787 5065 tem
855 4996 1114 5078 omnia,
1165 4997 1323 5087 quia
1384 4994 1711 5061 memoria
1766 4992 1942 5080 capit
1996 5016 2067 5062 se
2123 5003 2190 5063 et

652 5101 1065 5171 intellectum
1094 5110 1159 5170 et
1188 5098 1612 5168 voluntatem
1652 5095 2063 5183 conjunctim
2121 5108 2190 5169 et

648 5211 875 5287 simul.
909 5218 976 5278 et
1024 5208 1339 5277 similiter
1382 5205 1760 5275 intellectus
1813 5227 1967 5273 cum
2040 5206 2189 5277 aliis

645 5320 912 5388 duobus
939 5320 1381 5409 conjunctim,
1418 5326 1485 5387 et
1525 5314 1762 5385 eodem
1812 5314 2013 5384 modo
2058 5340 2189 5386 vo-

623 5423 870 5496 luntas
899 5427 1080 5517 capit
1124 5449 1198 5496 se
1243 5428 1314 5495 in
1368 5423 1846 5516 conjunctione
1882 5423 1967 5492 ad
2019 5424 2186 5495 alias

643 5536 853 5604 duas:
890 5544 959 5603 et
993 5531 1139 5604 haeo
1166 5544 1266 5602 est
1304 5532 1641 5602 sententia
1693 5531 1934 5622 prioris
1996 5536 2187 5628 eapi-

642 5640 790 5713 tuli.

2414 2198 2550 2270 Sed
2605 2201 2718 2270 hie
2782 2199 3021 2269 incidit
3085 2198 3375 2267 dubium
3431 2198 3597 2266 satis
3626 2218 3873 2287 grave:

2323 2308 2482 2397 quia
2553 2306 2931 2377 seeundum
3006 2305 3139 2376 hoo
3201 2304 3389 2397 quod
3455 2304 3567 2374 hie
3608 2305 3875 2387 dicitur,

2322 2417 2651 2484 memoria
2689 2437 2963 2506 semper
3006 2422 3112 2484 est
3160 2415 3230 2482 in
3272 2411 3615 2481 intellectu
3648 2423 3715 2481 et
3750 2435 3878 2481 vo-

2318 2515 2617 2590 luntate:
2652 2528 2721 2590 et
2759 2518 3145 2589 intellectus
3174 2541 3450 2609 semper
3477 2527 3581 2586 est
3622 2520 3692 2586 in
3733 2541 3880 2586 me-

2321 2628 2534 2696 moria
2600 2635 2668 2696 et
2739 2625 3140 2695 voluntate:
3195 2625 3357 2716 quia
3421 2626 3656 2692 omnia
3719 2633 3878 2691 sunt

2319 2732 2386 2800 iu
2440 2735 2755 2828 singulis,
2833 2744 2902 2803 et
2959 2733 3094 2802 hoc
3157 2753 3455 2824 semper,
3527 2743 3600 2801 ut
3636 2731 3878 2823 probat

2314 2840 2762 2934 Augustinus.
2800 2842 3162 2911 Pnonxrio.
3218 2840 3396 2909 lllud
3444 2848 3546 2910 est
3600 2841 3670 2908 in
3728 2863 3877 2909 me-

2316 2950 2553 3028 moria,
2586 2949 2773 3041 quod
2796 2957 2900 3019 est
2937 2970 3236 3039 praesens
3268 2947 3337 3014 in
3379 2947 3736 3022 memoria,
3806 2956 3872 3015 et

2321 3077 2460 3123 non
2520 3056 2765 3124 distat:
2835 3055 2955 3124 sed
3014 3052 3400 3122 intellectus
3455 3061 3522 3121 et
3557 3053 3873 3122 voluntas

2323 3183 2458 3232 non
2486 3164 2741 3233 distant
2768 3161 2854 3232 ab
2886 3161 3117 3254 aliqua
3152 3169 3346 3252 parte
3377 3161 3625 3230 mentis
3657 3184 3676 3230 :
3707 3184 3871 3254 ergo

2317 3283 2473 3342 sunt
2511 3276 2747 3343 omnia
2784 3274 2855 3342 in
2888 3273 3223 3341 memoria
3253 3280 3322 3340 et
3359 3273 3592 3340 omnia
3643 3273 3712 3339 in
3760 3273 3870 3339 in-

2316 3380 2712 3475 telligentia,
2755 3383 3088 3451 et·omnia
3128 3382 3198 3448 in
3227 3379 3612 3450 voluntate.

2405 3487 2538 3558 Seu
2582 3511 2880 3559 comm:

2408 3598 2466 3664 l.
2501 3596 2756 3665 Probat
2799 3593 3264 3686 Philosophus
3315 3592 3503 3686 quod
3554 3616 3687 3662 una
3738 3617 3868 3685 po-

2314 3708 2519 3775 tentia
2573 3708 2907 3776 existente
2977 3706 3049 3775 in
3105 3712 3290 3785 actu,
3365 3702 3502 3772 alia
3565 3704 3650 3771 ab
3716 3713 3868 3772 actu

2312 3813 2765 3884 abstrahitur:
2812 3815 3023 3906 igitur
3059 3812 3399 3882 memoria
3441 3811 3773 3880 existente
3799 3814 3867 3880 in

2312 3931 2489 4000 actu,
2542 3922 2673 3991 alia
2721 3921 2810 3991 ab
2847 3929 3004 3990 actu
3051 3919 3499 3997 abstrahitur.
3541 3928 3607 3988 et
3635 3942 3672 3989 e
3702 3943 3872 3988 con-

2312 4052 2549 4100 verso:
2611 4039 2677 4099 et
2741 4029 3101 4099 voluntate
3165 4030 3502 4098 existente
3559 4029 3627 4096 in
3684 4039 3868 4108 actu,

2312 4134 2460 4204 aliae.
2517 4137 2668 4205 duae
2733 4134 3227 4203 abstrahuntur
3288 4134 3376 4203 ab
3435 4142 3635 4203 actu:
3706 4157 3868 4226 ergo

2310 4261 2446 4309 non
2484 4248 2774 4332 possunt
2810 4263 2960 4309 esse
2998 4238 3235 4318 simul,
3275 4248 3353 4309 ut
3379 4239 3678 4309 videtur.

2395 4352 2459 4416 2.
2496 4348 2859 4426 Praeterea,
2894 4346 3078 4428 Quid
3131 4356 3235 4416 est
3278 4347 3468 4439 quod
3512 4346 3673 4418 dicit
3721 4350 3869 4416 Au-

2306 4457 2642 4547 gustinus,
2679 4456 2866 4548 quod
2905 4477 3102 4524 mens
3134 4455 3453 4546 intelligit
3490 4478 3590 4531 se,
3632 4465 3699 4524 et
3737 4455 3865 4525 hoc
3949 4518 3956 4523 .

2305 4586 2595 4658 semper,
2638 4564 2801 4656 quia
2827 4586 3103 4658 semper
3137 4563 3268 4632 sibi
3305 4563 3553 4633 adest?
3583 4563 3866 4632 Videtur

2303 4672 2483 4740 enim
2541 4671 2973 4763 Augustinus
3037 4668 3170 4738 sibi
3236 4669 3363 4762 ipsi
3411 4691 3559 4737 esse
3587 4678 3865 4738 contra-

2304 4779 2480 4849 rius:
2553 4782 2715 4872 quia
2768 4802 2978 4870 supra
3032 4777 3362 4848 habitunt·
3409 4786 3534 4858 est,
3569 4778 3862 4870 quod'in

2303 4885 2473 4957 libro
2503 4887 2600 4957 xl
2652 4887 2737 4956 de
2770 4888 3106 4956 Trinitate
3164 4885 3354 4968 dicit,
3388 4884 3572 4976 quod
3638 4884 3721 4953 ad
3750 4888 3862 4954 vi-

2304 5021 2452 5065 sum
2515 4997 2648 5065 tria
2712 4997 3111 5089 exiguntur,
3179 4993 3437 5063 scilicet
3499 4993 3750 5077 visum,
3793 5002 3861 5063 et

2299 5105 2560 5187 videns,
2603 5112 2671 5175 et
2697 5114 3070 5195 utrumque
3110 5102 3540 5193 conjungens
3571 5103 3855 5171 intentio
3897 5179 3910 5193 ,

2299 5212 2669 5281 voluntatis
2712 5236 2730 5281 :
2801 5234 2967 5304 ergo
3034 5211 3244 5278 etiam
3316 5209 3405 5277 ad
3477 5209 3853 5302 intelligere

2298 5324 2421 5391 tria
2461 5324 2858 5415 exiguntur,
2889 5318 3150 5388 seilicet
3187 5316 3601 5411 intelligam,
3635 5326 3702 5387 et
3750 5319 3853 5386 in-

2295 5429 2662 5511 tellectum,
2705 5435 2773 5498 et
2830 5437 3204 5518 utrumque
3260 5426 3687 5519 conjungens
3744 5428 3855 5493 in·-

2292 5541 2501 5608 tentio
2557 5536 2981 5607 voluntatis:
3061 5533 3221 5604 licet
3277 5540 3511 5603 autem
3576 5530 3848 5625 quando

2295 5643 2674 5714 intellectus
2712 5639 3033 5733 intelligit
3064 5662 3165 5726 se,
3213 5660 3486 5731 semper
3525 5636 3697 5706 adsit
3739 5637 3849 5704 in-

3894 3507 4200 3556 wocurt.
