4897 6388
1819 327 1912 394 IN
1960 326 1995 436 1-
2040 325 2465 418 SENTENT.
2515 326 2744 394 DIST.
2803 325 2989 408 VIII,
3043 329 3125 407 A,
3171 328 3369 396 ART.
3424 330 3571 423 12..
4171 330 4300 398 235

2743 499 2840 565 uit
2869 499 2928 566 ei
2958 520 3078 588 per
3113 521 3186 566 se
3213 499 3664 589 praeteritum,
3700 506 3765 565 et
3803 498 4129 564 futurum.
4167 497 4297 564 Se-

2739 606 2962 674 cundo
2995 608 3201 675 modo
3243 606 3448 676 habet
3492 608 3805 674 ordinem
3838 607 3921 673 ad
3970 615 4237 696 tempus
4273 626 4288 673 ε

2739 717 2900 803 quia
2954 717 3261 805 potentia
3318 716 3592 783 mobilis
3660 715 4033 782 secundum
4109 713 4292 803 quod

2738 809 3018 904 mobile,
3053 845 3194 889 non
3243 832 3344 890 est
3376 832 3515 890 tota
3564 822 3794 890 simul.
3833 822 3966 889 Sed
3999 821 4139 889 haec
4176 843 4294 889 so-

2735 927 2908 994 lutio
2950 950 3092 996 non
3130 928 3335 996 solvit
3373 953 3387 997 ε
3423 930 3585 1019 quia
3623 930 3754 996 ista
3808 930 4068 995 Littera
4116 927 4286 1007 vult,

2738 1036 2923 1124 quod
2954 1036 3141 1103 omni
3175 1059 3320 1104 esse
3350 1044 3577 1105 creato
3611 1037 3973 1104 conveniat
4015 1043 4293 1126 praeter-

2737 1145 2907 1210 itum
2963 1150 3028 1211 et
3083 1144 3388 1211 futurum
3433 1169 3448 1214 :
3503 1152 3570 1213 et
3611 1143 3764 1212 ideo
3815 1146 4163 1234 proprium
4203 1143 4288 1211 sit

2732 1274 2879 1320 esse
2930 1254 3256 1335 increatO,
3319 1275 3459 1320 non
3508 1273 3710 1320 nosse
3763 1254 4176 1342 praeteritum
4221 1259 4288 1319 et

1089 519 1236 566 esse
1266 499 1703 587 recipientem
1752 521 1766 565 ε
1810 505 1876 565 et
1903 519 2022 586 per
2061 495 2190 565 hoc
2225 505 2410 587 patet
2450 497 2634 565 solu-

1089 606 1182 673 tio
1215 605 1302 672 ad
1323 613 1572 673 totum.

1506 1041 2005 1111 ARTlCULUS
2058 1042 2111 1111 X
2126 1042 2205 1110 ΙΙ.

1087 1256 1336 1323 Utrum
1402 1254 1606 1321 verba
1654 1255 2244 1344 consiqnificantia
2300 1255 2628 1346 differen-

1168 1365 1304 1430 tias
1342 1364 1687 1452 temporis,
1726 1374 1801 1429 ut
1848 1363 1997 1443 fuit,
2052 1373 2114 1432 et
2161 1364 2310 1441 erit,
2339 1373 2629 1455 possunt

1168 1470 1309 1538 dici
1353 1469 1435 1537 de
1476 1471 1647 1548 Dee,
1709 1479 1771 1535 et
1826 1469 1911 1536 de
1974 1469 2290 1537 omnibus
2354 1481 2628 1537 creatu-

1168 1577 1316 1644 ris?

1166 1902 1414 1970 Postea
1451 1904 1773 1991 quaeritur
1804 1902 1886 1971 de
1917 1903 2048 1972 hoc
2096 1904 2276 1994 quod
2309 1903 2555 1974 dicitur
2596 1931 2613 1971 z

1077 2037 1112 2075 ι
1147 2012 1251 2078 De
1286 2033 1422 2101 quo
1450 2009 1706 2077 dicitur
1730 2011 1899 2100 suit,
1931 2033 2066 2078 non
2088 2021 2210 2089 est,
2243 2019 2368 2080 etc.
2423 2040 2455 2074 n

1164 2117 1462 2186 Dubium
1505 2119 1685 2186 enim
1736 2126 1861 2196 est,
1891 2116 2199 2198 Qualiter
2237 2118 2349 2186 illa
2407 2119 2618 2188 verba

1071 2225 1657 2317 consignificantia
1699 2225 2111 2304 differentias
2140 2229 2466 2317 temporis
2513 2227 2614 2295 di-

1076 2333 1423 2424 cantur,de
1443 2335 1741 2412 aeternis,
1772 2334 2136 2414 aeviternis‚
2178 2342 2246 2403 et
2279 2342 2615 2425 tempora-

1070 2443 1301 2513 libus?
1351 2443 1448 2512 De
1505 2446 1779 2512 aeternis
1831 2465 1972 2512 non
2027 2444 2344 2512 videntur
2399 2444 2529 2513 dici
2592 2470 2608 2515 ε

1071 2553 1230 2643 quia
1269 2552 1659 2643 hujusmodi
1696 2552 1904 2621 verba
1940 2553 2173 2622 dicunt
2200 2553 2614 2622 differentias

1068 2660 1421 2751 temporis,
1482 2682 1636 2751 quae
1694 2672 2059 2728 causantur
2128 2683 2167 2728 a
2222 2669 2441 2740 motu,
2503 2660 2611 2729 vel

1070 2768 1563 2836 mutabilitate:
1602 2767 1752 2836 talis
1781 2776 2008 2837 autem
2039 2777 2266 2836 motus
2304 2771 2413 2839 vel
2455 2793 2612 2838 mu-

1065 2875 1364 2945 tabilitas
1412 2877 1482 2943 in
1543 2875 1686 2944 Deo
1733 2898 1871 2943 non
1929 2886 2030 2944 est
2063 2899 2081 2945 ε
2114 2899 2275 2970 ergo
2331 2877 2416 2947 de
2464 2878 2608 2947 Deo

1070 2984 1215 3051 sive
1257 2992 1510 3052 aeterno
1544 2982 1670 3052 dici
1704 3005 1842 3050 non
1883 2991 2186 3073 possunt.

1159 3089 1492 3158 Similiter
1532 3089 1825 3173 videtur,
1876 3089 2058 3180 quod
2121 3113 2246 3159 nec
2299 3091 2382 3160 de
2440 3093 2605 3160 aevi-

1065 3197 1275 3265 ternis
1319 3220 1335 3267 ε
1378 3198 1536 3288 quia
1578 3196 1846 3264 illorum
1905 3220 2050 3266 esse
2089 3206 2188 3266 est
2244 3207 2465 3267 totum
2521 3199 2609 3265 si-

1065 3304 1236 3389 mul,
1269 3305 1583 3372 similiter
1617 3326 1816 3393 posse
1856 3304 1925 3371 in
1975 3305 2073 3373 eis
2113 3327 2248 3373 non
2286 3305 2609 3396 praecedit

1063 3436 1238 3492 esse,
1290 3421 1355 3480 et
1394 3411 1477 3480 de
1524 3434 1722 3503 posse
1779 3432 2015 3480 eorum
2071 3412 2241 3480 niliil
2271 3423 2372 3483 est
2414 3422 2604 3482 extra

1061 3542 1263 3591 suum
1295 3543 1440 3588 esse
1484 3541 1500 3589 :
1544 3542 1707 3609 ergo
1754 3521 1957 3587 etiam
1998 3542 2194 3610 posse
2237 3529 2337 3589 est
2384 3530 2602 3590 totuin

1060 3627 1267 3696 simul
1330 3650 1346 3695 :
1418 3648 1581 3717 ergo
1649 3626 1939 3703 videtur,
2011 3627 2194 3717 quod
2244 3637 2464 3696 totum
2516 3632 2598 3696 sit

1062 3757 1245 3803 nunc
1288 3743 1500 3811 stans,
1552 3743 1612 3801 et
1664 3732 1829 3800 nihil
1886 3736 2299 3824 praeteritum
2355 3737 2422 3803 in
2477 3737 2598 3815 eis,

1061 3865 1186 3911 nec
1230 3842 1561 3920 futurum,
1605 3863 1823 3931 neque
1883 3864 2201 3932 praesens,
2253 3864 2334 3911 eo
2393 3845 2601 3913 modo

1061 3972 1199 4040 quo
1264 3969 1562 4038 praesens
1618 3955 1718 4015 est
1774 3948 1968 4037 cujus
2032 3972 2186 4039 pars
2250 3953 2597 4040 praeteriit,

1060 4079 1215 4147 pars
1245 4057 1315 4124 in
1346 4055 1618 4122 instanti
1652 4061 1775 4131 est,
1808 4063 1875 4122 et
1906 4077 2059 4144 pars
2096 4055 2344 4127 futura.

1150 4162 1480 4232 Similiter
1532 4163 1823 4242 videtur,
1886 4162 2068 4254 quod
2126 4186 2248 4233 nec
2302 4164 2385 4234 de
2450 4189 2598 4236 esse

1056 4271 1564 4363 temporalium,
1607 4280 1672 4340 et
1726 4274 2093 4363 accipiatnr
2148 4296 2293 4342 esse
2350 4298 2598 4344 seeun-

1056 4378 1219 4446 dum
1275 4376 1724 4446 substantiam
1768 4400 1785 4447 :
1830 4377 1994 4445 illud
2044 4381 2227 4447 enim
2270 4379 2452 4449 idem
2495 4392 2596 4452 est

1055 4508 1203 4553 esse
1261 4483 1635 4552 secundum
1682 4483 2127 4555 substantiam
2191 4509 2311 4577 per
2374 4495 2592 4558 totam

1055 4593 1482 4662 durationem
1524 4591 1618 4659 rei
1648 4615 1665 4660 ε
1702 4615 1863 4683 ergo
1911 4593 2200 4674 videtur,
2237 4597 2421 4687 quod
2452 4621 2590 4666 non

1045 4700 1288 4791 accipit
1317 4700 1727 4790 praeteritum
1770 4708 1835 4767 et
1872 4699 2173 4768 futurum
2212 4704 2588 4773 secundum

1044 4812 1246 4878 istam
1303 4808 1965 4893 determinationem,
2014 4832 2147 4899 qua
2205 4811 2317 4880 hie
2369 4812 2589 4882 deter-

1038 4918 1361 4995 minatur,
1398 4914 1596 4995 Quod
1628 4918 2039 5007 praeteritum
2079 4927 2206 5001 est,
2247 4941 2389 4988 non
2419 4929 2518 4989 est
2565 4944 2581 4990 ε

1033 5033 1101 5092 et
1134 5023 1318 5116 quod
1346 5023 1651 5091 futurum
1692 5033 1818 5104 est,
1862 5025 2170 5093 nondum
2202 5038 2327 5098 est.

1124 5133 1228 5200 An
1276 5154 1403 5200 noc
1444 5130 1761 5200 ultimum
1804 5132 2034 5201 dicunt
2062 5134 2367 5225 quidam,
2399 5138 2583 5228 quod

1028 5262 1181 5308 esse.
1214 5237 1309 5306 rei
1342 5237 1698 5327 dupliciter
1724 5240 2209 5317 consideratur,
2244 5245 2582 5334 praecipue

1027 5369 1179 5415 esse
1225 5347 1320 5413 rei
1354 5344 1655 5425 mobilis,
1696 5345 1952 5417 scilicet
1992 5350 2057 5415 in
2097 5370 2197 5429 se,
2239 5350 2349 5418 vel
2378 5362 2584 5442 prout

1029 5461 1134 5523 est
1172 5456 1244 5520 in
1289 5453 1589 5541 potentia
1620 5452 1918 5534 mobilis,
1970 5456 2346 5525 secundum
2392 5460 2575 5549 quod

1030 5559 1312 5630 mobile.
1366 5559 1597 5626 Primo
1660 5561 1864 5630 modo
1914 5562 2169 5641 dicunt,
2213 5564 2400 5655 quod
2434 5588 2574 5636 non

1031 5676 1467 5755 mensuratur
1502 5677 1806 5760 tempore
1842 5693 1856 5738 ε
1893 5679 1959 5743 et
1996 5674 2091 5745 sic
2129 5695 2266 5748 non
2312 5697 2563 5747 conve·

2730 1360 3061 1428 futurum.
3136 1361 3284 1430 Hoc
3340 1363 3544 1429 etiam
3624 1361 3891 1429 videtur
3962 1383 4081 1451 per
4152 1360 4284 1429 hoc

2729 1469 2913 1557 quod
2945 1468 3555 1560 dicitAugustinus
3587 1469 3657 1535 in
3706 1467 3867 1535 VIII
3910 1491 4113 1558 super
4160 1470 4283 1538 Ge-

2726 1577 2964 1652 nesim,
3013 1576 3196 1666 quod
3236 1575 3421 1643 Deus
3462 1598 3586 1644 nec
3635 1575 3814 1655 loco,
3852 1585 4283 1667 nec-tempo-

2730 1705 2796 1749 re
2847 1693 3100 1766 motuS‚
3133 1694 3514 1752 ereaturam
3578 1684 4001 1775 spiritualem
4052 1695 4281 1754 movet

2725 1815 2845 1881 per
2884 1800 3180 1883 tempus,
3217 1803 3282 1862 et
3311 1816 3449 1862 non
3481 1817 3602 1883 per
3632 1793 3857 1862 locum
3905 1817 3920 1862 ε
3966 1818 4281 1885 corpora-

2724 1898 2859 1966 lem
2909 1910 3140 1968 autem
3191 1923 3315 1991 per
3361 1902 3590 1970 locum
3641 1910 3707 1969 et
3745 1910 4010 1994 tempus
4055 1926 4069 1972 :
4114 1925 4275 1993 ergo

2721 2007 3019 2093 videtur,
3089 2008 3276 2100 quod
3341 2010 3569 2077 omnis
3629 2020 3953 2078 creaturae
4010 2012 4096 2079 sit
4155 1993 4280 2101 per

2720 2122 2995 2205 tempus
3034 2117 3284 2183 mutari
3332 2138 3347 2185 ε
3391 2125 3458 2184 et
3495 2117 3589 2183 ita
3627 2118 3946 2185 convenit
3992 2118 4053 2185 ei
4092 2139 4277 2208 prae-

2718 2223 2997 2289 teritum
3023 2231 3090 2290 et
3119 2222 3448 2290 futurum.
3496 2222 3695 2305 Item,
3737 2224 4162 2314 Augustinus
4203 2224 4274 2292 in

2716 2327 3053 2417 principio
3084 2350 3291 2418 super
3313 2331 3651 2396 Ioannem
3701 2328 3885 2413 dicit,
3928 2330 4112 2420 quod
4141 2330 4274 2400 hoc

2715 2434 3032 2518 verbum,
3102 2445 3223 2516 est,
3284 2459 3440 2504 cum
3482 2437 3564 2505 de
3623 2439 3947 2505 creaturis
4000 2437 4267 2521 dicitur,

2716 2542 3131 2632 temporales
3167 2552 3394 2611 motus
3415 2545 3774 2635 significat,
3800 2546 3916 2612 sed
3946 2569 4084 2613 non
4115 2569 4270 2615 cum

2716 2647 2800 2716 de
2845 2648 3165 2718 Creatore
3210 2672 3227 2719 :
3270 2673 3435 2741 ergo
3475 2651 3770 2736 videtur,
3814 2652 3996 2742 quod
4042 2652 4270 2745 glossa

2715 2755 2991 2823 illorum
3044 2780 3180 2825 non
3230 2758 3316 2825 sit
3381 2759 3757 2826 secundum
3818 2761 4266 2829 intentionem

2713 2865 3114 2955 Augustini.

2806 3078 3116 3148 Somno.
3212 3080 3376 3149 Sine
3460 3082 3786 3172 praejudio
3872 3085 4257 3165 dicendum,
4349 3127 4545 3174 solutio.

2714 3187 2899 3277 quod
2942 3188 3007 3255 in
3058 3188 3339 3258 veritate
3392 3193 3728 3259 sententia
3771 3191 4162 3286 Hieronymi
4199 3208 4266 3265 et

2711 3295 3079 3383 Augustini
3104 3303 3230 3379 est,
3254 3296 3437 3387 quod
3465 3322 3670 3366 omne
3703 3302 3884 3390 quod
3915 3311 4015 3369 est
4035 3302 4264 3394 aliquo

2712 3402 2922 3470 modo
2972 3404 3053 3470 sit
3107 3406 3507 3496 temporale,
3563 3418 3808 3498 praeter
3847 3409 4263 3497 Creatorem,

2711 3518 2774 3577 et
2819 3510 3000 3600 quod
3035 3510 3158 3578 Iuit
3190 3522 3255 3580 et
3286 3515 3411 3581 erit
3442 3514 3675 3606 aliquo
3710 3518 3915 3583 modo
3956 3518 4268 3590 dicantur

2711 3619 2795 3685 de
2838 3619 3161 3686 omnibus
3219 3634 3677 3714 praeterquam
3730 3625 3812 3694 de
3868 3627 4034 3717 ipso,
4076 3629 4266 3698 l’nde

2710 3722 2982 3790 videtur
3019 3723 3412 3807 dicendum,
3472 3729 3655 3818 quod
3696 3754 3849 3796 eum
3891 3731 4136 3801 dicitur
4182 3734 4263 3802 de

2709 3830 2856 3901 Deo
2902 3834 3072 3922 suit,
3113 3834 3223 3904 vel
3263 3839 3416 3914 erit,
3474 3838 3656 3928 quod
3709 3837 3775 3929 ly
3839 3844 3986 3929 suit
4031 3853 4096 3911 et
4137 3846 4266 3912 eri!

2707 3937 2943 4008 dicunt
2984 3965 3164 4009 nunc
3194 3946 3590 4014 aeternitatis
3627 3955 3815 4013 stans
3846 3949 3913 4014 in
3963 3958 4104 4019 tota
4135 3952 4265 4020 du-

2709 4050 2971 4118 ratione
3027 4050 3509 4120 oeviternorum
3569 4063 3636 4123 et
3702 4058 4176 4146 temporalium
4242 4086 4256 4132 :

2707 4166 2772 4224 et
2807 4156 2958 4225 ideo
2998 4157 3110 4225 illa
3168 4158 3438 4228 duratio
3479 4184 3630 4253 quae
3673 4163 3842 4232 facta
3874 4176 3970 4234 est
4019 4192 4104 4237 ex
4142 4169 4259 4239 illo

2707 4289 2915 4346 nunc,
2967 4289 3106 4335 non
3146 4277 3248 4336 est
3293 4270 3607 4338 intercisa
3682 4271 3940 4364 alique,
3984 4287 4060 4345 ut
4097 4277 4257 4348 dicit

2705 4371 2919 4454 Isaac,
2947 4374 3130 4466 quod
3158 4375 3555 4448 abscesserit
3588 4404 3627 4449 a
3659 4386 3962 4472 potentia
3992 4388 4253 4469 aeterni,

2704 4483 2796 4549 ita
2827 4483 3013 4572 quod
3043 4483 3300 4575 aliquid
3348 4497 3775 4577 exspectetur
3817 4514 3833 4558 ε
3876 4491 3992 4558 sed
4040 4496 4258 4563 varia-

2700 4590 2796 4658 tio
2829 4614 2981 4682 quae
3011 4594 3437 4683 significatur
3466 4596 3534 4662 in
3570 4599 3717 4684 suit
3745 4607 3809 4664 et
3858 4600 4009 4678 erit,
4039 4612 4145 4671 est
4186 4605 4250 4671 in

2701 4695 3004 4765 inferiori
3043 4720 3365 4767 mensura
3424 4723 3576 4791 qum
3616 4711 3717 4768 est
3757 4712 4021 4795 tempus
4067 4730 4083 4775 ε
4127 4712 4255 4779 sic-

2700 4816 2778 4875 ut
2826 4808 3230 4898 intelligitur
3268 4810 3593 4901 distingui
3644 4835 3963 4883 mensura
4027 4820 4253 4888 excel-

2699 4918 2873 5001 lenS,
2909 4921 3184 5010 quando
3234 4920 3677 5013 distinguitur
3706 4926 3790 4993 al»
3839 4928 3981 5018 ipsa
4026 4906 4286 5001 minor-

2699 5050 3018 5095 mensura
3055 5050 3069 5096 :
3106 5037 3171 5095 et
3204 5030 3355 5097 ideo
3385 5030 3820 5100 resolvuntur
3859 5033 4245 5123 hujusmodi

2695 5134 3078 5204 locutiones
3108 5161 3147 5205 a
3188 5137 3599 5206 Dos-toribus
3645 5143 3742 5208 sic
3791 5164 3805 5208 ε
3863 5142 4040 5213 Deus
4074 5150 4242 5235 luit,

2694 5244 2762 5311 id
2793 5255 2919 5322 est,
2956 5246 3138 5314 Deus
3185 5258 3285 5316 est
3335 5231 3641 5339 respectu
3687 5253 3877 5339 cujus
3916 5278 4097 5325 nunc
4141 5281 4247 5327 ac-

2692 5352 2943 5441 cipitur
2975 5352 3232 5444 aliquid
3267 5357 3643 5445 temporale
3685 5359 3866 5448 quod
3909 5368 4246 5451 praecessit

2691 5461 2960 5530 duratio
3011 5464 3158 5530 Dei.
3214 5463 3400 5532 Deus
3446 5468 3602 5545 erit,
3638 5469 3704 5535 id
3753 5479 3874 5547 est,
3925 5471 4105 5540 Deus
4144 5488 4247 5547 est

2690 5580 2998 5660 respectu
3036 5572 3243 5660 {cujus
3301 5575 3631 5664 accipitur
3670 5576 3927 5668 aliquid
3984 5590 4244 5675 tempo-

2687 5677 2828 5747 rale
2879 5678 3063 5773 quod
3117 5682 3427 5774 sequitur
3465 5682 3733 5752 duratio
3785 5687 3928 5767 Dei,
3964 5689 4072 5757 vel
4121 5692 4242 5761 du-
