4897 6388
658 357 788 464 352

647 511 896 616 prc'moe
937 527 1441 619 Philosophiae:
1478 537 1544 596 et
1574 527 1973 618 intelligitur
2028 527 2200 591 sicut

656 634 930 723 ipsimet
958 658 1029 702 sc
1068 636 1373 726 glossant
1411 637 1490 704 de
1538 636 1801 704 entibus
1846 640 2000 723 post
2054 633 2197 719 pri-

661 763 881 820 mum,
925 765 1073 832 quae
1137 751 1296 810 sunt
1352 752 1680 820 creatura,
1760 750 1823 808 et
1906 737 2198 806 secunda

660 852 881 916 entia:
944 850 1127 918 Deus
1190 853 1371 917 enim
1442 850 1525 917 ab
1609 850 1841 918 eadem
1898 871 1969 915 re
1997 845 2199 912 habet

661 955 843 1046 quod
913 966 1035 1039 est,
1081 966 1145 1024 et
1177 958 1360 1047 quod
1398 957 1527 1024 hoc
1570 966 1668 1025 est
1703 958 1845 1025 sive
1876 957 2097 1023 Deus:
2134 962 2199 1020 et

657 1061 791 1128 hoc
820 1064 1137 1130 convenit
1168 1071 1443 1153 propter
1492 1063 2006 1132 indifferentiam
2054 1063 2195 1151 ejus

659 1168 843 1259 quod
909 1180 1007 1237 est
1074 1194 1229 1238 cum
1307 1173 1596 1239 essentia
1650 1156 1814 1240 εἰνό
1849 1194 2001 1239 cum
2053 1192 2194 1237 esse

658 1277 912 1366 ipsius:
946 1279 1073 1345 nisi
1114 1281 1293 1346 enim
1330 1302 1734 1369 poneremus
1784 1281 2005 1369 ipsum
2050 1300 2193 1344 esse

655 1382 958 1462 hoc.en5‚
993 1384 1161 1451 nihil
1196 1396 1421 1476 posset
1449 1389 1678 1476 negari
1708 1386 1788 1453 de
1819 1387 1992 1474 ipso,
2024 1385 2194 1450 sicut

655 1512 780 1557 nec
820 1490 902 1557 dc
942 1500 1095 1558 ente
1124 1493 1499 1560 secundum
1559 1493 1739 1583 quod
1803 1501 1944 1560 est:
2018 1492 2193 1558 unde

655 1599 931 1686 negatio
954 1597 1242 1666 aliorum
1266 1600 1347 1668 de
1372 1602 1517 1691 ipso
1548 1601 1980 1691 consequitur
2007 1621 2187 1678 eum,

653 1705 816 1796 quia
844 1713 946 1773 est
975 1704 1106 1773 hoc
1133 1730 1253 1774 ens
1280 1731 1295 1775 :
1329 1708 1720 1799 simplicitas
1758 1716 1980 1776 autem
2022 1730 2193 1776 con-

652 1814 960 1903 sequitur
990 1837 1174 1898 eum,
1204 1817 1366 1905 quia
1422 1815 1552 1884 hoc
1607 1838 1723 1884 ens
1789 1839 1928 1884 non
2001 1817 2194 1906 ponit

654 1941 1017 1987 numerum
1050 1928 1117 1988 et
1146 1920 1593 1990 differentiam
1624 1945 1775 1990 cum
1819 1945 1964 1989 esse
2002 1921 2197 1989 abso-

655 2023 802 2092 luto
835 2026 902 2092 in
941 2027 1113 2116 ipso,

668 2143 669 2146 ’
749 2136 855 2201 An
908 2158 1105 2203 Amun
1170 2136 1553 2220 dicendum,
1630 2137 1815 2228 quod
1883 2160 2035 2206 cum
2085 2137 2194 2205 di-

660 2241 836 2308 citur
884 2244 1178 2332 primum
1236 2250 1300 2311 et
1362 2244 1590 2319 Deus:
1641 2245 1871 2312 omnia
1910 2243 2052 2313 haec
2088 2244 2197 2312 di-

655 2357 820 2417 cunt
856 2373 1048 2417 suam
1090 2352 1450 2420 essentiam
1494 2351 1660 2419 nihil
1719 2352 2028 2420 addendo
2083 2376 2195 2421 sc-

652 2458 947 2527 cundum
980 2482 1152 2543 rem,
1194 2461 1310 2529 sed
1334 2468 1596 2529 tantum
1622 2461 1993 2531 secundum
2039 2485 2193 2530 mo-

651 2565 813 2632 dum
882 2567 1335 2658 significandi,
1370 2577 1437 2636 ut
1470 2571 1716 2660 saepius
1778 2570 2032 2639 dictum
2062 2579 2186 2641 est.

1021 2986 1522 3056 ARTICULUS
1554 2987 1804 3056 xxm.

650 3202 1024 3286 Quaeritur,
1098 3204 1275 3269 Cum
1345 3204 1437 3269 sit
1490 3194 1885 3294 compositio
1941 3203 2188 3271 multi-

727 3309 922 3400 plex,
956 3332 1171 3400 quare
1197 3310 1529 3398 Maqister
1553 3312 1778 3378 solum
1808 3313 2033 3401 1011qu
2061 3313 2201 3379 tri--

728 3415 1005 3508 plicem‚
1036 3418 1293 3484 scilicet
1314 3419 1654 3509 partium,
1706 3419 2181 3501 accidentium,

737 3532 801 3590 et
826 3526 1218 3613 sor-mamm
1248 3523 1290 3591 ?

734 3848 1050 3918 Secundo
1091 3852 1436 3942 quaeritur,
1478 3852 1648 3921 Cum
1703 3857 1789 3923 sit
1830 3853 2181 3947 multiplex

641 3960 1077 4050 compositio,
1119 3982 1328 4051 quare
1368 3984 1503 4030 non
1544 3966 1844 4054 tangitur
1887 3962 1995 4032 hie
2053 3966 2176 4032 nisi

642 4065 916 4156 triplex,
946 4067 1195 4135 scilicet
1236 4070 1553 4159 partium,
1597 4072 2068 4151 accidentium,
2117 4084 2176 4142 et

644 4173 1073 4242 formarum?

738 4280 817 4349 Et
889 4281 972 4348 ad
1050 4280 1178 4351 hoc
1232 4283 1618 4368 dicendum,
1700 4286 1879 4377 quod
1939 4287 2178 4377 triplex

642 4392 1051 4480 compositio
1097 4414 1376 4459 omnem
1452 4396 2014 4484 compositionem
2073 4397 2181 4463 in-

642 4493 891 4565 cludit:
973 4507 1084 4564 aut
1154 4499 1336 4565 enim
1404 4507 1504 4566 cst
1558 4502 1961 4590 compositio
2034 4503 2182 4590 ejus

643 4600 828 4693 quod
857 4612 954 4671 est
1013 4626 1210 4693 pars:
1245 4613 1363 4672 aut
1427 4605 1573 4692 ejus
1633 4607 1815 4697 quod
1880 4631 2016 4675 non
2084 4619 2183 4677 est

642 4731 824 4799 pars,
882 4709 998 4777 sed
1055 4713 1435 4780 concretive
1500 4711 1814 4782 adhaeret.
1880 4714 1951 4782 Si
2036 4717 2180 4803 ejus

643 4817 826 4908 quod
856 4827 953 4884 est
988 4842 1180 4909 pars:
1217 4828 1334 4887 aut
1379 4831 1478 4888 est
1513 4845 1662 4913 pars
1699 4824 2072 4892 essentialis
2099 4848 2181 4891 ex

644 4947 777 5014 qua
805 4927 1241 4994 constituitur
1269 4927 1399 4995 hoc
1448 4929 1699 5020 aliquid
1763 4940 1828 4999 et
1893 4934 2181 5000 essentia

645 5032 766 5109 rei,
810 5042 875 5099 et
937 5041 1094 5100 tunc
1155 5043 1256 5101 est
1285 5038 1686 5132 compositio
1725 5037 1957 5105 iormae
2030 5062 2182 5106 cum

644 5137 925 5202 materia
956 5160 972 5204 t
1005 5137 1111 5204 vel
1145 5140 1291 5226 ejus
1321 5140 1505 5228 quod
1534 5150 1631 5208 est
1683 5165 1821 5233 quo
1877 5150 1977 5210 est
2030 5165 2184 5210 cum

645 5264 727 5308 co
758 5243 939 5332 quod
970 5254 1096 5323 est,
1131 5255 1192 5312 et
1246 5244 1429 5313 illam
1488 5251 1700 5339 tangit
1764 5249 2003 5317 ultimo
2069 5273 2189 5340 per

645 5346 1018 5418 formarum
1051 5352 1512 5421 diversitatem
1544 5377 1559 5423 z
1595 5358 1749 5446 quia
1804 5358 1916 5425 illa
1972 5357 2188 5424 forma

645 5455 789 5523 sive
838 5480 973 5548 quo
1022 5467 1124 5527 est
1174 5459 1331 5528 facit
1378 5465 1636 5530 numeri
1680 5472 1745 5531 et
1783 5466 2023 5556 speciei
2082 5463 2188 5530 di-

646 5565 964 5633 versitate
1031 5569 1097 5633 in
1179 5566 1403 5647 rebus,
1504 5573 1759 5639 numeri
1843 5597 1957 5663 per
2046 5594 2189 5640 esse

648 5669 886 5739 formae
930 5677 995 5739 in
1029 5673 1153 5739 linc
1184 5675 1493 5755 materia,
1526 5679 1765 5766 speciei
1807 5687 2030 5746 autem
2073 5701 2193 5768 per

1646 313 1976 442 1)..'A1.B.
2029 351 2245 420 MAG.

2299 349 2505 418 om).
2533 349 2873 417 passu-
3009 345 3014 346 *
3077 395 3083 400 .

2305 519 2713 587 differentias
2749 519 3101 610 specialeS‚
3136 528 3214 587 ut
3241 517 3480 602 hom0,
3515 527 3584 586 et
3630 519 3860 586 asinus
3986 511 3990 516 ’

2303 625 2662 693 differunt:
2707 634 2773 693 et
2804 625 2947 693 haec
2976 626 3384 715 compositio
3417 634 3520 693 est
3544 615 3749 694 etiam
3792 628 3859 692 in

2302 735 2522 821 specie
2547 741 2616 800 et
2644 755 2890 822 genere
2921 732 3343 800 subalterno.
3398 733 3565 812 Quae
3631 743 3858 801 autem

2302 840 2701 929 compositio
2777 841 2864 906 sit
2923 840 2995 904 in
3074 837 3609 929 generalissimis
3687 839 3858 907 infra

2301 946 2679 1013 habebitur.
2718 945 2790 1012 Si
2832 954 3066 1014 autem
3115 953 3217 1014 est
3269 969 3424 1037 pars
3451 977 3452 980 ¹
3482 947 3853 1037 integralis,

2300 1055 2405 1122 vel
2443 1054 2751 1122 virtualis
2791 1078 2944 1146 quae
2996 1057 3065 1122 in
3124 1055 3460 1144 spirituali
3539 1055 3625 1122 ad
3679 1057 3857 1122 inte·

2300 1163 2555 1253 gratem
2600 1163 2966 1241 reducitur,
3058 1171 3223 1230 tunc
3278 1173 3382 1231 est
3434 1163 3855 1253 ‘compositio

2300 1297 2504 1363 quam
2536 1275 2754 1364 primo
2786 1276 3028 1365 tangit,
3076 1297 3231 1341 cum
3301 1273 3488 1351 dicit,
3524 1296 3610 1340 ex
3639 1277 3858 1364 parti-

2300 1381 2444 1449 bus.
2484 1380 2554 1447 Si
2597 1391 2821 1449 autem
2845 1390 2949 1448 est
2968 1382 3116 1469 ejus
3148 1380 3334 1471 quod
3362 1403 3506 1448 non
3539 1388 3643 1448 est
3668 1403 3850 1471 pars,

2299 1498 2457 1557 tunc
2504 1498 2604 1559 est
2632 1491 2997 1559 accidentis
3055 1513 3212 1558 cum
3270 1489 3606 1578 subject0‚
3670 1489 3853 1578 quod

2296 1619 2435 1664 non
2467 1604 2750 1687 estpars
2791 1619 2961 1665 esse.
3285 1609 3288 1616 “
3427 1609 3436 1617 “
3766 1582 3772 1587 ’

2670 1976 3178 2099 Ammonos
3209 2028 3471 2097 xxiv.

2411 2245 2517 2311 Αη
2554 2242 2772 2310 solius
2811 2243 2943 2310 Dei
2968 2249 3226 2309 natura
3254 2239 3555 2330 simplex
3583 2249 3680 2307 est
3703 2241 3743 2307 ?

2383 2557 2642 2627 Deinde
2678 2557 3010 2648 quaeritur
3034 2553 3118 2622 de
3180 2552 3315 2622 hoc
3387 2553 3574 2644 quod
3646 2554 3846 2622 dicit:

2297 2694 2331 2734 α
2374 2667 2775 2758 Eademque
2807 2664 2962 2732 sola
2992 2665 3277 2755 proprie
3313 2686 3396 2730 ac
3467 2685 3620 2730 vere
3677 2663 3853 2729 sim-

2287 2777 2458 2867 plex
2492 2785 2612 2852 est,
2648 2782 2775 2842 etc.
2812 2799 2847 2836 n
2888 2771 3182 2840 Videtur
3217 2772 3401 2838 enim
3444 2768 3715 2837 salsum.

2386 2886 2445 2949 Ι.
2477 2882 2611 2950 Ens
2650 2883 2859 2960 enim,
2892 2887 2962 2949 et
3018 2900 3284 2962 verum,
3319 2886 3385 2945 et
3424 2899 3638 2944 unum
3679 2898 3851 2945 con-

2292 3001 2698 3060 vertuntur:
2757 3000 2826 3059 et
2878 3012 3002 3059 ens
3059 2988 3328 3056 videtur
3391 2986 3613 3055 dicere
3671 2987 3738 3054 id
3778 2987 3847 3053 in

2291 3123 2427 3192 quo
2458 3108 2591 3167 stat
2637 3098 2862 3166 omnis
2915 3103 3155 3165 noster
3179 3085 3563 3163 intellectus
3630 3092 3845 3189 resol-

2289 3233 2457 3279 vens
2511 3209 2976 3300 compositum
3044 3207 3114 3275 in
3170 3205 3465 3297 simplex
3518 3227 3534 3272 ε
3598 3202 3717 3272 sed
3770 3204 3843 3270 in

2290 3339 2427 3408 quo
2467 3325 2599 3384 stat
2637 3313 2987 3383 resolvens
3058 3311 3444 3381 intellectus
3510 3321 3614 3380 est
3675 3310 3849 3378 sim-

2288 3426 2486 3516 plex:
2558 3446 2721 3516 ergo
2752 3445 2898 3506 ens,
2958 3445 3204 3500 unum,
3248 3421 3531 3514 aliquid,
3573 3442 3838 3500 verum,

2285 3533 2546 3601 bonum
2577 3542 2734 3600 sunt
2760 3530 3119 3622 simplicia.

2375 3644 2441 3711 2.
2511 3641 2871 3722 Praeterea,
2933 3637 3464 3707 Generalissima
3529 3645 3691 3705 sunt
3753 3637 3842 3705 ob

2285 3747 2415 3816 hoc
2472 3746 2832 3836 simplicia,
2866 3745 3031 3837 quia
3073 3742 3589 3836 generalissima
3653 3752 3837 3811 sunt.

2287 3855 2649 3923 Pnommo.
2718 3853 2934 3921 Detur
3001 3852 3185 3919 enim
3253 3852 3399 3942 ipsa
3465 3873 3613 3919 esse
3660 3872 3845 3919 com·

2284 3967 2508 4057 posita
2562 3986 2578 4032 :
2623 3986 2785 4054 ergo
2869 3985 2994 4030 sua
3068 3961 3550 4051 componentia
3643 3967 3846 4028 erunt

2285 4071 2698 4164 simpliciora
2737 4071 2943 4160 ipsis:
2978 4066 3098 4136 sed
3124 4065 3505 4157 simplicius
3554 4072 3657 4134 est
3718 4087 3843 4156 ge-

2287 4179 2622 4248 ncralius:
2682 4200 2846 4268 crgo
2912 4182 3116 4244 erunt
3169 4172 3596 4265 generaliora
3628 4173 3833 4263 ipsis:

2285 4311 2447 4379 ergo
2479 4311 2617 4355 non
2658 4287 2784 4354 ista
2830 4292 2991 4352 sunt
3049 4282 3590 4374 generalissima.
3655 4279 3841 4373 quod

2285 4395 2528 4463 falsum
2589 4402 2729 4461 est:
2791 4414 2957 4483 ergo
3027 4392 3172 4480 ipsa
3228 4398 3390 4458 sunt
3453 4387 3836 4479 simplicia:

2287 4527 2424 4571 non
2456 4526 2619 4592 ergo
2654 4501 2772 4568 Dei
2803 4500 3019 4567 solius
3047 4508 3287 4566 natura
3311 4497 3599 4588 simplex
3623 4504 3749 4564 est.

2377 4614 2439 4676 3.
2481 4609 2554 4676 Si
2603 4609 2773 4676 sorte
2804 4606 3094 4684 dicatur,
3143 4605 3328 4698 quod
3357 4604 3611 4673 habent
3649 4626 3844 4672 com-

2289 4719 2693 4809 positionem
2726 4716 2949 4806 prima
2985 4712 3323 4804 simplicia
3352 4716 3421 4780 in
3470 4712 3601 4780 hoc
3659 4710 3840 4801 quod

2288 4836 2441 4894 sunt
2497 4825 2582 4893 al»
2649 4824 2783 4892 alio
2850 4846 2972 4914 per
3045 4822 3486 4891 creationem.
3531 4819 3839 4887 Commi:

2290 4933 2604 5000 Efficiens
2660 4952 2864 4999 causa
2915 4951 3056 4996 non
3123 4936 3228 4997 est
3264 4926 3520 5018 aliquid
3578 4927 3697 5003 rei,
3728 4921 3844 4991 sed

2291 5049 2430 5108 tota
2472 5048 2571 5106 est
2600 5047 2789 5105 extra
2831 5059 2975 5104 rem
3009 5059 3025 5103 ε
3060 5057 3223 5126 ergo
3263 5056 3390 5102 nec
3444 5032 3878 5123 simplicita-⁴

2289 5156 2424 5214 tem
2497 5146 2563 5213 in
2640 5167 2711 5212 re
2772 5142 2955 5218 facit.
3029 5162 3155 5210 nec
3228 5140 3842 5230 compositionem:

2292 5277 2454 5343 ergo
2485 5275 2606 5320 ens
2635 5259 2938 5319 creatum
2970 5249 3055 5317 ab
3086 5247 3219 5317 hoc
3257 5248 3441 5339 quod
3488 5257 3591 5316 est
3629 5264 3849 5314 ·crea-

2293 5371 2437 5429 tum
2482 5382 2620 5427 non
2651 5365 2754 5426 est
2782 5358 3268 5448 compositum.

2383 5468 2446 5533 4.
2495 5465 2852 5544 Praeterea,
2892 5463 2965 5531 Si
3003 5461 3527 5531 nulla-creatura
3556 5462 3848 5554 simplex

2294 5582 2418 5654 est,
2480 5571 2749 5638 videtur
2804 5569 2989 5659 quod
3059 5568 3436 5637 intellectus
3505 5568 3846 5637 resolvens

2295 5678 2498 5745 vadat
2529 5679 2594 5743 in
2631 5677 2997 5744 inlinitum.
3046 5675 3191 5741 Hoc
3218 5673 3477 5766 aliquid
3527 5676 3710 5743 enim
3747 5680 3849 5741 est
