4897 6388
599 316 762 425 ‘304
1037 432 1049 445 .
1630 331 1715 398 n.
1767 331 1964 401 ALB.
2018 304 2230 397 MAG:
2284 331 2491 438 ono.
2545 317 2837 395 PRAED.

623 504 781 578 vita
821 529 976 579 non
1020 469 1271 604 potest
1309 505 1736 602 quidquam
1769 490 1944 577 esse
1981 471 2435 606 nisi'vivum
2474 524 2489 574 :
2538 522 2791 597 neque
2833 523 2927 572 ex
2980 486 3497 590 derivation‘ffi‘
3538 498 3679 572 ‘sed
3738 522 3833 574 ex

624 638 915 715 virtute
956 632 1380 716 nativitatis
1421 649 1558 714 est.
1596 641 1700 712 Ae
1740 637 1849 711 sic
1889 636 2070 709 dum
2103 644 2343 710 totum
2384 634 2591 732 quod
2618 642 2735 708 est
2771 631 2988 726 vivit,
3024 643 3101 706 et
3134 634 3318 706 dum
3347 641 3592 707 totum
3627 635 3833 731 quod

633 795 727 847 ex
766 759 856 847 eo
886 773 1235 848 nascitur
1273 775 1519 846 virtus
1559 781 1697 862 est,
1746 769 1975 844 habet
2013 768 2488 843 nativitatem
2520 766 2787 860 Filius,
2859 789 3017 840 non
3060 766 3702 853 demutationem.-
3746 770 3837 843 Et

623 905 749 980 hic
790 907 980 980 dicit
1009 908 1197 1004 quia
1230 908 1599 982 nascitur.

724 1018 942 1135 Item,
989 1042 1065 1114 in
1109 1042 1307 1117 libro
1351 1042 1454 1115 IX
1485 1041 1577 1115 de
1626 1038 1996 1113 Trinitate
2030 1061 2045 1111 ε
2083 1037 2332 1111 Donat
2372 1037 2601 1112 Pater
2627 1034 2816 1110 Filio
2852 1043 3148 1110 tantum
3189 1058 3386 1129 esse,
3424 1045 3825 1133 quamtum

618 1185 736 1252 est
767 1176 930 1275 ipse
976 1201 992 1251 ε
1041 1177 1167 1252 eui
1200 1173 1815 1251 innascibilitatis
1843 1171 2444 1269 esseimaginem
2491 1181 2970 1246 sacramento
3000 1169 3422 1245 nativitatis
3455 1167 3823 1268 impartit,

614 1333 848 1408 quem
887 1335 983 1387 ex
1021 1335 1103 1386 se
1144 1311 1223 1384 in
1265 1332 1408 1385 sua
1446 1311 1688 1384 forma
1717 1316 2054 1403 generat.
2103 1304 2242 1379 Hic
2264 1303 2475 1399 dicit,
2512 1304 2696 1403 quia
2726 1314 3049 1402 generat
3089 1305 3321 1379 Pater
3360 1301 3667 1378 Filium.

1200 2119 1287 2195 Ο.
1332 2116 1691 2193 Breviter
1727 2113 1944 2189 docel
1970 2111 2272 2213 quidde
2299 2113 2442 2190 leoc
2481 2113 3052 2190 concedendum
3090 2115 3218 2224 ⁸5⁴·

712 2569 1085 2646 Dicamus
1141 2593 1329 2667 ergo
1386 2568 1663 2644 Filium
1716 2577 1980 2643 natum
2037 2567 2130 2643 de
2167 2569 2428 2669 ‘Patre
2497 2579 2674 2645 ante
2712 2577 3089 2668 tempora,
3131 2579 3210 2646 et
3247 2594 3557 2671 semper
3604 2578 3816 2654 nasei

624 2705 719 2780 de
750 2706 1006 2800 Patre,
1052 2706 1188 2782 sed
1229 2703 1783 2802 congruentius
1822 2726 2125 2802 semper
2161 2712 2422 2778 natum
2462 2725 2479 2779 :
2526 2711 2601 2778 et
2638 2703 2995 2779 eumdem
3035 2703 3413 2781 fateamur
3460 2707 3557 2783 ab
3588 2719 3821 2788 mter-

608 2861 711 2912 no
742 2861 914 2914 esse
955 2846 1033 2914 et
1063 2837 1274 2912 Patri
1315 2847 1818 2930 (maternum,
1864 2833 1936 2909 id
1969 2843 2109 2929 est,
2150 2834 2472 2911 auctori.
2506 2835 2736 2911 Pater
2764 2828 2973 2911 enirn
3013 2838 3518 2936 generatione
3549 2820 3822 2920 auctor

606 2972 778 3048 Filii
820 2981 962 3068 est,
1010 2981 1093 3048 ut
1133 2970 1211 3046 in
1247 2971 1599 3079 sequenti
1643 2969 2109 3047 ostendetur.
2146 2967 2245 3046 Ut
2271 2993 2457 3070 ergo
2498 2971 2727 3047 Pater
2765 2980 2877 3047 est
2908 2982 3276 3070 oeternuS,
3319 2973 3429 3050 ita
3465 2985 3545 3051 et
3572 2977 3815 3056 Filius

604 3118 948 3185 aeternus
986 3118 1106 3184 est
1139 3131 1157 3183 ε
1194 3107 1328 3183 sed
1364 3107 1591 3182 Pater
1614 3106 1779 3182 sine
1802 3117 2139 3202 auctore,
2174 3105 2413 3187 Filius
2438 3130 2624 3183 vero
2661 3132 2812 3183 non
2850 3132 2868 3184 ε
2912 3107 3098 3209 quia
3135 3109 3365 3186 Pater
3402 3094 3816 3193 innascibi-

600 3242 724 3332 lis,
770 3241 1016 3319 Filius
1044 3251 1302 3319 natus.
1351 3243 1467 3331 Et,
1507 3252 1582 3316 ut
1625 3241 1726 3316 ait
1769 3240 2106 3317 Hilarius
2144 3242 2222 3316 in
2280 3242 2476 3318 libro
2541 3244 2680 3318 XII
2758 3244 2852 3319 de
2918 3242 3344 3322 Trinitate:
3399 3245 3634 3323 Aliud
3699 3261 3816 3328 est

602 3376 773 3454 siue
814 3387 1130 3454 auctore
1171 3368 1676 3476 semper'esse
1706 3385 2109 3471 aeternum,
2152 3375 2360 3452 aliud
2383 3376 2623 3473 Patri,
2660 3376 2734 3450 id
2775 3387 2917 3471 est,
2953 3377 3251 3453 auctori
3291 3401 3465 3457 esse
3503 3393 3815 3463 comter-

611 3537 829 3589 num.
866 3512 1014 3590 Ubi
1055 3521 1317 3589 autem
1357 3513 1585 3589 Pater
1613 3520 1880 3587 auctor
1914 3524 2055 3606 est,
2099 3512 2199 3588 ibi
2239 3522 2312 3589 et
2353 3511 2713 3588 nativitas
2744 3522 2860 3589 est
2902 3535 2919 3588 ε
2957 3513 3145 3612 quia
3196 3513 3400 3591 sieut
3446 3516 3809 3599 nativitas

613 3648 712 3723 ab
750 3656 1066 3724 auctore
1107 3658 1251 3743 est,
1287 3647 1391 3723 ita
1420 3658 1493 3724 et
1519 3647 1615 3723 ab
1645 3658 1934 3724 interno
1972 3657 2280 3724 auctore
2320 3656 2613 3724 aeterna
2649 3658 2766 3723 est
2794 3646 3179 3723 nativitas.
3248 3651 3495 3726 Omne
3548 3663 3806 3733 aut-em

617 3780 826 3877 quod
858 3802 1168 3879 semper
1195 3788 1338 3868 est,
1382 3779 1611 3856 etiam
1652 3787 2162 3856 wtoi·nuniest
2196 3804 2213 3855 ;
2258 3780 2390 3856 sed
2444 3787 2701 3855 tamen
2729 3803 2887 3854 non
2914 3802 3144 3855 omne
3184 3781 3392 3880 quod
3433 3792 3811 3863 oeternum

613 3921 757 4006 est,
801 3912 1027 3989 etiam
1074 3910 1427 3989 innatum
1468 3924 1577 3988 est
1611 3936 1628 3989 ε
1664 3913 1844 4013 quia
1875 3913 2077 4012 quod
2117 3913 2213 3988 ab
2243 3923 2534 3990 aeterno
2565 3913 2935 4009 nascitur,
2965 3913 3601 3992 habetaeternum
3642 3943 3812 4018 esse

612 4048 824 4147 quod
857 4057 1122 4124 natum
1166 4059 1308 4125 est.
1345 4048 1561 4137 Quod
1595 4059 1847 4123 autem
1885 4072 2034 4123 non
2081 4058 2343 4124 natum
2381 4058 2526 4144 est,
2560 4047 2635 4123 id
2677 4071 2851 4123 cum
2884 4048 3318 4126 aeternitate
3354 4073 3510 4125 non
3545 4065 3811 4131 uatum

612 4192 783 4260 est:
828 4184 1035 4282 quod
1067 4208 1256 4261 vero
1296 4208 1390 4259 ex
1428 4193 1721 4260 wterno
1774 4194 2036 4259 natum
2076 4193 2216 4277 est,
2260 4182 2333 4258 id
2375 4183 2438 4258 si
2510 4207 2666 4258 non
2733 4194 3112 4260 oeternum
3173 4195 3440 4261 natum
3473 4197 3615 4284 est,
3649 4189 3809 4289 jam

611 4342 769 4393 non
811 4316 1051 4395 eritet
1081 4320 1308 4395 Pater
1333 4329 1598 4394 auctor
1627 4332 1987 4393 aeternus.
2024 4317 2316 4416 Siquid
2357 4341 2542 4415 ergo
2581 4318 2650 4394 ei
2693 4317 2826 4416 qui
2858 4318 2956 4394 ab
2986 4328 3280 4395 {eterno
3324 4320 3553 4399 Patre
3585 4336 3815 4403 natus

612 4463 757 4548 est,
801 4476 896 4530 ex
948 4454 1378 4531 (eternitate
1410 4454 1760 4544 defuerit,
1799 4453 2125 4551 idipsum
2168 4476 2322 4527 non
2389 4461 2507 4528 est
2570 4452 2862 4529 auctori
2931 4453 3386 4551 ambiguum
3419 4455 3809 4541 defuisse:

610 4588 797 4689 quia
826 4588 890 4665 si
932 4589 1283 4687 gignenti
1325 4601 1438 4665 est
1482 4590 1865 4665 infinitum
1899 4588 2240 4683 gignere,
2282 4597 2359 4663 et
2414 4589 2758 4665 nascenti
2835 4588 3068 4665 etiam
3129 4588 3523 4669 infinitum
3593 4599 3807 4676 nasei

605 4732 747 4801 est.
792 4724 1138 4801 Medium
1173 4724 1381 4799 enim
1416 4725 1601 4823 quid
1645 4724 1841 4800 inter
1906 4722 2375 4798 nativitatem
2452 4722 2591 4798 Dei
2634 4723 2832 4810 Filii,
2900 4735 2973 4799 et
3024 4727 3608 4822 generationem
3667 4733 3816 4813 Dei

609 4858 890 4952 Patris,
924 4882 1069 4934 nec
1100 4882 1384 4934 sensus
1412 4859 1737 4934 admittit
1775 4883 1790 4933 :
1837 4857 2017 4956 quia
2055 4867 2127 4933 et
2166 4856 2243 4931 iu
2284 4857 2782 4955 generatione
2823 4858 3184 4935 nativitas
3232 4872 3379 4957 est,
3427 4873 3503 4941 et
3544 4864 3620 4941 in
3663 4893 3811 4946 na-

611 4992 904 5083 tivitate
946 4994 1347 5091 generatio
1378 5006 1493 5070 est
1535 5017 1551 5069 :
1588 4994 1768 5092 quia
1808 4992 1973 5068 sine
2009 5003 2329 5091 utroque
2360 5004 2722 5068 neutrum
2764 5002 2926 5069 est:
2967 5004 3384 5095 utrumque
3425 5023 3609 5098 ergo
3640 5005 3808 5083 sine

610 5105 1020 5204 intervallo
1051 5129 1175 5204 sui
1215 5139 1357 5206 est.
