4897 6388
1807 292 1903 402 lN
1948 292 1979 358 I
2030 282 2457 358 SENTENT.
2508 283 2911 374 Dlstslx,
2964 292 3045 368 B,
3095 291 3301 363 ΛΒΤ.
3355 295 3422 362 5.

1036 467 1418 541 secundum
1448 469 1786 536 rationem
1820 463 2240 555 intelligendi
2280 460 2598 553 praeoedit

1031 578 1219 647 aliud
1274 600 1290 644 :
1348 575 1468 644 sed
1525 572 1902 664 generatio,
1974 575 2040 639 et
2105 591 2470 662 generans,
2529 576 2597 637 et

1029 686 1303 777 genitus
1369 686 1553 774 sunt·
1590 686 1841 747 aeterna
1892 687 1960 747 et
2024 679 2095 745 in
2125 679 2498 746 aeternitate
2529 684 2595 744 et

1039 789 1383 859 aeternitas
1458 810 1473 854 ε
1517 806 1680 877 ergo
1712 785 1977 853 nullum
2038 784 2316 853 illorum
2385 786 2592 852 etiam

1031 895 1414 966 secundum
1460 902 1775 963 naturam
1833 892 2152 985 praecedit
2209 890 2419 969 aliud,
2466 911 2591 957 nec

1035 1004 1244 1072 etiam
1304 1003 1683 1094 secundum
1733 1003 2093 1070 rationem.

1117 1113 1182 1179 2.
1230 1111 1430 1191 Item,
1460 1105 1541 1178 In
1571 1108 2064 1201 temporalibus
2092 1107 2409 1177 dicuntur
2441 1127 2587 1177 esse

1025 1217 1259 1301 simul,
1297 1242 1453 1311 quae
1491 1227 1655 1287 sunt
1714 1220 1784 1286 in
1824 1217 2064 1286 eodem
2113 1216 2290 1297 1000,
2347 1217 2459 1287 vel
2514 1221 2587 1286 in

1025 1329 1267 1397 eodem
1290 1336 1603 1418 tempore
1649 1349 1665 1394 :
1709 1347 1870 1416 ergo
1903 1311 2118 1393 multo
2150 1325 2370 1416 magis
2397 1332 2579 1402 sunt,

1024 1458 1179 1527 quae
1220 1435 1484 1503 suntin
1514 1434 1753 1503 eodem
1781 1451 1965 1501 nunc
2000 1433 2350 1524 temporis.
2387 1432 2450 1499 N
2456 1455 2587 1501 unc

1025 1554 1258 1614 autem
1288 1545 1619 1636 temporis
1640 1551 1918 1635 propter
1943 1543 2345 1613 relationem
2374 1561 2583 1635 quam

1025 1652 1255 1722 habet²
1280 1652 1368 1721 ad
1395 1653 1586 1746 prius
1626 1658 1693 1721 et
1720 1653 2082 1744 posterius,
2124 1652 2344 1744 magis
2381 1659 2484 1720 est
2511 1652 2584 1719 in

1023 1783 1097 1831 se
1126 1764 1399 1831 varium
1434 1771 1502 1830 et
1527 1761 1873 1830 diversum
1915 1781 2123 1852 quam
2162 1782 2344 1829 nunc
2396 1767 2583 1828 stans

1022 1879 1090 1940 et
1135 1893 1280 1946 non
1300 1887 1591 1940 movens
1630 1893 1727 1952 se,
1788 1868 1974 1960 quod
2001 1877 2102 1937 est
2166 1889 2348 1937 nunc
2382 1876 2585 1936 aeter-

1019 1969 1267 2076 nitatis
1299 1985 1333 2048 ε’
1364 1976 1595 2046 in‘illo
1628 1984 1859 2045 autem
1890 1981 2049 2045 sunt
2076 1995 2435 2067 generans,
2469 1997 2586 2067 ge-

1017 2087 1310 2168 neratio,
1357 2085 1441 2154 2et
1474 2099 1479 2106 ·
1512 2086 1784 2177 genitus
1853 2069 2103 2176 t'ergo
2158 2083 2580 2176 impossibile

1017 2195 1367 2287 etiam²est
1392 2193 1771 2286 intelligere
1809 2193 2102 2285 qualiter
2147 2214 2360 2261 unum
2402 2214 2583 2285 prae-

1018 2304 1215 2374 cedat
1252 2304 1466 2374 aliud.

1109 2417 1175 2484 3.
1210 2412 1411 2495 Item,
1464 2414 1543 2482 In
1583 2413 1833 2505 quibus
1872 2418 1976 2481 est
2033 2413 2220 2505 prius
2248 2421 2317 2482 et
2353 2420 2579 2506 poste-

1018 2524 1187 2606 rius,
1239 2521 1376 2594 hoc
1423 2522 1816 2592 causabitur
1879 2521 1962 2590 de
2035 2522 2434 2592 necessitate
2491 2522 2576 2591 ab

1017 2630 1394 2711 intellectu,
1429 2632 1540 2701 vel
1586 2654 1626 2700 a
1654 2636 1989 2723 tempore,
2020 2629 2130 2699 vel
2165 2652 2207 2698 a
2248 2630 2426 2713 loco,
2466 2630 2627 2700 vel‘

1017 2763 1058 2808 a
1124 2738 1458 2832 dignitate
1518 2739 1893 2809 secundum
1932 2761 2158 2809 mores
2210 2738 2319 2808 vel
2372 2748 2579 2810 natu-

1018 2869 1191 2916 ram.
1227 2847 1430 2929 Quod
1469 2853 1700 2917 autem
1729 2847 1800 2915 in
1839 2846 2089 2916 divinis
2130 2868 2271 2916 non
2311 2849 2575 2939 possint

1010 2957 1278 3027 causari
1306 2954 1500 3048 prius
1529 2962 1597 3024 et
1625 2955 1965 3048 posterius
1994 2954 2371 3024 secundum
2406 2963 2574 3024 tem·

1008 3088 1141 3156 pus
1166 3073 1236 3133 et
1269 3063 1531 3145 locum,
1574 3064 1856 3156 planum
1912 3073 2015 3132 est
2066 3083 2083 3132 t
2126 3064 2288 3156 quia
2339 3063 2575 3133 divina

1007 3194 1149 3255 nec,
1192 3170 1348 3243 loco
1384 3192 1511 3244 nec
1558 3180 1869 3265 tempore
1909 3170 2199 3241 diffinita
2272 3172 2379 3242 vel
2445 3173 2575 3242 cir-

1012 3279 1427 3371 cumscripta
1479 3287 1638 3347 sunt
1671 3300 1690 3344 ε
1722 3299 1884 3370 ergo
1913 3279 1972 3347 si
2036 3284 2138 3347 est
2167 3277 2259 3346 ibi
2289 3280 2477 3370 prius
2505 3285 2574 3347 et

1013 3387 1384 3481 posterius,
1410 3384 1544 3459 boc
1572 3390 1701 3459 erit
1717 3388 2092 3459 secundum
2125 3387 2568 3469 intellectum,

1011 3495 1122 3565 vel
1190 3517 1498 3578 causam,
1561 3494 1671 3566 vel
1731 3496 2128 3594 dignitatem
2174 3503 2435 3566 naturae
2462 3497 2572 3566 vel

1021 3626 1293 3673 morum
1341 3624 1357 3673 ε
1410 3625 1552 3673 non
1609 3610 1841 3673 autem
1870 3603 2245 3672 secundum
2275 3604 2577 3695 dignita-

1012 3718 1155 3780 tem
1191 3718 1491 3796 morum,
1544 3711 1706 3804 quia
1733 3734 1874 3781 non
1915 3717 2015 3781 est
2057 3711 2313 3803 aliquid
2351 3711 2574 3783 dicere

1018 3821 1089 3888 in
1119 3818 1449 3912 gradibus
1486 3817 1771 3889 honoris
1810 3821 1879 3889 in
1930 3816 2237 3889 moribus
2273 3820 2460 3912 quod
2489 3821 2579 3890 sit

1009 3931 1079 3997 in
1110 3927 1343 4006 Patre,
1382 3929 1565 4020 quod
1598 3949 1739 3996 non
1778 3928 2142 3997 conveniat
2186 3926 2359 3996 Filio
2402 3950 2419 3998 :
2461 3950 2578 3997 er-

1023 4058 1113 4128 go
1146 4034 1280 4105 hoc
1320 4037 1449 4105 erit
1471 4036 1847 4105 secundum
1884 4034 2281 4128 dignitatem
2320 4043 2581 4104 naturae

1012 4143 1069 4211 si
1112 4151 1217 4213 est
1246 4143 1624 4213 secundum
1656 4143 2081 4236 dignitatem.

1112 4251 1248 4320 Ssn
1310 4275 1618 4321 commi:
1663 4250 1838 4332 Quia
1900 4253 2102 4320 unius
2155 4260 2419 4321 naturae
2459 4274 2583 4320 nu-

1034 4358 1461 4449 merolsunt,
1486 4361 1593 4428 cui
1634 4358 1804 4428 nibil
1844 4358 2081 4429 accidit
2122 4382 2246 4429 nec
2284 4361 2353 4427 in
2385 4359 2589 4429 Patre

1025 4465 1253 4535 necin
1291 4465 1467 4536 Filio
1500 4488 1517 4534 ε
1553 4488 1718 4558 ergo
1749 4475 1950 4537 erunt
2021 4467 2396 4536 secundum
2446 4467 2579 4537 hoc

1022 4573 1347 4665 aequales,
1380 4580 1450 4643 et
1479 4597 1617 4643 non
1656 4596 1835 4643 unus
1883 4576 2070 4666 prior
2105 4574 2319 4643 altero
2364 4598 2381 4643 τ
2412 4597 2579 4665 ergo

1021 4690 1380 4753 remanent
1436 4682 1574 4752 duo
1649 4685 1833 4752 modi
1890 4684 2264 4754 secundum
2322 4683 2583 4754 intelle·

1014 4800 1204 4860 ctum
1239 4801 1307 4860 et
1350 4814 1654 4861 causam.
1711 4792 2100 4861 Secundum
2160 4793 2579 4862 intellectum

1014 4909 1252 4968 autem
1297 4899 1488 4992 prius
1527 4910 1628 4971 est
1676 4924 1714 4970 a
1772 4924 1909 4993 quo
1967 4924 2105 4970 non
2162 4901 2583 4971 convertitur

1025 5010 1516 5100 consequentia
1566 5032 1584 5079 ε
1619 5008 1751 5079 hoc'
1780 5019 2006 5079 autem
2046 5011 2232 5101 prius
2268 5018 2370 5079 est
2406 5011 2585 5077 sim-

1018 5113 1370 5205 plicius-et
1400 5117 1791 5208 generalius
1847 5139 2051 5209 quam
2112 5140 2314 5186 suum
2359 5125 2587 5209 poste·

1019 5222 1159 5291 rius
1196 5245 1212 5291 :
1248 5221 1368 5291 sed
1409 5224 1585 5292 inter
1613 5225 1888 5293 Patrem
1919 5233 1987 5293 et
2019 5223 2266 5293 Filium
2333 5232 2434 5293 est
2476 5246 2586 5293 ea-

1019 5329 1177 5398 dem
1234 5329 1635 5422 simplicitas
1701 5356 1716 5402 :
1779 5355 1942 5425 ergo
2002 5331 2130 5402 hoc
2188 5331 2393 5402 modo
2442 5353 2584 5400 non

1027 5439 1284 5508 distant
1311 5462 1435 5531 per
1462 5444 1649 5532 prius
1679 5451 1746 5511 et
1774 5444 2107 5533 posterius
2158 5466 2173 5511 ε
2242 5463 2405 5533 ergo
2443 5462 2585 5511 non

1032 5557 1348 5617 remanet
1413 5550 1661 5619 modus
1738 5552 1869 5619 nisi
1936 5554 2122 5643 prius
2199 5552 2285 5620 sit
2347 5572 2578 5631 causa,

1031 5655 1217 5747 quod
1247 5656 1454 5725 etiam
1487 5655 1783 5727 haeretici
1822 5666 2222 5751 posuerunt.

4110 294 4239 361 279

2793 463 2923 532 San
2954 488 3213 536 coN‘mA
3249 489 3264 534 :
3309 467 3388 534 In
3439 450 4007 557 quibuscumque
4038 487 4243 533 causa

2696 575 2882 664 prior
2918 585 3019 644 est
3062 601 3270 668 quam
3300 585 3676 661 causatum,
3743 597 3947 644 causa
3991 574 4107 642 illa
4153 573 4237 641 ab

2698 681 2829 750 alio
2878 680 3081 752 habet
3102 684 3288 774 quod
3317 684 3645 763 subsistit,
3681 691 3748 751 et
3767 683 3850 750 ab
3884 682 4015 750 alio
4057 681 4240 771 quod

2695 811 2898 857 causa
2936 791 3047 859 sit.
3101 792 3316 859 Detur
3363 793 3570 876 enim,
3622 789 3807 881 quod
3854 789 3937 856 ab
3999 788 4238 857 eodem

2695 895 2940 964 habeat
2979 896 3162 987 quod
3192 898 3520 976 subsistit,
3574 905 3641 964 et
3680 906 3780 964 est
3832 894 3962 963 hoc
4016 896 4239 985 signa-

2693 1012 2839 1071 tum
2880 1004 3023 1072 sive
3054 1003 3186 1073 hoc
3216 1005 3497 1096 aliquid,
3532 1013 3597 1072 et
3627 1003 3809 1095 quod
3838 1025 4041 1071 causa
4071 1011 4172 1071 est
4217 1025 4232 1070 :

2691 1131 2848 1178 cum
2919 1136 2957 1180 a
3014 1112 3405 1181 causalitate
3491 1110 3737 1179 habeat
3791 1111 3972 1201 quod
4033 1133 4233 1178 causa

2692 1228 2815 1300 est,
2878 1220 2962 1288 ab
3039 1221 3275 1289 eadem
3343 1219 3620 1288 habebit
3684 1219 3867 1311 quod
3938 1227 4041 1289 est
4107 1218 4239 1287 hoc
4321 1239 4328 1247 ·

2691 1325 2946 1421 aliquid
2991 1352 3006 1397 :
3041 1337 3109 1396 et
3146 1352 3301 1398 cum
3333 1330 3475 1418 ipsa
3510 1328 3867 1397 causalitas
3909 1328 4110 1395 simul
4150 1329 4238 1397 sit

2691 1446 2933 1507 natura
2987 1460 3143 1506 cum
3199 1441 3502 1517 causato,
3573 1439 3717 1526 ipsa
3779 1436 3851 1503 in
3910 1458 3990 1504 eo
4051 1436 4236 1527 quod

2691 1546 2994 1616 subsistit
3048 1553 3115 1614 et
3171 1553 3273 1613 est
3319 1543 3451 1613 hoc
3489 1543 3770 1635 aliquid,
3831 1543 4033 1612 simul
4107 1546 4234 1612 erit

2688 1675 2843 1728 cum
2901 1665 3202 1737 causato,
3264 1664 3333 1725 et
3387 1657 3483 1725 sic
3534 1656 3721 1725 nullo
3781 1657 3984 1725 modo
4046 1657 4232 1747 prior

2689 1772 2811 1844 est,
2865 1764 3047 1856 quod
3086 1771 3186 1833 est
3242 1771 3477 1833 contra
3522 1765 3819 1854 positum
3889 1787 3904 1831 :
3958 1787 4117 1855 ergo
4176 1766 4234 1832 si

2686 1876 2871 1966 prior
2907 1880 3031 1956 est,
3065 1871 3148 1940 ab
3180 1872 3316 1940 alio
3355 1870 3562 1941 habet
3590 1872 3772 1962 quod
3802 1871 3932 1940 hoc
3970 1870 4228 1962 aliquid

2686 1992 2811 2065 est,
2868 1991 2933 2051 et
2971 1982 3055 2050 ab
3117 1980 3252 2049 alio
3296 1980 3482 2074 quod
3527 2004 3729 2051 causa
3777 1989 3877 2050 est
3926 2005 3942 2048 ε
3985 2004 4148 2072 ergo
4190 2004 4231 2048 a

2685 2091 3138 2161 destructione
3169 2091 3668 2181 consequentis,
3731 2091 3786 2158 si
3855 2089 3937 2158 ab
3988 2089 4231 2158 eodem

2686 2199 2914 2281 habet,
2947 2200 3093 2291 ipsa
3123 2200 3497 2269 secundum
3529 2221 3675 2267 esse
3733 2208 3800 2267 et
3855 2199 4227 2268 sec-undum

2684 2306 3101 2376 intellectum
3158 2304 3363 2374 simul
3422 2314 3521 2374 est
3588 2328 3604 2375 t
3674 2305 3792 2374 sed
3869 2305 4070 2374 Pater
4141 2305 4226 2373 ab

2685 2414 2924 2483 eodem
2989 2411 3193 2482 habet
3254 2411 3440 2504 quod
3485 2421 3584 2482 est
3637 2415 4060 2504 suppositum
4120 2411 4218 2479 di-

2681 2522 2858 2590 vinae
2876 2529 3134 2590 naturae
3156 2523 3300 2590 sive
3322 2519 3705 2613 hypostasis
3730 2521 3875 2589 sive
3903 2543 4214 2612 persona,

2681 2639 2747 2701 et
2785 2629 2967 2721 quod
3023 2629 3229 2699 Pater
3264 2637 3364 2698 est
3428 2652 3444 2699 :
3500 2651 3661 2721 ergo
3712 2631 3764 2696 si
3822 2629 3960 2720 ipse
4023 2631 4089 2695 in
4135 2650 4215 2697 eo

2681 2738 2865 2831 quod
2914 2738 3138 2818 Pater,
3198 2736 3570 2806 secundum
3635 2744 3946 2806 naturam
3996 2745 4062 2804 et
4107 2737 4224 2804 in·

2681 2846 3021 2916 tellectum
3053 2852 3164 2916 est·
3183 2845 3385 2914 simul
3414 2868 3570 2915 cum
3614 2845 3807 2925 Filio,
3844 2849 3983 2937 ipse
4012 2846 4219 2915 etiam

2679 2956 2750 3023 in
2805 2977 2887 3024 eo
2943 2953 3128 3046 quod
3200 2952 3583 3045 hypostasis
3639 2964 3705 3024 et
3759 2975 4046 3045 persona
4085 2962 4210 3032 est,

2680 3072 2781 3133 est
2799 3061 3003 3131 simul
3029 3081 3187 3132 cum
3210 3062 3383 3153 ipso.
3411 3061 3747 3129 Pnomrro
3776 3083 4021 3140 nanim,
4056 3062 4218 3152 quia

2679 3174 2898 3266 prima
2934 3171 3099 3240 satis
3123 3168 3409 3263 probata
3438 3179 3561 3239 est.
3605 3168 3790 3239 Nihil
3841 3178 3940 3240 est
3988 3171 4223 3239 distin·
4297 3238 4307 3247 ,

2680 3300 2895 3372 guens
2949 3280 3019 3348 in
3058 3277 3307 3347 divinis
3345 3279 3473 3346 nisi
3515 3277 3748 3348 relatio
3783 3301 3799 3347 ε
3834 3277 3952 3346 sed
3979 3278 4224 3347 distin-

2680 3395 2930 3481 guente
3015 3394 3321 3455 cessante
3401 3384 3663 3455 tollitur
3737 3385 4077 3454 distinctio
4152 3395 4221 3455 et

2680 3495 3071 3564 distinctum
3116 3516 3131 3560 :
3185 3514 3350 3584 ergo
3389 3492 3653 3561 sublata
3684 3493 4010 3562 relatione
4059 3515 4098 3563 a
4128 3494 4228 3561 di·

2677 3600 2883 3686 vinis,
2942 3620 3080 3668 non
3137 3601 3263 3670 erit
3320 3600 3410 3669 ibi
3471 3600 3726 3693 aliquid
3772 3599 4213 3669 distinctum:

2681 3731 2844 3799 ergo
2892 3728 3030 3774 non
3085 3715 3286 3775 erunt
3341 3704 3429 3773 ibi
3470 3708 3818 3798 supposita
3858 3706 3964 3775 vel
4012 3705 4227 3798 hypo·

2682 3823 2895 3884 stases
2949 3834 2966 3883 ε
3017 3835 3182 3906 ergo
3211 3812 3396 3907 quod
3453 3813 3654 3883 Pater
3688 3823 3788 3884 est
3843 3814 4229 3907 hypostasis

2683 3934 2943 3995 naturae
2973 3925 3224 3994 divinoe
3258 3913 3458 3994 habet
3487 3949 3524 3994 a
3569 3928 3968 4018 paternitate
4010 3949 4026 3996 τ
4063 3947 4228 4018 ergo

2683 4031 2967 4124 probata
2989 4039 3090 4099 est
3118 4031 3367 4107 minor,
3401 4031 3653 4100 scilicet
3674 4032 3856 4122 quod
3878 4031 3962 4100 ab
3984 4030 4222 4099 eodem

2685 4148 2785 4208 est
2832 4137 3218 4231 hypostasis
3270 4146 3336 4205 et
3384 4138 3581 4206 Pater
3621 4161 3637 4206 ε
3671 4160 3835 4231 ergo
3867 4140 4008 4231 ipse
4039 4138 4225 4207 omni

2687 4246 2893 4315 modo
2943 4253 3180 4314 natura
3212 4255 3279 4314 et
3320 4245 3656 4315 intellectu
3696 4256 3792 4315 est
3834 4246 4036 4314 simul
4067 4268 4224 4314 cum

2690 4355 2884 4436 Filio,
2927 4364 2993 4424 et
3038 4378 3416 4446 numquam
3466 4365 3686 4448 potest
3734 4357 4020 4449 intelligi
4075 4366 4230 4426 ante

2688 4489 2847 4535 eum
2887 4487 3057 4535 esse.
3121 4465 3203 4533 Et
3251 4466 3379 4535 ista
3429 4466 3596 4534 ratio
3654 4474 3753 4535 est
3800 4466 3978 4535 bona
4037 4465 4232 4534 valde

2687 4583 2753 4646 et
2791 4575 3112 4645 notabilis
3155 4599 3173 4644 τ
3216 4578 3374 4666 quia
3398 4575 3607 4643 multa
3657 4575 3812 4644 facit
3859 4575 4233 4665 intelligere

2689 4684 2773 4753 de
2802 4684 3233 4753 distinctione
3272 4705 3740 4774 personarum.

2781 4793 2845 4858 4.
2900 4790 3095 4868 Item,
3130 4789 3349 4859 Video
3409 4795 3474 4857 in
3534 4790 3961 4860 inferioribus
4018 4813 4230 4882 quos·

2691 4901 2848 4970 dam
2879 4901 3128 4993 gradus
3158 4901 3521 4970 simultatis
3567 4924 3785 4970 causae
3824 4909 3890 4971 et
3918 4903 4170 4971 causati
4209 4925 4227 4971 ε

2693 5010 3003 5101 quaedam
3045 5011 3226 5078 enim
3257 5019 3467 5101 agunt
3511 5012 3702 5102 quasi
3770 5013 4033 5080 actione
4090 5033 4235 5078 ma·

2695 5119 2903 5198 terite,
2949 5117 3015 5186 id
3044 5125 3168 5199 est,
3202 5117 3386 5209 quod
3423 5120 3492 5187 in
3530 5141 3652 5188 sua
3680 5120 3943 5189 actione
3981 5118 4238 5210 produ-

2696 5226 2911 5297 cendo
2941 5228 3199 5317 species
3236 5226 3492 5296 similes
3529 5227 3690 5306 sibi,
3741 5226 4047 5319 indigent
4087 5249 4244 5295 ma-

2696 5336 2864 5404 teria
2893 5356 3044 5426 quae
3074 5334 3377 5424 recipiat,
3410 5343 3472 5403 et
3504 5357 3585 5405 ex
3626 5357 3760 5426 qua
3800 5338 3943 5428 ipsa
3983 5337 4240 5427 species

2695 5442 3020 5511 educatur
3072 5440 3156 5509 de
3216 5443 3518 5532 potentia
3582 5443 3669 5511 ad
3745 5452 3995 5523 actum,
4062 5445 4235 5512 sicut

2697 5549 3030 5637 elementa
3058 5572 3072 5617 ε
3109 5558 3171 5618 et
3204 5551 3434 5618 omnia
3465 5550 3576 5619 illa
3598 5551 3903 5644 indigent
3931 5560 4235 5643 tempore

2702 5657 2770 5724 in
2810 5679 2933 5724 sua
2988 5656 3278 5737 actione,
3341 5657 3431 5725 ita
3507 5657 3688 5749 quod
3752 5667 3978 5728 actum
4016 5660 4242 5750 ipsum
