4897 6388
798 3969 876 4014 Ad
912 3972 947 4014 Ι.

775 4717 854 4762 Ad
879 4717 924 4764 2.

1787 311 1879 377 IN
1933 309 1953 373 1
2008 305 2427 382 SENTENT.
2489 301 2706 367 DIS'I'.
2763 301 3016 381 xx1v,
3073 304 3155 380 A,
3212 305 3408 371 ΛΒΤ.
3470 309 3528 374 t.

1071 484 1259 571 gazel
1300 484 1368 549 iu
1409 507 1531 550 sua
1572 481 2060 570 Metaplzyse'ca,
2113 480 2179 541 iu
2224 476 2413 540 tertia
2447 473 2612 538 divi·

1071 590 1262 655 sione
1323 591 1520 671 entiS,
1592 592 1688 655 sic
1749 611 1763 650 :
1833 586 2060 651 l'rimo
2122 581 2320 649 modo
2372 580 2617 646 dicitur

1071 718 1284 761 unum
1353 696 1703 763 verissime
1763 690 1924 757 illud
1995 712 2204 754 unum
2273 685 2614 776 singulare

1068 806 1554 894 significatum,
1594 805 1659 868 in
1701 825 1836 892 quo
1871 823 2006 866 non
2055 808 2154 865 est
2220 797 2608 873 multitud0‚

1068 934 1193 977 nec
1224 912 1649 1000 impotentia,
1696 931 1819 975 nec
1870 907 2071 974 etiam
2130 908 2199 971 in
2229 905 2492 976 effectu,
2541 911 2612 969 ut

1064 1020 1357 1086 essentia
1413 1018 1748 1086 Creatoris
1802 1041 1816 1083 :
1877 1016 2199 1106 qnoniam
2240 1014 2419 1080 Deus
2476 1035 2609 1078 non

1064 1122 1392 1189 dividitur
1455 1123 1524 1188 in
1566 1121 1833 1202 effectu,
1876 1141 2000 1186 nee
2055 1127 2154 1185 est
2206 1115 2609 1206 receptibilis

1062 1229 1458 1297 divisionis:
1505 1252 1745 1318 expers
1786 1229 1988 1318 igitur
2016 1236 2110 1293 est
2156 1224 2609 1292 multitudinis

1060 1337 1127 1402 in
1208 1360 1355 1405 esse
1435 1346 1500 1404 et
1576 1336 1874 1427 potentia
1931 1345 1994 1402 et
2071 1333 2335 1408 ellectu,
2414 1334 2607 1421 cujus

1062 1466 1314 1511 nomen
1383 1443 1727 1511 excelsum
1788 1451 1888 1509 est
1948 1465 1961 1508 :
2029 1443 2167 1530 ipse
2208 1441 2410 1530 igitur
2451 1461 2605 1506 vere

1060 1574 1241 1618 unus
1281 1559 1403 1619 est.

1151 1655 1409 1735 Quarto
1440 1657 1645 1725 modo
1679 1656 1919 1723 dicitur
1946 1653 2267 1722 numerus
2303 1677 2386 1721 ex
2418 1662 2604 1742 parte

1015 1770 1022 1778 '
1060 1765 1152 1831 rei
1189 1771 1562 1831 numeratae
1591 1763 1963 1831 secundum
1995 1761 2150 1851 quid
2186 1770 2250 1828 et
2283 1784 2414 1827 non
2444 1762 2605 1826 sim-

1055 1872 1344 1962 pliciter,
1388 1872 1642 1940 scilicet
1696 1879 1970 1937 causata
2011 1868 2355 1959 pluralitas
2419 1891 2458 1934 a
2497 1868 2605 1934 di-

1056 1982 1447 2071 stinguente
1543 2001 1975 2070 quocumque
2059 1977 2262 2045 modo
2328 1999 2342 2045 :
2430 1978 2605 2044 sicut

1055 2089 1264 2155 etiam
1305 2087 1595 2154 dicimus
1649 2095 1987 2175 punctum
2053 2085 2461 2153 continuans
2534 2086 2603 2151 in

1055 2195 1284 2262 medio
1323 2217 1470 2263 esse
1499 2195 1660 2270 duo,
1705 2217 1786 2262 eo
1817 2194 1996 2284 quod
2045 2202 2117 2260 ut
2160 2194 2425 2260 duobus
2465 2195 2604 2260 uti-

1055 2326 1217 2370 mur
1249 2327 1413 2386 uno,
1457 2303 1712 2372 scilicet
1745 2305 1810 2371 in
1844 2306 2101 2371 ratione
2133 2303 2283 2368 linis
2322 2313 2386 2369 et
2419 2303 2601 2392 prin·

1055 2412 1243 2503 cipii‚
1287 2421 1354 2480 et
1383 2412 1672 2480 dicimus
1710 2420 2016 2479 centrum
2049 2412 2115 2478 in
2163 2410 2414 2477 circulo
2456 2433 2603 2478 esse

1054 2520 1354 2586 multum
1405 2520 1473 2585 in
1505 2519 1764 2585 ratione
1824 2518 2149 2586 linearum
2205 2519 2599 2585 exeuntium

1053 2627 1141 2693 ab
1173 2629 1319 2718 ipso
1351 2626 1435 2693 ad
1464 2626 2072 2695 circumferentiam
2098 2635 2204 2693 :et
2236 2625 2366 2693 lmc
2395 2624 2603 2692 modu

1053 2735 1346 2803 dicimus
1396 2758 1753 2826 personam
1790 2758 1992 2802 unam
2047 2736 2427 2802 distinctam
2479 2757 2603 2801 sua

1054 2846 1470 2935 proprietate
1539 2845 1844 2935 originis,
1917 2853 1978 2912 et
2035 2844 2203 2910 (luas
2277 2867 2603 2933 personas

1056 2952 1287 3043 plures
1315 2952 1664 3020 distinctas
1687 2950 1800 3019 tali
1826 2951 2108 3040 originis
2139 2953 2543 3042 proprietate
2580 2974 2595 3017 :

1053 3069 1124 3128 et
1154 3060 1282 3128 lnoc
1315 3059 1520 3127 modo
1549 3060 1698 3127 solo
1738 3081 2057 3126 uulnerus
2101 3060 2384 3148 positive
2423 3058 2601 3126 cadit

1052 3169 1125 3236 in
1178 3168 1429 3237 divinis
1469 3189 1484 3237 ε
1528 3177 1593 3236 et
1634 3169 1701 3236 in
1743 3166 1867 3234 hac
1907 3169 2170 3235 numeri
2210 3167 2603 3236 considera-

1051 3278 1238 3344 tione
1279 3275 1658 3342 dimiuutus
1686 3283 1787 3342 est
1816 3272 2137 3364 Magister
2184 3295 2200 3341 z
2259 3276 2416 3365 quia
2477 3276 2599 3342 iste

1050 3406 1381 3450 numerus
1398 3404 1536 3449 non
1560 3388 1659 3449 est
1688 3380 2081 3470 simpliciter
2101 3404 2445 3458 numerus,
2481 3381 2596 3449 sed

1048 3490 1428 3560 secundum
1457 3488 1645 3581 quid,
1681 3512 1884 3579 quem
1915 3488 2216 3556 etl'ective
2236 3489 2390 3556 facit
2431 3514 2597 3580 pro-

1052 3600 1301 3687 prietas
1329 3597 1752 3686 distinguens
1795 3605 1861 3662 et
1903 3594 2357 3663 determinans
2402 3620 2416 3662 :
2464 3619 2599 3664 nu-

1051 3713 1646 3779 meratum,autenn
1687 3702 1804 3771 illo
1843 3726 2126 3771 numero
2160 3726 2442 3793 petsona
2466 3713 2591 3776 est.

1048 3814 1223 3880 sicut
1259 3811 1559 3878 diximus
1585 3833 1791 3901 supra
1823 3818 1866 3879 ¹.

1145 3923 1488 3989 llncsxmm
1551 3943 1715 4010 ergo
1773 3921 1857 3988 ad
1910 3922 2226 4011 primum,
2269 3922 2452 4012 quod
2491 3948 2595 3989 se·

1048 4031 1349 4097 cundum
1385 4029 1568 4097 illam
1614 4030 1848 4097 Isidori
1881 4030 2235 4104 rationem.
2270 4053 2596 4100 numerus

1048 4163 1188 4207 non
1229 4141 1404 4207 radit
1440 4141 1502 4206 in
1554 4141 1884 4230 personis,
1940 4140 2062 4205 uisi
2105 4141 2348 4206 ‹liz-isio
2408 4142 2593 4232 large

1045 4248 1418 4337 accipiatur
1455 4270 1574 4337 pro
1624 4247 1966 4313 dlrla'aeectiu
2016 4270 2039 4313 .·
2094 4256 2160 4314 et
2230 4271 2402 4315 unns
2432 4260 2593 4316 tunc

1048 4376 1185 4420 non
1236 4353 1397 4420 dicit
1434 4353 1935 4420 distinctionem
2000 4377 2239 4421 sensus
2277 4356 2380 4422 vel
2416 4356 2592 4423 oculi

1046 4458 1132 4527 ad
1167 4483 1308 4527 rem
1339 4460 1901 4542 demonstratam,
1934 4460 2049 4527 sed
2089 4464 2312 4550 potius
2349 4462 2554 4530 ‹listin
2577 4501 2596 4515 ·

1050 4566 1349 4633 ctionem
1391 4565 1792 4634 intellectus.

1141 4675 1244 4741 Λυ
1274 4697 1475 4741 autu
1502 4674 1888 4754 dicendum,
1945 4677 2126 4766 quml
2171 4676 2444 4744 lluetius
2486 4678 2594 4744 lo-

1049 4783 1282 4871 quitur
1310 4781 1392 4850 de
1424 4806 1561 4850 uuo
1590 4784 1961 4851 secundum
1996 4787 2321 4852 rationem
2365 4788 2593 4853 nonni-

1047 4890 1152 4955 nis
1188 4914 1204 4959 :
1239 4892 1402 4981 quia
1427 4890 1589 4957 illud
1620 4902 1722 4959 est
1752 4915 1962 4958 unum
1993 4893 2170 4983 quod
2211 4905 2308 4961 est
2351 4894 2592 4962 indivi-

1043 5022 1199 5066 sum
1230 5001 1300 5066 in
1329 5023 1427 5077 se,
1470 5011 1536 5067 et
1572 5001 1863 5067 divisum
1896 4998 1980 5067 ab
2009 5001 2143 5068 alio
2187 5024 2203 5068 ε
2257 5004 2590 5093 praecipue

1040 5118 1274 5174 autem
1311 5106 1676 5175 indivisum
1712 5116 1815 5175 est
1871 5107 2050 5197 quod
2099 5131 2220 5175 nec
2272 5120 2422 5178 actu
2468 5134 2590 5179 nec

1037 5215 1346 5303 potentia
1385 5213 1721 5282 divisibile
1751 5224 1877 5296 est,
1920 5237 2042 5283 nec
2088 5239 2300 5307 capax
2350 5217 2590 5284 multi-

1041 5322 1296 5390 tudinis
1331 5346 1347 5390 :
1385 5332 1451 5391 et
1476 5322 1635 5391 huic
1666 5321 1888 5392 adhuc
1914 5323 2180 5392 additur
2209 5328 2405 5394 tertia
2434 5349 2591 5394 con·

1036 5430 1229 5510 ditio,
1266 5432 1448 5522 quod
1478 5440 1580 5501 est
1606 5432 1902 5500 maxime
1932 5456 2142 5501 uuum
2177 5434 2587 5505 indivisibile

1114 5658 1128 5691 ¹
1163 5656 1246 5712 Cf.
1283 5658 1490 5730 Supra,
1525 5658 1668 5714 Dist.
1701 5659 1891 5716 xvul.

4158 305 4285 371 607

2728 474 3027 559 potentia
3067 481 3135 539 et
3165 481 3344 550 actu,
3390 482 3457 540 et
3497 471 3691 561 cujus
3733 485 3972 544 natura
4013 499 4150 543 non
4181 484 4283 543 est

2722 577 2905 643 aliud
2955 580 3021 644 in
3084 581 3229 668 ipso
3290 602 3494 669 quam
3555 591 3793 647 natura
3853 583 4153 652 unitatis,
4199 583 4282 648 Et

2720 684 2990 750 additur
3042 695 3285 774 quarta
3360 710 3509 775 qum¹
3576 688 3800 754 adhue
3853 692 4070 777 magis
4124 689 4278 756 lac-it

2720 815 2958 867 unum,
2995 793 3250 859 scilicet
3301 794 3484 882 quod
3528 817 3661 860 non
3705 798 3789 860 sit
3833 795 4136 862 iterabile
4201 805 4276 861 ut

2715 923 2839 967 nec
2867 901 3199 968 divisione
3232 904 3334 969 sui
3369 925 3493 970 nec
3524 906 4007 994 aggregatione
4054 929 4266 994 capax

2715 1008 2800 1073 sit
2834 1005 3286 1073 multitudinis
3340 1032 3353 1075 :
3400 1016 3463 1074 et
3518 1011 3658 1075 istis
3698 1020 3990 1098 quatuor
4029 1010 4271 1078 condi-

2715 1114 3013 1182 tionibus
3074 1116 3141 1180 in
3210 1139 3426 1181 unum
3485 1119 3863 1204 conjunctis
3927 1116 4096 1185 nihil
4166 1126 4271 1186 est

2718 1243 2929 1288 unum
2962 1223 3089 1289 nisi
3121 1221 3309 1290 solus
3340 1225 3545 1291 Deus.
3588 1224 3815 1292 Primo
3848 1227 4028 1293 enim
4064 1226 4270 1293 modo

2714 1339 2813 1395 est
2856 1352 3094 1407 unum,
3130 1330 3314 1419 quod
3359 1354 3561 1396 unam
3617 1330 3818 1399 habet
3870 1333 4159 1400 formam
4199 1357 4271 1401 se

2713 1437 3216 1504 terminantem.
3264 1435 3580 1504 Secundo
3638 1438 3839 1505 modo
3907 1461 4116 1506 unum
4172 1450 4303 1530 est·

2714 1553 3040 1632 punctum
3075 1565 3092 1610 ε
3127 1542 3240 1610 sed
3275 1543 3459 1610 aliud
3491 1554 3590 1612 est
3622 1547 3687 1611 in
3719 1568 3798 1613 eo
3831 1556 4072 1614 natura
4102 1571 4270 1638 pun-

2711 1652 2825 1732 cti,
2868 1651 3051 1717 aliud
3093 1660 3332 1718 natura
3378 1653 3653 1719 unitatis
3690 1676 3702 1720 τ
3741 1656 3903 1744 quia
3943 1666 4267 1745 punctum

2711 1767 2812 1826 est
2851 1758 3229 1826 substantia
3269 1758 3525 1827 habens
3567 1762 3974 1850 positionem
4017 1764 4084 1830 in
4114 1787 4271 1833 eon·

2713 1866 2930 1947 tinne,
2967 1889 3120 1933 cum
3152 1868 3240 1934 sit
3292 1867 3358 1932 in
3394 1870 3650 1934 ratione
3686 1872 3881 1958 primi
3934 1880 4000 1938 et
4045 1870 4263 1939 ultimi

2710 1982 2777 2041 et
2808 1973 3036 2040 medii.
3068 1973 3297 2042 Tertio
3351 1974 3555 2042 modo
3613 1986 3716 2043 est
3782 2000 3993 2045 unum
4048 1979 4273 2047 unitas

2714 2082 2856 2170 ipsa
2892 2103 2908 2147 ε
2941 2081 3099 2170 qnia
3141 2082 3365 2150 unitas
3406 2084 3625 2171 seipsa
3656 2092 3757 2151 est
3789 2107 3923 2151 una
3958 2084 4272 2154 indivisi-

2711 2190 2868 2258 bilis
2906 2193 3214 2281 potentia
3267 2202 3332 2260 et
3364 2202 3516 2260 actu
3564 2218 3578 2260 ε
3637 2195 3753 2261 sed
3812 2197 4270 2286 aggregabilis

2710 2308 2811 2366 est
2850 2298 2961 2365 alii
3007 2300 3073 2365 in
3116 2302 3607 2367 constitutione
3657 2306 3947 2370 numeri.
4007 2304 4267 2383 Quarto

2710 2415 2936 2474 autem
2982 2408 3188 2475 modo
3230 2417 3328 2476 est
3368 2409 3545 2476 Dens
3574 2410 4000 2480 indivisibilis
4028 2425 4264 2504 poten·

2716 2517 2808 2581 tia
2846 2526 2913 2582 et
2972 2523 3150 2595 actu,
3214 2537 3352 2582 non
3395 2517 3596 2583 aliam
3669 2516 3924 2586 habens
3991 2523 4269 2589 unitatis

2713 2632 3027 2690 naturam
3058 2647 3265 2714 quam
3306 2626 3635 2714 seipsum,
3678 2637 3744 2694 et
3771 2651 3906 2695 non
3944 2652 4270 2722 aggrega·

2713 2730 2867 2797 bilis
2886 2731 2998 2797 alii
3023 2732 3104 2797 acl
3139 2731 3646 2800 multitudinem
3679 2738 4263 2807 constituendam:

2711 2838 2830 2906 sed
2885 2839 2940 2904 si
2983 2846 3087 2904 est
3141 2840 3552 2929 principium
3608 2842 4085 2926 multitudinis,
4136 2845 4267 2915 hoc

2711 2947 2835 3012 erit
2868 2947 3173 3013 effective
3212 2957 3280 3014 et
3337 2949 3838 3039 exemplariter,
3900 2962 3972 3021 ut
4008 2954 4263 3023 dictum

2711 3063 2812 3121 est
2847 3077 2863 3121 :
2908 3064 2980 3121 et
3031 3055 3121 3121 ita
3154 3055 3470 3142 intelligit
3510 3057 3811 3127 Boetius.
3850 3060 3996 3129 lloc
4032 3073 4261 3130 autem

2713 3163 2917 3230 modu
2953 3187 3089 3231 uun
3123 3168 3500 3255 quan-imus
3532 3190 3893 3237 numerum
3928 3170 3993 3239 in
4037 3196 4266 3263 perso-

2709 3294 2841 3340 ms.

2798 3382 2902 3445 An
2943 3402 3138 3447 Auru
3184 3380 3577 3461 dicendum,
3618 3388 3798 3475 qnocl
3841 3410 3975 3455 uon
4028 3391 4264 3480 sequi·

2710 3495 2819 3553 tur
2862 3486 2987 3554 lmc
3019 3500 3501 3575 argumentum
3538 3515 3553 3557 ε
3599 3503 3657 3559 rt
3712 3498 3882 3562 ratio
3920 3499 4264 3588 assignata

2706 3603 2806 3661 est
2828 3619 3033 3686 supra
3064 3595 3115 3676 ⁸,
3148 3599 3308 3688 quia
3341 3600 3751 3691 quandoque
3781 3606 4038 3693 species
4069 3607 4265 3673 refer·

2708 3711 2816 3769 tur
2850 3706 2916 3771 in
2949 3703 3182 3771 divina
3219 3729 3354 3773 non
3396 3718 3671 3797 propter
3709 3720 4021 3780 naturam
4055 3739 4270 3802 gene—

2708 3812 2799 3877 ris
2826 3834 2979 3902 quae
3010 3813 3209 3878 estin
3266 3814 3436 3903 ipsa,
3479 3814 3594 3880 sed
3638 3828 3911 3907 propter
3951 3831 4263 3889 naturam

2705 3920 3338 4011 ‹lille-rentiasquam
3378 3923 3559 3990 addit
3602 3949 3802 4015 supra
3836 3952 4074 4018 genus.
4117 3929 4266 3997 Un-

2704 4027 2788 4095 ‹le
2830 4031 3257 4117 Augustinus
3286 4031 3474 4103 ‹lin-it.
3520 4035 3702 4123 qnocl
3732 4045 3829 4102 est
3870 4039 4017 4104 sine
4052 4062 4268 4129 quan-

2708 4136 2896 4219 1itat1·
2919 4159 3237 4223 magnus,
3271 4149 3400 4204 etr.
3434 4139 3507 4204 rii
3533 4142 3846 4209 similiter
3873 4142 4052 4228 «liro,
4084 4148 4267 4237 quod

2708 4266 3016 4333 persona·
3098 4259 3548 4315 numerantur
3628 4274 3641 4317 :
3707 4262 3768 4318 et
3831 4262 4056 4322 lanu-n
4128 4279 4264 4324 nnn

2708 4354 2983 4440 punitur
3004 4357 3351 4444 «ptantitas
3377 4363 3639 4427 mum-ri
3672 4362 3844 4428 eirea
3871 4364 4072 4452 ipsas,
4105 4367 4267 4455 quia

2708 4472 3157 4530 nunu-rantur
3189 4468 3489 4555 quonlam
3525 4492 3835 4547 numero,
3870 4481 3928 4538 et
3968 4496 4103 4539 nnn
4140 4495 4267 4540 nu-

2707 4592 2896 4635 meru
2936 4572 3052 4661 qui
3086 4572 3486 4661 simpliciter
3511 4598 3839 4645 nunnerus
3867 4588 3993 4645 est.

2798 4680 2899 4744 An
2965 4702 3163 4746 Λιιυιι
3211 4681 3606 4764 ‹lire-ndum,
3666 4687 3845 4775 quod
3888 4691 4259 4758 secundum

2709 4786 2891 4853 illam
2927 4789 3262 4857 rationem
3298 4795 3586 4865 numeri,
3633 4817 3956 4862 numerus
3988 4821 4127 4866 non
4157 4824 4266 4867 ca-

2705 4892 2798 4959 elit
2833 4895 2898 4961 in
2923 4895 3196 4975 divinis,
3242 4907 3313 4963 ut
3358 4900 3542 4987 prius
3572 4910 3672 4966 est
3704 4900 4036 4975 habitum.

2795 5003 2899 5069 An
2947 5026 3145 5069 Auru
3184 5005 3572 5079 «licendum,
3622 5012 3803 5100 quod
3854 5013 3922 5080 in
3974 5036 4260 5084 numero

2703 5110 2820 5200 qui
2854 5111 3047 5199 ponit
3087 5114 3537 5201 quantitatem
3579 5117 3758 5184 cirea
3796 5131 4254 5199 numeratum,

2704 5237 2942 5282 verum
2974 5227 3077 5283 est
3100 5216 3228 5284 Inue
3259 5220 3445 5308 quod
3485 5229 3705 5290 tetum
3748 5236 3845 5293 est
3879 5229 4099 5317 majus
4137 5252 4260 5297 sua

2706 5331 2892 5411 parte
2929 5344 2945 5391 ε
2991 5323 3104 5391 sed
3160 5347 3487 5395 numerus
3525 5353 3969 5419 personarum
4005 5335 4261 5405 nullam

2706 5433 2899 5518 ponit
2938 5433 3393 5521 quantitatem
3438 5460 3453 5504 ε
3519 5449 3581 5507 et
3643 5440 3793 5509 ideo
3839 5442 3930 5509 ihi
3980 5467 4118 5513 non
4157 5470 4262 5516 se·

2774 5665 2795 5701 ¹
2828 5667 2912 5724 Cf.
2946 5668 3156 5740 Supra,
3193 5669 3337 5725 Dist.
3371 5671 3513 5726 vm.

4390 3436 4464 3480 Ad
4491 3437 4534 3482 3.

4388 4734 4468 4780 Ad
4498 4738 4539 4780 ⁴.

4371 5050 4447 5095 Ad
4476 5052 4520 5099 5.
