4897 6388
600 378 773 480 ‚168
1262 403 1267 406 -
1506 409 1510 414 »
1621 347 1726 458 11).
1777 363 1975 446 ALB.
2028 376 2242 445 MAG.
2297 361 2502 444 olm
2555 375 2846 446 PRAEn.

550 929 555 934 ’
647 933 729 1007 C.
771 932 1051 1032 Opinio
1087 928 1599 1029 quorumdam
1641 928 2059 1002 (licenciam
2099 936 2248 1002 tres
2283 952 2655 1028 personas
2721 952 2876 1003 esse
2948 951 3188 1001 mmm
3258 928 3541 1023 Deum,
3621 951 3858 1004 unam
3897 999 3901 1003 .

745 1066 1252 1140 substantiam
1291 1090 1316 1137 .·
1344 1063 1486 1138 sed
1512 1087 1667 1138 non
1698 1087 1737 1138 e
1766 1087 2150 1152 converse,
2179 1063 2472 1140 scilicet
2499 1088 2734 1138 unum
2773 1064 3059 1158 Deum,
3093 1061 3221 1137 vel
3245 1086 3478 1137 unam
3507 1061 3854 1140 substan-

747 1200 937 1300 tiam
972 1223 1134 1274 esse
1175 1206 1328 1273 tres
1347 1221 1752 1297 personas,

750 1549 1079 1637 Quidam
1117 1560 1369 1624 tamen
1414 1516 1762 1621 veritatis
1795 1545 2208 1620 adversarii
2252 1545 2680 1620 concedunt
2723 1529 3024 1621 Patrem
3071 1558 3145 1622 et
3179 1546 3450 1621 Filium
3495 1556 3567 1622 et
3609 1546 3858 1645 Spiri-

653 1700 815 1763 tum
859 1695 1243 1780 sanctum,
1280 1685 1445 1758 sive
1481 1692 1633 1758 tres
1682 1706 2053 1782 personas
2117 1705 2283 1757 esse
2342 1706 2577 1757 unum
2647 1684 2923 1777 Deum,
2997 1709 3227 1759 unam
3278 1684 3797 1758 substantiam
3838 1706 3855 1756 ε

658 1822 791 1898 sed
834 1831 1091 1898 tamen
1127 1821 1406 1894 nolunt
1444 1816 1870 1895 concedere
1908 1840 2146 1891 unum
2187 1817 2430 1892 Deum
2472 1817 2633 1893 sive
2688 1840 2921 1892 unam
2964 1818 3473 1894 substantiam
3507 1841 3676 1893 esse
3712 1826 3867 1892 tres

659 1981 1057 2057 personaS,
1091 1955 1435 2030 dicentes
1489 1953 1831 2028 divinam
1874 1952 2378 2027 substantiam·
2412 1952 2811 2051 proedicari
2845 1953 2938 2028 de
2981 1954 3226 2029 tribus
3268 1953 3644 2053 personis,
3706 1976 3863 2026 non

665 2100 820 2166 tres
860 2113 1236 2189 personas
1267 2088 1361 2163 de
1402 2086 1836 2163 substantia
1874 2086 2161 2161 divina.
2201 2086 2421 2161 Fides
2460 2096 2717 2162 autem
2751 2086 3142 2162 Catholica
3173 2097 3380 2164 tenet
3436 2111 3527 2164 ac
3582 2087 3873 2186 proedi-

663 2236 805 2311 cat,
837 2236 913 2301 et
953 2236 1107 2300 tres
1137 2247 1513 2323 personas
1554 2245 1725 2297 esse
1770 2245 2010 2296 unum
2046 2221 2318 2316 Deum,
2362 2230 2435 2296 et
2508 2245 2736 2296 uuam
2816 2222 3325 2297 substantiam
3386 2223 3551 2299 sive
3616 2245 3875 2297 essen-

665 2366 845 2439 tiam
882 2365 1044 2439 sive
1076 2372 1428 2438 naturam
1474 2361 1817 2435 divinam
1853 2385 1868 2435 :
1916 2369 1990 2435 et
2032 2383 2269 2435 unum
2303 2361 2548 2434 Deum
2592 2361 2755 2436 sive
2824 2363 3235 2437 essentiam
3316 2363 3655 2437 divinam
3704 2384 3874 2436 esse

670 2510 827 2576 tres
868 2523 1265 2600 personas,
1316 2497 1538 2573 Unde
1571 2496 2051 2594 Augustinus
2083 2495 2159 2568 in
2204 2494 2394 2570 libro
2437 2494 2466 2568 1
2506 2495 2599 2571 de
2647 2495 3023 2571 Trinitate
3066 2496 3166 2570 ita
3198 2497 3303 2571 ait
3348 2521 3363 2572 ε
3418 2497 3648 2572 Recte
3710 2497 3871 2595 ipse

672 2636 881 2712 Deus
909 2635 1241 2710 Trinitas
1271 2632 1758 2730 intelligitur,
1798 2631 2066 2707 beatus
2105 2639 2177 2706 et
2208 2631 2418 2705 solus
2457 2639 2728 2729 potens
2758 2640 2873 2706 cst
2903 2626 2942 2704 ¹.
2981 2633 3176 2707 Ecce
3244 2656 3475 2730 quam
3517 2654 3875 2730 expresse

663 2768 885 2863 dixit,
935 2768 1098 2866 ipse
1135 2766 1345 2841 Deus
1372 2764 1705 2839 Trinitas
1738 2787 1755 2839 ε
1806 2772 1887 2836 nt
1925 2763 2358 2838 ostenderet
2389 2772 2466 2839 et
2505 2762 2754 2861 ipsum
2798 2763 3044 2838 Deum
3078 2788 3249 2840 esse
3288 2764 3764 2856 Trinitatem,
3799 2772 3876 2838 et

660 2909 1113 2985 Trinitatem
1160 2908 1412 3007 ipsum
1446 2908 1722 2982 Deum.
1761 2886 1976 2998 Item,
2018 2905 2088 2978 in
2124 2904 2390 2980 eodem
2429 2929 2446 2979 t
2495 2905 2576 2979 ln
2620 2904 2904 2998 verbis,
2941 2905 3218 3004 inquit,
3267 2906 3420 2981 illis
3494 2904 3868 3004 Apostoli,

670 3044 955 3144 quibus
986 3045 1080 3118 de
1134 3043 1470 3118 adventu
1508 3041 1789 3115 Christi
1822 3063 2087 3138 agens,
2123 3038 2300 3114 (licit
2343 3062 2360 3113 ε
2402 3036 2636 3128 Quem
2672 3039 3014 3115 ostendet
3042 3039 3331 3134 beatus,
3375 3047 3449 3115 et
3483 3039 3689 3115 solus
3721 3064 3875 3139 po-

669 3191 857 3260 tens.
891 3179 1063 3255 Rea·
1102 3203 1397 3276 requm,
1433 3183 1510 3253 et
1546 3176 1933 3251 Dominus
1971 3174 2559 3266 dominantium,
2590 3173 2726 3273 qui
2766 3174 2974 3250 solus
3037 3175 3263 3252 habel
3328 3175 3874 3253 innuerlalita-

444 3407 455 3416 ,
566 3370 571 3375 -
666 3323 846 3411 lem,
882 3325 1026 3390 etc.
1057 3315 1121 3399 ‘.7
1150 3314 1312 3389 Nec
1354 3314 1584 3388 Pater
1625 3311 1929 3411 proprie
1964 3310 2400 3385 nominatus
2450 3319 2587 3395 est,
2635 3334 2777 3387 nec
2819 3311 3086 3407 Filius,
3143 3337 3286 3388 nec
3317 3314 3651 3413 Spiritus
3689 3337 3877 3388 san-

666 3459 837 3524 ctus
872 3472 888 3523 :
926 3447 1059 3522 sed
1098 3448 1397 3541 beatus,
1443 3456 1518 3521 et
1556 3447 1771 3520 solus
1802 3455 2099 3543 potens,
2136 3444 2209 3519 id
2240 3454 2379 3532 est,
2417 3467 2647 3538 unuS,
2683 3455 2757 3521 et
2785 3448 3003 3521 solus
3045 3447 3255 3521 Deus
3287 3471 3546 3542 verus,
3590 3448 3721 3546 qni
3760 3456 3870 3522 est

667 3584 836 3682 ipsa
872 3581 1230 3657 TrinitaS.
1288 3583 1484 3657 Ecce
1539 3590 1615 3656 et
1684 3579 1806 3654 hic
1862 3590 2120 3680 aperte
2174 3578 2351 3653 dicit
2419 3603 2658 3654 unum
2728 3581 2979 3655 solum
3054 3583 3641 3658 verum·l)eum
3704 3606 3874 3657 esse

672 3719 916 3818 ipsam
946 3716 1397 3791 'l'rinitatem
1431 3740 1447 3791 :
1486 3726 1557 3789 et
1588 3715 1650 3790 si
1690 3739 1894 3788 nnus
1925 3716 2131 3789 llens
2169 3714 2495 3789 Trinitas
2532 3726 2672 3808 est,
2730 3739 2914 3813 ergo
2997 3741 3200 3792 unus
3269 3717 3479 3794 Deus
3537 3730 3654 3794 cst
3726 3729 3878 3793 tres

676 3876 1058 3952 personne.
1108 3853 1327 3945 ltem,
1364 3851 1442 3925 in
1484 3851 1678 3927 libro
1722 3850 1784 3921 V
1824 3851 1918 3926 (le
1969 3850 2389 3925 Trinitate:
2422 3850 2592 3925 Non
2641 3860 2792 3927 tres
2848 3852 3062 3947 (1003,
3135 3854 3265 3927 sed
3328 3879 3568 3929 nnnm
3628 3857 3873 3930 Deum

676 3985 1009 4060 dicimus
1047 4010 1219 4061 esse
1263 3986 1505 4084 ipsam
1551 3984 2255 4084 preestantissimam
2323 3984 2763 4060 Trinitatem
2788 3973 2838 4060 ⁸.
2887 3987 3106 4081 Item,
3152 3988 3224 4061 in
3300 3989 3495 4063 libro
3534 3988 3626 4063 «le
3684 3990 3882 4066 Fide

676 4122 780 4225 ad
815 4121 1135 4196 l'elrum
1170 4121 1220 4216 ⁸,
1259 4121 1332 4195 in
1377 4119 1857 4220 expositione
1897 4119 2222 4218 symboli
2268 4144 2285 4194 ε
2344 4119 2548 4194 Satis
2585 4130 2697 4194 est
2757 4121 3194 4196 Christiano
3274 4147 3527 4198 rernm
3584 4137 3881 4199 creata·
3979 4100 3984 4104 ¹

680 4282 850 4332 rum
920 4283 1234 4334 cansam
1297 4256 1718 4331 visibilium
1789 4255 1951 4330 sive
2022 4254 2551 4349 invisibilium,
2626 4281 2775 4330 nnn
2849 4256 2996 4331 nisi
3075 4257 3492 4333 bonitatem
3569 4260 3879 4335 eredere

683 4391 1068 4467 Creatnris
1098 4392 1232 4489 qni
1266 4402 1377 4465 est
1425 4390 1635 4464 lle-ns
1675 4414 1903 4464 verns
1930 4399 1997 4463 et
2033 4413 2283 4463 nnns:
2324 4390 2769 4487 nullamque
2800 4413 2970 4465 esse
3040 4401 3425 4484 naturam,
3488 4417 3665 4490 qna·
3728 4418 3876 4467 nnn

687 4536 815 4602 ant
853 4527 1013 4625 ipse
1047 4527 1171 4620 sit,
1217 4536 1344 4635 ant
1389 4526 1485 4599 ab
1529 4525 1747 4624 ipso:
1786 4548 2116 4622 eumque
2158 4548 2321 4598 esse
2359 4523 2832 4620 Trinitatem,
2905 4525 3210 4601 Patrem
3279 4527 3602 4622 scilicet,
3647 4538 3715 4603 et
3776 4529 3884 4604 1³1-

690 4666 902 4744 linm.
934 4675 1002 4739 et
1049 4664 1422 4762 Spiritum
1465 4672 1845 4736 sunctum.
1885 4661 2099 4753 Item,
2142 4660 2615 4757 Augustinus
2647 4660 2720 4735 in
2765 4639 3122 4736 sermone
3194 4663 3287 4737 «le
3355 4664 3599 4739 Fide.-
3635 4665 3886 4737 Credi-

692 4825 864 4875 mus
909 4823 1148 4874 nnum
1192 4799 1440 4873 Deum
1489 4820 1721 4871 unam
1763 4820 1931 4871 esse
1972 4795 2206 4870 (livini
2252 4795 2581 4869 nominis
2607 4796 3048 4872 Trinitatem
3115 4856 3131 4871 .
3175 4799 3410 4890 idem,
3450 4799 3520 4872 in
3562 4800 3752 4873 libro
3785 4800 3878 4875 Vl

692 4935 783 5008 (le
827 4934 1250 5008 Triuilales
1290 4933 1636 5006 Dicimus
1676 4930 1922 5005 Deum
1964 4932 2209 5005 sulum
2252 4954 2418 5005 esse
2463 4931 2700 5029 ipsam
2732 4932 3244 5007 Trinitatem‘.
3288 4934 3480 5006 Eece
3548 4946 3620 5008 et
3658 4936 3775 5009 nis
3814 4948 3880 5010 et

761 5272 774 5304 ⁸
811 5269 867 5322 S.
901 5270 1281 5333 Acuusrtsus,
1315 5268 1436 5323 Lib.
1475 5267 1491 5321 Ι
1527 5268 1600 5323 ὼ·
1632 5267 1938 5333 Trinitate,
1965 5284 2093 5341 cap.
2122 5268 2179 5324 6.

762 5358 785 5393 ²
820 5358 835 5413 l
869 5355 944 5412 ad
976 5356 1234 5413 Tiinotli.
1268 5374 1341 5425 vi,
1374 5360 1440 5413 ⁴35
1472 5366 1529 5413 et
1567 5361 1649 5416 16.

756 5447 780 5483 ³
810 5450 866 5501 S.
903 5451 1277 5517 Accusrtxrs‚
1311 5448 1432 5505 Lib.
1471 5450 1513 5502 V
1543 5450 1617 5505 de
1646 5449 1949 5517 'ri-initate,
1980 5465 2108 5521 cap.
2142 5450 2195 5503 8.

763 5536 785 5571 ⁴
819 5537 920 5591 llic
952 5536 1093 5590 libet
1131 5536 1353 5593 dicitur
1390 5538 1569 5595 etiam
1608 5539 1988 5596 Eucliiridion
2015 5539 2087 5595 ad
2122 5540 2518 5610 Laurentium,
2549 5557 2678 5613 cap.
2711 5544 2766 5597 9.

762 5625 789 5661 ⁸
818 5627 878 5682 S.
912 5628 1286 5693 Accusamus,
1321 5627 1524 5683 Sermo
1562 5632 1680 5696 ¹29,
1712 5629 1786 5684 de
1812 5630 1938 5698 fide.

762 5714 786 5750 ⁸
815 5715 971 5782 luen,
1010 5714 1133 5770 Lib.
1170 5714 1236 5768 Vl
1265 5714 1339 5772 dc
1369 5717 1677 5787 Trinitate,
1708 5735 1837 5791 cap.
1870 5721 1923 5773 7.
