4897 6388
572 1758 587 1793 Ἴ,
570 1346 603 1737 ..ι’-ι*-μὴγγοκγῤ-οἪ-ῐωῃ-
568 1254 589 1323 ,η-ρφι
568 1210 591 1230 ’ἲ
568 1164 574 1191 -.
567 1106 571 1151 ——-
566 1052 589 1089 r.-
578 1023 587 1035 ,Δ

600 1690 616 1698 5
604 1504 607 1505 ¹
604 1378 612 1385 ι

644 1678 649 1683 .
618 1510 623 1516 .
646 1246 651 1251 .
634 1184 641 1189 ι

658 1632 669 1637 ,
652 1581 663 1587 ι

572 1920 615 1982 tq
650 1909 671 1955 ⁴—
710 1930 713 1933 ’

574 1984 607 2043 ἓ·

575 2056 595 2101 f..
634 2074 645 2081 -

626 2124 633 2133 ι
727 2138 917 2187 Sotuuo

576 2143 595 2165 ῐί

576 2246 599 2300 ἱ.

578 2570 589 2667 ἑ
612 2569 625 2575 -

579 2692 589 2719 ,Ρ

1697 320 1733 337 ”
1825 329 1919 394 ΙΝ
1965 327 1995 394 1
2044 326 2469 418 SENTENT.
2520 328 2747 399 DIST.
2805 331 2856 411 1,
2913 333 2990 412 B,
3043 332 3242 401 ART.
3303 334 3406 402 12.
3466 382 3484 431 3
4146 333 4230 400 27

1026 513 1031 516 ’
1110 498 1177 563 5.
1214 496 1411 576 Item,
1453 496 1674 584 Majus
1731 496 1990 568 bonum
2053 508 2152 565 est
2215 499 2562 592 quo-bene
2675 503 2761 571 ad
2799 505 3053 572 honam
3104 506 3339 587 vitam,
3384 507 3556 572 sicut
3610 504 3853 582 virtuS,
3912 525 4120 591 quam
4160 499 4231 571 id

1021 603 1276 677 vivitur
1303 611 1371 691 et
1419 624 1621 670 nemo
1656 603 1832 673 male
1887 606 2119 687 utitur,
2181 631 2385 701 quam
2426 632 2561 699 quo
2677 610 2863 699 quod
2915 634 2986 678 se
3037 610 3242 681 habet
3297 620 3370 679 ut
3424 633 3629 679 causa
3686 608 4102 678 insufficiens
4164 620 4229 678 et

1023 711 1177 800 quis
1221 709 1422 801 'male
1499 711 1599 777 uti
1656 719 1884 802 potest
1953 737 1968 783 ε
2036 716 2154 783 sed
2198 717 2563 784 virtutibus
2677 727 2965 796 remota,
3024 721 3196 786 sicut
3261 710 3806 810 sunt‘potentiae
3872 716 4225 787 rationalis

1021 837 1226 883 nemo
1298 816 1476 886 male
1533 821 1771 905 utitur,
1814 830 1889 889 ut
1927 822 2216 890 habetur
2251 846 2374 914 per
2423 823 2566 888 Au·
2676 825 2954 905 animae,
3003 824 3349 903 voluntaS‚
3393 836 3458 894 et
3503 825 3909 906 intellectus,
3946 834 4011 892 et
4045 825 4223 903 aliae,

1000 923 1399 1010 -gustinum,
1451 926 1522 994 in
1560 927 1764 1018 hujus
1818 929 2187 997 voluminis
2233 929 2558 1009 secunde,
2675 935 2823 1000 sine
2864 932 3111 1023 quibus
3149 933 3422 1023 quidem
3477 955 3619 999 non
3663 942 3764 1001 est
3819 933 3956 1000 vita
4016 938 4223 1008 recta,

1022 1026 1315 1098 distinct.
1352 1033 1437 1100 28
1473 1057 1488 1100 :
1534 1056 1695 1125 ergo
1735 1035 2018 1103 virtutes
2047 1036 2266 1124 majus
2303 1035 2563 1104 bonum
2675 1054 2743 1113 et
2763 1053 2994 1113 tamen
3027 1067 3163 1112 non
3194 1044 3451 1111 faciunt
3478 1064 3656 1109 eam.
3693 1041 3968 1130 Species
3998 1049 4226 1108 autem

1021 1143 1182 1203 8¹1ssss
1211 1161 1416 1228 quam
1448 1138 1685 1208 homo·
2680 1174 3078 1241 corporum,
3145 1159 3222 1218 ut
3280 1148 3744 1240 pulchritudO,
3801 1151 4080 1226 sanitas,
4163 1156 4227 1216 et

1114 1244 1179 1309 6.
1221 1242 1586 1323 Praeterea,
1635 1242 1787 1314 Hoc
1838 1252 1939 1316 est
2010 1248 2310 1316 medium
2374 1249 2561 1340 quod
2678 1258 3098 1349 hujusmodi,
3170 1280 3308 1325 non
3357 1256 3640 1353 habent·
3685 1255 3812 1321 nisi
3885 1254 4226 1323 modicam

1023 1351 1380 1441 conjungit
1433 1360 1738 1421 extrem&
1794 1376 1809 1422 ἶ
1884 1355 2002 1423 sed
2049 1364 2352 1425 extrem&
2406 1366 2568 1425 sunt
2678 1390 2952 1436 causam
2985 1390 3106 1457 per
3145 1365 3456 1434 accidens
3486 1373 3554 1432 et
3584 1360 4097 1431 occasionaliter
4143 1362 4230 1429 ad

1021 1456 1417 1551 beatificans
1483 1468 1549 1529 et
1601 1460 2045 1533 beatificabile
2107 1487 2121 1530 :
2185 1487 2342 1555 ergo
2396 1464 2567 1533 illud
2677 1475 2893 1558 illam.
2939 1473 3067 1542 Hic
3114 1481 3345 1540 autern
3390 1470 3764 1540 attenditur
3801 1468 4226 1557 comparatio

1022 1564 1206 1654 quod
1236 1568 1592 1660 conjungit
1627 1591 1708 1638 ea
1736 1578 1841 1638 est
1873 1571 2173 1640 medium
2215 1594 2232 1640 t
2268 1572 2388 1641 sed
2424 1573 2568 1642 uti-
2677 1583 2855 1649 inter
2907 1602 3348 1671 progressum
3415 1578 3501 1646 ad
3579 1575 4093 1653 beatitudinem,
4165 1580 4231 1641 et
4275 1596 4276 1599 ¹

894 1744 901 1748 ,
1021 1670 1158 1739 bile
1209 1675 1565 1767 conjungit
1599 1698 1681 1747 ea
1718 1699 1758 1744 .:
1804 1700 1966 1768 ergo
2008 1680 2230 1769 ipsum
2271 1689 2372 1749 est
2426 1703 2569 1749 me·
2677 1711 2758 1757 ea
2802 1711 2954 1779 quoe
2997 1687 3355 1778 perficiunt
3401 1685 3589 1753 illam
3633 1706 3649 1751 ε
3687 1691 3752 1752 et
3792 1682 3945 1751 ideo
4005 1681 4233 1750 maxi-

639 2898 645 2903 *
760 2885 834 2932 Ad
868 2889 908 2934 1.

632 3847 635 3850 ’
755 3848 828 3895 Ad
857 3850 900 3896 2.

756 5024 840 5070 Ad
862 5016 907 5075 ’3.

1023 1778 1214 1869 dium
1258 1803 1449 1850 :non
1478 1806 1640 1873 ergo
1693 1806 1820 1851 nos
1849 1784 2148 1853 medium
2187 1809 2423 1855 sumus
2470 1788 2571 1856 in·
2675 1819 2868 1864 mum
2937 1804 3038 1864 est
3101 1794 3497 1862 beatificans
3569 1815 3584 1862 :
3650 1790 3952 1859 medium
4002 1797 4231 1857 autem

1022 1894 1128 1954 ἴθι·
1154 1886 1449 1972 utihilia,
1491 1898 1559 1957 et
1594 1890 1916 1961 fruibilia.
2675 1902 2846 1971 illud
2885 1904 3070 1994 quod
3115 1902 3607 1970 beatitudinem
3653 1899 4012 1989 participat
4044 1918 4061 1966 ε
4097 1898 4229 1965 mi-

2675 2012 2944 2080 nimum
2984 2019 3212 2079 autem
3276 2009 3460 2101 quod
3524 2030 3667 2076 non
3723 2007 4109 2097 participat,
4161 2013 4229 2073 et

1118 2111 1433 2184 Somno.
1477 2115 1884 2199 Dicendum,
1935 2120 2117 2210 quod
2156 2122 2397 2191 divisio
2437 2124 2567 2191 ista
2676 2127 2908 2187 tamen
2946 2119 3147 2208 juvat
3192 2116 3277 2185 ad
3328 2115 3925 2207 participationem
3984 2112 4221 2202 ipsius.

1025 2222 1228 2291 datur
1279 2244 1488 2313 penes
1540 2246 1620 2292 ea
1666 2248 1816 2316 quae
1855 2227 2218 2318 exiguntur
2271 2229 2358 2298 ad
2409 2253 2567 2322 pro·
2674 2224 2761 2295 Et
2816 2248 2958 2293 non
3022 2232 3126 2293 est
3186 2224 3677 2291 inconveniens
3717 2220 4020 2289 diversas
4081 2241 4228 2287 esse

1021 2350 1333 2421 gressum
1381 2329 1731 2400 rationalis
1788 2340 2108 2402 creaturae
2161 2337 2230 2403 in
2277 2335 2498 2404 Deum
2543 2360 2559 2405 ε
2674 2335 3221 2425 comparationes
3251 2330 3628 2401 secundum
3659 2330 3961 2398 diversas
4013 2328 4230 2396 ratio-

1024 2437 1395 2529 exiguntur
1448 2446 1677 2506 autem
1741 2441 1894 2522 tria,
1963 2440 2214 2512 scilicet
2276 2466 2567 2537 progre-
2674 2465 2795 2512 nes
2825 2442 3191 2512 bonorum.

1024 2544 1243 2626 dienS,
1286 2553 1353 2613 et
1405 2547 1544 2631 via,
1586 2556 1656 2617 et
1699 2550 2054 2619 terminus.
2117 2551 2565 2644 progrediens
2761 2550 2868 2617 An
2921 2572 3119 2619 Auno
3205 2547 3593 2633 dicendum,
3672 2544 3855 2638 quod
3946 2546 4230 2612 virtutes
4283 2577 4540 2624 muts,
4632 2612 4637 2616 .
4754 2536 4759 2541 ⁹
4805 2538 4812 2539 7

1021 2661 1125 2722 est
1180 2652 1419 2738 homo,
1465 2655 1580 2722 via
1625 2677 1787 2725 vero
1824 2657 2086 2741 utibile,
2132 2668 2198 2728 ot
2232 2661 2565 2730 terminus
2674 2659 2978 2726 maxima
3035 2656 3215 2725 bona
3271 2663 3432 2723 sunt
3499 2654 3790 2723 formata
3848 2650 4225 2720 secundum

1020 2759 1316 2829 fruibile.
2671 2765 3155 2857 perfectionem
3196 2765 3353 2831 vitae
3391 2786 3406 2830 ε
3460 2762 3578 2832 sed
3621 2763 3892 2830 minora
3949 2769 4110 2828 sunt
4156 2760 4226 2827 in

1109 2867 1217 2935 An
1255 2890 1320 2935 nn
1348 2889 1512 2960 ergo
1560 2869 1745 2961 quod
1784 2870 2001 2963 primo
2038 2882 2273 2941 contra
2320 2873 2566 2965 objici·
2670 2872 2912 2942 ordine
2959 2871 3046 2941 ad
3100 2869 3541 2939 beatitudinis
3597 2868 4220 2960 participationem,

924 3002 935 3014 ·
1020 2981 1160 3053 tur,
1201 2972 1564 3065 dicendum
1638 2974 1823 3067 quod
1874 2978 2246 3047 secundum
2299 2979 2560 3074 largam
2672 3004 2878 3072 quam
2950 2989 3193 3048 natura
3249 2978 3603 3047 rationalis
3659 2999 3809 3068 quae
3863 2976 4226 3068 participat

1021 3080 1486 3171 acceptionem
1537 3080 1824 3166 utibilis,
1881 3081 2089 3152 homo
2153 3096 2220 3155 et
2258 3086 2563 3179 Angelus
2669 3110 2823 3156 earn
2864 3088 3240 3157 secundum
3280 3089 3496 3154 vitam
3527 3093 3594 3153 et
3631 3093 3938 3175 gustum.
3984 3080 4067 3151 Et
4104 3104 4228 3174 per

1017 3188 1147 3259 sub
1177 3188 1402 3259 utibili
1432 3191 1870 3261 continentur
1910 3216 1926 3263 :
1959 3193 2076 3263 sed
2116 3193 2563 3268 nihilominus
2665 3194 2801 3265 hoc
2838 3197 3042 3265 etiam
3075 3204 3262 3286 patet
3305 3193 3554 3262 solutio
3596 3191 3682 3260 ad
3722 3215 4040 3284 sequens.

1018 3296 1275 3366 habent
1323 3306 1392 3366 et
1445 3297 1650 3367 aliam
1709 3299 2106 3370 relationem
2154 3303 2240 3371 ad
2274 3305 2460 3373 viam
2492 3308 2561 3375 in
2757 3305 2862 3371 An
2891 3326 3188 3373 utrium!
3247 3300 3636 3379 dicendum,
3671 3300 3854 3391 quod
3884 3301 4101 3367 virtus
4124 3307 4226 3367 est
4344 3323 4414 3375 ‘Aa
4443 3329 4490 3382 ο,

1015 3404 1314 3489 fruibile,
1346 3405 1604 3477 scilicet
1640 3416 1716 3477 ut
1743 3415 2008 3479 utentes
2046 3419 2112 3479 et
2133 3410 2452 3492 fruentes,
2496 3425 2562 3484 et
2668 3412 2999 3491 medium,
3033 3419 3099 3478 et
3118 3420 3364 3479 natura
3402 3406 3752 3476 rationalis
3782 3415 3886 3475 est
3915 3405 4220 3474 medium

1014 3508 1390 3578 secundum
1422 3508 1555 3579 hoc
1590 3510 1773 3603 quod
1804 3510 2059 3582 addunt
2096 3538 2298 3606 super
2324 3517 2561 3587 utibile
2667 3519 2954 3588 diversis
3010 3517 3426 3609 respectibus
3497 3537 3514 3584 ε
3587 3515 3803 3582 virtus
3868 3513 4052 3581 enim
4119 3523 4219 3581 est

1016 3615 1228 3686 homo
1258 3627 1326 3687 et
1353 3618 1681 3711 Angelus,
1714 3621 1811 3690 sic
1837 3624 2254 3692 constituunt
2281 3629 2556 3696 tertium
2668 3630 2892 3700 media
2932 3639 3009 3698 ut
3056 3629 3411 3720 dispositio
3432 3628 3757 3717 jungens,
3800 3633 3868 3693 et
3905 3623 4222 3693 similiter

1021 3724 1408 3794 membrum
1457 3727 1526 3794 in
1575 3726 1931 3798 divisione.
2665 3740 3018 3808 beatitudo
3057 3747 3306 3807 creata.
3371 3734 3746 3803 Rationalis
3811 3742 4042 3801 nutem
4091 3755 4216 3801 na·

1113 3833 1216 3901 An
1264 3854 1465 3902 anon
1504 3834 1891 3917 dicendum,
1962 3838 2144 3930 quod
2208 3840 2439 3912 utibile
2491 3843 2558 3912 in
2666 3855 2821 3916 tura
2890 3855 2994 3916 est
3086 3845 3308 3913 media
3404 3866 3523 3934 per
3624 3841 4212 3933 participationem

1019 3938 1411 4028 acceptione
1474 3940 1744 4030 passiva
1817 3942 2341 4026 consideratum,
2418 3972 2558 4017 non
2664 3957 3019 4045 utriusque
3067 3962 3554 4022 extremorum.
3617 3947 3767 4040 Ipsa
3812 3949 3996 4016 enim
4057 3969 4218 4038 par-

1016 4044 1182 4114 dicit
1210 4054 1541 4125 utentem.
1584 4055 1653 4116 et
1687 4047 1784 4117 sic
1810 4070 1949 4116 non
1987 4056 2310 4142 supponit
2351 4077 2558 4126 omne
2664 4063 2897 4152 ticipat
2926 4082 3127 4127 usum
3178 4057 3460 4136 utibilis,
3494 4064 3560 4124 et
3608 4054 3900 4124 fructum
3946 4054 4215 4122 beatifi-

1024 4151 1091 4220 id
1131 4153 1313 4244 quod
1339 4161 1441 4222 est
1461 4154 1548 4222 ad
1581 4154 1812 4234 tinem,
1844 4155 1960 4225 sed
1982 4167 2244 4227 tantum
2276 4161 2341 4230 id
2372 4163 2558 4254 quod
2664 4169 2905 4244 cantis,
2948 4176 3014 4234 et
3043 4167 3142 4234 sic
3179 4165 3483 4255 loquitur
3523 4162 3633 4230 liic
3669 4163 4123 4253 Augustinus.

1016 4267 1118 4329 est
1147 4269 1223 4329 ut
1258 4262 1371 4329 via
1390 4260 1477 4330 ad
1507 4261 1737 4342 finem,
1779 4272 1843 4331 et
1876 4287 2011 4333 non
2044 4267 2108 4334 id
2140 4269 2322 4359 quod
2350 4281 2453 4341 est
2481 4281 2555 4341 ut

1014 4366 1457 4458 progrediens
1496 4367 1566 4434 in
1597 4367 1712 4436 illa
1746 4391 1761 4436 ε
1796 4378 1861 4437 ct
1890 4371 2040 4440 ideo
2074 4374 2250 4457 linis,
2282 4385 2349 4446 et
2386 4377 2556 4447 illud

1016 4474 1199 4566 quod
1230 4481 1333 4542 est
1361 4473 1447 4542 ad
1476 4474 1710 4556 tinem,
1734 4499 1871 4545 non
1899 4482 2180 4550 omnino
2200 4505 2271 4551 se
2300 4482 2555 4556 habent

1013 4584 1189 4658 sicut
1220 4582 1454 4653 utibile
1493 4593 1559 4651 et
1588 4582 1880 4666 fruibile,
1926 4590 2052 4656 nisi
2085 4591 2556 4664 utibile‘vnlde
3066 4593 3572 4664 ARUCULFS
3652 4592 3808 4660 ΧΠ.

1014 4688 1202 4782 large
1291 4690 1662 4782 accipiatur
1689 4687 1716 4710 ⁴
1749 4702 1950 4783 prout
2039 4698 2553 4790 comprehendit

1013 4804 1318 4864 utentem
1359 4796 1476 4888 qui
1506 4805 1606 4865 est
1635 4795 1719 4864 ad
1751 4797 1951 4866 tinem
1983 4809 2055 4868 ut
2085 4806 2552 4895 progrediens»,
2662 4819 2767 4884 Αη
2823 4814 3163 4902 diffinitio
3197 4812 3429 4903 prima
3463 4808 3647 4875 verbi
3685 4809 3811 4875 t'rui
3847 4810 3939 4876 si!
3970 4807 4145 4877 bona
4173 4807 4216 4876 ?

1017 4911 1084 4971 et
1116 4901 1353 4971 utibile
1392 4902 1575 4994 quod
1604 4912 1705 4972 est
1726 4904 1810 4972 ad
1850 4905 2050 4975 tinem
2090 4918 2166 4977 ut
2192 4912 2327 4981 via.

1105 5012 1212 5079 An
1239 5033 1436 5079 amun
1456 5010 1840 5092 dicendum,
1874 5016 2054 5105 quod
2085 5015 2339 5087 bonum
2362 5021 2559 5093 aliter

1016 5125 1081 5186 et
1120 5115 1317 5185 aliter
1345 5118 1671 5206 accipitur
1696 5118 1780 5186 ab
1827 5120 2234 5213 Augustino,
2278 5128 2348 5195 in
2379 5127 2552 5199 libro
2752 5135 3012 5207 Deinde
3061 5134 3385 5226 quoeritur
3431 5131 3535 5199 de.
3572 5129 3703 5198 hoc
3761 5128 3943 5220 quod
3983 5127 4145 5196 dicit
4190 5147 4207 5197 t

1013 5224 1096 5293 de
1137 5223 1352 5292 libero
1382 5222 1696 5307 arbitrio,
1737 5226 1964 5296 ethic.
1998 5230 2100 5298 lbi
2129 5234 2309 5300 enim
2341 5246 2558 5306 atten-
2659 5240 2701 5308 ‘a
2761 5244 2936 5313 Frui
3001 5250 3097 5309 es!
3154 5261 3389 5306 amore
3451 5237 3673 5304 alicui
3726 5238 3826 5304 rei
3891 5234 4214 5302 inhaerere

1011 5330 1194 5400 ditur
1220 5331 1637 5422 comparatio
1663 5331 1822 5399 boni
1850 5337 2217 5405 secundum
2244 5342 2552 5412 ordinem
2654 5360 2938 5443 propter
2996 5349 3318 5438 seipsam,
3398 5353 3526 5413 etc.
3576 5369 3608 5408 ι
3678 5343 3812 5410 Per
3854 5339 3989 5409 hoo
4025 5341 4208 5409 enim

1008 5461 1230 5508 causae
1260 5439 1349 5508 ad
1388 5439 1764 5508 faciendam
1789 5445 2260 5516 certitudinem
2302 5450 2376 5518 in
2410 5455 2555 5521 vita
2660 5458 2845 5551 quod
2874 5457 3059 5534 dicit,
3127 5483 3160 5518 «
3209 5475 3466 5531 amore,
3523 5477 3559 5518 ιι
3588 5450 3859 5519 videtur
3884 5450 4037 5538 frui
4065 5469 4211 5516 esse

1009 5555 1076 5615 et
1113 5570 1318 5640 opere
1365 5547 1608 5623 :unde
1653 5549 1874 5640 majus
1909 5550 2162 5622 bonum
2209 5565 2311 5625 est.
2367 5559 2554 5650 quod
2659 5575 2852 5636 actus
2881 5564 3151 5633 virtutis
3190 5563 3489 5630 motivae·

1006 5675 1079 5725 se
1116 5651 1324 5724 hahet
1360 5660 1439 5723 ut
1475 5676 1678 5726 causa
1726 5657 2115 5730 immediata
2152 5673 2217 5732 et
2253 5665 2553 5756 perfecta
