4897 6388
1849 277 1940 343 ΙΝ
1992 275 2019 340 Ι
2071 275 2493 351 SENTENT.
2544 275 2768 342 DIST.
2823 275 3006 355 V111,
3057 280 3144 357 A,
3179 283 3377 353 ΛΒΤ.
3420 293 3477 357 1.

1122 455 1357 522 Prima
1397 454 1644 522 harum
1667 450 1993 519 dividitur
2022 451 2090 515 in
2122 448 2288 515 duas
2327 456 2574 536 partes,

1031 562 1109 629 In
1159 564 1383 652 prima
1430 562 1787 630 veritatem
1828 558 2072 624 divinae
2110 556 2417 623 essentiae
2458 554 2583 622 de-

1030 671 1385 738 terminat.
1450 669 1527 734 In
1578 666 1877 734 secunda
1934 673 2178 732 autem⁴
2229 663 2461 751 objicit
2518 670 2584 731 et

1026 777 1258 859 solvit,
1306 777 1425 850 ibi,
1463 775 1546 854 B,
1583 802 1615 835 «
1658 775 1790 841 Hic
1827 773 2193 864 ditiqenter
2222 771 2582 839 adverten-

1026 882 1198 947 dum
1247 890 1368 958 est,
1407 887 1536 946 ete.
1579 905 1611 938 υ

1422 1425 1427 1432 ’
1487 1415 1995 1485 ARTICULUS
2046 1415 2101 1483 Ι.

1114 1629 1306 1715 Quid
1328 1628 1421 1696 sit
1459 1629 1738 1706 veritas,
1781 1625 1957 1716 quid
1987 1625 2398 1716 proprietas,
2425 1631 2491 1691 et

1338 1736 1518 1828 quid
1547 1733 2213 1803 incommutabilitas
2236 1730 2276 1799 ἶ)

1106 2056 1423 2124 Incidunt
1451 2063 1683 2125 autem
1715 2056 1828 2126 hie
1866 2056 2158 2147 plurima
2205 2054 2409 2122 dubia
2439 2055 2575 2122 eir-

1014 2188 1096 2234 ea
1152 2168 1449 2256 primam
1507 2173 1795 2255 partem.
1855 2164 1989 2233 Sed
2036 2174 2192 2233 aute
2240 2165 2574 2232 Litteram

1020 2274 1534 2343 determinanda
1567 2282 1731 2343 sunt
1758 2275 1926 2343 tria:
1958 2297 2246 2365 quorum
2278 2273 2574 2364 primurn

1011 2389 1138 2462 est,
1175 2380 1358 2462 Quid
1386 2382 1473 2450 sit
1503 2382 1783 2466 veritas,
1818 2389 2022 2471 atque
2067 2382 2466 2471 proprietaS,
2510 2387 2577 2448 et

1012 2489 1702 2568 incommutabilitaS,
1791 2498 1995 2580 atque
2089 2487 2484 2578 simplicitas
2540 2490 2575 2557 ‘t

1017 2591 1420 2663 Secundum
1452 2603 1579 2674 est,
1614 2617 1824 2686 penes
1853 2592 2016 2686 quid
2047 2593 2412 2662 attenditur
2448 2617 2574 2661 nu·

1011 2724 1244 2770 merus
1275 2703 1573 2770 eorum?
1600 2701 1904 2770 Tertium
1944 2710 2047 2769 est
2096 2701 2177 2768 de
2226 2701 2575 2791 signitica-

1008 2808 1202 2875 tione
1261 2807 1553 2875 istorum
1619 2806 2014 2884 nominum‚·
2068 2816 2345 2892 natura,
2405 2806 2576 2875 sub-

1000 2916 1293 2996 stantia,
1326 2916 1643 2994 essentia,
1685 2938 1847 2997 esse,
1891 2937 2043 3006 quae
2084 2913 2404 3005 Magister
2439 2937 2570 3005 po-

1011 3025 1123 3091 nit
1165 3025 1234 3090 in
1275 3023 1609 3114 principio
1640 3022 1837 3092 istius
1865 3022 2166 3113 capituli.

1110 3238 1451 3319 Primum,
1482 3237 1650 3330 quid
1678 3238 1765 3306 sit
1792 3237 2044 3306 veritas
2063 3240 2099 3303 ’ἶ

1116 3351 1177 3416 l.
1224 3347 1403 3416 Dicit
1446 3348 1902 3438 Augustinus,
1947 3345 2130 3437 quod
2187 3346 2434 3412 veritas
2474 3353 2573 3411 est

1014 3457 1270 3525 entitas
1320 3456 1466 3524 rei:
1501 3478 1667 3547 ergo
1735 3454 2029 3537 videtur,
2082 3452 2266 3544 quod
2324 3453 2575 3521 veritas

1018 3572 1278 3632 naturae
1313 3563 1567 3632 divinoe
1598 3563 1779 3632 idem
1822 3563 1906 3629 sit
1948 3563 2130 3653 quod
2180 3564 2425 3630 entitas
2467 3565 2576 3654 ip-

1012 3672 1183 3739 sius.

1103 3782 1170 3847 2.
1216 3778 1417 3863 Item,
1462 3779 1759 3860 Quidam
1794 3780 2132 3848 diffiniunt
2164 3803 2431 3860 verum,
2463 3780 2574 3848 di-

1014 3886 1233 3956 cendo
1273 3887 1457 3980 quod
1502 3911 1743 3957 verum
1794 3896 1896 3956 est
1934 3889 2249 3958 indivisio
2299 3898 2488 3957 actus
2532 3911 2573 3957 a

1015 3995 1323 4085 potentia
1370 4017 1386 4062 :
1431 3995 1501 4063 in
1531 3994 1783 4062 divinis
1813 4004 2040 4062 autem
2084 4019 2217 4063 non
2249 4004 2347 4064 est
2384 4006 2572 4064 aetus

1018 4109 1085 4170 et
1132 4103 1440 4193 potentia
1489 4125 1505 4171 ε
1566 4126 1732 4195 ergo
1789 4125 1931 4170 non
1987 4112 2086 4170 est
2118 4102 2204 4169 ibi
2252 4102 2566 4171 indivisio

1019 4221 1284 4280 aetusa
1323 4216 1627 4304 potentia
1686 4235 1703 4281 t
1765 4235 1928 4304 ergo
2001 4212 2246 4280 divinae
2314 4221 2570 4280 naturae

1016 4341 1158 4386 non
1198 4322 1545 4401 convenit,
1588 4321 1865 4397 veritas,
1900 4328 1974 4389 ut
2010 4320 2296 4388 videtur.

1106 4427 1172 4494 3.
1212 4425 1576 4512 Praeterea,
1624 4426 1890 4495 Veritas
1938 4437 2038 4495 est
2078 4427 2405 4494 rectitudo
2461 4453 2569 4495 so·

1011 4530 1077 4600 la
1122 4542 1352 4602 mente
1408 4532 1894 4626 perceptibiIiS.
1959 4543 2032 4601 ut
2096 4535 2255 4603 dicit
2321 4535 2569 4603 Ansel-

1014 4663 1171 4708 mus
1234 4664 1250 4709 z
1314 4639 1459 4710 haee
1497 4650 1727 4709 autem
1775 4642 2024 4709 veritas
2075 4665 2212 4709 non
2250 4645 2570 4713 convenit

1012 4747 1140 4815 soli
1210 4747 1460 4816 divinae
1519 4757 1801 4825 naturae,
1872 4749 1988 4816 sed
2049 4748 2276 4816 muitis
2341 4749 2492 4816 aliis
2546 4773 2562 4817 :

1015 4876 1182 4944 ergo
1205 4852 1349 4924 haee
1371 4878 1506 4923 non
1531 4866 1632 4924 est
1671 4857 1922 4924 veritas
1966 4878 2116 4946 quoe
2157 4853 2265 4923 hic
2312 4859 2569 4947 qua-ri-

1018 4972 1152 5031 tur.

1107 5073 1174 5138 4.
1214 5070 1575 5157 Praeterea,
1632 5072 2090 5165 Philosophus
2137 5073 2320 5152 dieit,
2381 5075 2566 5166 quod

1017 5201 1259 5246 verum
1303 5188 1368 5247 et
1426 5180 1672 5248 salsum
1712 5190 1872 5249 sunt
1919 5182 1984 5247 in
2034 5181 2285 5264 anima,
2319 5205 2567 5250 seeun-

1013 5287 1180 5354 dum
1231 5286 1415 5378 quod
1453 5289 1705 5357 veritas
1743 5299 1843 5358 est
1882 5289 2257 5379 adaequatio
2308 5290 2566 5359 intelle-

1010 5404 1158 5463 ctus
1187 5394 1298 5463 vel
1331 5398 1580 5464 mentis
1611 5420 1767 5466 eum
1809 5422 1877 5466 re
1913 5421 1928 5465 ε
1964 5401 2057 5465 sic
2096 5398 2335 5464 iterum
2379 5400 2565 5466 veri-

1007 5510 1114 5569 tas
1145 5524 1286 5570 non
1326 5503 1453 5569 erit
1502 5506 1777 5594 propria
1833 5505 2077 5572 divinae
2120 5510 2416 5573 naturae:
2456 5508 2562 5576 vel

1008 5609 1064 5675 si
1120 5607 1250 5676 erit
1308 5607 1398 5676 ibi
1440 5611 1717 5695 veritas,
1766 5612 1891 5679 erit
1951 5613 2017 5679 in
2083 5610 2249 5677 ideis
2294 5610 2464 5699 ejus,
2499 5625 2562 5684 et

4113 301 4236 370 221

2686 471 2825 515 non
2855 451 2924 516 in
2956 461 3197 520 natura
3222 460 3590 528 seeundum
3624 468 3805 554 quod
3829 478 4069 538 natura
4102 483 4230 557 est,

2684 565 2759 623 ut
2791 558 3082 629 videtur.

2775 773 3105 843 Umentes
3136 783 3462 868 quaeritur
3509 784 3590 852 de
3640 790 3894 858 ratione
3948 796 4225 883 exposi-

2686 880 2890 946 tionis
2934 905 3140 970 quam
3181 884 3339 953 dicit
3388 888 3730 979 Magister,
3778 898 4025 965 veritas
4082 900 4223 968 sive

2682 991 3085 1076 proprietas,

2776 1095 2836 1160 1.
2873 1096 3153 1166 Constat
3200 1103 3407 1181 enim,
3470 1108 3651 1196 quod
3713 1112 3962 1179 veritas
4006 1116 4229 1205 pluri-

2683 1197 2810 1268 bus
2865 1206 3187 1273 convenit
3240 1231 3254 1275 ε
3312 1231 3472 1300 ergo
3530 1235 3664 1279 non
3717 1226 3817 1283 est
3872 1224 4225 1310 proprium

2621 1326 2632 1333 ·
2683 1307 2895 1377 solius
2926 1311 3170 1381 divinae
3201 1325 3480 1384 naturae.

2771 1421 2836 1487 2.
2881 1420 3239 1506 Praeterea,
3275 1426 3593 1516 Magister
3622 1431 3735 1498 ubi
3781 1437 4060 1526 exsequi
4105 1437 4231 1506 de·-

2683 1520 2798 1591 bet
2853 1524 2936 1592 de
2973 1529 3347 1616 quantitate
3394 1533 3695 1601 veritatis
3744 1538 3886 1606 sive
3923 1544 4229 1631 proprie-

2682 1631 2839 1698 tatis
2889 1642 3144 1702 naturae
3191 1635 3458 1714 divinae,
3514 1646 3906 1733 exsequitur
3933 1648 4015 1715 de
4072 1673 4229 1739 pro-

2681 1739 2962 1830 prietate
3028 1745 3328 1812 entitatis
3394 1748 3536 1835 ejus
3606 1773 3621 1816 ε
3695 1775 3856 1842 ergo
3926 1756 4221 1838 videtur,

2682 1849 2865 1940 quod
2905 1852 3083 1921 idem
3115 1856 3201 1921 sit
3235 1858 3478 1924 veritas
3510 1869 3574 1926 et
3602 1863 3869 1932 entitas.

4281 835 4573 890 Quaeatiunc.

2771 2062 3076 2132 Somno.
3123 2068 3526 2150 Dicendum,
3561 2074 3742 2161 quod
3791 2076 3941 2144 licet
3979 2102 4218 2147 verum
4319 2123 4520 2172 somno,

2679 2183 2989 2242 sumatur
3037 2178 3267 2244 multis
3310 2180 3544 2258 modi5‚
3582 2190 3654 2249 ut
3699 2185 3989 2273 probant
4028 2186 4222 2277 obje-

2680 2279 2965 2359 ctiones,
3014 2289 3242 2349 tamen
3291 2283 3400 2353 hic.
3460 2287 3706 2355 dieitur
3747 2314 3984 2360 verum
4044 2293 4222 2361 idem

2680 2387 2865 2476 quod
2928 2398 3267 2458 extraneoe
3353 2403 3613 2462 naturae
3680 2398 4220 2488 impermixtum.

2682 2492 2858 2562 Sunt
2890 2496 3070 2563 enim
3104 2500 3228 2565 tria
3270 2511 3591 2570 extranea
3630 2507 3994 2596 praecipue,
4040 2510 4214 2577 seili-

2680 2609 2783 2669 eet
2821 2603 3110 2692 privatio
3160 2627 3312 2695 quae
3345 2616 3663 2677 extranea
3694 2621 3797 2678 est
3833 2615 4123 2694 entitati‚
4158 2625 4225 2684 et

2678 2711 3005 2798 potentia,
3067 2723 3135 2780 et
3180 2713 3521 2783 diversum
3577 2717 3686 2785 vel
3741 2720 4099 2790 diversitas
4154 2725 4222 2792 iu

2680 2817 2826 2908 ipso
2871 2829 3025 2888 ente
3060 2843 3075 2887 ε
3113 2821 3294 2911 quod
3334 2824 3514 2890 enim
3566 2825 3634 2891 in
3679 2827 4057 2915 privatione
4097 2839 4221 2908 est,

2682 2947 2818 2992 non
2860 2934 2984 3004 est,
3009 2927 3127 2995 sed
3158 2927 3362 2996 habet
3416 2932 3861 3020 aptitudinem
3900 2936 3984 3003 ad
4024 2960 4171 3006 esse
4206 2962 4223 3006 :

2682 3032 2865 3122 quod
2895 3044 3125 3103 autem
3169 3037 3236 3103 in
3269 3040 3566 3127 potentia
3606 3051 3732 3123 est,
3767 3053 3983 3133 potest
4023 3067 4171 3113 esse
4206 3071 4222 3115 ε

2682 3152 2745 3210 et
2795 3143 2978 3234 quod
3029 3167 3106 3213 ex
3157 3145 3441 3214 diversis
3490 3158 3614 3232 est,
3652 3174 3786 3217 non
3848 3150 4050 3221 habet
4106 3178 4228 3223 ens

2681 3252 3060 3341 proprium,
3094 3253 3252 3342 quia
3292 3255 3715 3324 diversorum
3756 3257 3957 3327 habet
3989 3263 4230 3329 entita-

2682 3366 2817 3425 tem
2855 3382 2871 3427 :
2908 3359 3085 3428 unde
3116 3363 3366 3429 veritas
3407 3363 3649 3430 divitur
3687 3365 3796 3433 hie
3840 3367 4230 3458 impermix-

2683 3467 2778 3532 tio
2810 3469 3114 3535 extranei
3156 3467 3239 3534 ad
3294 3492 3441 3550 eus,
3506 3493 3586 3537 eo
3639 3472 3841 3540 modo
3892 3499 4030 3565 quo
4072 3477 4231 3545 diei·

2682 3598 2834 3642 mus
2887 3599 3125 3644 verum
3174 3600 3415 3645 aurum
3473 3603 3680 3670 cupro
3740 3607 3877 3651 non
3936 3588 4232 3675 permix-

2682 3693 2824 3751 tum
2863 3708 2879 3754 ε
2912 3695 2981 3754 et
3019 3688 3112 3754 ita
3144 3711 3278 3753 nou
3311 3691 3436 3756 erit
3475 3714 3630 3758 vere
3662 3715 3781 3759 ens
3821 3696 3945 3761 uisi
3988 3707 4229 3767 natura

2680 3792 2935 3872 divina,
2979 3817 3132 3885 quae
3165 3819 3287 3864 nee
3328 3798 3691 3886 privationi
3736 3801 4062 3890 subjacet,
4104 3828 4228 3875 nec

2682 3899 2751 3966 in
2802 3903 3105 3990 potentia
3154 3910 3278 3979 est,
3316 3926 3436 3970 nee
3482 3929 3561 3972 vx
3602 3907 3887 3976 diversis
3933 3922 4223 3992 constat,

2680 4008 2852 4074 sicut
2918 4007 3242 4098 Magister
3304 4010 3615 4100 probabit
3686 4016 3881 4095 infra,
3951 4021 4224 4108 quando

2679 4123 3018 4202 quaeretur
3072 4114 3154 4183 de
3220 4119 3593 4205 quantitate
3640 4124 3942 4190 veritatis
3998 4127 4213 4193 istius,

2769 4220 3116 4289 nmen-nm·
3148 4248 3309 4312 ergo
3341 4226 3421 4292 ad
3460 4228 3778 4316 primum,
3813 4233 3994 4322 quod
4044 4234 4216 4304 bene

2678 4330 3000 4419 competit
3065 4332 3381 4399 distinitio
3440 4335 3798 4425 Augustini
3857 4341 3940 4408 de
3987 4366 4213 4413 vero:

2678 4438 2836 4526 quia
2892 4436 3058 4505 nihil
3102 4440 3190 4505 ita
3250 4443 3517 4531 proprie
3572 4453 3673 4511 est
3730 4446 3793 4513 id
3853 4450 4032 4537 quod
4092 4464 4218 4530 est,

2676 4544 2853 4613 sicut
2890 4555 3131 4614 natura
3189 4547 3445 4626 divina,
3477 4575 3558 4619 eo
3590 4555 3771 4643 quod
3813 4557 3957 4646 ipsa
4002 4570 4220 4628 totum

2678 4660 2742 4718 et
2789 4660 3054 4719 tantum
3110 4665 3208 4721 est
3268 4655 3332 4722 id
3382 4658 3561 4746 quod
3601 4669 3725 4737 est,
3760 4671 3825 4729 et
3884 4687 4021 4732 nnn
4079 4691 4224 4757 per-

2676 4761 2889 4827 mixta
2955 4761 3051 4828 eis
3116 4785 3269 4852 quae
3329 4766 3698 4834 secundum
3768 4769 4022 4862 aliquid
4084 4799 4220 4843 non

2677 4876 2859 4943 sunt,
2893 4868 3002 4938 vel
3034 4894 3117 4937 ex
3159 4872 3443 4941 diversis
3474 4885 3653 4943 sunt.

2762 4975 2869 5042 An
2915 4999 3114 5045 Αιιυυ
3170 4980 3556 5059 dicendum,
3613 4987 3793 5074 quod
3840 4990 4043 5056 etiam
4107 4993 4215 5061 iila

2677 5079 2990 5151 diffinitio
3031 5087 3193 5153 satis
3231 5091 3546 5156 convenit
3583 5114 3596 5158 :
3634 5095 3790 5181 quia
3841 5097 4067 5165 nullus
4115 5123 4222 5168 ac-

2676 5196 2784 5256 tus
2830 5214 2869 5258 a
2911 5195 3216 5282 potentia
3262 5196 3430 5264 adeo
3492 5198 3819 5268 indivisus
3876 5216 3999 5288 est,
4045 5208 4221 5277 sicut

2679 5296 2789 5365 itte
2829 5301 2943 5389 qui
2986 5300 3163 5368 idem
3207 5313 3310 5370 est
3340 5328 3354 5371 :
3384 5306 3500 5372 sed
3548 5318 3836 5397 oportet,
3879 5315 4061 5402 quod
4096 5339 4222 5406 po-

2678 5409 2887 5475 tentia
2925 5431 3064 5476 non
3102 5412 3466 5501 accipiatur
3504 5437 3623 5504 pro
3672 5424 3974 5507 potentia
4002 5434 4222 5492 mate-

2678 5517 2823 5584 riali
2869 5540 2884 5584 :
2931 5521 3088 5609 quia
3119 5520 3351 5587 divina
3398 5527 3690 5592 essentia
3740 5550 3857 5595 nec
3893 5530 4070 5598 idem
4120 5543 4222 5601 est

2676 5646 2830 5691 eum
2865 5628 3166 5715 potentia
3205 5633 3528 5712 materiae,
3559 5655 3681 5701 nee
3719 5636 3922 5703 etiam
3981 5639 4222 5707 indivi—

4324 4270 4402 4318 Ad
4434 4273 4473 4318 1.

4328 5027 4405 5073 ,td
4435 5030 4476 5073 ².
