4897 6388
1845 312 1942 378 IN
1988 310 2016 376 1
2068 307 2495 393 SENTENT.
2548 306 2773 375 DlST.
2827 306 2944 385 IV,
2997 307 3082 384 A,
3134 306 3332 373 ΛΒΤ.
3386 309 3447 373 2.

1081 511 1248 580 ergo
1287 485 1668 574 substantia
1696 503 1835 548 non
1877 482 2198 570 supponit
2263 480 2356 547 ibi
2399 502 2641 570 perso-

1085 617 1256 662 nam
1283 592 1531 659 Patris,

1170 702 1234 768 3.
1290 698 1653 774 Praeterea,
1718 693 2058 774 Quaeritur
2121 695 2203 763 de
2269 693 2400 763 hoc
2459 694 2640 784 quod

1080 805 1269 885 dicit,
1298 802 1648 896 produci:
1681 800 1811 870 hoc
1852 802 2032 868 enim
2097 801 2366 868 videtur
2421 801 2640 868 dicere

1077 922 1309 981 actum
1347 910 1805 1002 generationis
1851 932 1866 975 :
1924 909 2204 999 produci
2254 918 2483 976 autem
2541 918 2643 976 est

1072 1021 1145 1087 in
1186 1029 1500 1110 apertum
1533 1017 1613 1086 de
1645 1015 1908 1085 occulto
1941 1016 2095 1083 duci
2129 1039 2145 1083 ε
2192 1022 2258 1082 et
2311 1016 2402 1082 ita
2458 1015 2641 1082 vide-

1077 1138 1190 1198 tur
1240 1128 1426 1220 quod
1484 1128 1694 1195 Filius
1731 1124 2098 1218 aliquando
2147 1127 2351 1193 fuerit
2406 1126 2477 1192 in
2525 1147 2636 1192 oc·

1078 1238 1266 1305 culto
1286 1238 1636 1329 potentiae,
1671 1244 1737 1303 et
1766 1236 1861 1303 sic
1894 1235 2172 1304 eductus
2197 1235 2268 1302 in
2299 1242 2632 1326 apertum.

1172 1351 1238 1416 4.
1276 1346 1643 1429 Praeterea,
1684 1346 1991 1413 Produci
2018 1345 2177 1413 dicit
2206 1352 2462 1425 actum,
2525 1351 2640 1411 aut

1079 1459 1152 1524 in
1212 1456 1385 1537 fieri,
1447 1462 1566 1523 aut
1623 1456 1690 1521 in
1743 1454 1918 1523 facto
1965 1476 2133 1522 esse.
2198 1452 2269 1520 Si
2339 1454 2412 1519 in
2464 1452 2634 1531 fieri,

1074 1574 1194 1635 aut
1224 1565 1512 1644 finibile,
1549 1573 1667 1633 aut
1720 1587 1857 1631 non
1922 1563 2200 1631 finibile.
2284 1561 2355 1629 Si
2413 1561 2636 1652 primo

1075 1672 1315 1757 modo,
1350 1673 1659 1763 sequitur
1722 1670 1912 1762 quod
1956 1669 2166 1737 Filius
2225 1668 2636 1760 quandoque

1073 1778 1452 1848 nonfuerit
1492 1779 1706 1869 :quia
1756 1777 1941 1868 quod
1996 1786 2097 1845 est
2150 1777 2220 1843 in
2276 1775 2424 1843 lieri
2497 1798 2636 1843 non

1073 1895 1201 1968 est,
1247 1887 1368 1956 sed
1399 1889 1529 1957 erit
1573 1909 1729 1955 eum
1787 1886 2040 1954 factum
2082 1884 2283 1954 suerit
2324 1906 2340 1952 ε
2411 1893 2481 1952 et
2506 1883 2638 1952 hoc

1072 1995 1255 2074 dico,
1288 1996 1347 2062 si
1388 1995 1613 2083 ipsum
1658 1999 1760 2061 est
1804 1992 1888 2061 de
1934 1991 2515 2084 permanentibus,
2561 1990 2635 2059 Si

1072 2101 1377 2172 secundo
1410 2102 1644 2186 mode,
1676 2110 1840 2171 tunc
1867 2102 2173 2193 sequitur
2211 2099 2396 2191 quod
2427 2101 2636 2168 Filius

1072 2230 1459 2299 numquam
1490 2207 1715 2289 fuerit,
1751 2205 1869 2274 sed
1915 2228 2181 2296 semper
2234 2206 2326 2273 sit
2398 2207 2469 2273 in
2522 2208 2638 2274 via

1070 2311 1159 2381 ad
1187 2334 1361 2382 esse.
1408 2310 1485 2379 Si
1515 2320 1744 2379 autem
1775 2310 1936 2380 djeit
1990 2312 2507 2402 generationem
2565 2311 2635 2378 in

1068 2421 1249 2489 facto
1280 2442 1455 2503 esse,
1490 2428 1652 2488 tunc
1688 2420 1996 2510 sequitur
2035 2418 2217 2510 quod
2283 2425 2439 2487 ante
2503 2417 2636 2487 hoc

1069 2526 1278 2596 fuerit
1315 2519 1563 2594 infieri
1596 2546 1613 2592 ε
1651 2525 1810 2615 quia
1837 2525 2090 2594 factum
2138 2546 2286 2593 esse
2369 2546 2637 2615 semper

1073 2643 1177 2703 est
1213 2634 1548 2702 terminus
1586 2632 1755 2701 fieri.

1163 2743 1229 2810 ὅ.
1283 2739 1484 2819 Item,
1526 2738 1647 2808 Ille
1697 2748 1885 2807 actus
1925 2739 2041 2829 qui
2069 2741 2479 2829 importatur
2515 2762 2635 2829 per

1064 2850 1388 2943 produci,
1434 2850 1699 2919 medius
1744 2858 1847 2918 est
1913 2851 2089 2919 inter
2140 2850 2632 2939 producentem

1071 2966 1139 3025 et
1167 2956 1577 3048 productum
1623 2978 1638 3026 :
1675 2979 1837 3049 ergo
1869 2955 2373 3025 distinctionem
2427 2954 2631 3025 habet

1075 3062 1162 3131 ab
1193 3070 1512 3153 utroque,
1560 3070 1626 3131 et
1667 3065 1765 3132 sic
1818 3061 2075 3153 aliquid
2117 3069 2220 3131 est
2275 3063 2451 3131 inter
2496 3063 2628 3131 Pa·

1076 3179 1253 3241 trem
1311 3179 1381 3241 et
1431 3169 1707 3251 Filium,
1774 3170 2035 3240 habens
2125 3170 2630 3241 distinctionem

1072 3277 1159 3346 ab
1191 3287 1510 3370 utroque,
1545 3277 1725 3369 quod
1759 3277 2001 3346 falsum
2046 3286 2170 3346 est.
2235 3278 2307 3347 Si
2340 3278 2627 3363 dicatur,

1072 3385 1259 3477 quod
1287 3394 1478 3454 actus
1537 3385 1647 3455 ille
1699 3409 1840 3455 non
1888 3396 1988 3456 est
2036 3386 2128 3454 ibi
2185 3387 2316 3455 nisi
2382 3411 2631 3456 secun-

1070 3494 1237 3562 dum
1334 3496 1667 3563 rationem
1770 3493 2214 3586 intelligendi.
2302 3494 2571 3564 Con-rna
2607 3520 2623 3564 z

1071 3600 1274 3670 Ratio
1307 3601 1728 3693 intelligendi
1758 3624 1949 3671 cassa
1976 3612 2073 3671 est
2102 3612 2168 3671 et
2205 3626 2408 3683 vana,
2479 3627 2629 3695 quae

1070 3731 1197 3778 nec
1227 3708 1446 3777 oritur
1473 3732 1514 3777 a
1555 3732 1649 3788 re,
1682 3717 1747 3777 et
1776 3710 1952 3777 circa
1981 3733 2123 3778 rem
2159 3710 2390 3802 aliquo
2420 3711 2627 3779 modo

1067 3825 1292 3907 potest
1329 3818 1494 3908 poni
1540 3819 1763 3885 :sicut
1831 3816 2468 3887 mathematicorum
2514 3843 2627 3888 ra·-

1068 3924 1318 4006 tioneS,
1351 3924 1510 3992 licet
1551 3947 1688 3993 non
1726 3934 2015 4016 possunt
2043 3926 2201 4016 poni
2249 3929 2425 3996 circa
2483 3951 2628 3997 rem

1065 4031 1447 4100 secundum
1477 4054 1679 4099 suum
1709 4053 1856 4099 esse
1888 4032 2068 4123 quod
2098 4030 2349 4102 habent
2403 4035 2470 4101 in
2501 4058 2630 4103 na-

1071 4146 1250 4219 tura,
1307 4134 1597 4230 possunt
1634 4147 1862 4208 tamen
1903 4140 2063 4231 poni
2129 4141 2304 4210 circa
2361 4141 2630 4212 intelle-

1073 4256 1259 4317 ctum
1290 4249 1685 4339 quantitatis
1715 4249 1829 4340 qui
1870 4257 1969 4317 est
2017 4249 2085 4316 in
2133 4273 2226 4318 re.
2290 4248 2423 4319 lste
2500 4274 2630 4320 au·-

1067 4363 1211 4423 tem
1268 4354 1649 4425 intellectus
1708 4355 2148 4448 producendi,
2209 4365 2284 4425 ut
2357 4358 2628 4428 videtur

1066 4462 1257 4532 nullo
1290 4462 1498 4532 modo
1530 4471 1629 4531 est
1660 4462 2079 4554 applicabilis
2116 4465 2243 4557 ipsi
2277 4468 2397 4534 rei.

1153 4574 1219 4640 6.
1289 4571 1590 4643 Ulterius
1657 4574 1983 4665 quoeritur
2038 4573 2118 4642 de
2214 4572 2346 4644 hoc
2438 4577 2623 4668 quod

1054 4679 1245 4761 dicit,
1304 4680 1510 4767 Quod
1554 4691 1930 4772 generatur
1966 4682 2197 4750 simile
2246 4683 2622 4751 secundum

1056 4786 1523 4857 substantiam
1558 4812 1581 4855 .·
1648 4788 1780 4857 hoc
1818 4790 2000 4857 enim
2063 4790 2330 4859 videtur
2381 4793 2626 4861 incon-

4174 308 4295 375 157

2845 481 2907 545 2.
2980 477 3337 558 Praeterea,
3390 479 3576 547 Nihil
3640 480 3907 548 videtur
3973 503 4114 548 esse
4191 478 4300 546 ‹li-

2753 598 2962 671 ctum,
2996 598 3262 656 naturae
3300 612 3469 679 opus
3524 591 3837 670 existens,
3907 599 3965 655 et
4006 612 4090 654 ex
4131 587 4300 655 sub-

2751 697 3008 761 stantia
3030 696 3458 786 producens:
3490 696 3650 785 quia
3713 706 3949 763 natura
3995 702 4096 761 est
4132 693 4300 760 sub-

2754 804 3020 880 stantia,
3061 810 3126 869 et
3167 805 3264 870 sie
3311 803 3655 893 generatio
3722 804 3848 869 erit
3907 801 4298 867 substantiae

2753 934 2948 1000 opus,
2993 923 3059 980 et
3114 935 3199 980 ex
3255 913 3658 990 substantia,
3732 935 3883 1002 quae
3942 911 4172 978 omnia
4231 911 4299 976 in

2751 1020 3056 1108 sequenti
3088 1019 3519 1088 distinctione
3577 1018 4068 1108 improbantur.

2844 1127 2905 1193 3.
2979 1127 3340 1206 Praeterea,
3411 1126 3557 1194 Hoc
3622 1127 3888 1193 videtur
3954 1148 4097 1192 esse
4162 1125 4300 1191 im-

2748 1233 3068 1323 possibile
3127 1235 3309 1326 quod
3353 1234 3535 1314 dicit,
3583 1245 3659 1301 ut
3706 1257 3841 1300 non
3898 1236 4082 1300 Deus
4140 1235 4299 1323 pri-

2750 1364 2901 1409 mus
2957 1350 3018 1408 et
3064 1344 3251 1409 Deus
3325 1342 3661 1432 posterior
3703 1342 3792 1407 sit
3820 1364 3841 1407 :
3902 1341 4060 1430 quia
4106 1361 4297 1407 com-

2750 1450 2973 1516 munis
3054 1449 3260 1516 animi
3347 1449 3695 1537 conceptio
3782 1454 3905 1526 est,
3986 1446 4167 1538 quod
4230 1446 4297 1512 id

2749 1556 2933 1647 quod
2974 1555 3085 1622 alii
3154 1556 3269 1622 dat
3328 1555 3774 1622 substantiam
3840 1564 3908 1622 et
3962 1575 4132 1633 esse,
4196 1559 4299 1620 est

2747 1664 2932 1754 prius
3005 1662 3122 1731 illo
3189 1662 3544 1731 duratione
3619 1662 3803 1752 quod
3894 1662 4151 1751 accepit
4209 1660 4294 1727 ab

2747 1793 2825 1839 eo
2853 1770 3298 1839 substantiam
3331 1779 3396 1839 et
3451 1793 3598 1838 esse
3643 1792 3656 1836 ε
3727 1792 3852 1837 nec
3917 1782 4018 1836 est
4072 1766 4293 1835 simile

2746 1879 2828 1948 de
2854 1878 3211 1970 splendore
3249 1888 3313 1947 et
3351 1880 3522 1965 luce,
3559 1879 3718 1970 quia
3745 1877 3865 1945 lux
3895 1879 3961 1943 in
3994 1876 4292 1943 lumino-

2745 2009 2820 2054 so
2854 2008 2989 2054 non
3040 1985 3154 2054 dat
3196 1985 3540 2076 splendori
3597 1994 3815 2052 totum
3866 2007 4011 2052 esse
4059 2006 4285 2061 suum,

2745 2093 2914 2160 sicut
2976 2099 3165 2182 pater
3226 2093 3423 2160 filio:
3539 2091 3718 2159 unde
3787 2114 3925 2159 non
4003 2090 4292 2158 dicimus

2745 2201 3174 2291 splendorem
3207 2200 3418 2268 filium
3452 2201 3642 2268 lucis.

2835 2417 3147 2486 Somno.
3233 2415 3636 2493 Dicendum,
3726 2413 3907 2506 quod
3999 2421 4283 2504 utraque

2743 2524 3051 2594 diffinitio
3081 2526 3245 2592 satis
3272 2524 3448 2592 bona
3479 2532 3578 2591 est
3610 2542 3627 2591 ε
3663 2533 3727 2591 et
3769 2524 3982 2614 prima
4040 2521 4287 2589 diffinit

2742 2633 3250 2727 generationem
3300 2634 3662 2700 univocam
3739 2633 3808 2699 in
3866 2653 4165 2721 genere:
4223 2640 4289 2698 et

2740 2764 2911 2810 voco
2940 2743 3451 2832 generationem
3494 2741 3876 2821 univocam,
3924 2738 4105 2805 illam
4138 2761 4287 2830 qua:

2741 2851 2938 2918 estin
2968 2849 3261 2917 similem
3306 2848 3593 2916 formam
3649 2857 3711 2914 et
3777 2849 4069 2937 speciem
4128 2869 4287 2914 cum

2739 2967 3131 3050 generante,
3191 2959 3360 3026 sicut
3420 2956 3628 3024 homo
3709 2965 3984 3046 generat
4059 2955 4291 3024 homi-

2740 3089 2898 3135 nem
2932 3090 2948 3136 ε
2985 3069 3054 3133 in
3099 3088 3340 3157 yenere
3385 3074 3610 3133 autem
3678 3086 3844 3132 voco
3910 3066 4291 3156 generatio·

2741 3196 2921 3254 nem,
2973 3173 3133 3265 quia
3190 3172 3501 3240 ‹littinitio
3558 3170 3928 3239 secundum
3987 3171 4286 3262 aliquem

2742 3283 3022 3349 modum
3069 3281 3392 3349 convenit
3433 3279 3678 3346 divinae
3735 3280 4185 3367 generationi,
4222 3287 4289 3346 et

2739 3388 3059 3467 hominis,
3089 3399 3155 3458 et
3185 3390 3466 3457 aliarum
3500 3396 3988 3471 creaturarum,
4029 3412 4286 3457 conve-

2739 3499 2838 3567 nit
2883 3502 3063 3567 enim
3117 3520 3234 3590 per
3280 3498 3465 3588 prius
3511 3506 3577 3564 et
3623 3520 3740 3587 per
3784 3500 4143 3586 posteriuS,
4208 3508 4314 3566 ut.

2739 3608 2908 3675 infra
2936 3606 3217 3698 patebit.

4367 2457 4568 2504 Solonio.

2826 3715 3165 3783 Dicnxnun
3197 3737 3358 3805 ergo
3388 3713 3467 3780 ad
3509 3715 3829 3803 ρτίηὶυιη,
3865 3713 4043 3804 quod
4105 3737 4273 3805 prae-
4304 3715 4633 3823 ffssgfflffi.

2733 3821 2978 3911 positio
3008 3843 3094 3887 ex
3121 3828 3310 3887 notat
3344 3818 3432 3885 ibi
3469 3818 3883 3886 identitatem
3942 3820 4272 3887 essentiae.

2738 3928 2926 3995 Sicut
2992 3928 3173 3995 enim
3251 3928 3319 3994 in
3412 3926 3872 3994 materialibus
3962 3926 4276 4005 dicimus,

2738 4033 3060 4101 Cultellus
3114 4043 3322 4101 estex
3368 4031 3568 4108 ferro,
3619 4034 4078 4123 significantes
4146 4057 4283 4101 non

2735 4151 2997 4210 tantum
3063 4141 3440 4215 materiam,
3521 4138 3636 4205 sed
3694 4140 3899 4205 etiam
3953 4139 4134 4230 quod
4185 4150 4286 4208 est

2736 4276 2879 4321 esse
2945 4251 3100 4319 ferri
3181 4251 3247 4318 in
3331 4248 3602 4317 cultello
3687 4274 3857 4331 esse,
3936 4273 4017 4318 eo
4096 4251 4280 4342 quod

2736 4362 3015 4430 materia
3055 4369 3322 4428 maneat
3356 4361 3425 4426 in
3474 4360 3829 4426 materiato
3865 4383 3881 4429 :
3918 4361 4010 4426 ita
4057 4369 4285 4427 trans-

2732 4470 3042 4536 suminus
3073 4468 3141 4534 in
3181 4466 3434 4547 divina,
3496 4464 3872 4552 abjiciendo
3924 4466 4107 4557 quod
4160 4467 4287 4533 im-

2734 4574 3098 4666 perfectum
3130 4584 3255 4652 est,
3298 4584 3365 4642 et
3394 4571 3825 4641 attribuimus
3858 4572 3999 4641 Deo
4060 4573 4282 4664 perfe-

2732 4694 2940 4751 ctum.
3004 4683 3176 4749 Cum
3236 4682 3440 4772 igitur
3494 4683 3619 4748 tria
3678 4689 3998 4749 notentur
4045 4684 4110 4749 in
4160 4682 4278 4749 tali

2729 4791 3097 4868 locutione,
3132 4790 3386 4859 scilicet
3425 4788 3608 4879 quod
3638 4788 3887 4856 ferrum
3947 4789 4071 4856 suit
4110 4790 4283 4857 sub-

1054 4896 1349 4965 veniens
1392 4900 1799 4967 :nonenim
1831 4899 1900 4966 in
1963 4899 2209 4967 divinis
2253 4909 2621 4992 generatur
2718 4899 2977 4990 jectum
3035 4897 3446 4987 operationis
3511 4906 3575 4963 et
3629 4898 3837 4986 ipsius
3925 4898 4066 4964 lieri
4142 4919 4280 4988 quo

1059 5001 1270 5091 quod,
1315 5003 1435 5072 sed
1469 5004 1645 5094 quis.

1153 5209 1390 5280 Eoum
1427 5235 1613 5281 »rouo
1643 5215 1969 5305 quaeritur
1996 5215 2077 5284 de
2137 5217 2433 5286 secunda
2499 5220 2623 5288 dil'·

1060 5318 1372 5389 finitione
1429 5319 1860 5392 Damasceni.

1160 5427 1220 5494 l.
1297 5428 1480 5497 Dicit
1534 5430 1716 5497 enim
1787 5452 1804 5498 ε
1881 5433 2168 5502 Naturae
2222 5458 2392 5528 opus
2438 5446 2534 5504 est
2594 5461 2618 5506 .·

1057 5532 1223 5602 dicit
1254 5542 1488 5604 autem
1520 5535 1691 5604 infra
1729 5536 2072 5629 Magister,
2129 5542 2313 5632 quod
2374 5551 2618 5612 natura

1058 5663 1184 5709 nec
1211 5650 1518 5732 generat,
1553 5666 1675 5711 nec
1720 5655 2105 5733 generatur.

2730 5005 2934 5074 tiebat
2962 5003 3299 5082 cultellus,
3342 5014 3405 5073 et
3435 5002 3616 5096 quod
3669 5002 3981 5071 cultellus
4043 5013 4279 5095 poten·

2728 5116 2820 5182 tia
2857 5114 2980 5181 l'uit
3011 5114 3081 5181 in
3112 5111 3308 5185 terro.
3343 5120 3408 5180 et
3447 5110 3629 5203 quod
3670 5110 3874 5180 habet
3913 5115 4277 5181 essentiam

2728 5222 2882 5292 ferri
2915 5224 2983 5289 in
3031 5244 3155 5290 se:
3241 5219 3375 5287 duo
3440 5222 3660 5310 prima
3717 5229 3875 5288 sunt
3951 5222 4278 5312 imperse-

2726 5332 2996 5411 ctionis,
3055 5338 3123 5399 et
3175 5329 3330 5397 ideo
3396 5329 3539 5398 Deo
3600 5352 3738 5398 non
3792 5332 4269 5401 conveniunt:

2725 5436 2841 5504 sed
2882 5435 3154 5504 tertium
3197 5434 3622 5524 perfectionis
3671 5443 3793 5513 est,
3847 5444 3912 5502 et
3950 5433 4080 5503 hoc
4127 5435 4273 5505 Deo

2725 5545 3065 5626 convenit,
3143 5542 3394 5612 seilicet
3492 5542 3940 5634 substantiam
4022 5542 4274 5613 habere

2725 5653 3112 5742 generantis
3194 5653 3526 5722 eamdem.
3600 5652 3678 5720 Et
3736 5654 3789 5720 si
3906 5665 4268 5745 quaeratur,

4402 3830 4524 3875 oeni.

4395 3885 4466 3929 Ad
4500 3886 4538 3932 Ι.
