4897 6388
603 308 728 374 140

191 457 277 568 j?
324 479 385 540 1*
416 485 421 488 '
470 509 477 558 ς
576 455 674 541 ¹tu
704 483 767 540 et
786 472 1024 539 anima
1051 473 1283 541 :Deus
1310 482 1411 542 est
1439 461 1821 568 omniasua
1849 491 1867 539 ε
1892 479 1958 539 et
1988 472 2138 536 ani-

594 605 708 648 ma
737 592 837 650 est
884 582 1194 672 quaedam
1226 606 1390 652 sua:
1423 582 1628 651 habet
1659 579 2019 656 naturalia,
2062 583 2137 642 ut

595 689 1039 770 intellectum,
1098 692 1525 766 memoriam,
1589 696 1655 755 et
1718 682 2133 773 hujusmodi,

596 806 663 865 et
700 806 802 866 est
834 799 1070 866 omnia
1112 796 1266 864 illa:
1295 796 1499 863 habet
1557 805 1623 862 et
1677 790 2135 866 accidentalia,

597 914 663 974 et
695 929 831 973 non
874 914 974 972 est
1004 903 1142 970 illa.
1177 901 1265 969 Et
1300 903 1513 969 multa
1550 900 1685 968 alia
1725 907 1885 966 sunt
1929 899 1998 964 in
2054 896 2141 962 li-

594 1015 719 1083 bro
752 1014 867 1081 illo
902 1014 983 1080 de
1013 1011 1169 1078 hoc.

688 1123 751 1190 3.
787 1120 988 1203 Item,
1046 1117 1432 1186 Bernardus
1461 1140 1664 1209 super
1700 1117 1984 1199 Cantica
2006 1138 2029 1181 :
2061 1113 2138 1181 In

598 1231 828 1298 anima
856 1231 986 1296 tria
1019 1229 1331 1297 intueor:
1391 1229 1822 1304 memoriam,
1891 1223 2134 1292 intelli-

490 1401 495 1414 ,
597 1337 925 1427 gentiam,
952 1343 1015 1403 et
1031 1332 1497 1403 voluntatem:
1532 1333 1903 1401 ethaectria
1923 1332 2136 1419 ipsam

238 1655 241 1660 ¹
280 1651 287 1660 ⁸
302 1667 497 1719 solutio.

329 3740 411 3788 Ad
440 3742 481 3788 1.

332 5351 414 5402 Ad
441 5352 487 5403 2.

599 1468 744 1514 esse
770 1445 1070 1513 animam
1089 1439 1134 1508 ¹.

692 1660 1004 1729 Somno.
1040 1656 1446 1735 Dicendum,
1481 1655 1667 1748 quod
1731 1656 1803 1720 in
1857 1653 2164 1720 veritate=

597 1771 776 1839 vires
810 1770 1055 1837 animae
1084 1769 1526 1857 proprietates
1572 1770 1754 1842 sunt,
1814 1762 1985 1829 sicut
2045 1761 2137 1828 di-

596 1880 690 1947 cit
716 1877 1064 1968 Magister,
1108 1883 1176 1943 et
1221 1898 1358 1942 uno
1434 1873 1638 1941 modo
1697 1869 2137 1950 subtantiales

596 1994 779 2063 sunt,
812 1985 947 2051 alio
997 1982 1203 2073 modo
1264 1986 1756 2072 consequentes
1815 2001 1984 2046 esse.
2063 1975 2135 2044 Si

597 2089 789 2162 enim'
820 2093 1051 2159 anima
1081 2089 1544 2158 consideretur
1571 2089 1643 2156 in
1688 2110 1813 2155 suo
1853 2109 1997 2155 esse
2037 2108 2137 2154 se·

508 2195 513 2201 ’
596 2200 895 2270 cundum
945 2196 1130 2290 quod
1197 2205 1297 2265 est
1381 2196 1690 2288 quaedam
1774 2192 2137 2285 spiritualis

596 2307 1003 2390 substantia,
1035 2306 1132 2373 sic
1149 2310 1643 2398 consequentes
1672 2310 1833 2370 sunt
1870 2324 2038 2384 esse,
2072 2309 2138 2368 et

596 2416 1092 2508 principiantur
1124 2413 1207 2480 ab
1244 2415 1390 2505 ipso
1456 2436 1628 2492 esse,
1687 2419 1753 2480 et
1790 2410 1973 2502 quod
2011 2418 2139 2495 est,·

597 2524 775 2593 sicut
804 2524 888 2591 ab
920 2524 1068 2613 ipso
1110 2531 1285 2592 esset
1330 2521 1713 2592 intellectus
1755 2542 1988 2611 agens,
2071 2526 2139 2586 et

597 2627 684 2697 ab
723 2629 872 2719 ipso
913 2625 1099 2720 quod
1128 2636 1228 2695 est
1256 2627 1635 2697 intellectus
1665 2622 2031 2719 possibilis,
2073 2630 2140 2690 et

510 2725 513 2728 ’
591 2738 1016 2829 hujusmodi.
1067 2736 1142 2807 Si
1180 2748 1408 2809 autem
1455 2738 1687 2807 anima
1749 2733 2139 2804 considere-

593 2857 704 2917 tur
741 2855 816 2916 ut
853 2846 1233 2916 substantia
1262 2868 1470 2939 agens
1499 2845 1569 2913 in
1601 2844 1937 2913 exteriora
1965 2852 2032 2911 et
2064 2841 2134 2908 in

593 2976 865 3044 corpus,
900 2953 997 3021 sic
1023 2955 1256 3021 anima
1309 2953 1636 3043 accipitur
1662 2962 1737 3019 ut
1766 2957 1983 3018 totum
2017 2970 2135 3040 po-

588 3063 1014 3144 testativum,
1048 3060 1242 3150 cujus
1283 3066 1583 3152 potestas
1629 3055 2012 3148 completur
2062 3055 2134 3122 in

591 3170 737 3239 suis
775 3169 1142 3262 potentiis:
1177 3174 1245 3236 et
1270 3176 1431 3238 tunc
1457 3173 1760 3260 potestas
1788 3187 1912 3235 sua
1938 3186 2135 3234 com-

589 3279 771 3373 pleta
820 3278 1202 3368 composita
1273 3286 1377 3347 est
1436 3299 1521 3348 ex
1613 3274 2132 3369 particularibus

591 3384 1044 3479 potestatibus
1063 3385 1547 3476 potentiarum,
1571 3393 1639 3453 et
1666 3386 1765 3453 sic
1796 3391 1954 3451 sunt
1980 3381 2135 3450 sub-

593 3491 943 3563 stantiales
972 3492 1034 3561 ei
1074 3493 1220 3561 sine
1257 3493 1506 3585 quibus
1570 3514 1711 3561 non
1756 3489 2134 3582 completur

594 3601 664 3668 in
693 3599 1105 3693 perfectione
1133 3599 1238 3666 sui
1270 3622 1492 3689 posse.

681 3707 1210 3797 Dicaxsnunergo
1231 3707 1315 3776 ad
1346 3708 1669 3798 primum,
1694 3703 1877 3798 quod
1907 3704 2132 3772 anima

591 3839 731 3887 non
762 3814 1212 3885 essentialiter
1246 3823 1349 3884 est
1368 3812 1697 3907 quidquid
1738 3811 1982 3880 habet:
2013 3809 2131 3879 sed

588 3947 746 3996 cum
788 3923 1060 4008 dicitur,
1094 3920 1324 3991 anima
1369 3930 1473 3991 est
1500 3920 1807 4013 potentia
1842 3940 1993 4000 sua,
2031 3926 2133 3985 est

588 4031 981 4126 praedicatio
1044 4028 1257 4098 totius
1318 4028 1701 4122 potestativi
1793 4027 1875 4096 de
1940 4035 2126 4118 parte

587 4138 1016 4210 substantiali
1038 4139 1388 4231 potestatis
1418 4161 1583 4221 suae,
1616 4137 1725 4206 cui
1755 4135 2124 4205 secundum

589 4251 926 4319 rationem
955 4245 1363 4341 completam
1393 4247 1584 4317 adest
1618 4245 1726 4316 vel
1764 4243 2130 4337 incomple-

590 4369 730 4430 tam
767 4378 785 4428 ε
819 4356 1195 4426 secundum
1243 4355 1733 4449 incompletum
1800 4353 1981 4422 enim
2028 4361 2130 4421 est

590 4490 791 4560 posse
850 4466 919 4534 in
980 4462 1434 4545 inferioribus,
1495 4461 1869 4533 secundum
1932 4484 2129 4530 com-

590 4576 847 4669 pletum
878 4582 1107 4642 autem
1152 4571 1221 4639 in
1269 4570 1779 4663 superioribus:
1823 4569 1978 4661 quia
2009 4592 2128 4636 su-

591 4684 818 4777 perior
853 4704 1009 4774 pars
1039 4679 1248 4749 totius
1278 4680 1664 4772 potestativi
1700 4699 1969 4768 semper
1996 4700 2128 4769 po-

592 4795 693 4861 nit
722 4813 921 4883 posse
962 4789 1175 4881 partis
1220 4788 1593 4859 inferioris:
1653 4796 1718 4856 et
1764 4786 1924 4878 quia
1988 4787 2128 4853 istae

594 4909 756 4969 sunt
806 4898 891 4969 de
932 4896 1422 4990 superioribus,
1489 4897 1742 4966 scilicet
1809 4895 2128 4985 potentiae

595 5010 942 5101 imaginis,
985 5008 1138 5077 ideo
1180 5010 1395 5099 magis
1438 5007 1757 5078 convenit
1820 5003 2132 5095 praedica-

593 5118 691 5184 tio
715 5114 799 5184 de
827 5115 1003 5183 illis:
1040 5114 1159 5183 sed
1198 5122 1423 5185 tamen
1478 5114 1701 5184 adhuc
1746 5110 2133 5203 aliquantu-

598 5225 745 5294 lum
766 5234 870 5293 est
890 5225 1290 5315 impropria.

685 5332 793 5401 An
838 5353 1040 5400 Amen
1095 5330 1485 5417 dicendum,
1561 5331 1756 5424 *quod
1821 5327 1937 5397 illa
2008 5328 2134 5396 tria

602 5448 763 5511 sunt
793 5440 1022 5509 anima
1061 5439 1435 5511 secundum
1465 5437 2015 5533 praedicationem
2037 5443 2136 5504 to-

672 5676 690 5711 ί
731 5671 788 5728 S.
830 5671 1180 5738 Burmannus,
1210 5668 1399 5746 Super
1424 5669 1677 5739 cantica,
1707 5668 1896 5726 Serm.
1927 5666 2013 5726 11.

1546 241 1683 369 'Dq
1719 300 1917 368 ALB.
1969 296 2183 367 MAG.
2238 295 2441 363 ORD.
2489 289 2837 366 ‘PRAED.-·
2903 319 2911 362 s

2263 469 2391 535 tius
2437 469 2518 537 de
2567 461 2874 560 partibus
2943 477 3368 563 potestativis
3430 477 3631 543 simul
3680 458 3814 544 ac-⁴

2254 575 2487 663 ceptis,
2546 569 2666 644 sed'
2711 602 2850 646 non
2915 604 3037 670 per
3114 585 3504 650 essentiam.
3577 583 3660 650 Et
3724 593 3799 649 ut

2252 678 2382 746 hoc
2412 681 2652 749 melius
2706 685 3150 776 intelligatur,
3205 690 3567 757 dicendum
3609 690 3794 780 quod

2252 785 2434 852 aliud
2482 798 2581 855 est
2636 792 3016 869 essentiale,
3069 777 3136 862 et
3198 797 3381 864 aliud
3464 798 3793 865 substan-

2251 895 2429 974 tiale,
2509 907 2575 965 et
2645 899 3053 969 accidentale
3111 905 3445 973 accidens
3530 907 3788 975 Essen-

2207 1043 2212 1047 -
2251 1003 2405 1072 tiale
2435 1014 2536 1073 est
2579 1007 2763 1097 quod
2801 1016 2904 1076 est
2962 1031 3118 1098 pars
3177 1015 3511 1092 essentiae,
3547 1016 3614 1082 in
3648 1038 3780 1105 qua

2249 1133 2354 1177 res
2416 1112 2810 1202 simpliciter
2864 1123 2965 1183 est
3016 1118 3086 1183 in
3144 1120 3363 1208 prima
3437 1124 3786 1211 composi-

2248 1218 2429 1285 tione
2467 1220 2692 1288 :sicut
2741 1231 2900 1289 sunt
2949 1245 3194 1315 corpus
3244 1235 3310 1293 et
3374 1229 3604 1295 anima
3678 1252 3791 1296 es-

2247 1326 2555 1394 sentialia
2583 1325 2871 1408 homini,
2904 1336 2970 1395 et
2999 1332 3176 1420 quod
3219 1343 3320 1400 est
3370 1344 3436 1401 et
3489 1357 3623 1425 quo
3682 1345 3782 1403 est

2248 1434 2515 1500 animas.
2546 1431 3006 1503 Substantiale
3039 1447 3265 1506 autem
3297 1448 3399 1507 est
3436 1440 3619 1532 quod
3639 1464 3793 1510 con-

2250 1541 2374 1607 fert
2410 1547 2512 1608 est
2539 1547 2630 1608 se‘
2649 1563 2735 1608 ex
2765 1542 3060 1633 quadam
3081 1548 3579 1636 compositione
3600 1572 3793 1617 com-

2244 1649 2493 1738 posito,
2527 1658 2593 1718 et
2622 1650 3043 1740 impossibile
3091 1668 3192 1724 est
3236 1655 3475 1726 deesse
3536 1660 3654 1736 rei,
3716 1669 3792 1729 ut

2246 1758 2441 1835 ratio,
2477 1766 2544 1824 et
2571 1757 2975 1838 intellectuS,
3010 1764 3257 1832 ettalia
3279 1788 3430 1853 quae
3461 1777 3618 1836 sunt
3641 1791 3791 1858 par-

2245 1873 2343 1932 tes
2371 1865 2787 1956 complentes
2826 1891 3025 1960 posse
3088 1874 3336 1941 animae
3395 1876 3784 1944 secundum

2245 1973 2427 2063 quod
2466 1982 2567 2041 est
2597 1984 2821 2043 motor
2871 1980 3196 2068 corporis,
3250 1991 3317 2049 et
3374 2004 3524 2072 quae
3591 2006 3788 2053 com-

2244 2079 2432 2169 plent
2459 2104 2602 2151 esse
2623 2085 2950 2175 corporiS,
2987 2088 3361 2156 secundum
3395 2090 3580 2182 quod
3632 2113 3786 2159 mo-

2245 2198 2387 2258 tum
2418 2190 2504 2258 ab
2533 2193 2784 2261 anima.
2841 2193 3034 2264 Unde
3073 2197 3233 2265 dicit
3292 2197 3779 2292 Philosophus,

2246 2297 2425 2387 quod
2484 2299 2657 2368 sicut
2702 2301 2930 2369 anima
2975 2311 3077 2371 est
3141 2305 3464 2394 perfectio
3540 2308 3774 2386 totiuS,

2243 2407 2336 2473 ita
2363 2414 2585 2496 partes
2614 2408 2859 2477 animae
2895 2418 3053 2477 sunt
3084 2415 3373 2502 partium
3423 2415 3783 2505 perfectio-

2246 2537 2388 2596 nes,
2448 2523 2516 2583 et
2563 2514 2717 2584 ideo
2776 2526 2937 2585 sunt
2961 2517 3466 2598 substantiales.
3522 2522 3589 2591 id
3656 2532 3781 2602 est,

2243 2625 2661 2718 complentes
2679 2625 3126 2695 substantiam
3145 2630 3391 2697 animae
3410 2631 3785 2699 secundum

2243 2731 2429 2824 quod
2470 2734 2612 2825 ipsa
2662 2743 2765 2802 est
2812 2733 3193 2803 substantia
3220 2739 3525 2827 corporis
3597 2740 3781 2830 quod

2243 2851 2497 2922 movet,
2540 2842 2777 2911 nonin
2804 2852 3194 2930 setantum,
3249 2846 3367 2913 sed
3429 2847 3634 2916 etiam
3710 2850 3779 2917 in

2238 2947 2583 3038 partibus:
2618 2948 2728 3018 vel
2763 2950 3136 3020 secundum
3184 2976 3280 3031 se,
3336 2960 3414 3021 ut
3465 2954 3637 3023 ratio
3686 2964 3791 3024 est

2240 3056 2321 3125 de
2379 3057 2758 3127 substantia
2817 3081 3017 3151 posse
3073 3063 3176 3129 sui
3233 3062 3607 3130 secundum
3683 3086 3782 3144 se,

2237 3186 2473 3232 sensus
2501 3173 2729 3234 autem
2751 3165 3124 3235 secundum
3147 3176 3409 3258 partem
3431 3170 3785 3258 potestatis

2236 3294 2440 3363 quam
2468 3272 2691 3342 influit
2725 3274 2992 3365 corpori
3023 3274 3091 3342 in
3121 3299 3257 3367 quo
3289 3286 3413 3345 est.
3462 3276 3786 3347 Acciden-

2235 3378 2367 3448 tale
2396 3390 2621 3450 autem
2654 3390 2754 3450 est
2785 3382 2970 3474 quod
2997 3383 3272 3453 advenit
3304 3394 3457 3476 post
3486 3385 3783 3478 comple·

2235 3496 2377 3557 tum
2418 3512 2592 3573 esse,
2633 3500 2701 3559 et
2728 3513 2866 3559 non
2896 3491 3154 3561 confert
3182 3515 3328 3561 esse
3366 3496 3775 3586 composito,

2234 3620 2388 3665 cum
2428 3599 2514 3666 sit
2554 3593 2874 3690 possibile
2933 3604 3389 3692 compositum
3447 3626 3593 3672 esse
3631 3605 3776 3672 siue

2236 3705 2380 3776 illo.
2422 3705 2606 3776 Licet
2634 3716 2862 3775 autem
2891 3729 3095 3800 supra
3139 3712 3206 3777 in
3237 3710 3621 3801 obJ‘ectione
3677 3710 3777 3779 di·

2234 3822 2414 3882 ctum
2454 3816 2567 3897 sit,
2610 3814 2794 3907 quod
2841 3816 3166 3884 naturalis
3196 3820 3499 3907 potentia
3539 3829 3638 3887 est
3706 3818 3778 3885 in

2234 3943 2480 4012 genere
2501 3920 2846 4013 qualitatis
2879 3921 3279 3992 :dicendum
3307 3934 3561 4006 tamen,
3595 3926 3778 4017 quod

2236 4028 2631 4098 naturaliter
2663 4030 2969 4121 potentia
3025 4030 3293 4100 duobus
3342 4032 3566 4102 modis
3605 4030 3774 4101 con-

2234 4136 2588 4216 sideratur,
2621 4136 2873 4206 scilicet
2901 4147 3103 4228 prout
3132 4140 3276 4230 ipsa
3306 4149 3407 4208 est
3438 4140 3521 4206 ad
3544 4150 3770 4209 actum

2233 4257 2297 4315 et
2327 4271 2748 4340 consequens
2769 4271 2916 4317 esse
2971 4251 3359 4340 compositi,
3404 4252 3549 4319 sive
3589 4255 3778 4343 prin-

2231 4358 2480 4447 cipium
2521 4356 2767 4447 agendi
2808 4357 2875 4424 in
2918 4380 3054 4449 quo
3083 4368 3226 4427 est:
3270 4369 3337 4427 et
3390 4360 3486 4427 sic
3535 4370 3634 4427 est
3708 4363 3777 4428 in

2230 4486 2475 4555 genere
2503 4462 2871 4556 qualitatis.
2915 4464 3145 4533 Potest
3203 4469 3407 4536 etiam
3465 4469 3779 4537 conside-

2231 4574 2357 4640 rari
2380 4580 2581 4663 prout
2604 4572 2885 4642 refertur
2904 4571 2988 4641 ad
3005 4578 3554 4645 constituendum
3578 4602 3776 4669 posse

2230 4679 2619 4749 substantia?
2640 4703 2794 4772 quae
2824 4679 3041 4751 forma
3081 4693 3148 4752 et
3179 4694 3405 4753 motor
3434 4698 3535 4752 est
3575 4688 3642 4753 in
3693 4709 3775 4754 eo

2230 4788 2413 4879 quod
2452 4810 2591 4856 uon
2622 4796 2882 4858 tantum
2915 4798 3014 4857 est
3045 4791 3361 4880 perfectio
3394 4792 3627 4875 totiuS,
3653 4792 3772 4862 sed

2231 4896 2433 4963 etiam
2459 4897 2752 4986 partium
2790 4897 3163 4964 secundum
3213 4906 3442 4988 partes
3472 4922 3672 4968 suas:
3707 4910 3772 4969 et

2230 5002 2325 5070 sic
2348 5001 2490 5093 ipsa
2521 5013 2621 5071 est
2643 5012 2797 5072 ante
2819 5024 2967 5071 esse
2987 5012 3053 5071 et
3072 5001 3540 5072 substantialia
3567 5027 3583 5074 :
3606 5007 3778 5075 sicut

2233 5118 2332 5178 est
2363 5133 2447 5179 ex
2485 5119 2674 5203 parte
2715 5110 2847 5179 alia
2909 5109 3139 5180 videre
3197 5113 3264 5180 in
3326 5136 3635 5204 corpore,
3707 5119 3776 5184 in

2235 5241 2370 5309 quo
2409 5228 2568 5287 sunt
2612 5219 3036 5302 commixtio,
3105 5221 3518 5312 complexio,
3582 5248 3777 5324 com-

2234 5328 2511 5418 positio,
2551 5328 2920 5408 distinctio,
2953 5330 3367 5420 organizatio
3394 5354 3411 5399 ε
3435 5355 3588 5424 quae
3620 5332 3775 5401 licet

2237 5435 2370 5504 sint
2398 5438 2844 5528 proprietates
2881 5440 3211 5530 corporis,
3258 5448 3489 5509 tamen
3537 5464 3772 5510 secun·
