4897 6388
570 386 619 411 τ
706 360 841 438 58*
1478 424 1481 431 ,
1646 358 1814 429 D
1806 304 2038 435 ALB.
2080 357 2315 480 MAG

304 509 310 521 ’
703 531 955 599 frustra
981 484 1221 606 nobis
1242 491 1671 618 mortalibus
1701 484 1949 633 adhuc
1970 474 2254 649 traditur

705 637 856 707 haec
885 638 1217 730 doctrina.
1268 636 1286 709 s
1330 654 1336 659 “
1672 651 1677 656 ’

224 842 263 853 ”
302 886 327 931 5
415 823 615 875 ⁸⁰¹“‘¹⁰·
794 836 900 902 An
947 859 1074 904 noc
1120 836 1510 915 dicendum,
1551 835 1741 938 quod
1773 825 2079 926 purgatio
2107 855 2254 904 vo-

496 928 501 933 *
622 1001 626 1006 ,
704 950 896 1010 catur
923 941 1300 1010 secundum
1339 950 1653 1010 naturam
1719 964 1955 1010 eorum
2012 966 2051 1009 a
2105 942 2250 1036 qui-

702 1046 846 1115 hus
858 1055 1191 1167 purgetur
1229 1044 1424 1116 mens
1477 1049 1850 1118 secundum
1908 1034 2261 1139 possibili-

700 1159 908 1221 tatem
962 1154 1131 1222 viae:
1160 1153 1349 1223 haec
1399 1148 1628 1236 'autem
1671 1161 1852 1223 sunt
1915 1178 1999 1222 ex
2062 1162 2257 1251 parte

696 1259 1005 1343 affectuS,
1040 1271 1108 1331 et
1136 1286 1217 1332 ex
1258 1272 1463 1354 parte
1489 1263 1891 1347 intellectus.
1931 1262 2038 1331 Ex
2062 1271 2252 1354 parte

583 1371 589 1375 “
695 1367 976 1437 affectus
1047 1369 1325 1460 quidem
1385 1372 1607 1461 primo
1685 1380 2056 1460 peccatum,
2137 1393 2250 1439 se-

695 1468 918 1543 cundo
949 1476 1256 1565 pronitas
1290 1475 1522 1544 relicta
1562 1498 1642 1544 ex
1688 1485 1986 1566 peccate,
2047 1476 2269 1544 155115

693 1581 952 1655 fomitis
1008 1582 1426 1667 incendium,
1490 1591 1760 1675 quarto
1811 1592 2273 1653 removentur·

696 1691 1090 1760 occasiones
1109 1688 1368 1783 peccati
1391 1687 1486 1759 ab
1502 1691 1905 1761 extrinseco.
1931 1691 2036 1759 Ex
2059 1699 2248 1783 parte

693 1795 1075 1868 intellectus
1104 1806 1333 1867 autem
1364 1798 1627 1867 tollitur
1670 1799 2028 1890 praesentia
2092 1821 2257 1869 cor-.

588 1905 600 1914 ’
690 1906 878 1996 poris
947 1927 1100 1996 quae
1160 1910 1282 1986 'est
1321 1905 1408 1974 ad
1463 1928 1767 1985 sensum,
1816 1913 1904 1991 et
1947 1905 2241 1975 secundo

362 2070 379 2079 -
502 2002 512 2009 ’
609 2022 619 2029 “
691 2012 1051 2102 praesentia
1109 2012 1431 2105 ima-ginis
1493 2010 1860 2104 corporalis
1917 2012 2000 2081 ab
2066 2014 2258 2085 ima-T

690 2119 875 2211 gine,
903 2119 1105 2189 tertio
1155 2127 1345 2188 actus
1409 2117 1817 2217 intellectus¹
1855 2120 2242 2212 accipientis

253 2220 264 2273 t
319 2246 341 2317 J.
389 2225 416 2233 ”
464 2222 475 2255 ·’
578 2250 619 2261 ·“
691 2250 776 2297 ex
812 2227 1316 2318 phantasmate,
1356 2237 1599 2321 quarto
1638 2237 1828 2298 actus
1868 2228 2241 2298 intellectus

345 2325 355 2333 ’
688 2331 1188 2425 progredientis
1217 2354 1305 2402 ex
1336 2333 1683 2425 principiis
1711 2332 1842 2401 sibi
1889 2334 2068 2402 notis
2133 2355 2257 2402 se·-

675 2438 993 2509 ‘cundum
1069 2437 1616 2532 Philosophiam.
1672 2439 1785 2508 Ad
1847 2438 1994 2525 haec
2038 2442 2267 2533 ,enim-

630 2638 637 2643 ⁴
691 2553 990 2637 quatuor
1015 2531 1348 2637 sequitur,
1399 2546 1601 2639 quod,
1648 2544 1870 2616 elevet
1923 2568 1996 2616 se
2039 2570 2239 2639 supra

689 2674 762 2721 se
792 2651 877 2721 ad
913 2651 1151 2722 lumen
1179 2652 1381 2722 fidei:
1415 2660 1484 2721 et
1519 2661 1683 2723 1555
1736 2653 1951 2723 555511
2019 2652 2238 2723 1)5551

687 2759 947 2827 trinum
975 2781 1125 2829 esse
1161 2767 1231 2828 et
1267 2780 1510 2828 unum.

449 1009 528 1031 =92

1125 3118 1633 3232 5551551115
1662 3154 1785 3229 w,

591 3354 602 3367 ⁶
697 3372 945 3442 Utrum
983 3369 1116 3442 lua:
1150 3370 1391 3442 divina
1433 3370 1730 3442 excellat
1791 3373 2234 3466 capacitatem

589 3471 605 3482 ’
782 3501 789 3504 ·
1129 3479 1351 3548 nostri
1383 3477 1773 3550 intellectus
1796 3474 1839 3548 P

774 3738 1043 3811 Deinde
1094 3741 1422 3834 qums-itur
1472 3740 1555 3810 de
1620 3737 1755 3812 hoc
1815 3740 1999 3836 quod
2022 3741 2233 3815 dicit:

690 3878 728 3916 κ
768 3850 1022 3920 Mentis
1083 3851 1265 3919 enim
1316 3852 1359 3918 Ιι
1384 3872 1641 3920 κπηαηι·
1678 3852 1857 3921 acies
1895 3851 2251 3933 invalida,

687 3967 818 4028 etc.
852 3981 889 4025 5
1100 3975 1106 3980 ·

781 4063 1130 4159 Quidquid
1158 4068 1343 4137 enim
1373 4074 1476 4139 est
1500 4065 1837 4139 excellens
1867 4068 2237 4160 potentiam

690 4177 838 4268 ejus
901 4176 1099 4267 cujus
1162 4183 1354 4262 55155
1420 4183 1524 4246 551
1584 4197 1789 4270 supra
1820 4177 2071 4269 ipsum,
2107 4175 2240 4247 1155

689 4285 898 4357 modo
965 4307 1105 4379 quo
1182 4283 1522 4355 excellens
1576 4287 1951 4378 corrumpit
1997 4293 2240 4379 poten-

689 4393 901 4461 tiam:
944 4389 1068 4460 lux
1120 4399 1352 4460 eutem
1409 4388 1643 4458 divina
1698 4396 1800 4459 est
1863 4389 2234 4460 excellens:

692 4523 856 4595 ergo
911 4500 1290 4593 corrumpit
1344 4496 1763 4568 intellectum
1806 4519 1825 4569 ι
1894 4520 2057 4593 5535
2101 4521 2242 4569 555

690 4610 1058 4694 beatificat,
1087 4600 1549 4703 quodfalsum
1580 4615 1704 4678 551.
1738 4606 2049 4677 Primum
2085 4631 2243 4701 pro·

691 4718 892 4788 batur
929 4740 1051 4810 per
1078 4705 1321 4788 555555
1366 4715 1485 4809 551
1558 4724 2088 4807 corrumpuntur
2158 4715 2243 4786 ab

694 4822 1114 4897 excellentiis
1160 4821 1615 4892 sensibilium.
1661 4818 2049 4892 Secundum
2120 4845 2234 4892 au·

694 4940 839 5002 tem
866 4931 1188 5002 scribitur
1213 4929 1286 4998 in
1314 4930 1606 5000 Littera.

308 5165 658 5270 eulaeum
736 5231 741 5236 Ι
736 5141 1174 5216 Parmam
1204 5144 1571 5236 quaeritur,
1603 5137 1784 5224 Quid
1833 5150 2036 5213 vocat
2055 5142 2250 5236 fiqt'?

487 5226 529 5272 ¹⁶
706 5251 786 5322 15
815 5250 1172 5323 excellenti
1212 5252 1394 5321 enim
1462 5249 1835 5320 secundum
1899 5249 2083 5342 quod
2135 5273 2248 5320 ex-

706 5359 888 5431 cellit
913 5381 1054 5429 non
1094 5357 1334 5452 flgitur
1358 5357 1427 5426 id
1458 5356 1641 5449 quod
1669 5355 2051 5426 excellitur:
2085 5380 2267 5451 ergo

703 5470 973 5540 videtur
999 5491 1157 5539 cum
1185 5469 1364 5538 acies
1401 5474 1652 5537 nostrae
1687 5469 1934 5536 mentis
1969 5466 2248 5538 excella-

698 5586 812 5648 tur
840 5600 881 5646 5
946 5575 1099 5646 1555
1162 5574 1397 5644 divina
1456 5573 1642 5667 quod
1692 5595 1835 5643 non
1898 5574 2144 5666 figatur
2175 5575 2263 5664 in,

592 5683 599 5689 ’
698 5688 871 5779 ipsa.
916 5681 993 5754 Si
1068 5679 1203 5753 hoc
1256 5682 1488 5771 detur,
1537 5681 1846 5770 Coum:
1883 5681 2081 5768 Quod
2107 5705 2247 5754 555

2320 357 2564 456 ORD.
2611 357 2958 425 PRAED

2308 468 2689 619 ’5551111311
2734 474 3045 616 intelligi,
3095 547 3236 594 non
3304 508 3683 614 contingit
3679 483 3954 609 51351-ζ“

2254 666 2261 671 ·
2356 620 2580 703 ficari:
2589 582 2966 702 ζ,5115511555
2995 624 3408 699 secundum
3438 624 3624 721 quod
3679 624 3914 715 hujus-

2356 740 2564 818 modi,
2598 763 2738 808 non
2769 739 3104 830 contingit
3157 737 3512 826 intelligi:
3545 740 3751 824 ergo
3769 753 3920 800 non:

2353 848 2692 940 contingit
2746 845 3139 938 significari,
3217 843 3403 934 55511
3465 844 3712 910 falsum
3759 847 3903 909 est:
3912 884 3916 889 -
4017 854 4020 855 ’

2352 957 2513 1047 5515
2565 953 2799 1022 multis
2858 952 3078 1021 modis
3143 945 3406 1049 nobis
3447 949 3915 1076 significatum.

2313 1101 2316 1104 ·
2353 1068 2475 1129 551.

2438 1275 2716 1343 1155155·
2731 1256 3081 1363 ’555151151-
3144 1270 3227 1339 de
3283 1269 3690 1393 hoerquod
3745 1261 4193 1371 dicit.9'¹⁸⁸⁸¹·²
4459 1270 4474 1280 '

2351 1404 2472 1475 per
2491 1379 3041 1472 Jusuuamfiden
3076 1377 3333 1465 Quare
3389 1380 3572 1446 enim
3642 1376 3907 1466 justitia

2351 1490 2568 1580 magis
2597 1484 2844 1556 dicitur
2898 1508 3046 1554 esse
3109 1485 3295 1565 fidei,
3358 1490 3566 1590 quam
3609 1483 3912 1552 51155155

2348 1595 2675 1664 virtutis?
2765 1625 2769 1629 <
3307 1624 3310 1627 ·

2436 1806 2740 1879 Somno.
2775 1758 3182 1886 Dicendum,
3216 1740 3402 1894 quod
3431 1808 3535 1871 est
3562 1797 3909 1870 excellens·
3981 1795 4186 1846 δοιώ·
4265 1878 4268 1879 ⁷

2332 1916 2619 2020 duplex.
2707 1915 2964 1985 55111551
3043 1898 3379 1982 excellens
3466 1909 3897 1980 harmoniam

2344 2011 2874 2101 commixtionis,
2934 2027 3004 2086 et
3055 2014 3393 2086 excellens
3428 2015 3754 2083 virtutem
3790 2034 3907 2081 se-
3951 2042 3962 2048 ·
4086 2037 4107 2055 ·

2344 2127 2642 2198 cundum
2672 2125 2860 2218 quod
2897 2108 3225 2216 accipitur
3252 2121 3594 2191 abstracta
3640 2120 3726 2189 ab
3782 2142 3905 2188 or-

2342 2260 2522 2330 gano
2560 2234 2897 2328 corporali
2923 2255 2956 2322 :⁴
2998 2235 3344 2325 etprimo
3393 2229 3603 2301 modo
3644 2231 3902 2300 dictum

2343 2346 2679 2416 excellens
2707 2344 3086 2435 corrumpit
3122 2364 3464 2435 organum
3515 2363 3638 2433 per
3673 2363 3774 2426 55,
3833 2348 3913 2409 et.

2343 2455 2665 2524 'virtutem
2713 2474 2867 2546 quae
2904 2460 3005 2522 est
3057 2451 3130 2520 in
3178 2458 3442 2543 organo
3499 2472 3622 2543 per
3668 2470 3905 2520 conse·

2346 2586 2588 2655 quens.
2614 2561 2952 2633 Secundo
2990 2559 3199 2630 modo
3247 2560 3507 2631 dictum
3557 2557 3899 2629 excellens
3985 2608 3988 2611 ι

2343 2692 2484 2739 555
2522 2667 2926 2761 corrumpit,
2967 2667 3087 2738 sed
3131 2666 3396 2758 perficit
3441 2664 3892 2735 nobilissime.

2426 2881 2534 2949 An
2576 2903 2776 2951 amun
2806 2877 3197 2960 dicendum,
3239 2878 3428 2972 quod
3462 2877 3598 2970 fiqi
3644 2880 3718 2946 in
3773 2899 3897 2946 es:-
3920 2898 4272 2961 aequom-1.-

2340 2989 2615 3059 cellenti
2664 2987 3002 3082 contingit
3045 2986 3430 3081 dupliciter,
3491 2986 3773 3066 55111551,
3821 2985 3895 3055 15
4283 3008 4288 3012 ·

2339 3116 2421 3164 55
2474 3092 2659 3186 55511
2721 3100 2826 3163 551
2899 3091 3261 3179 excellens,
3328 3092 3443 3162 vel
3516 3091 3894 3162 secundum

2338 3201 2521 3296 quod
2547 3209 2651 3272 est
2667 3192 3029 3273 excellens.
3053 3200 3289 3272 Primo
3319 3199 3531 3272 modo
3559 3201 3897 3294 contingit

2338 3313 2553 3382 aciem
2591 3311 2840 3382 mentis
2877 3310 2997 3404 figi
3038 3313 3106 3380 in
3137 3309 3524 3381 excellenti.
3573 3309 3892 3382 Secundo

2337 3418 2546 3490 modo
2582 3440 2778 3490 non:
2836 3419 3000 3513 quia
3033 3420 3131 3490 sic
3183 3428 3289 3490 est
3330 3418 3526 3492 eitra
3582 3420 3654 3491 id
3710 3417 3898 3514 quod

2251 3582 2255 3585 >
2339 3527 2718 3601 excellitur.

2429 3632 2508 3705 Si
2542 3657 2707 3706 vero
2737 3635 3092 3729 quaeritur,
3124 3634 3435 3718 Qualiter
3468 3636 3894 3731 significatur

2338 3740 2700 3834 excellens,
2723 3764 2885 3813 5551
2910 3742 3290 3813 5555511551
3310 3741 3501 3836 quod
3512 3743 3786 3815 excellit
3804 3742 3913 3813 511.

2341 3860 2528 3922 extra
2570 3852 2785 3923 eciem
2824 3853 3072 3923 mentis
3102 3875 3311 3946 quam
3351 3852 3680 3925 excellit?
3725 3852 3895 3925 Dico

2250 4035 2257 4041 ,
2341 3961 2485 4030 5155
2512 3957 2937 4053 praejudiciO,
2970 3959 3155 4054 quod
3174 3982 3313 4030 non
3334 3960 3763 4056 significatur
3777 3961 3895 4032 eli·

2343 4088 2478 4159 555
2506 4067 2786 4137 nomine
2814 4065 3002 4160 quod
3031 4067 3130 4138 515
3148 4068 3351 4137 datur
3373 4069 3465 4149 ei,
3498 4069 3630 4139 nisi
3660 4091 3899 4158 secunf

2343 4173 2506 4242 dum
2543 4173 2708 4267 quid
2745 4181 2813 4243 et
2838 4196 2980 4244 non
3008 4175 3326 4267 perfecte.
3361 4173 3447 4244 Et
3476 4174 3564 4245 ad
3604 4173 3740 4247 hoc
3777 4198 3900 4270 po·

2343 4304 2588 4351 namus
2621 4281 2871 4352 simile.
2924 4279 3273 4351 Ponamus
3311 4305 3435 4375 per
3470 4283 3894 4376 impossibile
3977 4312 3988 4322 ·

2345 4366 2645 4483 aliquam
2661 4388 2885 4460 lucem
2903 4410 3053 4459 5555
3073 4388 3438 4476 infinitam,
3458 4390 3573 4460 vel
3594 4390 3891 4463 lineam:

2345 4504 2411 4567 et
2439 4494 2768 4566 circulum
2811 4490 3082 4565 finitum
3133 4497 3470 4590 attingere
3507 4498 3769 4592 51155111
3813 4497 3897 4570 de

2344 4588 2519 4684 1555,
2559 4601 2671 4673 vel
2702 4601 2883 4673 linea
2911 4602 3070 4672 1115.
3102 4611 3171 4674 51
3206 4603 3295 4673 511
3322 4603 3618 4675 51555155
3638 4605 3900 4677 11511555

2345 4712 2666 4781 virtutem
2687 4708 3169 4781 intellectivam
3199 4720 3267 4781 et
3287 4712 3895 4806 interpretativam,

2350 4819 2531 4912 quod
2567 4817 2825 4890 scilicet
2880 4821 3025 4912 ipse
3064 4818 3400 4913 intelligat
3449 4821 3616 4915 quid
3652 4845 3903 4916 appre-

2349 4924 2609 5009 hendit,
2659 4927 2744 4996 ‘et
2799 4926 2973 4997 ’551111
3025 4927 3232 4996 etiam
3288 4926 3405 4997 alii
3459 4927 3898 5020 significare:

2351 5034 2759 5128 significabit
2802 5032 3097 5105 circulus
3133 5034 3204 5104 id
3234 5034 3419 5129 quod
3467 5037 3690 5128 tangit
3755 5059 3901 5109 esse
4009 5039 4013 5042 ’

2352 5142 2623 5237 55111551
2669 5143 2849 5212 15155
2891 5165 2966 5213 55
3021 5151 3090 5212 51
3132 5165 3281 5214 5555
3334 5142 3587 5226 lucem,
3650 5144 3763 5215 vel
3816 5144 3908 5215 li-

2349 5272 2551 5321 neam
2583 5270 2602 5318 2
2642 5248 2762 5319 sed
2786 5271 2930 5320 non
2957 5257 3180 5318 totum
3202 5249 3421 5328 115515,
3450 5250 3564 5320 vel
3601 5250 3773 5323 15515
3795 5253 3907 5322 'in-

2350 5367 2455 5429 tra
2482 5380 2554 5429 se
2593 5358 2949 5444 contineri,
2992 5357 3133 5427 imo
3184 5357 3453 5428 infinita
3508 5381 3656 5429 esse
3715 5347 3905 5430 extra

2349 5472 2574 5561 ipsum
2614 5477 2682 5538 et
2733 5466 2867 5537 hoc
2929 5488 3073 5536 non
3119 5488 3266 5536 esse
3312 5466 3612 5537 divisum
3675 5470 3762 5538 ab
3819 5491 3901 5540 eo

2351 5575 2536 5669 quod
2564 5575 2706 5667 ipse
2733 5572 3184 5667 apprehendit
3215 5595 3232 5642 ε
3278 5572 3462 5644 55115
3492 5573 3906 5667 significabit

2349 5684 2422 5753 id
2450 5682 2634 5777 quod
2657 5681 2907 5775 accipit
2933 5680 3127 5774 quasi
3156 5680 3230 5750 in
3267 5680 3668 5782 universali,
3713 5680 3920 5765 scili--⁸
