4897 6388
719 4442 818 4492 sod
852 4451 1036 4491 eontra.

767 5196 971 5245 Scittio.

1746 422 1868 488 IN
1887 422 1916 487 Ι
1967 388 2420 490 ΞΕΝΤΕΝΤ.Ξ
2444 413 2692 487 Dlsr.
2725 417 2855 499 1x;
2903 391 2955 496 Ϊ,
3011 389 3221 486 ΛΒΤ
3270 413 3352 486 14
3397 420 3510 487 ET
3562 421 3672 489 15.

1090 591 1263 661 sicut
1289 601 1392 661 est
1410 592 1702 661 locutio:
1731 595 1888 683 quia
1908 593 2079 660 sicut
2095 592 2279 682 prius
2301 590 2625 669 diximuS,

1089 700 1234 768 sola
1276 702 1630 768 conversio
1670 701 1915 769 suflicit
1962 701 2390 769 excitationi:
2451 698 2629 766 uude

1088 831 1210 900 per
1261 808 1394 877 hoc
1452 810 1672 898 ipsum
1726 809 1906 900 quod
1986 808 2171 876 videt
2220 830 2374 876 eum
2418 807 2504 874 ad
2558 829 2630 874 se

1087 937 1522 994 conversum,
1556 936 1708 984 cum
1741 924 2026 1007 uterque*
2051 914 2139 983 sit
2176 914 2407 982 lumen
2439 912 2631 981 intel-

1086 1020 1369 1111 ligibile,
1414 1030 1481 1090 et
1525 1021 1840 1090 voluntas
1909 1046 2045 1090 non
2112 1031 2212 1090 est
2278 1021 2624 1100 claudenS,

1088 1125 1578 1198 determinatur
1624 1129 1692 1196 in
1736 1129 1883 1219 ipso
1949 1128 2263 1198 audiente
2327 1118 2626 1220 cognitio

1088 1233 1238 1324 ejus
1283 1233 1368 1304 ad
1423 1237 1555 1305 hoc
1601 1237 1784 1328 quod
1837 1236 1949 1305 ille
2013 1237 2163 1306 vult
2217 1223 2621 1327 exprimere.

1479 1674 1980 1749 ARTICULUS
2031 1676 2240 1748 >ssva

1254 1897 1363 1963 An
1410 1892 1662 1985 Anqeli
1706 1894 1937 1962 omnia
1985 1893 2360 1994 loquantur
2392 1883 2469 1959 ?·'
2542 1879 2547 1894 '

1161 2193 1484 2279 'Secundo
1526 2211 1871 2301 quaeritur,
1927 2206 2175 2277 Utrum
2221 2209 2458 2276 omnia
2511 2207 2621 2277 lo-

1075 2320 1193 2412 qui
1231 2316 1547 2410 possint?

1163 2427 1250 2496 Et
1285 2425 1554 2494 videtur
1584 2425 1766 2517 quod
1795 2443 1936 2493 non
1969 2440 1986 2494 :
2029 2426 2190 2516 quia
2216 2443 2357 2493 uon
2395 2431 2620 2516 potest

1073 2532 1321 2627 aliquis
1359 2532 1735 2625 exprimere
1766 2529 1949 2625 quod
1984 2552 2124 2602 uon
2160 2527 2367 2601 habet
2403 2534 2473 2600 in
2500 2526 2617 2602 co·

1074 2642 1418 2737 gnitione:
1463 2640 1578 2712 sed
1609 2641 2069 2734 contingentia
2108 2663 2148 2709 a
2176 2638 2388 2711 libero
2432 2641 2621 2709 arbi-

1074 2752 1205 2821 trio
1255 2746 1700 2842 dependentia
1763 2769 1902 2817 non
1955 2746 2209 2818 habent
2263 2747 2332 2816 in
2375 2748 2621 2840 cogni-

1074 2860 1259 2928 tione
1284 2909 1300 2925 .
1357 2877 1520 2949 ergo
1541 2854 1654 2924 illa
1684 2877 1823 2924 non
1867 2861 2155 2948 possunt
2208 2856 2613 2947 exprimere.

1071 2967 1300 3035 Pania
1356 2969 1582 3058 ¹patet.
1645 2964 1868 3033 ΜειιιΑ
1929 2961 2255 3056 probatur
2317 2984 2441 3056 per
2483 2961 2615 3033 hoc

1071 3073 1257 3167 quod
1305 3095 1444 3141 non
1511 3081 1929 3163 cognoscunt
1991 3072 2121 3140 nisi
2177 3093 2256 3140 ea
2321 3094 2617 3163 quorum

1069 3183 1326 3252 formas
1398 3184 1803 3272 acceperunt
1874 3178 1944 3248 in
2010 3178 2392 3250 creatione:
2472 3200 2615 3249 non

1071 3276 1299 3360 autem
1343 3297 1506 3357 tunc
1551 3295 1952 3378 acceperunt
1979 3284 2110 3355 nisi
2165 3308 2405 3356 eorum
2463 3307 2615 3380 quae

1070 3391 1445 3465 secundum
1473 3414 1746 3463 cursum
1795 3400 2053 3462 naturae
2093 3393 2440 3473 eveniunt,
2513 3392 2617 3462 si-

1068 3514 1184 3575 cut
1209 3509 1395 3596 patet
1429 3499 1515 3573 ab
1554 3501 1940 3595 Augustino
1999 3521 2205 3594 super
2271 3499 2611 3583 Genesim,

1072 3610 1257 3705 quod
1279 3617 1681 3703 acceperunt
1696 3608 2159 3700 cognitionem
2178 3606 2613 3699 uniuscujus-

1072 3742 1205 3813 que
1235 3718 1328 3787 rei
1370 3716 1606 3787 tiendae
1656 3739 1774 3809 per
1815 3738 1988 3807 opus
2035 3711 2502 3810 dispositionis
2548 3723 2621 3813 et·

1071 3833 1352 3897 ornatus
1380 3834 1448 3895 et
1485 3822 1992 3918 propagationis
2019 3832 2385 3914 antequam
2407 3829 2609 3903 esset,

1073 3939 1141 4005 in
1183 3932 1411 4003 Verbo
1467 3932 1579 4000 vel
1644 3953 1684 3999 a
1755 3926 2026 4000 Verbo:
2086 3950 2250 4022 ergo
2313 3929 2608 4011 videtur,

1074 4042 1259 4137 quod
1305 4039 1389 4113 de
1453 4039 1561 4110 his
1625 4061 1776 4132 quae
1843 4058 2010 4131 pure
2047 4036 2336 4107 subsunt
2394 4035 2612 4107 libero

1072 4151 1378 4230 arbitrio,
1411 4170 1549 4218 non
1606 4146 1855 4216 habent
1893 4153 2299 4237 potestatem
2377 4146 2614 4237 expri-

1071 4256 1326 4325 mendi.

1162 4363 1297 4433 San
1333 4384 1623 4433 comm:
1669 4362 1844 4430 Dicit
1871 4359 2148 4430 Boetius
2186 4360 2370 4452 quod
2409 4361 2615 4452 quid-

1071 4469 1232 4565 quid
1272 4478 1493 4563 potest
1526 4470 1837 4561 'potentia
1892 4466 2192 4549 inferior,
2261 4476 2484 4560 potest
2548 4476 2616 4540 et

1067 4578 1418 4672 superior:
1463 4576 1578 4646 sed
1611 4599 1737 4646 uos
1765 4597 2126 4669 possumus
2154 4575 2340 4668 loqui
2377 4576 2615 4645 omnia

1066 4710 1218 4779 quae
1249 4693 1409 4755 sunt
1440 4686 1508 4753 in
1538 4683 1738 4753 corde
1777 4692 2034 4763 nostro,
2067 4693 2207 4753 tam
2263 4705 2305 4752 a
2370 4692 2614 4753 natura

1066 4819 1274 4889 quam
1304 4818 1344 4863 a
1374 4795 1586 4863 libero
1608 4793 1884 4861 arbitrio
1918 4790 2410 4884 dependentia:
2444 4815 2609 4884 ergo

1067 4916 1133 4975 et
1197 4903 1317 4974 illi.

1156 5120 1463 5190 Somno.
1500 5119 1606 5187 Ad
1645 5119 1774 5187 hoc
1804 5115 2190 5201 dicendum,
2234 5117 2415 5208 quod
2455 5116 2608 5184 An-

1063 5230 1196 5324 geli
1237 5229 1472 5298 omnia
1544 5225 1762 5297 cordis
1805 5227 1905 5295 sui
1964 5234 2283 5317 concepta
2322 5234 2627 5329 possunt·

1062 5340 1462 5431 depromere
1493 5335 1662 5404 sicut
1704 5341 1768 5402 et
1805 5356 1954 5412 ηοε,
1998 5338 2063 5402 et
2101 5331 2232 5402 hoc
2281 5356 2321 5402 a
2366 5341 2610 5404 natura

1060 5446 1339 5524 habent,
1363 5444 1456 5511 ita
1489 5441 1670 5534 quod
1690 5464 1825 5510 non
1849 5441 2150 5534 indigent
2173 5439 2418 5511 verbo:
2445 5443 2610 5535 quia

4171 385 4298 487 293
4390 427 4406 460 ⁴-

2747 610 2885 656 non
2917 557 3353 680 cognoscitur
3381 557 3511 656 nisi
3551 611 3592 657 a
3646 586 3847 664 nobis
3886 597 3952 657 et
3986 585 4171 657 Deo:
4208 589 4301 658 ita

2745 705 2846 764 est
2885 699 2953 765 in
2984 696 3157 767 illis:
3204 698 3323 766 sed
3370 696 3547 767 sicut
3614 695 3682 764 in
3744 695 3943 765 nohis
3991 719 4301 787 pronun-

2743 804 2934 875 tiatio
3003 799 3297 875 ordinat·
3338 811 3757 896 conceptum.
3807 805 3893 873 ad
3967 805 4303 874 naturalia

2743 916 3195 983 iustrumenta
3224 912 3714 1006 pronuntiandi
3783 912 3891 982 vel
3952 914 4296 993 audiendi,

2741 1030 2806 1090 et
2835 1032 3000 1093 tunc
3033 1024 3432 1093 naturaliter
3459 1022 3733 1093 auditur
3766 1020 3989 1092 :itain
4029 1025 4301 1114 Angelis

2740 1132 2908 1202 ordo
2949 1133 3419 1203 conversionis
3451 1130 3533 1201 ad
3559 1133 3772 1200 alium
3804 1152 3959 1201 cnm
3989 1122 4301 1201 volunta-²

2738 1247 2803 1307 te
2856 1240 3282 1331 exprimendi
3344 1229 3603 1310 'causat
3647 1236 3958 1308 auditum
3990 1239 4070 1319 ‘in
4129 1263 4295 1325 un0‚

2738 1351 2805 1414 et
2841 1355 2944 1416 est
2973 1344 3226 1417 locutio
3269 1349 3340 1416 in
3378 1347 3514 1417 alio
3549 1371 3565 1416 :
3602 1355 3669 1416 et
3699 1346 3814 1416 illa
3852 1348 4297 1416 conversione

2735 1464 3105 1546 conceptus
3135 1454 3255 1548 qui
3283 1452 3544 1524 ‘subfuit
3580 1451 3798 1524 libero
3842 1453 4148 1536 arbitrio,
4184 1477 4300 1524 ex-

2733 1561 3026 1632 trahitur
3056 1573 3248 1634 extra
3304 1567 3528 1656 ipsum
3584 1563 3671 1632 ad
3715 1563 4053 1632 naturalia
4121 1587 4298 1655 quo-
4426 1582 4433 1590 ’
4480 1589 4508 1600 ··

2734 1663 3130 1756 dammodo,
3175 1681 3242 1742 et
3270 1678 3436 1741 tuuc
3494 1665 3580 1740 ab
3621 1670 3754 1796 alio
3813 1677 3917 1739 est
3966 1669 4294 1763 intelligi-

2730 1775 2912 1864 bilis,
2946 1788 3023 1849 ut
3054 1778 3326 1856 dictum
3356 1786 3460 1850 est
3482 1777 3729 1872 prius,

2826 1895 2913 1964 Et
2961 1890 3148 1986 quod
3196 1885 3539 2016 objicitur,
3586 1884 3789 1980 quod
3841 1906 3981 1956 non
4037 1885 4291 1957 hahent

2472 2011 2509 2027 ·’
2731 1985 3215 2096 cognitionem
3237 1987 3477 2068 eoru'r'n
3512 2011 3669 2089 ‘quae
3698 2013 3869 2088 pure
3886 1977 4186 2064 subsunt
4214 1992 4292 2063 li·
4302 1995 4307 2010 '

2634 2117 2639 2122 ”
2731 2113 2897 2182 bero
2946 2102 3255 2187 arbitrio,
3300 2123 3559 2174 verum
3578 2105 3717 2172 est
3764 2103 4090 2195 quamdiu
4138 2111 4289 2171 tan-

2727 2229 2875 2289 tum
2917 2220 2988 2288 in
3023 2201 3242 2287 libero
3275 2201 3556 2285 arbitrio
3588 2217 3817 2282 sunt·
3870 2213 3985 2282 sed
4017 2210 4287 2306 quando

2729 2328 3136 2399 ordinantur
3182 2325 3269 2394 ad
3312 2323 3627 2394 ordinem
3685 2295 4283 2415 pronuntiationis,

2717 2435 2864 2524 jam
2894 2441 3056 2502 sunt
3104 2419 3443 2500 naturalia
3477 2449 3493 2496 ε
3534 2426 3698 2520 quia
3724 2427 3901 2495 sicut
3946 2422 4144 2495 nobis
4170 2447 4290 2494 na-

2725 2537 2946 2608 turale
3003 2542 3105 2607 est
3145 2532 3381 2605 audire
3456 2534 3880 2625 loquentem,
3932 2530 4075 2601 sive
4145 2532 4287 2624 ipse

2723 2646 2915 2730 velit,
2949 2645 3094 2716 sive
3134 2666 3273 2714 non
3302 2641 3495 2727 velit,
3524 2638 3903 2711 dummodo
3927 2640 4281 2735 loquatur:

2728 2758 2819 2825 ita
2861 2753 3171 2823 naturale
3210 2761 3313 2822 est
3341 2750 3578 2820 audire
3605 2749 3903 2842 Ange10,
3944 2748 4087 2818 sive
4133 2767 4288 2817 sus-

2724 2866 2951 2956 cipere
3018 2863 3105 2932 ad
3151 2884 3224 2932 se
3279 2882 3688 2931 conversum
3755 2859 3881 2927 sub
3936 2858 4285 2929 voluntate

2725 2970 3181 3066 exprimendi,
3220 2974 3290 3041 et
3328 2966 3850 3040 similitudinem
3895 2969 3987 3038 rei
4027 2967 4111 3037 ad
4142 2990 4284 3037 rem

2724 3075 3248 3149 determinatam
3313 3094 3438 3168 per
3501 3071 3952 3143 intentionem
4015 3072 4287 3142 innote-

2723 3184 2956 3256 scendi
3014 3206 3156 3255 rem
3211 3178 3401 3252 illam
3439 3180 3633 3251 alteri
3695 3202 3713 3250 :
3766 3184 3836 3253 et
3899 3176 4033 3249 hoc
4083 3185 4287 3250 vocat

2723 3293 3020 3364 Basilius
3049 3300 3280 3362 motus
3320 3290 3795 3373 intentionum*
3829 3287 4294 3381 quibusinno·

2721 3411 3135 3472 tesceremus
3186 3397 3510 3480 invicem,
3561 3396 3619 3467 si
3658 3403 3925 3467 tantum
3975 3393 4156 3465 nuda
4220 3403 4286 3466 et

2722 3512 2975 3580 intecta
2999 3509 3232 3579 anima
3258 3508 3672 3579 viveremus.

3138 3938 3649 4012 ARTICULUS
3699 3937 3857 4015 XV.

2718 4165 2827 4231 An
2868 4158 3125 4254 Anqeli
3164 4180 3397 4228 omnes
3451 4157 3772 4229 omnibus
3834 4158 3945 4231 vel
3991 4161 4276 4253 quidam

2806 4267 3224 4362 quibusdam
3302 4268 3704 4360 loquantur,
3769 4277 3836 4337 et
3898 4279 4131 4337 ulrum
4179 4267 4281 4337 da·-

2805 4377 3070 4447 stantia
3093 4385 3318 4469 potest
3347 4376 3445 4445 eis
3468 4379 3697 4468 lacere
3737 4373 4027 4469 loquele
4063 4379 4278 4471 impe-

2808 4487 3191 4556 dimentum
3226 4486 3410 4556 sicut
3455 4484 3652 4577 apud
3692 4486 3882 4555 nos?

2803 4802 3033 4871 Tertio
3064 4802 3421 4893 quaeritur,
3460 4800 3699 4870 Utrum
3741 4823 3982 4873 omnes
4045 4810 4272 4877 omni-

2717 4911 2843 4978 bus
2870 4908 2983 4980 vel
3012 4908 3425 5002 quibusdam
3467 4905 3840 5000 loquantur
3857 4912 3894 4979 ¹?

2807 5017 2869 5082 1.
2895 5012 3189 5083 Videtur
3208 5020 3464 5092 autem,
3489 5010 3673 5104 quod
3695 5022 3962 5084 tantum
3993 5018 4268 5108 quidam

2713 5120 3124 5213 quibusdam
3188 5139 3315 5212 per
3397 5117 3713 5188 Glossam
3770 5142 3977 5213 super
4054 5127 4260 5196 verba

2710 5225 3054 5320 Apostoli,
3095 5225 3126 5294 1
3165 5225 3252 5295 ad
3281 5224 3593 5297 Corinth.
3618 5249 3767 5308 xiii,
3807 5230 3870 5312 1,
3903 5250 4053 5321 quae
4078 5231 4263 5321 dicit,

2712 5334 2899 5428 quod
2974 5337 3367 5428 superiores
3437 5332 3874 5405 interioribus
3939 5340 4125 5430 quod
4179 5343 4262 5413 de

2712 5444 2838 5513 Dei
2912 5443 3271 5512 voluntate
3328 5440 3835 5526 intellexerunt,
3876 5445 4261 5538 significant

1060 5554 1267 5625 etiam
1299 5550 1641 5619 daemones
1681 5550 1771 5617 ita
1826 5548 2221 5640 loquuntur.
2275 5547 2468 5619 Sicut
2533 5552 2605 5618 in
2708 5551 2989 5620 nutibus
3018 5559 3084 5618 et
3114 5550 3355 5642 signis,
3390 5571 3542 5641 quae
3582 5551 3844 5641 linquae
3905 5567 4256 5630 vocantur.

1060 5661 1261 5733 nobis
1291 5666 1415 5738 est,
1441 5655 1763 5749 quamdiu
1805 5665 1904 5725 est
1943 5665 2306 5748 conceptus
2353 5660 2604 5727 mentis

2796 5661 2860 5728 2.
2902 5658 3262 5753 Praeterea,
3304 5656 3525 5747 Loqui
3589 5665 3693 5726 est
3746 5658 4128 5734 illuminare
4177 5667 4257 5738 de

1063 5774 1134 5840 in
1164 5769 1311 5838 sola
1348 5775 1677 5860 potestate
1703 5764 1893 5835 liberi
1917 5765 2199 5845 arbitrii,
2231 5765 2415 5857 quod
2438 5773 2602 5837 tuuc
2704 5775 3037 5858 conceptu
3076 5763 3343 5835 cordis:
3385 5784 3544 5835 cum
3583 5786 3747 5857 ergo
3804 5766 4256 5843 illuminatio-
