<?xml version="1.0" encoding="UTF-8"?>
<!DOCTYPE html PUBLIC "-//W3C//DTD XHTML 1.0 Transitional//EN"
    "http://www.w3.org/TR/xhtml1/DTD/xhtml1-transitional.dtd">
<html xmlns="http://www.w3.org/1999/xhtml" xml:lang="en" lang="en">
 <head>
  <title>
</title>
<meta http-equiv="Content-Type" content="text/html;charset=utf-8" />
  <meta name='ocr-system' content='tesseract 3.04.00' />
  <meta name='ocr-capabilities' content='ocr_page ocr_carea ocr_par ocr_line ocrx_word'/>
</head>
<body>
  <div class='ocr_page' id='page_1' title='image "balbertimagnira03chgoog_0379.png"; bbox 0 0 4897 6388; ppageno 0'>
   <div class='ocr_carea' id='block_1_1' title="bbox 1997 305 4309 418">
    <p class='ocr_par' dir='ltr' id='par_1_1' title="bbox 1997 305 4309 418">
     <span class='ocr_line' id='line_1_1' title="bbox 1997 305 4309 418; baseline 0.001 -45"><span class='ocrx_word' id='word_1_1' title='bbox 1997 308 2088 374; x_wconf 88' lang='lat' dir='ltr'><strong>IN</strong></span> <span class='ocrx_word' id='word_1_2' title='bbox 2136 308 2164 375; x_wconf 97' lang='lat' dir='ltr'>I</span> <span class='ocrx_word' id='word_1_3' title='bbox 2215 305 2638 376; x_wconf 75' lang='lat' dir='ltr'><strong>SENTENT.</strong></span> <span class='ocrx_word' id='word_1_4' title='bbox 2692 306 3125 418; x_wconf 47' lang='lat' dir='ltr'><strong>DIST3X11,</strong></span> <span class='ocrx_word' id='word_1_5' title='bbox 3178 311 3264 387; x_wconf 82' lang='lat' dir='ltr'><strong>A,</strong></span> <span class='ocrx_word' id='word_1_6' title='bbox 3317 310 3397 376; x_wconf 91' lang='lat' dir='ltr'><strong>B.</strong></span> <span class='ocrx_word' id='word_1_7' title='bbox 3986 374 4017 393; x_wconf 32' lang='grc' dir='ltr'><em>β</em></span> <span class='ocrx_word' id='word_1_8' title='bbox 4179 307 4309 376; x_wconf 82' lang='lat'><strong>353</strong></span> 
     </span>
    </p>
   </div>
   <div class='ocr_carea' id='block_1_2' title="bbox 2191 972 3176 1069">
    <p class='ocr_par' dir='ltr' id='par_1_2' title="bbox 2191 972 3176 1069">
     <span class='ocr_line' id='line_1_2' title="bbox 2191 972 3176 1069; baseline -0.001 -1"><span class='ocrx_word' id='word_1_9' title='bbox 2191 972 2897 1069; x_wconf 86' lang='lat' dir='ltr'><strong>DISTINCTIO</strong></span> <span class='ocrx_word' id='word_1_10' title='bbox 2970 973 3176 1067; x_wconf 87' lang='lat' dir='ltr'><strong>XII.</strong></span> 
     </span>
    </p>
   </div>
   <div class='ocr_carea' id='block_1_3' title="bbox 1259 1360 4160 1571">
    <p class='ocr_par' dir='ltr' id='par_1_3' title="bbox 1259 1360 4160 1571">
     <span class='ocr_line' id='line_1_3' title="bbox 1259 1360 4160 1463; baseline -0.001 -24"><span class='ocrx_word' id='word_1_11' title='bbox 1259 1366 1348 1439; x_wconf 83' lang='lat' dir='ltr'><strong>A.</strong></span> <span class='ocrx_word' id='word_1_12' title='bbox 1396 1365 1670 1441; x_wconf 80' lang='lat' dir='ltr'><em>Utrum</em></span> <span class='ocrx_word' id='word_1_13' title='bbox 1715 1364 2060 1463; x_wconf 74' lang='lat' dir='ltr'><em>Spiritus</em></span> <span class='ocrx_word' id='word_1_14' title='bbox 2094 1368 2402 1438; x_wconf 77' lang='lat' dir='ltr'><strong>sanctus</strong></span> <span class='ocrx_word' id='word_1_15' title='bbox 2441 1362 2665 1461; x_wconf 78' lang='lat' dir='ltr'><strong>prius</strong></span> <span class='ocrx_word' id='word_1_16' title='bbox 2702 1360 2831 1436; x_wconf 85' lang='lat' dir='ltr'><strong>vel</strong></span> <span class='ocrx_word' id='word_1_17' title='bbox 2849 1360 3164 1460; x_wconf 78' lang='lat' dir='ltr'><em>plenius</em></span> <span class='ocrx_word' id='word_1_18' title='bbox 3182 1361 3557 1459; x_wconf 78' lang='lat' dir='ltr'><strong>procedat</strong></span> <span class='ocrx_word' id='word_1_19' title='bbox 3583 1362 3889 1439; x_wconf 80' lang='lat' dir='ltr'><strong>aPacre</strong></span> <span class='ocrx_word' id='word_1_20' title='bbox 3928 1387 4160 1462; x_wconf 80' lang='lat' dir='ltr'><strong>quam</strong></span> 
     </span>
     <span class='ocr_line' id='line_1_4' title="bbox 2389 1493 3250 1571; baseline -0.003 0"><span class='ocrx_word' id='word_1_21' title='bbox 2389 1535 2392 1536; x_wconf 31' lang='lat' dir='ltr'><strong><em>f</em></strong></span> <span class='ocrx_word' id='word_1_22' title='bbox 2496 1494 2571 1571; x_wconf 78' lang='lat' dir='ltr'><strong>&#39;a</strong></span> <span class='ocrx_word' id='word_1_23' title='bbox 2615 1495 2820 1570; x_wconf 84' lang='lat' dir='ltr'><em>Filio</em></span> <span class='ocrx_word' id='word_1_24' title='bbox 2858 1501 2891 1568; x_wconf 83' lang='lat'><strong>?</strong></span> <span class='ocrx_word' id='word_1_25' title='bbox 3240 1493 3250 1503; x_wconf 87' lang='lat'>&#39;</span> 
     </span>
    </p>
   </div>
   <div class='ocr_carea' id='block_1_4' title="bbox 1089 1918 4310 2858">
    <p class='ocr_par' dir='ltr' id='par_1_4' title="bbox 1089 1918 4310 2858">
     <span class='ocr_line' id='line_1_5' title="bbox 1204 1918 4305 2043; baseline -0.001 -24"><span class='ocrx_word' id='word_1_26' title='bbox 1204 1947 1390 2022; x_wconf 85' lang='lat' dir='ltr'><strong>ltem</strong></span> <span class='ocrx_word' id='word_1_27' title='bbox 1428 1944 1836 2043; x_wconf 81' lang='lat' dir='ltr'><strong>quaeritur,</strong></span> <span class='ocrx_word' id='word_1_28' title='bbox 1880 1944 2070 2017; x_wconf 88' lang='lat' dir='ltr'><strong>Cum</strong></span> <span class='ocrx_word' id='word_1_29' title='bbox 2112 1918 2443 2040; x_wconf 88' lang='lat' dir='ltr'><strong>Spiritus</strong></span> <span class='ocrx_word' id='word_1_30' title='bbox 2483 1951 2796 2017; x_wconf 90' lang='lat' dir='ltr'><strong>sanctus</strong></span> <span class='ocrx_word' id='word_1_31' title='bbox 2826 1963 2873 2015; x_wconf 91' lang='lat' dir='ltr'><strong>a</strong></span> <span class='ocrx_word' id='word_1_32' title='bbox 2913 1941 3137 2016; x_wconf 87' lang='lat' dir='ltr'><strong>Patre</strong></span> <span class='ocrx_word' id='word_1_33' title='bbox 3168 1941 3531 2040; x_wconf 88' lang='lat' dir='ltr'><strong>procedat</strong></span> <span class='ocrx_word' id='word_1_34' title='bbox 3562 1952 3638 2017; x_wconf 89' lang='lat' dir='ltr'><strong>et</strong></span> <span class='ocrx_word' id='word_1_35' title='bbox 3667 1965 3715 2017; x_wconf 92' lang='lat' dir='ltr'><strong>a</strong></span> <span class='ocrx_word' id='word_1_36' title='bbox 3778 1941 3998 2037; x_wconf 90' lang='lat' dir='ltr'><strong>Filio,</strong></span> <span class='ocrx_word' id='word_1_37' title='bbox 4047 1953 4305 2018; x_wconf 90' lang='lat' dir='ltr'><strong>utrum</strong></span> 
     </span>
     <span class='ocr_line' id='line_1_6' title="bbox 1100 2074 4309 2179; baseline 0 -26"><span class='ocrx_word' id='word_1_38' title='bbox 1100 2079 1318 2179; x_wconf 93' lang='lat' dir='ltr'><strong>prius</strong></span> <span class='ocrx_word' id='word_1_39' title='bbox 1360 2080 1484 2155; x_wconf 88' lang='lat' dir='ltr'><strong>vel</strong></span> <span class='ocrx_word' id='word_1_40' title='bbox 1519 2077 1765 2176; x_wconf 85' lang='lat' dir='ltr'><strong>magis</strong></span> <span class='ocrx_word' id='word_1_41' title='bbox 1796 2074 2253 2177; x_wconf 91' lang='lat' dir='ltr'><strong>processerit</strong></span> <span class='ocrx_word' id='word_1_42' title='bbox 2283 2099 2330 2150; x_wconf 93' lang='lat' dir='ltr'><strong>a</strong></span> <span class='ocrx_word' id='word_1_43' title='bbox 2358 2075 2582 2151; x_wconf 88' lang='lat' dir='ltr'><strong>Patre</strong></span> <span class='ocrx_word' id='word_1_44' title='bbox 2622 2098 2856 2174; x_wconf 88' lang='lat' dir='ltr'><strong>quam</strong></span> <span class='ocrx_word' id='word_1_45' title='bbox 2898 2099 2946 2151; x_wconf 91' lang='lat' dir='ltr'><strong>a</strong></span> <span class='ocrx_word' id='word_1_46' title='bbox 2983 2074 3175 2151; x_wconf 89' lang='lat' dir='ltr'><strong>Filio</strong></span> <span class='ocrx_word' id='word_1_47' title='bbox 3221 2098 3236 2150; x_wconf 93' lang='lat'><strong>:</strong></span> <span class='ocrx_word' id='word_1_48' title='bbox 3283 2075 3491 2175; x_wconf 89' lang='lat' dir='ltr'><strong>quod</strong></span> <span class='ocrx_word' id='word_1_49' title='bbox 3559 2075 3833 2151; x_wconf 89' lang='lat' dir='ltr'><strong>nititur</strong></span> <span class='ocrx_word' id='word_1_50' title='bbox 3893 2077 4309 2155; x_wconf 79' lang='lat' dir='ltr'><strong>hoereticus</strong></span> 
     </span>
     <span class='ocr_line' id='line_1_7' title="bbox 1094 2210 4307 2315; baseline 0 -24"><span class='ocrx_word' id='word_1_51' title='bbox 1094 2216 1533 2310; x_wconf 83' lang='lat' dir='ltr'><strong>ostendere,</strong></span> <span class='ocrx_word' id='word_1_52' title='bbox 1562 2214 1666 2290; x_wconf 90' lang='lat' dir='ltr'><strong>ita</strong></span> <span class='ocrx_word' id='word_1_53' title='bbox 1704 2213 2010 2289; x_wconf 90' lang='lat' dir='ltr'><strong>dicens:</strong></span> <span class='ocrx_word' id='word_1_54' title='bbox 2056 2211 2135 2287; x_wconf 93' lang='lat' dir='ltr'><strong>Si</strong></span> <span class='ocrx_word' id='word_1_55' title='bbox 2175 2210 2549 2311; x_wconf 89' lang='lat' dir='ltr'><strong>processit</strong></span> <span class='ocrx_word' id='word_1_56' title='bbox 2588 2211 2853 2310; x_wconf 89' lang='lat' dir='ltr'><strong>utique</strong></span> <span class='ocrx_word' id='word_1_57' title='bbox 2885 2212 3219 2312; x_wconf 81' lang='lat' dir='ltr'><strong>Spiritus</strong></span> <span class='ocrx_word' id='word_1_58' title='bbox 3259 2224 3572 2288; x_wconf 89' lang='lat' dir='ltr'><strong>sanctus</strong></span> <span class='ocrx_word' id='word_1_59' title='bbox 3612 2236 3659 2288; x_wconf 91' lang='lat' dir='ltr'><strong>a</strong></span> <span class='ocrx_word' id='word_1_60' title='bbox 3698 2213 3952 2306; x_wconf 84' lang='lat' dir='ltr'><strong>Patre,</strong></span> <span class='ocrx_word' id='word_1_61' title='bbox 3989 2239 4307 2315; x_wconf 91' lang='lat' dir='ltr'><strong>proces-</strong></span> 
     </span>
     <span class='ocr_line' id='line_1_8' title="bbox 1091 2350 4304 2451; baseline 0 -22"><span class='ocrx_word' id='word_1_62' title='bbox 1091 2353 1189 2429; x_wconf 92' lang='lat' dir='ltr'><strong>sit</strong></span> <span class='ocrx_word' id='word_1_63' title='bbox 1216 2352 1489 2451; x_wconf 88' lang='lat' dir='ltr'><strong>utique</strong></span> <span class='ocrx_word' id='word_1_64' title='bbox 1531 2361 1663 2427; x_wconf 84' lang='lat' dir='ltr'><strong>aut</strong></span> <span class='ocrx_word' id='word_1_65' title='bbox 1697 2360 1875 2427; x_wconf 90' lang='lat' dir='ltr'><strong>nato</strong></span> <span class='ocrx_word' id='word_1_66' title='bbox 1906 2350 2066 2449; x_wconf 89' lang='lat' dir='ltr'><strong>jam</strong></span> <span class='ocrx_word' id='word_1_67' title='bbox 2109 2350 2328 2444; x_wconf 91' lang='lat' dir='ltr'><strong>Filio,</strong></span> <span class='ocrx_word' id='word_1_68' title='bbox 2372 2358 2503 2426; x_wconf 85' lang='lat' dir='ltr'><strong>aut</strong></span> <span class='ocrx_word' id='word_1_69' title='bbox 2561 2373 2716 2425; x_wconf 90' lang='lat' dir='ltr'><strong>non</strong></span> <span class='ocrx_word' id='word_1_70' title='bbox 2749 2359 2931 2426; x_wconf 88' lang='lat' dir='ltr'><strong>nato</strong></span> <span class='ocrx_word' id='word_1_71' title='bbox 2973 2350 3192 2428; x_wconf 86' lang='lat' dir='ltr'><strong>Filio.</strong></span> <span class='ocrx_word' id='word_1_72' title='bbox 3239 2350 3317 2426; x_wconf 93' lang='lat' dir='ltr'><strong>Si</strong></span> <span class='ocrx_word' id='word_1_73' title='bbox 3379 2376 3566 2427; x_wconf 84' lang='lat' dir='ltr'><strong>vero</strong></span> <span class='ocrx_word' id='word_1_74' title='bbox 3615 2352 3777 2450; x_wconf 89' lang='lat' dir='ltr'><strong>jam</strong></span> <span class='ocrx_word' id='word_1_75' title='bbox 3855 2363 4036 2428; x_wconf 89' lang='lat' dir='ltr'><strong>nato</strong></span> <span class='ocrx_word' id='word_1_76' title='bbox 4109 2353 4304 2429; x_wconf 89' lang='lat' dir='ltr'><strong>Filio</strong></span> 
     </span>
     <span class='ocr_line' id='line_1_9' title="bbox 1098 2485 4310 2588; baseline 0.001 -27"><span class='ocrx_word' id='word_1_77' title='bbox 1098 2487 1506 2587; x_wconf 87' lang='lat' dir='ltr'><strong>processit,</strong></span> <span class='ocrx_word' id='word_1_78' title='bbox 1544 2496 1721 2562; x_wconf 87' lang='lat' dir='ltr'><strong>ante</strong></span> <span class='ocrx_word' id='word_1_79' title='bbox 1761 2494 1989 2562; x_wconf 90' lang='lat' dir='ltr'><strong>natus</strong></span> <span class='ocrx_word' id='word_1_80' title='bbox 2027 2497 2143 2562; x_wconf 90' lang='lat' dir='ltr'><strong>est</strong></span> <span class='ocrx_word' id='word_1_81' title='bbox 2170 2485 2409 2561; x_wconf 85' lang='lat' dir='ltr'><strong>Filius</strong></span> <span class='ocrx_word' id='word_1_82' title='bbox 2446 2508 2676 2584; x_wconf 88' lang='lat' dir='ltr'><strong>quam</strong></span> <span class='ocrx_word' id='word_1_83' title='bbox 2712 2485 3175 2584; x_wconf 88' lang='lat' dir='ltr'><strong>processerit</strong></span> <span class='ocrx_word' id='word_1_84' title='bbox 3212 2486 3547 2586; x_wconf 79' lang='lat' dir='ltr'><strong>Spiritus</strong></span> <span class='ocrx_word' id='word_1_85' title='bbox 3572 2497 3888 2564; x_wconf 91' lang='lat' dir='ltr'><strong>sanctus</strong></span> <span class='ocrx_word' id='word_1_86' title='bbox 3933 2513 3950 2564; x_wconf 73' lang='grc' dir='ltr'>ε</span> <span class='ocrx_word' id='word_1_87' title='bbox 3985 2512 4310 2588; x_wconf 78' lang='lat' dir='ltr'><strong>praeces·</strong></span> 
     </span>
     <span class='ocr_line' id='line_1_10' title="bbox 1089 2620 4310 2725; baseline 0 -25"><span class='ocrx_word' id='word_1_88' title='bbox 1089 2622 1193 2700; x_wconf 89' lang='lat' dir='ltr'><strong>sit</strong></span> <span class='ocrx_word' id='word_1_89' title='bbox 1231 2646 1419 2722; x_wconf 83' lang='lat' dir='ltr'><strong>ergo</strong></span> <span class='ocrx_word' id='word_1_90' title='bbox 1453 2622 1813 2698; x_wconf 78' lang='lat' dir='ltr'><strong>nativitas</strong></span> <span class='ocrx_word' id='word_1_91' title='bbox 1843 2620 2011 2696; x_wconf 88' lang='lat' dir='ltr'><strong>Filii</strong></span> <span class='ocrx_word' id='word_1_92' title='bbox 2038 2621 2607 2722; x_wconf 87' lang='lat' dir='ltr'><strong>processionem</strong></span> <span class='ocrx_word' id='word_1_93' title='bbox 2651 2620 2984 2721; x_wconf 83' lang='lat' dir='ltr'><em>Spiritus</em></span> <span class='ocrx_word' id='word_1_94' title='bbox 3041 2621 3311 2699; x_wconf 89' lang='lat' dir='ltr'><strong>sancti.</strong></span> <span class='ocrx_word' id='word_1_95' title='bbox 3377 2623 3457 2700; x_wconf 92' lang='lat' dir='ltr'><strong>Si</strong></span> <span class='ocrx_word' id='word_1_96' title='bbox 3511 2633 3771 2702; x_wconf 87' lang='lat' dir='ltr'><strong>autem</strong></span> <span class='ocrx_word' id='word_1_97' title='bbox 3851 2623 4225 2725; x_wconf 87' lang='lat' dir='ltr'><strong>processit</strong></span> <span class='ocrx_word' id='word_1_98' title='bbox 4262 2648 4310 2700; x_wconf 92' lang='lat' dir='ltr'><strong>a</strong></span> 
     </span>
     <span class='ocr_line' id='line_1_11' title="bbox 1099 2756 3903 2858; baseline 0.001 -25"><span class='ocrx_word' id='word_1_99' title='bbox 1099 2759 1332 2836; x_wconf 89' lang='lat' dir='ltr'><strong>Patre</strong></span> <span class='ocrx_word' id='word_1_100' title='bbox 1374 2783 1531 2834; x_wconf 88' lang='lat' dir='ltr'><strong>non</strong></span> <span class='ocrx_word' id='word_1_101' title='bbox 1586 2759 1849 2858; x_wconf 85' lang='lat' dir='ltr'><strong>genito</strong></span> <span class='ocrx_word' id='word_1_102' title='bbox 1889 2758 2107 2848; x_wconf 87' lang='lat' dir='ltr'><strong>Filio,</strong></span> <span class='ocrx_word' id='word_1_103' title='bbox 2146 2767 2322 2835; x_wconf 90' lang='lat' dir='ltr'><strong>ante</strong></span> <span class='ocrx_word' id='word_1_104' title='bbox 2361 2756 2732 2857; x_wconf 88' lang='lat' dir='ltr'><strong>processit</strong></span> <span class='ocrx_word' id='word_1_105' title='bbox 2762 2781 2993 2857; x_wconf 89' lang='lat' dir='ltr'><strong>quam</strong></span> <span class='ocrx_word' id='word_1_106' title='bbox 3025 2757 3265 2834; x_wconf 88' lang='lat' dir='ltr'><strong>Filius</strong></span> <span class='ocrx_word' id='word_1_107' title='bbox 3303 2758 3613 2857; x_wconf 84' lang='lat' dir='ltr'><strong>genitus</strong></span> <span class='ocrx_word' id='word_1_108' title='bbox 3649 2759 3903 2837; x_wconf 80' lang='lat' dir='ltr'><strong>suerit.</strong></span> 
     </span>
    </p>
   </div>
   <div class='ocr_carea' id='block_1_5' title="bbox 1196 3300 4202 3541">
    <p class='ocr_par' dir='ltr' id='par_1_5' title="bbox 1196 3300 4202 3541">
     <span class='ocr_line' id='line_1_12' title="bbox 1196 3300 4202 3411; baseline -0.002 -22"><span class='ocrx_word' id='word_1_109' title='bbox 1196 3314 1286 3389; x_wconf 86' lang='lat' dir='ltr'><strong>B.</strong></span> <span class='ocrx_word' id='word_1_110' title='bbox 1333 3309 1761 3411; x_wconf 80' lang='lat' dir='ltr'><strong>Responsio</strong></span> <span class='ocrx_word' id='word_1_111' title='bbox 1788 3306 2210 3405; x_wconf 72' lang='lat' dir='ltr'><strong>Auyustini</strong></span> <span class='ocrx_word' id='word_1_112' title='bbox 2234 3304 2446 3382; x_wconf 79' lang='lat' dir='ltr'><strong>adid</strong></span> <span class='ocrx_word' id='word_1_113' title='bbox 2469 3303 2676 3405; x_wconf 78' lang='lat' dir='ltr'><strong>quod</strong></span> <span class='ocrx_word' id='word_1_114' title='bbox 2694 3304 2958 3404; x_wconf 80' lang='lat' dir='ltr'><strong>primo</strong></span> <span class='ocrx_word' id='word_1_115' title='bbox 2989 3300 3502 3402; x_wconf 74' lang='lat' dir='ltr'><strong>quaerebalm,</strong></span> <span class='ocrx_word' id='word_1_116' title='bbox 3533 3301 3829 3379; x_wconf 77' lang='lat' dir='ltr'><strong>scilicet</strong></span> <span class='ocrx_word' id='word_1_117' title='bbox 3855 3328 3953 3380; x_wconf 84' lang='grc' dir='ltr'><strong>αη</strong></span> <span class='ocrx_word' id='word_1_118' title='bbox 3974 3306 4202 3404; x_wconf 76' lang='lat' dir='ltr'><strong>prius</strong></span> 
     </span>
     <span class='ocr_line' id='line_1_13' title="bbox 1981 3438 3410 3541; baseline -0.003 -23"><span class='ocrx_word' id='word_1_119' title='bbox 1981 3467 2028 3518; x_wconf 89' lang='grc' dir='ltr'><em>α</em></span> <span class='ocrx_word' id='word_1_120' title='bbox 2063 3441 2303 3518; x_wconf 81' lang='lat' dir='ltr'><strong>Patre</strong></span> <span class='ocrx_word' id='word_1_121' title='bbox 2341 3465 2569 3541; x_wconf 80' lang='lat' dir='ltr'><strong>quam</strong></span> <span class='ocrx_word' id='word_1_122' title='bbox 2610 3464 2657 3515; x_wconf 89' lang='grc' dir='ltr'><em>α</em></span> <span class='ocrx_word' id='word_1_123' title='bbox 2692 3438 2904 3515; x_wconf 79' lang='lat' dir='ltr'><em>Filio</em></span> <span class='ocrx_word' id='word_1_124' title='bbox 2923 3438 3410 3538; x_wconf 70' lang='lat' dir='ltr'><strong>processerit.</strong></span> 
     </span>
    </p>
   </div>
   <div class='ocr_carea' id='block_1_6' title="bbox 1061 3800 4292 5399">
    <p class='ocr_par' dir='ltr' id='par_1_6' title="bbox 1061 3800 4292 5399">
     <span class='ocr_line' id='line_1_14' title="bbox 1178 3800 4291 3905; baseline -0.002 -22"><span class='ocrx_word' id='word_1_125' title='bbox 1178 3807 1317 3882; x_wconf 85' lang='lat' dir='ltr'><strong>His</strong></span> <span class='ocrx_word' id='word_1_126' title='bbox 1357 3816 1434 3882; x_wconf 89' lang='lat' dir='ltr'><strong>et</strong></span> <span class='ocrx_word' id='word_1_127' title='bbox 1471 3804 1850 3905; x_wconf 88' lang='lat' dir='ltr'><strong>ejusmodi</strong></span> <span class='ocrx_word' id='word_1_128' title='bbox 1892 3802 2452 3903; x_wconf 80' lang='lat' dir='ltr'><strong>quaestionibus</strong></span> <span class='ocrx_word' id='word_1_129' title='bbox 2494 3800 2738 3899; x_wconf 83' lang='lat' dir='ltr'><strong>magis</strong></span> <span class='ocrx_word' id='word_1_130' title='bbox 2776 3800 3186 3877; x_wconf 78' lang='lat' dir='ltr'><strong>laboriosis</strong></span> <span class='ocrx_word' id='word_1_131' title='bbox 3226 3825 3463 3901; x_wconf 82' lang='lat' dir='ltr'><strong>quani</strong></span> <span class='ocrx_word' id='word_1_132' title='bbox 3504 3803 3920 3880; x_wconf 77' lang='lat' dir='ltr'><strong>fructuosis</strong></span> <span class='ocrx_word' id='word_1_133' title='bbox 3967 3827 4291 3904; x_wconf 91' lang='lat' dir='ltr'><strong>respon·-</strong></span> 
     </span>
     <span class='ocr_line' id='line_1_15' title="bbox 1078 3934 4288 4039; baseline 0 -24"><span class='ocrx_word' id='word_1_134' title='bbox 1078 3941 1208 4018; x_wconf 89' lang='lat' dir='ltr'><strong>det</strong></span> <span class='ocrx_word' id='word_1_135' title='bbox 1244 3940 1727 4039; x_wconf 81' lang='lat' dir='ltr'><strong>Augustinus</strong></span> <span class='ocrx_word' id='word_1_136' title='bbox 1768 3939 1844 4013; x_wconf 93' lang='lat' dir='ltr'><strong>in</strong></span> <span class='ocrx_word' id='word_1_137' title='bbox 1880 3938 2072 4014; x_wconf 85' lang='lat' dir='ltr'><strong>libro</strong></span> <span class='ocrx_word' id='word_1_138' title='bbox 2110 3936 2247 4012; x_wconf 82' lang='lat' dir='ltr'><strong>XV</strong></span> <span class='ocrx_word' id='word_1_139' title='bbox 2276 3936 2370 4012; x_wconf 89' lang='lat' dir='ltr'><strong>de</strong></span> <span class='ocrx_word' id='word_1_140' title='bbox 2417 3934 2818 4030; x_wconf 78' lang='lat' dir='ltr'><strong>Trinitate,</strong></span> <span class='ocrx_word' id='word_1_141' title='bbox 2863 3935 3130 4012; x_wconf 88' lang='lat' dir='ltr'><strong>dicens</strong></span> <span class='ocrx_word' id='word_1_142' title='bbox 3171 3961 3189 4012; x_wconf 89' lang='lat'><strong>:</strong></span> <span class='ocrx_word' id='word_1_143' title='bbox 3232 3937 3315 4012; x_wconf 91' lang='lat' dir='ltr'><strong>In</strong></span> <span class='ocrx_word' id='word_1_144' title='bbox 3374 3937 3506 4012; x_wconf 85' lang='lat' dir='ltr'><strong>illa</strong></span> <span class='ocrx_word' id='word_1_145' title='bbox 3545 3963 3851 4015; x_wconf 88' lang='lat' dir='ltr'><strong>summa</strong></span> <span class='ocrx_word' id='word_1_146' title='bbox 3922 3937 4288 4016; x_wconf 86' lang='lat' dir='ltr'><strong>Trinitate</strong></span> 
     </span>
     <span class='ocr_line' id='line_1_16' title="bbox 1077 4071 4292 4177; baseline -0.001 -24"><span class='ocrx_word' id='word_1_147' title='bbox 1077 4100 1256 4177; x_wconf 68' lang='lat' dir='ltr'><strong>qua}</strong></span> <span class='ocrx_word' id='word_1_148' title='bbox 1296 4077 1508 4153; x_wconf 89' lang='lat' dir='ltr'><strong>Deus</strong></span> <span class='ocrx_word' id='word_1_149' title='bbox 1547 4086 1689 4171; x_wconf 88' lang='lat' dir='ltr'><strong>est,</strong></span> <span class='ocrx_word' id='word_1_150' title='bbox 1726 4075 2126 4151; x_wconf 82' lang='lat' dir='ltr'><strong>intervalla</strong></span> <span class='ocrx_word' id='word_1_151' title='bbox 2164 4082 2595 4171; x_wconf 88' lang='lat' dir='ltr'><strong>temporum</strong></span> <span class='ocrx_word' id='word_1_152' title='bbox 2640 4071 2858 4147; x_wconf 83' lang='lat' dir='ltr'><strong>nulla</strong></span> <span class='ocrx_word' id='word_1_153' title='bbox 2914 4081 3098 4148; x_wconf 88' lang='lat' dir='ltr'><strong>sunt</strong></span> <span class='ocrx_word' id='word_1_154' title='bbox 3136 4095 3274 4171; x_wconf 89' lang='lat' dir='ltr'><strong>per</strong></span> <span class='ocrx_word' id='word_1_155' title='bbox 3303 4095 3482 4171; x_wconf 57' lang='lat' dir='ltr'><strong>quic</strong></span> <span class='ocrx_word' id='word_1_156' title='bbox 3514 4084 3776 4173; x_wconf 88' lang='lat' dir='ltr'><strong>posset</strong></span> <span class='ocrx_word' id='word_1_157' title='bbox 3813 4074 4111 4151; x_wconf 88' lang='lat' dir='ltr'><strong>ostendi</strong></span> <span class='ocrx_word' id='word_1_158' title='bbox 4153 4086 4292 4151; x_wconf 90' lang='lat' dir='ltr'><strong>aut</strong></span> 
     </span>
     <span class='ocr_line' id='line_1_17' title="bbox 1072 4205 4286 4311; baseline -0.001 -22"><span class='ocrx_word' id='word_1_159' title='bbox 1072 4214 1345 4289; x_wconf 86' lang='lat' dir='ltr'><strong>saltem</strong></span> <span class='ocrx_word' id='word_1_160' title='bbox 1381 4211 1696 4311; x_wconf 85' lang='lat' dir='ltr'><strong>requiri,</strong></span> <span class='ocrx_word' id='word_1_161' title='bbox 1743 4220 1997 4286; x_wconf 88' lang='lat' dir='ltr'><strong>utrum</strong></span> <span class='ocrx_word' id='word_1_162' title='bbox 2031 4207 2245 4309; x_wconf 91' lang='lat' dir='ltr'><strong>prius</strong></span> <span class='ocrx_word' id='word_1_163' title='bbox 2276 4208 2368 4284; x_wconf 88' lang='lat' dir='ltr'><strong>de</strong></span> <span class='ocrx_word' id='word_1_164' title='bbox 2398 4208 2625 4284; x_wconf 91' lang='lat' dir='ltr'><strong>Patre</strong></span> <span class='ocrx_word' id='word_1_165' title='bbox 2666 4216 2895 4283; x_wconf 89' lang='lat' dir='ltr'><strong>natus</strong></span> <span class='ocrx_word' id='word_1_166' title='bbox 2934 4206 3035 4283; x_wconf 90' lang='lat' dir='ltr'><strong>sit</strong></span> <span class='ocrx_word' id='word_1_167' title='bbox 3071 4205 3339 4302; x_wconf 83' lang='lat' dir='ltr'><strong>Filius,</strong></span> <span class='ocrx_word' id='word_1_168' title='bbox 3362 4217 3438 4285; x_wconf 89' lang='lat' dir='ltr'><strong>et</strong></span> <span class='ocrx_word' id='word_1_169' title='bbox 3476 4219 3745 4309; x_wconf 91' lang='lat' dir='ltr'><strong>postea</strong></span> <span class='ocrx_word' id='word_1_170' title='bbox 3782 4210 3876 4287; x_wconf 91' lang='lat' dir='ltr'><strong>de</strong></span> <span class='ocrx_word' id='word_1_171' title='bbox 3904 4210 4286 4287; x_wconf 88' lang='lat' dir='ltr'><strong>ambobus</strong></span> 
     </span>
     <span class='ocr_line' id='line_1_18' title="bbox 1064 4341 4282 4447; baseline -0 -25"><span class='ocrx_word' id='word_1_172' title='bbox 1064 4347 1529 4447; x_wconf 86' lang='lat' dir='ltr'><strong>processerit</strong></span> <span class='ocrx_word' id='word_1_173' title='bbox 1567 4345 1902 4446; x_wconf 87' lang='lat' dir='ltr'><strong>Spiritus</strong></span> <span class='ocrx_word' id='word_1_174' title='bbox 1939 4352 2277 4420; x_wconf 87' lang='lat' dir='ltr'><strong>sanctus.</strong></span> <span class='ocrx_word' id='word_1_175' title='bbox 2321 4341 2717 4441; x_wconf 86' lang='lat' dir='ltr'><strong>Numquid</strong></span> <span class='ocrx_word' id='word_1_176' title='bbox 2760 4364 2945 4440; x_wconf 84' lang='lat' dir='ltr'><strong>ergo</strong></span> <span class='ocrx_word' id='word_1_177' title='bbox 2988 4365 3405 4441; x_wconf 90' lang='lat' dir='ltr'><strong>possumus</strong></span> <span class='ocrx_word' id='word_1_178' title='bbox 3437 4366 3790 4442; x_wconf 78' lang='lat' dir='ltr'><strong>quoerere</strong></span> <span class='ocrx_word' id='word_1_179' title='bbox 3826 4355 4079 4421; x_wconf 90' lang='lat' dir='ltr'><strong>utrum</strong></span> <span class='ocrx_word' id='word_1_180' title='bbox 4117 4344 4282 4444; x_wconf 89' lang='lat' dir='ltr'><strong>jam</strong></span> 
     </span>
     <span class='ocr_line' id='line_1_19' title="bbox 1069 4476 4281 4582; baseline -0.001 -25"><span class='ocrx_word' id='word_1_181' title='bbox 1069 4490 1551 4582; x_wconf 80' lang='lat' dir='ltr'><strong>processerat</strong></span> <span class='ocrx_word' id='word_1_182' title='bbox 1591 4481 1683 4557; x_wconf 85' lang='lat' dir='ltr'><strong>‹le</strong></span> <span class='ocrx_word' id='word_1_183' title='bbox 1729 4482 1953 4555; x_wconf 91' lang='lat' dir='ltr'><strong>Patre</strong></span> <span class='ocrx_word' id='word_1_184' title='bbox 1982 4477 2313 4578; x_wconf 88' lang='lat' dir='ltr'><strong>Spiritus</strong></span> <span class='ocrx_word' id='word_1_185' title='bbox 2342 4485 2683 4572; x_wconf 89' lang='lat' dir='ltr'><strong>sanctus,</strong></span> <span class='ocrx_word' id='word_1_186' title='bbox 2709 4476 3022 4576; x_wconf 89' lang='lat' dir='ltr'><strong>quando</strong></span> <span class='ocrx_word' id='word_1_187' title='bbox 3054 4486 3286 4554; x_wconf 86' lang='lat' dir='ltr'><strong>natus</strong></span> <span class='ocrx_word' id='word_1_188' title='bbox 3325 4487 3444 4554; x_wconf 89' lang='lat' dir='ltr'><strong>est</strong></span> <span class='ocrx_word' id='word_1_189' title='bbox 3483 4479 3766 4556; x_wconf 86' lang='lat' dir='ltr'><strong>Filius:</strong></span> <span class='ocrx_word' id='word_1_190' title='bbox 3804 4505 3902 4556; x_wconf 91' lang='lat' dir='ltr'><strong>an</strong></span> <span class='ocrx_word' id='word_1_191' title='bbox 3935 4481 4281 4557; x_wconf 88' lang='lat' dir='ltr'><strong>nondum</strong></span> 
     </span>
     <span class='ocr_line' id='line_1_20' title="bbox 1067 4612 4282 4718; baseline -0.002 -24"><span class='ocrx_word' id='word_1_192' title='bbox 1067 4627 1575 4718; x_wconf 80' lang='lat' dir='ltr'><strong>processerat,</strong></span> <span class='ocrx_word' id='word_1_193' title='bbox 1619 4625 1694 4691; x_wconf 89' lang='lat' dir='ltr'><strong>ct</strong></span> <span class='ocrx_word' id='word_1_194' title='bbox 1768 4614 1900 4690; x_wconf 86' lang='lat' dir='ltr'><strong>illo</strong></span> <span class='ocrx_word' id='word_1_195' title='bbox 1958 4621 2136 4689; x_wconf 87' lang='lat' dir='ltr'><strong>nato</strong></span> <span class='ocrx_word' id='word_1_196' title='bbox 2193 4612 2287 4689; x_wconf 88' lang='lat' dir='ltr'><strong>de</strong></span> <span class='ocrx_word' id='word_1_197' title='bbox 2357 4621 2683 4711; x_wconf 87' lang='lat' dir='ltr'><strong>utroque</strong></span> <span class='ocrx_word' id='word_1_198' title='bbox 2754 4612 3185 4712; x_wconf 78' lang='lat' dir='ltr'><strong>processit?</strong></span> <span class='ocrx_word' id='word_1_199' title='bbox 3225 4612 3402 4688; x_wconf 91' lang='lat' dir='ltr'><strong>Non</strong></span> <span class='ocrx_word' id='word_1_200' title='bbox 3459 4626 4136 4716; x_wconf 87' lang='lat' dir='ltr'><strong>possuntprorsus</strong></span> <span class='ocrx_word' id='word_1_201' title='bbox 4178 4616 4282 4692; x_wconf 90' lang='lat' dir='ltr'><em>ibi</em></span> 
     </span>
     <span class='ocr_line' id='line_1_21' title="bbox 1068 4747 4280 4852; baseline 0 -26"><span class='ocrx_word' id='word_1_202' title='bbox 1068 4754 1219 4829; x_wconf 90' lang='lat' dir='ltr'><strong>ista</strong></span> <span class='ocrx_word' id='word_1_203' title='bbox 1258 4750 1535 4852; x_wconf 68' lang='lat' dir='ltr'><strong>quteri,</strong></span> <span class='ocrx_word' id='word_1_204' title='bbox 1584 4750 1712 4826; x_wconf 82' lang='lat' dir='ltr'><strong>uhi</strong></span> <span class='ocrx_word' id='word_1_205' title='bbox 1754 4748 1946 4825; x_wconf 87' lang='lat' dir='ltr'><strong>nihil</strong></span> <span class='ocrx_word' id='word_1_206' title='bbox 1977 4772 2069 4824; x_wconf 86' lang='lat' dir='ltr'><strong>ex</strong></span> <span class='ocrx_word' id='word_1_207' title='bbox 2112 4758 2448 4847; x_wconf 85' lang='lat' dir='ltr'><strong>tempore</strong></span> <span class='ocrx_word' id='word_1_208' title='bbox 2479 4747 2915 4842; x_wconf 87' lang='lat' dir='ltr'><strong>inchoatur,</strong></span> <span class='ocrx_word' id='word_1_209' title='bbox 2955 4758 3036 4823; x_wconf 88' lang='lat' dir='ltr'><strong>ut</strong></span> <span class='ocrx_word' id='word_1_210' title='bbox 3073 4773 3166 4824; x_wconf 86' lang='lat' dir='ltr'><strong>ex</strong></span> <span class='ocrx_word' id='word_1_211' title='bbox 3189 4752 3702 4850; x_wconf 88' lang='lat' dir='ltr'><strong>consequenti</strong></span> <span class='ocrx_word' id='word_1_212' title='bbox 3725 4751 4171 4851; x_wconf 80' lang='lat' dir='ltr'><strong>perficiatur</strong></span> <span class='ocrx_word' id='word_1_213' title='bbox 4203 4752 4280 4828; x_wconf 91' lang='lat' dir='ltr'><strong>in</strong></span> 
     </span>
     <span class='ocr_line' id='line_1_22' title="bbox 1063 4881 4281 4986; baseline 0 -25"><span class='ocrx_word' id='word_1_214' title='bbox 1063 4897 1439 4986; x_wconf 89' lang='lat' dir='ltr'><strong>tempore.</strong></span> <span class='ocrx_word' id='word_1_215' title='bbox 1487 4886 1666 4961; x_wconf 89' lang='lat' dir='ltr'><strong>Ideo</strong></span> <span class='ocrx_word' id='word_1_216' title='bbox 1726 4883 1860 4983; x_wconf 89' lang='lat' dir='ltr'><strong>qui</strong></span> <span class='ocrx_word' id='word_1_217' title='bbox 1928 4892 2174 4982; x_wconf 86' lang='lat' dir='ltr'><strong>potest</strong></span> <span class='ocrx_word' id='word_1_218' title='bbox 2214 4881 2641 4980; x_wconf 82' lang='lat' dir='ltr'><strong>intelligere</strong></span> <span class='ocrx_word' id='word_1_219' title='bbox 2699 4882 2869 4960; x_wconf 88' lang='lat' dir='ltr'><strong>sine</strong></span> <span class='ocrx_word' id='word_1_220' title='bbox 2937 4892 3282 4983; x_wconf 89' lang='lat' dir='ltr'><strong>tempore</strong></span> <span class='ocrx_word' id='word_1_221' title='bbox 3346 4884 3931 4980; x_wconf 78' lang='lat' dir='ltr'><strong>generationem</strong></span> <span class='ocrx_word' id='word_1_222' title='bbox 3973 4885 4143 4961; x_wconf 86' lang='lat' dir='ltr'><em>Filii</em></span> <span class='ocrx_word' id='word_1_223' title='bbox 4186 4887 4281 4964; x_wconf 84' lang='lat' dir='ltr'><strong>de</strong></span> 
     </span>
     <span class='ocr_line' id='line_1_23' title="bbox 1061 5018 4275 5122; baseline -0.001 -23"><span class='ocrx_word' id='word_1_224' title='bbox 1061 5025 1320 5118; x_wconf 90' lang='lat' dir='ltr'><strong>Patre,</strong></span> <span class='ocrx_word' id='word_1_225' title='bbox 1366 5021 1747 5120; x_wconf 85' lang='lat' dir='ltr'><strong>intelligat</strong></span> <span class='ocrx_word' id='word_1_226' title='bbox 1774 5020 1941 5096; x_wconf 89' lang='lat' dir='ltr'><strong>sine</strong></span> <span class='ocrx_word' id='word_1_227' title='bbox 1972 5029 2314 5118; x_wconf 88' lang='lat' dir='ltr'><strong>tempore</strong></span> <span class='ocrx_word' id='word_1_228' title='bbox 2375 5018 2950 5118; x_wconf 88' lang='lat' dir='ltr'><strong>processionem</strong></span> <span class='ocrx_word' id='word_1_229' title='bbox 3010 5019 3346 5119; x_wconf 86' lang='lat' dir='ltr'><strong>Spiritus</strong></span> <span class='ocrx_word' id='word_1_230' title='bbox 3413 5019 3661 5097; x_wconf 88' lang='lat' dir='ltr'><strong>sancti</strong></span> <span class='ocrx_word' id='word_1_231' title='bbox 3727 5021 3823 5098; x_wconf 88' lang='lat' dir='ltr'><strong>de</strong></span> <span class='ocrx_word' id='word_1_232' title='bbox 3867 5031 4195 5122; x_wconf 89' lang='lat' dir='ltr'><strong>utroque</strong></span> <span class='ocrx_word' id='word_1_233' title='bbox 4228 5025 4275 5097; x_wconf 85' lang='lat'><strong>¹.</strong></span> 
     </span>
     <span class='ocr_line' id='line_1_24' title="bbox 1062 5151 4284 5257; baseline -0.001 -20"><span class='ocrx_word' id='word_1_234' title='bbox 1062 5163 1261 5238; x_wconf 83' lang='lat' dir='ltr'><strong>Ecce</strong></span> <span class='ocrx_word' id='word_1_235' title='bbox 1304 5159 1424 5236; x_wconf 91' lang='lat' dir='ltr'><strong>his</strong></span> <span class='ocrx_word' id='word_1_236' title='bbox 1465 5157 1728 5235; x_wconf 80' lang='lat' dir='ltr'><strong>verbis</strong></span> <span class='ocrx_word' id='word_1_237' title='bbox 1757 5157 2109 5233; x_wconf 91' lang='lat' dir='ltr'><strong>absoluta</strong></span> <span class='ocrx_word' id='word_1_238' title='bbox 2171 5164 2285 5230; x_wconf 88' lang='lat' dir='ltr'><strong>est</strong></span> <span class='ocrx_word' id='word_1_239' title='bbox 2342 5151 2668 5254; x_wconf 81' lang='lat' dir='ltr'><strong>quoestio</strong></span> <span class='ocrx_word' id='word_1_240' title='bbox 2712 5154 2843 5231; x_wconf 86' lang='lat' dir='ltr'><strong>illa</strong></span> <span class='ocrx_word' id='word_1_241' title='bbox 2917 5179 3073 5256; x_wconf 89' lang='lat' dir='ltr'><strong>qua</strong></span> <span class='ocrx_word' id='word_1_242' title='bbox 3139 5156 3669 5255; x_wconf 61' lang='lat' dir='ltr'><strong>quaerebatur,</strong></span> <span class='ocrx_word' id='word_1_243' title='bbox 3718 5156 3994 5233; x_wconf 84' lang='lat' dir='ltr'><strong>Utrum</strong></span> <span class='ocrx_word' id='word_1_244' title='bbox 4062 5157 4284 5257; x_wconf 89' lang='lat' dir='ltr'><strong>prius</strong></span> 
     </span>
     <span class='ocr_line' id='line_1_25' title="bbox 1064 5290 3245 5399; baseline -0.005 -25"><span class='ocrx_word' id='word_1_245' title='bbox 1064 5296 1531 5399; x_wconf 87' lang='lat' dir='ltr'><strong>processerit</strong></span> <span class='ocrx_word' id='word_1_246' title='bbox 1571 5294 1904 5394; x_wconf 88' lang='lat' dir='ltr'><strong>Spiritus</strong></span> <span class='ocrx_word' id='word_1_247' title='bbox 1933 5300 2244 5369; x_wconf 87' lang='lat' dir='ltr'><strong>sanctus</strong></span> <span class='ocrx_word' id='word_1_248' title='bbox 2273 5314 2321 5366; x_wconf 92' lang='lat' dir='ltr'><strong>a</strong></span> <span class='ocrx_word' id='word_1_249' title='bbox 2356 5291 2581 5366; x_wconf 90' lang='lat' dir='ltr'><strong>Patre</strong></span> <span class='ocrx_word' id='word_1_250' title='bbox 2622 5314 2854 5389; x_wconf 88' lang='lat' dir='ltr'><strong>quam</strong></span> <span class='ocrx_word' id='word_1_251' title='bbox 2900 5315 2946 5367; x_wconf 91' lang='lat' dir='ltr'><strong>a</strong></span> <span class='ocrx_word' id='word_1_252' title='bbox 2983 5290 3174 5367; x_wconf 90' lang='lat' dir='ltr'><strong>Filio</strong></span> <span class='ocrx_word' id='word_1_253' title='bbox 3203 5290 3245 5363; x_wconf 66' lang='grc' dir='ltr'><strong>’ἲ</strong></span> 
     </span>
    </p>
   </div>
   <div class='ocr_carea' id='block_1_7' title="bbox 1136 5642 3988 5821">
    <p class='ocr_par' dir='ltr' id='par_1_7' title="bbox 1136 5642 3988 5821">
     <span class='ocr_line' id='line_1_26' title="bbox 1136 5642 2629 5721; baseline -0.003 -15"><span class='ocrx_word' id='word_1_254' title='bbox 1136 5648 1152 5685; x_wconf 90' lang='lat'>¹</span> <span class='ocrx_word' id='word_1_255' title='bbox 1183 5648 1243 5706; x_wconf 87' lang='lat' dir='ltr'><strong>S.</strong></span> <span class='ocrx_word' id='word_1_256' title='bbox 1275 5652 1649 5721; x_wconf 69' lang='lat' dir='ltr'><strong>Ancum-mus,</strong></span> <span class='ocrx_word' id='word_1_257' title='bbox 1675 5649 1801 5707; x_wconf 88' lang='lat' dir='ltr'><em>Lib.</em></span> <span class='ocrx_word' id='word_1_258' title='bbox 1830 5646 1925 5705; x_wconf 84' lang='lat' dir='ltr'><strong>XV</strong></span> <span class='ocrx_word' id='word_1_259' title='bbox 1956 5646 2027 5704; x_wconf 86' lang='lat' dir='ltr'><strong>de</strong></span> <span class='ocrx_word' id='word_1_260' title='bbox 2046 5642 2352 5710; x_wconf 83' lang='lat' dir='ltr'><strong>Trinitate‚</strong></span> <span class='ocrx_word' id='word_1_261' title='bbox 2383 5659 2512 5717; x_wconf 87' lang='lat' dir='ltr'><strong>cap.</strong></span> <span class='ocrx_word' id='word_1_262' title='bbox 2537 5644 2629 5701; x_wconf 77' lang='lat'><strong>26.</strong></span> 
     </span>
     <span class='ocr_line' id='line_1_27' title="bbox 1309 5766 3988 5821; baseline -0.001 0"><span class='ocrx_word' id='word_1_263' title='bbox 1309 5782 1416 5821; x_wconf 81' lang='lat' dir='ltr'><strong>xxv</strong></span> <span class='ocrx_word' id='word_1_264' title='bbox 3920 5766 3988 5819; x_wconf 74' lang='lat'><strong>2³</strong></span> 
     </span>
    </p>
   </div>
  </div>
 </body>
</html>
