4897 6388
1150 312 1191 335 „r

1139 552 1218 619 In
1248 549 1545 618 secunda
1578 548 1795 638 tangit
1831 549 2224 633 Auctorem,
2269 551 2385 627 ibi,
2444 580 2475 612 «
2507 550 2588 616 In

1049 657 1285 724 labore
1314 655 1560 731 multo,
1598 663 1725 723 etc.
1762 682 1793 717 ι)
1856 656 1941 724 Et
1979 657 2310 736 dicittria,
2337 656 2589 724 scilicet

1049 765 1354 832 laborem
1422 764 1925 855 compilationis
1981 776 2056 832 ut
2104 757 2394 834 attentos
2451 764 2591 830 red-

1054 871 1170 939 dat
1209 896 1223 939 :
1263 873 1544 940 modum
1570 873 2080 963 compositionis
2110 895 2230 964 per
2256 872 2386 941 hoc
2408 871 2590 963 quod

1051 977 1215 1048 dicit
1257 1002 1271 1046 :
1311 1005 1345 1046 α
1372 981 1879 1073 Compeqimus‚
1917 988 2040 1048 etc.
2077 1006 2108 1045 ι»
2145 979 2590 1070 Compactum

1050 1086 1235 1153 enim
1291 1095 1395 1155 est
1452 1085 1637 1176 quod
1695 1094 1793 1153 est
1841 1109 1923 1154 ex
1972 1086 2253 1155 diversis
2301 1088 2596 1175 conjun-

1051 1199 1238 1262 ctum
1283 1217 1298 1261 ε
1333 1194 1506 1261 sicut
1534 1192 1815 1261 diversae
1864 1203 2023 1262 sunt
2060 1197 2491 1284 quaestioneS‚
2529 1201 2596 1261 et

1050 1302 1483 1370 auctoritates
1532 1301 1601 1368 in
1665 1300 1795 1369 hoc
1851 1324 2075 1392 opere.
2137 1304 2314 1370 Dicit
2386 1305 2593 1370 etiam

1052 1408 1502 1500 supponendo
1595 1410 1986 1488 Auctorem,
2091 1432 2242 1477 cum
2328 1410 2488 1478 dicit
2572 1431 2586 1475 :

1054 1541 1087 1581 ι
1127 1516 1636 1608 Compeqimus,
1681 1544 1715 1580 n
1763 1518 1921 1608 quia
1977 1519 2046 1585 in
2096 1517 2303 1585 verbo
2353 1520 2592 1607 primae

1049 1645 1359 1713 personae
1396 1623 1841 1691 determinata
1893 1646 2182 1713 persona
2228 1647 2437 1714 agens
2497 1626 2595 1691 in-

1045 1729 1398 1821 telligitur.
2148 1716 2159 1725 ’

1140 1838 1222 1906 In
1250 1840 1447 1907 tertia
1486 1840 1704 1931 tangit
1757 1841 2133 1919 materiam,
2176 1864 2330 1909 cum
2372 1841 2532 1908 dicit
2573 1862 2589 1909 t

1062 1976 1099 2015 et
1128 1950 1248 2016 Ex
1299 1948 1704 2016 testimoniis
1763 1950 2069 2016 veritatis
2132 1950 2201 2016 in
2264 1959 2592 2017 aeternum

1055 2057 1406 2147 fundatis,
1457 2062 1616 2136 etc„
1657 2081 1691 2119 n
1738 2055 1805 2123 id
1869 2064 1994 2134 est,
2038 2056 2107 2123 in
2164 2059 2588 2125 aeternitate:

1057 2163 1219 2254 quia
1258 2161 1424 2231 fides
1453 2184 1603 2253 quae
1632 2161 1700 2229 in
1731 2162 1892 2252 ipsis
1913 2163 2337 2253 exprimitur,
2371 2171 2474 2233 est
2511 2163 2593 2231 de

1055 2273 1341 2340 veritate
1387 2271 1608 2362 prima
1656 2279 1723 2339 et
1762 2279 2036 2340 aeterna.
2096 2272 2288 2342 Unde
2328 2274 2595 2363 Diony-

1049 2379 1193 2447 sius
1224 2379 1292 2445 in
1326 2378 1498 2446 libro
1524 2378 1607 2447 de
1631 2380 1904 2447 Divinis
1932 2380 2321 2449 nominibus
2353 2403 2368 2449 :
2396 2380 2592 2449 Fides

1054 2494 1158 2554 est
1212 2486 1491 2554 unicum
1562 2484 1977 2554 credentium
2040 2487 2586 2570 fundamentum,

1048 2615 1168 2661 eos
1214 2592 1560 2663 collocans
1605 2594 1676 2661 in
1712 2594 2020 2673 veritate,
2062 2602 2128 2662 et
2174 2594 2243 2662 in
2282 2597 2379 2663 eis
2408 2596 2594 2663 veri-

1048 2707 1283 2777 tatem,
1319 2697 1695 2768 incredibili
1717 2698 2392 2768 incommutabilitate
2423 2701 2595 2768 sim-

1052 2807 1238 2901 plam
1275 2808 1583 2877 veritatis
1625 2807 1971 2875 scientiam
2005 2806 2407 2876 habentibus
2444 2833 2594 2877 cre-

1050 2913 1229 2983 dulis
1267 2920 1313 2984 ¹.
1373 2914 1460 2982 Et
1506 2913 1899 3004 Apostolus,
1936 2912 1959 2980 l
2019 2914 2102 2981 ad
2140 2914 2446 2985 Corinth.
2491 2939 2589 2995 ιιι,

1057 3022 1130 3089 11
1186 3044 1204 3090 ε
1257 3021 1809 3093 Fundamentum
1856 3021 2063 3089 aliud
2109 3045 2303 3089 nemo
2369 3033 2594 3115 potest

1045 3151 1319 3221 potiere,
1343 3136 1594 3221 praeter
1621 3126 1698 3193 id
1723 3127 1912 3219 qnod
1921 3128 2221 3220 positum
2253 3139 2373 3209 est,
2407 3129 2599 3222 quod

1046 3244 1147 3302 est
1178 3235 1491 3304 Christus
1518 3236 1739 3313 lesus,
1773 3232 1838 3301 id
1868 3242 1993 3312 est,
2024 3232 2187 3302 tides
2211 3234 2373 3303 Jesu
2405 3235 2594 3302 Chri-

1046 3344 1166 3410 sti.

1137 3448 1216 3517 In
1283 3455 1526 3540 quarta
1588 3450 1805 3539 tangit
1883 3448 2168 3517 formam
2224 3449 2588 3541 duplicem,

1046 3558 1305 3628 scilicet
1374 3558 1823 3627 distinctionis
1871 3559 2163 3627 materiae
2220 3562 2591 3629 secundum

1049 3665 1245 3735 illum
1296 3674 1521 3735 actum
1580 3665 1842 3743 formae,
1888 3689 2023 3757 quo
2053 3666 2402 3759 distinguit
2444 3671 2587 3736 for-

1048 3782 1311 3842 matum
1343 3771 1429 3841 ab
1459 3771 1635 3850 aliis,
1677 3794 1830 3840 cum
1861 3772 2021 3841 dicit
2055 3797 2073 3839 ε
2114 3802 2148 3837 «
2178 3775 2259 3843 In
2292 3786 2591 3867 quatuor

966 3956 973 3962 ‚
1045 3880 1271 3963 libris,
1295 3890 1424 3950 etc.
1456 3904 1489 3946 ιι
1516 3879 1600 3949 Ει
1629 3879 1909 3948 modum
1931 3880 2412 3971 probationum
2444 3908 2598 3953 sua·

1044 4012 1198 4057 rum
1242 3987 1491 4080 quibus
1531 3988 1742 4055 utitur
1779 3986 2150 4056 secundum
2183 3999 2410 4058 actum
2453 3991 2591 4060 for·

1052 4118 1182 4163 mae
1221 4117 1357 4186 quo
1423 4094 1589 4186 agit,
1655 4103 1721 4163 et
1768 4103 1867 4163 est
1917 4097 2318 4186 principium
2374 4101 2594 4167 actio-

1049 4225 1244 4282 num,
1304 4225 1460 4271 cum
1518 4201 1727 4271 di‘cit:
1800 4228 1833 4265 ι
1890 4203 1969 4270 ln
2043 4226 2177 4294 quo
2237 4205 2591 4295 majorum

1043 4309 1385 4400 exempla.
1445 4317 1574 4379 etc.
1631 4334 1665 4372 ιι
1710 4307 1786 4376 Et
1842 4308 2149 4400 exempla
2209 4311 2594 4380 referuntur

1045 4416 1129 4484 ad
1170 4414 1647 4483 similitudines
1686 4413 1930 4505 quibus
1972 4418 2181 4483 utitur
2223 4437 2239 4484 ε
2285 4417 2591 4488 doctrina

1046 4533 1273 4592 autem
1313 4523 1399 4591 ad
1442 4523 1899 4599 auctoritates,
1942 4532 2009 4591 et
2051 4527 2342 4592 rationes
2393 4528 2583 4596 alias.

1134 4631 1209 4699 ln
1259 4631 1495 4721 quinta
1563 4631 1775 4718 tangit
1830 4631 2060 4707 linem,
2123 4655 2276 4698 curn
2335 4632 2497 4701 dicit
2567 4659 2583 4703 :

1049 4766 1083 4801 «
1124 4740 1207 4805 In
1236 4761 1370 4829 quo
1392 4760 1521 4829 per
1548 4738 1944 4814 Dominirae,
1979 4745 2104 4805 etc.
2145 4764 2177 4802 a
2213 4737 2295 4806 Et
2326 4742 2587 4809 sincera

1040 4846 1372 4936 professio
1432 4843 1585 4911 fidei
1635 4854 1732 4910 est
1775 4845 1928 4911 linis
1958 4868 2078 4935 per
2122 4869 2194 4914 se
2230 4867 2248 4916 ε
2292 4849 2586 4938 proditio

1041 4962 1270 5021 autem
1297 4951 1571 5020 haeresis
1618 4960 1718 5019 est
1772 4952 1924 5019 tinis
1964 4975 2081 5042 per
2118 4955 2427 5023 accidens
2465 4981 2481 5025 :
2518 4967 2585 5026 et

1048 5058 1175 5128 hos
1216 5058 1382 5127 lines
1437 5060 1755 5149 consequi
1814 5061 2143 5151 contingit
2182 5085 2318 5131 uno
2352 5073 2417 5131 et
2463 5088 2584 5133 eo-

1045 5166 1202 5234 dem
1231 5176 1384 5234 actu
1420 5189 1435 5232 :
1473 5168 1631 5256 quia
1665 5166 2112 5236 manifestatio
2150 5171 2452 5238 veritatis
2486 5183 2586 5240 est

1050 5273 1413 5342 destructio
1474 5271 1801 5340 salsitatis.
1857 5273 2076 5359 Unde,
2119 5275 2485 5368 Dionysius
2517 5281 2585 5346 in

1042 5381 1365 5472 Epistola
1422 5379 1521 5447 ad
1579 5380 2041 5471 Polycarpum
2080 5384 2308 5474 Episc.
2362 5408 2386 5452 .·
2436 5386 2585 5456 Iloc

1121 5633 1139 5667 ¹
1165 5625 1220 5682 S.
1247 5625 1649 5694 Diosrstus,1n
1680 5624 1832 5683 libro
1860 5625 1934 5683 de
1967 5627 2184 5686 Divinis
2215 5631 2581 5702 nominibus,

1043 5727 1178 5789 cap.
1218 5717 1271 5769 7.

1975 379 2067 445 IN
2113 365 2504 475 PROLoff..
2547 370 2764 441 MAG.
2817 364 3326 437 EXPOSITIO.
3542 321 3552 332 ’
4176 368 4249 431 11
4292 351 4295 354 ’

2693 540 3172 632 quodcumque
3189 548 3293 606 est
3310 538 3682 607 secundum
3709 537 3929 629 legem
3949 536 4253 604 veritatis

2692 656 2869 715 recte
2891 646 3356 714 demonstrato
3380 655 3444 713 et
3463 667 3634 735 puro
3666 647 4021 724 existente,
4046 665 4251 709 omne

2694 753 2874 846 quod
2930 750 3123 819 aliter
3178 750 3409 833 habet,
3460 759 3527 818 et
3572 753 3928 819 veritatem
3967 748 4244 830 similat,

2697 860 3253 954 reprehendetur,
3297 869 3426 930 etc.
4088 949 4091 952 ἢ

2784 971 2863 1040 ln
2902 978 3091 1039 sexta
3123 979 3190 1038 et
3217 970 3462 1037 ultima
3490 972 3704 1061 tangit
3734 969 4016 1037 modum
4045 989 4250 1059 agen-

2697 1081 2763 1147 di
2819 1078 3181 1170 triplicem,
3260 1077 3536 1155 scilicet,
3615 1079 4090 1168 pertingentiae
4162 1077 4248 1145 ad

2697 1187 2999 1256 veritatis
3028 1186 3289 1254 aditum
3332 1208 3455 1276 per
3487 1187 3781 1253 rationes
3815 1185 3994 1270 fidei,
4028 1194 4095 1253 et
4125 1207 4249 1254 ex-

2696 1294 3028 1363 cludendo
3068 1315 3358 1373 erroreS,
3402 1300 3469 1362 et
3505 1291 3658 1372 hoc,
3704 1293 3824 1374 ibi,
3884 1321 3916 1356 α
3957 1294 4247 1362 Aditum

2696 1401 3267 1471 demonstranda».
3328 1426 3361 1467 ι)
3420 1400 3765 1486 Secundo,
3821 1402 4040 1492 tangit
4095 1424 4250 1469 mo·

2694 1513 2860 1580 dum
2914 1512 3090 1579 inter
3127 1510 3380 1578 subtile
3436 1520 3504 1578 et
3566 1534 3912 1602 grossum,
3965 1511 4250 1580 cum-di·

2697 1622 2787 1688 cit
2845 1642 2861 1687 ε
2927 1646 2960 1681 α
3031 1621 3426 1709 Temperato
3488 1619 3663 1685 inter
3738 1628 4129 1708 utrumque.
4205 1641 4241 1683 ι

2693 1727 2944 1804 Terti0,
3033 1726 3255 1816 tangit
3312 1723 3594 1792 modum
3661 1726 3838 1792 inter
3891 1725 4243 1815 proprium

2694 1837 3074 1913 inventum,
3119 1843 3186 1903 et
3214 1834 3543 1914 alienum,
3586 1834 3703 1914 ibi,
3740 1859 3775 1900 α
3817 1834 4056 1904 Sicubi
4091 1857 4243 1903 vero

2689 1964 2976 2035 parum,
3021 1949 3151 2027 etc.
3201 1967 3235 2007 ι

2788 2074 2821 2114 ι
2855 2050 2951 2116 Et
2983 2048 3336 2116 lucernam
3365 2048 3695 2125 veritatis,
3747 2055 3873 2117 etc.
3919 2071 3952 2113 ιο
3993 2046 4236 2116 Matth.
4268 2048 4310 2102 Q

2696 2181 2765 2235 v,
2829 2159 2909 2226 15
2973 2179 2989 2223 ε
3055 2157 3291 2247 Neque
3339 2155 3712 2224 accendunt
3753 2157 4127 2241 lucernam,
4175 2165 4242 2224 et

2682 2272 2959 2356 ponunt
2995 2285 3146 2331 eam
3173 2261 3303 2332 sub
3333 2262 3587 2343 modio,
3622 2269 3747 2331 etc.
3789 2261 4094 2332 Lucerna
4131 2285 4244 2332 au-

2696 2380 2836 2440 tem
2867 2380 2968 2440 est
3005 2371 3126 2439 lux
3163 2372 3236 2438 in
3280 2380 3453 2439 testa
3497 2393 3512 2438 ε
3558 2380 3624 2440 et
3659 2370 3773 2440 hic
3816 2372 4093 2461 ponitur
4120 2393 4276 2462 pro-

2697 2478 3036 2548 intellectu
3096 2480 3380 2547 rationis
3446 2480 3513 2546 in
3573 2479 3841 2549 littera:
3877 2479 4038 2571 quia
4075 2481 4249 2548 sicut

2698 2588 2859 2656 dicit
2896 2586 3416 2657 Commentator
3445 2610 3650 2679 super
3688 2589 3988 2679 primum
4046 2598 4248 2679 caput

2698 2695 2781 2763 dc
2830 2697 3106 2764 Divinis
3167 2695 3562 2764 nominibus
3618 2720 3640 2763 .·
3680 2695 3868 2764 Nihil
3905 2695 4090 2764 aliud
4145 2704 4248 2764 est

2698 2808 3061 2874 auctoritas
3102 2828 3310 2897 quam
3359 2807 3634 2874 rationis
3668 2816 3931 2897 reperta
3966 2807 4244 2884 veritas,

2697 2912 2786 2980 ob
2843 2913 3259 3004 posteritatis
3326 2913 3683 3005 utilitatem
3748 2914 3998 3005 scripto
4053 2936 4249 2983 com-

2698 3019 3039 3089 mendata.

2788 3130 3114 3223 Sequitur
3154 3155 3170 3199 ε

2781 3264 2816 3304 α
2846 3242 2999 3309 Non
3031 3263 3073 3306 a
3096 3240 3407 3330 paternis
3445 3240 3751 3308 dae'scessit
3800 3240 4161 3309 limitibus.
4210 3265 4244 3307 n

2701 3346 2884 3414 Fecit
2923 3345 3246 3436 Magister
3283 3347 3456 3414 sicut
3497 3346 3693 3415 docet
3750 3348 4144 3440 Dionysius,
4177 3348 4247 3416 in

2697 3452 2875 3520 libro
2906 3452 2988 3522 de
3037 3453 3313 3521 Divinis
3349 3453 3743 3521 nominibus
3774 3478 3798 3522 .·
3833 3453 4245 3523 Universali·

2700 3570 2803 3629 ter
2840 3583 2978 3628 non
3017 3560 3408 3629 audendum
3450 3570 3548 3628 est
3586 3561 3833 3643 dicere,
3874 3585 4000 3630 nec
4037 3564 4246 3630 etiam

2703 3670 3000 3759 cogitare
3058 3666 3247 3735 aliud
3330 3667 3413 3736 de
3478 3668 4105 3759 supersubstantiali
4182 3680 4251 3738 et

2702 3774 2964 3844 occulta
3002 3774 3380 3856 divinitate,
3444 3774 3692 3867 praeter'
3729 3799 3808 3844 ea
3857 3798 4007 3867 quae
4071 3776 4251 3844 divi-

2701 3884 2885 3952 nitus
2927 3882 3125 3951 nobis
3164 3907 3251 3952 ex
3299 3884 3508 3952 sacris
3562 3882 3855 3974 eloquiis
3919 3892 4078 3954 sunt
4125 3906 4252 3952 ex-

2701 4014 2932 4082 pressa
2956 3989 3000 4060 ’.

2793 4337 2825 4370 α
2870 4309 3020 4375 Non
3082 4307 3305 4394 iqitur
3366 4305 3558 4373 debe!
3622 4307 3733 4374 hic
3776 4306 3996 4390 labor,
4035 4318 4162 4378 etc.
4210 4335 4244 4377 n

2701 4414 2861 4482 llaec
2891 4422 3177 4503 estpars
3207 4413 3503 4481 secunda
3544 4417 3751 4482 totius
3790 4418 4129 4506 prooemii,
4178 4418 4248 4486 in

2698 4546 2835 4613 qua
2874 4522 3416 4590 determinantur
3454 4519 3655 4609 hujus
3694 4522 4063 4591 voluminis
4107 4525 4250 4594 uti-

2699 4632 2920 4700 litates
2953 4655 3037 4699 ex
3081 4642 3267 4721 parte
3310 4630 3663 4708 auditoris,
3694 4632 3802 4699 vel
3835 4632 4127 4701 lectoriS.
4166 4635 4249 4703 lit

2696 4741 2917 4829 tangit
2958 4740 3108 4816 tria,
3152 4739 3407 4807 scilicet
3466 4743 3571 4806 cui
3615 4739 3778 4806 utile
3827 4750 3952 4817 est,
3995 4741 4247 4811 scilicet

2699 4849 2991 4936 impigro
3060 4845 3340 4912 indocto
3403 4870 3417 4912 :
3479 4855 3543 4913 et
3602 4848 3821 4937 primo
3873 4856 4059 4916 notat
4096 4858 4247 4917 stu-

2696 4953 2913 5031 dium,
2947 4952 3132 5043 quod
3193 4954 3415 5020 innuit
3451 4958 3672 5043 operis
3711 4954 4009 5045 aliquam
4063 4955 4245 5025 diffi-

2696 5058 3060 5127 cultatem:
3097 5058 3398 5127 secundo
3431 5068 3657 5126 autem
3709 5069 3898 5128 notat
3943 5062 4241 5130 scientiae

2697 5165 3173 5256 indigentiam,
3235 5165 3419 5255 quod
3488 5164 3639 5233 fucit
3703 5167 4237 5258 inquisitionem,

2696 5274 2856 5365 quia
2887 5296 3021 5340 non
3054 5272 3388 5363 quaeritur
3411 5275 3536 5340 nisi
3562 5274 3745 5364 quod
3768 5298 3904 5343 non
3927 5274 4237 5346 habetur.

2699 5379 3042 5457 Secund0‚
3112 5379 3336 5470 tangit
3403 5381 3735 5449 rationem
3803 5381 4110 5451 utilitatis
4161 5408 4243 5453 ex

2768 5627 2790 5662 ¹
2821 5627 2878 5686 S.
2913 5627 3233 5693 Dnosssics,
3265 5627 3329 5682 ln
3362 5626 3464 5682 lib.
3517 5626 3589 5681 de
3617 5625 3837 5683 Divinis
3874 5627 4238 5701 nominibus,

2696 5736 2825 5793 cap.
2858 5722 2911 5776 2.

4311 2047 4392 2094 uid
4417 2047 4482 2094 nit
4498 2061 4587 2095 ιιι-

4305 2103 4510 2149 cioru-
4527 2106 4548 2149 ι
