4897 6388
570 2339 575 2346 ,
556 2182 578 2324 ...zet-*-
558 2057 574 2168 ᾳ--ἤ
559 1950 572 2044 ‘⁶⁷⁴

586 2253 596 2258 Ι

558 2618 571 2642 6·
560 2353 574 2594 νομοῦ-κ

652 2378 659 2384 .

744 3839 950 3889 sot-uo.

689 4697 772 4745 ΑΔ
785 4697 963 4756 object.
981 4700 1020 4743 1.

1926 274 2041 341 -1N
2084 273 2119 344 1
2169 267 2600 339 SENTENT.
2651 223 2878 340 msT.
2932 265 3019 344 v,
3071 267 3270 336 ΛΒΤ.
3328 271 3388 337 1.

1045 459 1275 541 potest
1312 449 1561 519 habere
1601 471 1746 516 esse
1784 447 2066 513 rationis
2112 465 2126 507 ε
2171 464 2334 531 ergo
2369 450 2610 507 natura

1002 576 1011 582 '
1049 561 1282 629 divina
1321 562 1391 627 in
1433 560 1633 624 Patre
1675 564 1740 622 et
1780 552 1977 631 Filio,
2015 573 2150 617 non
2197 549 2398 617 habet
2431 551 2608 618 idem

1049 693 1197 739 esse
1256 679 1534 748 naturae,
1582 664 1695 731 sed
1766 663 2073 739 rationis,
2119 661 2300 750 quod
2361 660 2606 728 falsum

1049 786 1152 845 est
1186 800 1201 844 :
1237 797 1399 864 ergo
1433 771 1704 837 videtur
1731 767 2399 834 incommunicabilis
2432 790 2604 834 esse.

1138 886 1203 951 4.
1233 883 1433 960 Item,
1463 879 1680 946 Detur
1718 876 1902 966 quod
1930 875 2164 945 divina
2192 884 2436 942 natura
2469 896 2610 941 non

1047 991 1545 1059 determinetur
1573 985 1660 1053 ad
1708 1007 1853 1053 esse
1894 985 2116 1051 Patris
2167 1005 2288 1073 per
2333 1005 2413 1049 ea
2454 1003 2608 1071 quae

1045 1096 1306 1164 faciunt
1346 1093 1430 1160 ad
1470 1091 2315 1160 incommunicabilitatem
2359 1089 2606 1172 Patris,

1047 1203 1319 1270 videtur
1348 1225 1432 1269 ex
1460 1201 1593 1270 hoc
1624 1202 1843 1292 sequi,
1889 1199 2071 1289 quod
2123 1220 2262 1266 non
2293 1200 2380 1266 sit
2425 1198 2608 1265 idem

1051 1333 1197 1378 esse
1238 1318 1497 1378 naturae
1538 1318 1604 1377 et
1649 1309 1961 1377 essentiae
2016 1307 2081 1372 in
2125 1305 2326 1373 Patre
2367 1313 2434 1372 et
2484 1305 2612 1372 Pa-

1042 1418 1575 1487 tris'Pnoaxrio.
1608 1418 1953 1483 ponamus
1975 1414 2337 1483 essentiam
2373 1412 2615 1480 huma-

1047 1551 1206 1595 nam
1239 1550 1379 1594 non
1409 1525 1822 1595 individuari
1854 1524 1924 1589 in
1957 1523 2263 1605 Socrate,
2297 1525 2608 1612 sequitur

1044 1657 1131 1704 ex
1161 1634 1317 1719 hoc,
1363 1633 1549 1725 quod
1577 1631 1873 1701 essentia
1897 1629 2199 1698 humana
2220 1629 2290 1695 in
2324 1626 2606 1696 Socrate

1044 1766 1186 1811 non
1219 1746 1307 1811 sit
1335 1743 1613 1834 propria
1646 1739 1970 1809 Socratis·
2027 1739 2388 1806 Paean-10.
2444 1737 2612 1804 Pro·

1041 1852 1268 1942 prium
1308 1850 1626 1941 estquod
1674 1848 1995 1918 convenit
2024 1845 2151 1916 soli
2206 1869 2221 1913 :
2268 1844 2440 1914 nihil
2480 1868 2608 1912 au-

1041 1967 1182 2027 tem
1218 1959 1288 2025 in
1322 1956 1604 2026 Socrate
1635 1955 1793 2024 fecit
1830 1955 2198 2023 convenire
2237 1953 2604 2020 essentiam

1042 2067 1421 2136 humanam
1478 2065 1607 2133 soli
1682 2064 1945 2133 Socrati
1989 2083 2006 2131 :
2052 2086 2215 2154 ergo
2271 2064 2417 2152 ipsa
2466 2082 2605 2128 non

1041 2176 1172 2243 soli
1207 2174 1469 2243 Socrati
1512 2172 1833 2242 convenit
1869 2195 1885 2238 :
1921 2192 2084 2262 ergo
2117 2192 2265 2238 esse
2294 2167 2483 2259 quod
2513 2167 2608 2234 fa·

1042 2283 1137 2351 cit
1166 2284 1235 2349 in
1268 2282 1573 2363 Socrate,
1608 2301 1748 2347 non
1777 2285 1879 2346 est
1909 2277 2258 2368 proprium
2293 2297 2439 2343 esse
2473 2272 2600 2342 So-

1042 2393 1247 2459 cratis
1317 2412 1333 2456 :
1403 2388 1518 2456 sed
1580 2386 1808 2465 viden,
1893 2385 2076 2477 quod
2147 2383 2466 2453 Socrates
2534 2384 2603 2450 in

1044 2507 1378 2589 quantum
1412 2497 1755 2573 Socrates,
1789 2495 1994 2563 habet
2021 2494 2373 2586 proprium
2398 2514 2545 2560 esse
2580 2513 2598 2559 :

1045 2629 1211 2696 ergo
1260 2628 1408 2673 esse
1457 2606 1767 2672 essentiae
1806 2603 2125 2670 humanae
2163 2610 2230 2668 et
2277 2621 2425 2669 esse
2467 2597 2605 2666 So-

1044 2716 1272 2795 cratiS,
1306 2723 1464 2781 sunt
1504 2714 1772 2782 diversa
1813 2733 1957 2780 esse
2012 2735 2028 2779 :
2074 2733 2238 2802 ergo
2287 2733 2324 2776 a
2364 2708 2599 2787 simili,

1044 2827 1101 2891 si
1141 2823 1434 2892 essentia
1498 2821 1731 2889 divina
1787 2842 1928 2888 non
1986 2819 2479 2888 determinatur
2533 2817 2602 2884 in

1045 2931 1248 2999 Patre
1288 2929 1700 3020 proprietate
1751 2928 1997 3006 Patris,
2046 2928 2176 2995 erit
2222 2924 2406 2994 aliud
2455 2946 2602 2992 esse

1044 3040 1356 3108 essentiae
1411 3038 1481 3104 in
1523 3036 1748 3114 Patre,
1812 3044 1880 3104 et
1931 3034 2116 3102 aliud
2174 3057 2321 3103 esse
2381 3032 2603 3100 Patris

1044 3145 1338 3225 realiter,
1374 3142 1556 3237 quod
1604 3144 1849 3212 falsum
1889 3132 2055 3212 est':
2110 3165 2273 3233 ergo
2304 3141 2452 3233 ipsa
2490 3163 2605 3209 es·

1043 3259 1263 3327 sentia
1291 3257 1789 3324 determinatur
1828 3255 1894 3321 in
1936 3253 2136 3322 Patre
2177 3253 2604 3345 proprietati-

1043 3366 1221 3435 bus:
1267 3363 1598 3457 quidquid
1640 3372 1867 3431 autem
1908 3363 2400 3431 determinatur
2439 3384 2602 3452 pro-

1044 3477 1329 3565 prietate
1363 3475 1428 3539 iu
1453 3471 1705 3539 divinis
1736 3479 1837 3540 est
1886 3467 2534 3540 incommunicabile
2580 3490 2595 3534 ε

1043 3606 1208 3673 ergo
1241 3581 1530 3650 essentia
1561 3589 1662 3648 est
1683 3577 2371 3648 incommunicabilis.

1138 3795 1450 3863 Somnio.
1489 3793 1897 3873 Dicendum,
1948 3791 2130 3883 quod
2205 3813 2441 3859 revera
2491 3812 2604 3857 es-

1045 3906 1262 3973 sentia
1300 3902 1532 3970 divina
1561 3901 2155 3972 communicabilis
2184 3910 2284 3968 est
2314 3923 2435 3991 per
2473 3922 2600 3989 ge-

1046 4014 1472 4081 nerationem
1504 4018 1570 4078 et
1601 4010 2136 4101 processionem,
2196 4008 2371 4074 sicut
2433 4028 2601 4096 pro·

1046 4121 1212 4190 bant
1287 4123 1582 4188 rationes
1642 4118 1862 4208 primo
1923 4115 2211 4183 inductae
2244 4137 2281 4181 ⁷:
2370 4123 2438 4182 et
2500 4120 2602 4181 est

1045 4225 1664 4302 communicabilis,
1711 4248 1846 4292 non
1878 4247 1998 4315 per
2026 4223 2336 4292 eamdem
2389 4223 2604 4290 ratio-

1049 4362 1207 4407 nem
1241 4346 1530 4413 tantum,
1573 4334 1691 4403 sed
1724 4358 1844 4425 per
1873 4334 2052 4402 idem
2083 4355 2230 4401 esse
2263 4355 2553 4400 numero
2582 4353 2597 4398 :

1049 4449 1208 4538 quia
1252 4446 1455 4514 l‘ater
1490 4454 1557 4511 et
1600 4442 1807 4509 Filius
1865 4451 1929 4508 et
1974 4441 2269 4532 Spiritus
2327 4450 2604 4510 sanctus

1053 4555 1230 4623 idem
1271 4578 1417 4622 esse
1449 4554 1760 4619 essentize
1801 4549 2078 4619 liabent.

1142 4667 1245 4732 An
1295 4684 1547 4730 rumim
1588 4684 1755 4749 ergo
1786 4659 2177 4738 dicendum,
2222 4661 2407 4750 quod
2477 4660 2606 4728 lioc

1046 4795 1287 4842 verum
1305 4781 1401 4839 est
1435 4774 1503 4839 in
1533 4769 1637 4837 liis
1668 4771 1736 4836 in
1758 4768 2007 4860 quibus
2026 4776 2128 4837 est
2157 4768 2477 4837 differens
2493 4793 2605 4837 es-

1047 4885 1264 4952 sentia
1296 4881 1562 4970 abipso
1621 4877 1805 4969 quod
1835 4887 1964 4959 est,
2010 4878 2119 4946 vel
2183 4878 2250 4946 in
2305 4900 2443 4968 quo
2475 4887 2601 4957 est,

1045 4991 1153 5059 vel
1186 4992 1256 5058 in
1288 4988 1535 5080 quibus
1564 4994 1666 5053 est
1696 4985 2081 5053 universale
2120 4994 2186 5053 et
2235 4984 2608 5075 particula-

1045 5120 1144 5180 re,
1180 5096 1365 5188 quod
1407 5095 1585 5163 idem
1618 5102 1718 5161 est
1761 5115 1778 5159 :
1833 5094 1995 5183 quia
2044 5095 2114 5159 in
2158 5092 2290 5159 illis
2331 5114 2471 5160 non
2502 5103 2606 5161 est

1046 5206 1504 5273 communitas
1541 5205 1665 5292 per
1692 5223 1840 5269 esse
1872 5208 1939 5268 et
1980 5222 2150 5276 rem,
2193 5199 2311 5267 sed
2343 5222 2464 5290 per
2502 5223 2607 5267 ra-

1044 5314 1301 5380 tionem
1334 5310 1552 5378 solam
1601 5333 1616 5378 :
1663 5310 1730 5375 in
1761 5307 2012 5375 divinis
2063 5316 2291 5375 autem
2333 5330 2473 5375 non
2503 5317 2605 5376 est

1047 5419 1142 5487 ita
1175 5440 1189 5486 :
1228 5428 1292 5487 et
1352 5418 1503 5484 ideo
1571 5416 1865 5484 essentia
1913 5438 2064 5506 quae
2105 5438 2175 5483 re
2214 5416 2602 5485 communis

1045 5537 1172 5606 est,
1207 5528 1411 5596 etiam
1452 5547 1576 5618 per
1601 5547 1750 5594 esse
1778 5533 1882 5593 est
1907 5525 2336 5594 communis:
2372 5532 2440 5593 et
2472 5523 2603 5592 hoc

1046 5639 1364 5707 convenit
1430 5637 1741 5705 essentiae
1812 5636 2059 5703 divinae
2124 5644 2402 5725 propter
2467 5634 2599 5703 hoc

2728 437 2913 528 quod
2944 449 3044 507 est
3076 440 3357 509 infinitae
3405 431 3880 532 simplicitatiS,
3951 444 4135 534 quod
4173 449 4270 513 sic

2723 554 2948 637 patet:
2996 545 3067 613 Si
3129 550 3423 616 essentia
3499 559 3718 618 ereata
3773 559 3946 619 esset
3984 554 4266 620 omnino

2721 654 3032 743 simplex,
3089 677 3211 722 nec
3276 667 3451 722 esset
3515 658 3870 725 divisibilis
3917 683 4036 750 per
4092 685 4264 740 esse,

2722 783 2845 829 nec
2909 783 3029 851 per
3093 763 3478 831 rationem:
3532 787 3684 831 cum
3744 778 3970 834 autem
4010 769 4268 859 aliquid

2720 865 2970 935 habeat
3017 867 3099 935 de
3129 869 3560 960 simplicitate
3590 881 3656 938 et
3686 895 3825 940 non
3855 873 3940 941 ad
3987 874 4266 966 plenum

4087 276 4268 358 *¹175

2721 977 2808 1042 sit
2836 976 3148 1066 simplex,
3221 980 3369 1067 ipsa
3426 979 3696 1069 quidem
3752 1004 3873 1071 per
3930 984 4262 1052 rationem
4311 1011 4317 1015 ⁴

2720 1094 3028 1153 remanet
3086 1086 3400 1167 indivisa,
3463 1089 3782 1158 dividitur
3847 1100 4072 1160 tamen
4147 1118 4267 1185 per

2720 1214 2867 1260 esse
2927 1194 2994 1259 in
3061 1202 3214 1261 actu
3272 1204 3532 1263 naturae
3564 1198 3675 1287 qui
3717 1207 3817 1265 est
3847 1202 4194 1288 generatio
4241 1225 4256 1270 :

2719 1303 3011 1366 essentia
3050 1299 3258 1390 igitur
3296 1301 3525 1369 divina
3565 1326 3714 1392 quae
3769 1306 3998 1373 omnia
4053 1308 4263 1376 vincit

2720 1408 3177 1498 simplicitate,
3224 1433 3348 1479 nec
3405 1434 3524 1501 per
3572 1414 3901 1482 rationem
3954 1439 4078 1484 nec
4140 1441 4264 1507 per

2720 1538 2867 1584 esse
2889 1515 3234 1585 dividitur.

2806 1623 2912 1691 An
2962 1647 3160 1693 amun
3200 1625 3587 1709 dicendum,
3621 1631 3806 1720 quod
3844 1631 3999 1701 licet
4044 1634 4113 1701 in
4152 1634 4260 1702 di-

2715 1732 2894 1800 vinis
2933 1756 3069 1801 non
3101 1733 3555 1827 distinguatur
3581 1761 3873 1828 persona
3903 1740 3987 1809 ab
4025 1766 4260 1813 essen·

2717 1841 2833 1919 tia,
2859 1863 2940 1910 eo
2980 1841 3163 1932 quod
3201 1843 3379 1913 inter
3405 1868 3764 1936 personam
3804 1859 3867 1917 et
3897 1854 4255 1919 essentiam

2715 1971 2854 2018 non
2910 1951 3107 2019 cadat
3153 1953 3499 2023 relationis
3561 1960 3897 2048 oppositio
3963 1983 3980 2028 ε
4048 1960 4253 2031 nihil-

2712 2057 2986 2125 ominus
3014 2082 3172 2128 vere
3201 2063 3472 2131 suntibi
3493 2087 3822 2155 personae,
3856 2077 3922 2135 et
3957 2091 4113 2138 vere
4144 2093 4257 2139 es-

4284 1683 4356 1730 Ad
4374 1686 4548 1744 obJect.
4558 1685 4602 1731 2·

2711 2164 2932 2233 sentia
2965 2187 2980 2234 :
3017 2173 3084 2233 et
3113 2165 3267 2236 ideo
3309 2192 3447 2238 non
3476 2181 3772 2262 oportet,
3801 2176 3984 2265 quod
4014 2177 4253 2245 eodem
4353 2235 4359 2241 .

2712 2272 2918 2342 modo
2958 2275 3384 2368 significandi
3432 2282 3631 2348 etiam
3690 2285 4060 2352 secundum
4109 2309 4252 2353 rem

2711 2381 3130 2473 significetur
3185 2395 3603 2479 utrumque:
3669 2391 3865 2459 realis
3920 2394 4100 2461 enim
4154 2395 4255 2461 si-

2711 2489 3059 2580 gnificatio
3106 2503 3234 2573 est,
3292 2517 3450 2562 cum
3489 2497 3754 2578 dicitur,
3808 2499 4106 2568 Persona
4146 2502 4255 2569 ‹li-

2709 2597 2953 2666 stincta
2989 2608 3145 2668 est:
3207 2610 3275 2670 et
3339 2603 3538 2671 realis
3600 2606 4031 2696 significatio,
4090 2631 4249 2676 cum

2709 2705 2978 2787 dicitur,
3014 2706 3324 2779 Essentia
3355 2735 3491 2780 non
3531 2712 4008 2804 distinguitur:
4067 2725 4254 2808 patet

2710 2815 2893 2882 enim
2930 2838 3013 2884 ex
3035 2840 3239 2909 supra
3277 2819 3498 2900 dictis,
3542 2821 3724 2913 quod
3755 2845 3860 2890 res
3889 2833 3989 2892 est
4018 2847 4256 2893 essen·

2710 2920 2894 3006 tiale,
2936 2931 3003 2991 et
3031 2924 3238 2993 etiam
3274 2928 3653 3018 personale.
3698 2928 3772 2997 Si
3813 2940 4037 3000 autem
4079 2955 4258 3024 qua·-

2711 3029 2906 3113 ritur,
2942 3030 3135 3101 Unde
3174 3032 3305 3102 hoc
3336 3037 3691 3127 contingit,
3715 3037 3898 3129 quod
3935 3039 4112 3108 idem
4153 3050 4255 3109 est

2707 3161 2746 3207 a
2779 3161 2917 3231 quo
2984 3163 3117 3210 non
3167 3141 3391 3213 dill'ert
3428 3144 3852 3216 differentia:
3904 3158 3970 3218 et
4023 3157 4253 3220 tamen

2707 3272 2846 3319 non
2907 3250 3035 3321 hoc
3091 3252 3277 3344 quod
3342 3256 3658 3324 convenit
3725 3258 3867 3333 uni,
3935 3262 4256 3329 convenit

2708 3358 2823 3427 alii
2851 3360 2888 3427 Ἰ
2927 3359 3332 3446 Dicendum,
3366 3361 3551 3454 quod
3577 3361 3708 3433 hoc
3744 3367 4064 3436 convenit
4098 3390 4257 3459 pro·

2709 3474 2860 3558 pter
2904 3465 3036 3537 hoc
3109 3467 3290 3559 quod
3355 3478 3457 3538 est
3534 3470 3602 3537 in
3677 3471 3924 3540 divinis
3976 3483 4255 3566 propter

2707 3572 2918 3653 aliud,
2951 3581 3017 3641 et
3056 3596 3195 3642 non
3236 3598 3357 3666 per
3401 3599 3499 3654 se,
3554 3585 3629 3645 ut
3665 3577 3720 3644 si
3754 3578 4039 3664 dicatur,
4084 3580 4254 3649 Per-

2705 3705 2876 3750 sona
2916 3705 3053 3752 non
3080 3682 3302 3751 ditl'ert
3330 3683 3558 3777 aliqua
3586 3685 3961 3756 differentia
4006 3688 4093 3757 ab
4140 3715 4253 3759 es-

2709 3792 2926 3860 sentia
2961 3812 2978 3858 :
3014 3789 3145 3858 hoc
3202 3814 3338 3860 non
3396 3793 3723 3885 contingit
3762 3796 3849 3874 ei,
3892 3798 4048 3888 quia
4106 3822 4255 3890 per·

2711 3923 2881 3969 sona
2909 3908 3037 3981 est,
3068 3909 3185 3969 aut
3216 3903 3375 3993 quia
3405 3904 3692 3972 essentia
3721 3914 3823 3974 est
3868 3929 3885 3974 :
3934 3906 4049 3975 sed
4082 3910 4247 3976 utri·

2708 4034 2841 4104 que
2908 4013 3242 4103 contingit
3306 4023 3578 4105 propter
3640 4016 3850 4096 aliud,
3900 4017 4082 4108 quod
4147 4029 4249 4087 est

2708 4141 2978 4188 summa
3050 4119 3449 4211 simplicitas
3507 4122 3686 4191 illius
3755 4132 4037 4205 naturae,
4097 4150 4248 4219 quae

2711 4250 2847 4295 non
2871 4227 3165 4296 admittit
3195 4227 3379 4319 quod
3422 4252 3708 4320 persona
3755 4254 3909 4300 cum
3956 4237 4247 4303 essentia

2709 4333 3223 4427 saciataliquam
3256 4339 3844 4429 compositionem.
3918 4339 4052 4410 Sed
4091 4343 4248 4434 quia

2711 4442 2825 4511 illa
2862 4444 3259 4535 simplicitas
3306 4469 3431 4516 nec
3484 4446 3567 4515 ab
3623 4451 3910 4518 essentia
3951 4450 4124 4519 tollit
4180 4452 4247 4520 id

2711 4551 2896 4642 quod
2929 4554 3248 4620 convenit
3322 4555 3380 4621 ei
3450 4555 3517 4622 in
3571 4564 3898 4646 quantum
3957 4562 4247 4627 essentia

2715 4667 2842 4737 est,
2886 4680 3010 4727 nec
3048 4680 3088 4725 a
3127 4681 3417 4749 persona
3483 4660 3548 4728 id
3595 4662 3776 4752 quod
3832 4668 4149 4733 convenit
4187 4669 4247 4735 ei

2715 4768 2783 4835 in
2829 4775 3160 4858 quantum
3217 4792 3506 4860 persona
3545 4779 3669 4849 est,
3736 4794 3874 4840 non
3913 4776 4244 4866 sequitur,

2712 4877 2899 4967 quod
2964 4878 3020 4945 si
3078 4899 3367 4968 persona
3423 4880 3508 4946 sit
3563 4881 4244 4968 incommunicabiliS,

2712 4983 2897 5074 quod
2928 4992 3204 5076 propter
3233 4984 3364 5053 hoc
3392 4989 3682 5055 essentia
3721 4990 3807 5056 sit
3866 4991 4255 5062 incommu-

2712 5092 3019 5161 nicabilis
3064 5116 3080 5161 ε
3113 5093 3233 5162 sed
3263 5096 3638 5163 secundum
3675 5099 3993 5189 antiquos
4019 5100 4251 5171 Theo-

2709 5201 2905 5292 logos
2943 5200 3180 5271 incidit
3209 5201 3468 5271 fallacia
3507 5205 3887 5275 accidentis.

2799 5310 2902 5378 An
2930 5332 3128 5378 Aaron
3155 5310 3542 5390 dicendum,
3578 5313 3757 5403 quod
3788 5317 4079 5385 essentia
4110 5341 4247 5387 non
4277 5345 4593 5407 μισῆσαι.

2706 5425 2810 5486 est
2849 5418 3270 5488 individuata
3304 5428 3371 5488 et
3399 5419 3842 5491 determinata
3880 5427 4248 5517 proprieta-

2708 5527 2890 5596 tibus
2954 5550 3428 5618 personarum,
3517 5553 3641 5599 nec
3722 5535 4245 5623 proprietatibus

2706 5657 3153 5726 personarum
3185 5636 3442 5706 tollitur
3468 5639 4122 5713 communicabilitas
4157 5647 4242 5716 ab
