4897 6388
439 2341 520 2389 Ad
544 2342 588 2390 2.

422 3524 496 3570 Ad
516 3526 560 3572 ⁸.

416 4372 487 4418 Ad
519 4374 561 4422 0.

413 5228 494 5279 Ad
518 5231 562 5280 ὗ.

721 297 851 362 432

615 474 618 476 ’
722 464 906 554 quod
944 467 1314 534 seeundum
1363 455 1788 533 intentiones
1825 465 2260 552 Sanctorum,

720 598 844 643 nec
882 576 1116 655 Filius,
1171 601 1293 644 nec
1327 576 1617 666 Spiritus
1664 584 1935 642 sanctus
1977 571 2268 645 mittitur

719 684 851 749 nisi
888 685 958 749 in
997 685 1212 774 gratia
1242 692 1510 773 gratum
1541 684 1824 750 faciente
1860 705 1874 747 ε
1911 706 2050 750 non
2081 686 2262 751 enim

725 790 1022 880 Spiritus
1062 800 1333 859 sanctus
1360 791 1614 858 donum
1655 791 1921 873 dicitur,
1966 793 2144 882 quod
2178 795 2264 859 si-

718 896 785 964 bi
819 899 1105 966 invicem
1145 899 1341 964 Pater
1369 907 1434 963 et
1490 897 1696 962 Filius
1727 896 1909 973 dant,
1945 897 2064 964 sed
2103 899 2259 987 quia

718 1005 916 1072 nobis
947 1005 1109 1073 dant
1160 1030 1314 1072 eum
1353 1030 1366 1071 ε
1404 1013 1466 1071 ct
1499 1027 1576 1071 eo
1629 1004 1830 1070 modo
1874 995 2117 1072 dieitur
2147 1005 2261 1070 Fi-

715 1111 849 1179 lius
888 1115 1093 1181 etiam
1143 1114 1361 1195 datus,
1396 1136 1534 1180 non
1582 1112 1763 1202 quod
1814 1121 2076 1179 tantum
2111 1101 2260 1179 =da—

715 1230 860 1288 tum
902 1223 987 1289 sit
1025 1221 1305 1312 aliquid,
1345 1221 1522 1311 quod
1563 1219 1850 1286 habetur
1888 1222 2031 1287 sine
2080 1223 2253 1311 ipso,

713 1328 831 1396 sed
876 1329 1037 1419 quia
1090 1331 1231 1419 ipse
1273 1330 1338 1393 iu
1397 1327 1552 1393 dato
1594 1326 1790 1394 datur
1832 1351 1846 1393 :
1891 1329 2061 1394 sicut
2087 1328 2255 1396 dici-

709 1446 846 1522 tur,
875 1437 1112 1505 Jacob.
1166 1461 1210 1514 1,
1254 1440 1291 1504 5
1347 1459 1359 1501 :
1417 1437 1498 1504 Si
1533 1437 1688 1525 quis
1734 1439 2026 1502 vestrum
2083 1437 2256 1503 incli-

705 1555 820 1635 μοι
868 1546 1235 1636 sapientia,
1289 1543 1591 1635 postulet
1650 1567 1693 1609 a
1751 1546 1915 1619 De0‚
1964 1545 2087 1633 qai
2132 1544 2256 1610 dat

708 1651 1024 1718 omnibus
1082 1651 1478 1740 affluenter,
1529 1658 1594 1716 et
1630 1672 1766 1714 non
1804 1650 2244 1741 improperat.

709 1758 903 1828 Unde
960 1758 1134 1837 dice,
1181 1758 1365 1849 quod
1415 1759 1479 1824 in
1523 1756 1652 1824 line
1703 1758 1846 1824 istae
1892 1758 2250 1826 missiones

705 1891 846 1936 non
886 1867 1419 1958 distinguuntur,
1454 1867 1570 1934 sed
1600 1868 1670 1932 in
1695 1875 1845 1934 actu
1881 1870 2242 1956 proximo':

705 1977 865 2067 quia
904 1975 1114 2044 Filius
1146 1976 1479 2043 illuminat
1510 1974 1946 2057 intellectum,
1980 1985 2050 2044 et
2089 1976 2246 2066 Spi-

706 2084 874 2152 ritus
913 2083 1216 2152 accendit
1245 2083 1582 2151 affectum.
1618 2081 1698 2150 Et
1731 2105 1849 2173 per
1886 2081 2017 2151 hoc
2067 2091 2244 2174 patet

703 2187 954 2259 solutio
985 2188 1070 2256 ad
1107 2189 1427 2280 primum.
2060 2181 2083 2197 ’

793 2297 900 2364 An
927 2320 1125 2364 amun
1154 2296 1538 2381 dicendum,
1572 2295 1754 2388 quod
1788 2296 1939 2363 linis
1978 2297 2241 2365 missio-

705 2404 812 2472 nis
850 2412 952 2472 est
988 2403 1455 2479 sanctificatio,
1504 2412 1571 2471 et
1616 2403 1921 2472 reductio
1955 2425 1971 2471 ε
2007 2410 2073 2472 et
2109 2403 2241 2472 hoc

700 2535 839 2580 non
866 2519 1133 2579 tantum
1173 2520 1274 2579 est
1314 2511 1604 2602 Spiritus
1634 2512 1846 2578 sancti
1884 2534 1899 2578 ε
1931 2512 2090 2602 quia
2130 2533 2221 2579 re·

695 2619 922 2687 ductio
972 2619 1133 2687 dicit
1188 2618 1647 2686 ostensionem
1701 2618 1857 2694 via»,
1890 2627 1957 2686 et
2011 2618 2231 2709 quoad

694 2725 825 2796 hoc
860 2736 962 2796 est
1017 2725 1164 2796 Filii
1200 2747 1216 2791 z
1261 2735 1325 2794 et
1370 2724 1531 2793 dicit
1561 2723 1989 2815 adeptionem
2035 2725 2225 2811 boni,

690 2843 755 2902 et
788 2832 1014 2925 quoad
1059 2832 1190 2901 hoc
1229 2841 1332 2901 est
1379 2833 1672 2923 Spiritus
1713 2832 1949 2917 sancti.
2007 2831 2227 2901 Simul

689 2945 872 3013 enim
906 2946 1269 3012 mittuntur
1312 2966 1327 3011 ε
1370 2966 1494 3011 nec
1522 2951 1748 3010 tamen
1788 2941 1958 3011 alter
1983 2952 2084 3012 est
2110 2943 2233 3011 im·

689 3052 1045 3144 perlectuS,
1098 3051 1205 3120 vel
1272 3059 1374 3119 est
1434 3051 1815 3142 superfluus
1867 3075 1885 3121 t
1931 3053 2089 3143 quia
2138 3053 2231 3121 ita

685 3167 953 3252 oportet
1022 3168 1298 3252 propter
1359 3158 1694 3250 duplicem
1775 3165 2031 3250 partem
2076 3160 2231 3230 ani-

686 3262 817 3347 ma·
854 3282 1130 3358 nostrae,
1164 3299 1318 3366 quae
1371 3284 1471 3344 est
1529 3275 1906 3344 intellectus
1961 3287 2029 3345 et
2064 3277 2226 3347 all'e-

685 3392 859 3457 etus.

776 3493 880 3560 An
946 3516 1142 3562 Αιιυυ
1189 3491 1574 3571 dicendum,
1631 3490 1814 3583 quod
1865 3490 2020 3562 licet
2065 3517 2226 3586 gra-

687 3602 780 3669 tia
820 3602 888 3669 in
939 3625 1215 3694 genere,
1274 3611 1340 3669 et
1397 3599 1618 3692 quoad
1676 3607 1901 3669 actum
1939 3604 2056 3694 qui
2123 3609 2224 3671 est

683 3715 952 3798 gratum
985 3706 1229 3789 faeere,
1274 3708 1359 3773 sit
1414 3705 1731 3774 attributa
1771 3715 1835 3774 et
1883 3709 2223 3777 ostensiva

684 3813 979 3905 Spiritus
1017 3815 1256 3892 saneti,
1291 3823 1515 3881 tamen
1548 3812 1691 3881 ltoec
1719 3816 1932 3906 gratia
1961 3816 2068 3886 vel
2107 3816 2222 3885 illa

682 3931 810 4002 est,
840 3922 952 3991 vel
991 3930 1211 4013 potest
1259 3945 1402 3990 esse
1460 3920 1856 3989 attributum
1923 3922 2071 3993 Filii
2105 3946 2122 3993 t
2158 3934 2225 3995 et

683 4028 835 4096 ideo
866 4052 1020 4095 cum
1053 4029 1286 4096 missio
1337 4028 1420 4093 sit
1453 4028 1519 4094 in
1577 4025 1936 4097 collatione
1989 4034 2220 4123 gratioe

681 4134 1104 4226 particularis
1134 4134 1216 4200 ad
1258 4131 1669 4202 intellectum
1728 4133 1837 4203 vel
1874 4136 2216 4225 affectum,

682 4241 833 4309 dico
863 4239 1044 4332 quod
1078 4250 1240 4307 tunc
1279 4239 1567 4307 mittitur
1592 4238 1825 4309 Filius,

773 4349 878 4414 Au
924 4369 1121 4414 Αιιιτιι
1169 4346 1553 4427 dicendum,
1612 4347 1795 4439 quod
1823 4348 1906 4417 ad
1959 4353 2215 4420 amicos

681 4454 1092 4520 constituere
1123 4451 1258 4519 duo
1299 4454 1682 4540 exiguntur,
1710 4453 1961 4524 seilicet
1980 4459 2217 4527 notitia

681 4558 996 4627 amicitiae
1037 4567 1103 4626 et
1133 4560 1357 4639 amici,
1390 4567 1454 4627 et
1484 4581 1719 4628 eorum
1746 4585 1866 4653 per
1888 4586 2040 4654 quae
2062 4588 2216 4634 con·

681 4662 969 4733 trahitur
998 4673 1063 4733 et
1079 4672 1518 4734 conservatur
1540 4668 1860 4748 amicitia,
1885 4677 1951 4738 et
1968 4668 2098 4741 hoc
2117 4681 2218 4741 est

687 4771 881 4839 Filii:
926 4780 991 4839 et
1019 4771 1201 4838 aliud
1241 4781 1340 4840 est
1378 4773 1559 4864 quod
1598 4783 1699 4842 est
1737 4798 1932 4844 amor
1985 4781 2211 4861 amici,

680 4886 747 4945 et
787 4877 1298 4946 fundamentum
1330 4882 1603 4965 amoriS,
1636 4881 1816 4973 quod
1845 4893 1944 4952 est
2007 4884 2216 4956 hone·

681 4994 863 5052 stum
884 4995 948 5053 et
969 5008 1125 5076 pars
1150 4983 1440 5067 honesti,
1463 4987 1703 5056 utdicit
1726 4988 2207 5083 l‘hilosophuS,

679 5100 747 5159 et
775 5091 998 5182 quoad
1053 5091 1181 5162 hoc
1221 5096 1509 5163 mittitur
1567 5094 1857 5186 Spiritus
1913 5110 2205 5172 sanetuS.

771 5199 874 5265 An
904 5222 1099 5267 Αιιυι)
1155 5199 1539 5286 dicendum,
1616 5204 1795 5294 quod
1857 5206 2211 5298 prophetia

684 5303 926 5372 dicitur
969 5306 1494 5398 quadrupliciter
1547 5308 1914 5379 secundum
1972 5316 2211 5406 Augu-

681 5409 959 5490 stinum,
1001 5412 1248 5482 seilicet
1293 5416 1549 5485 visione
1598 5418 1956 5507 corporali,
2006 5423 2210 5513 spiri-

751 5642 772 5680 ¹
805 5640 828 5699 1
857 5641 931 5698 ad
961 5643 1224 5701 Corinth.
1258 5662 1354 5714 ιιι,
1386 5648 1420 5702 4
1449 5650 1509 5703 et
1547 5665 1674 5721 seq.

1698 296 1782 365 D.
1832 295 2031 362 ALB.
2083 296 2300 365 MAG.
2352 298 2558 367 om).
2610 299 2906 368 PRAED.
2995 281 3001 286 ’

2370 471 2562 555 tuali,
2599 467 3060 553 intellectuali,
3085 478 3165 536 et
3192 492 3234 537 a
3261 469 3592 560 dignitate
3621 471 3730 537 vel
3761 495 3929 537 con-

2370 579 2656 666 gruitate
2675 578 3130 667 perceptionis
3169 586 3586 644 secretorum
3634 577 3751 642 Dei
3790 578 3928 643 :si-

2367 686 2712 753 cutdictus
2728 694 2829 752 est
2857 684 3208 751 Abraham
3234 683 3623 774 Prophet'ae,
3658 685 3738 751 de
3758 707 3921 775 quo,

2369 788 2609 856 Genes.
2664 813 2856 874 xvm,
2897 792 2975 858 17
3014 800 3081 858 et
3107 793 3214 872 18,
3249 790 3499 859 dicitur
3533 815 3547 859 :
3583 794 3769 859 Num
3792 815 3924 858 ce-

2372 897 2515 964 lare
2539 907 2772 987 potero
2803 898 3163 966 Abraham
3201 922 3354 989 quae
3380 911 3702 990 qesturus
3738 922 3918 976 sum,

2364 1027 2517 1070 cum
2536 1007 2823 1094 futurus
2840 1007 2931 1072 sit
2960 1008 3337 1096 in'qeutum
3357 1030 3711 1096 nmquam,
3739 1017 3863 1075 etc.
3891 1010 3922 1072 ‘3

2364 1122 2429 1178 et
2468 1114 2535 1177 in
2594 1112 2869 1180 Psalmo
2929 1136 3060 1191 ew,
3139 1115 3219 1182 15
3257 1136 3272 1179 :
3335 1116 3571 1190 Nolite
3646 1125 3921 1205 tarzqere

2367 1219 2668 1287 Christos
2705 1211 2910 1297 meos',
2950 1228 3016 1286 et
3044 1221 3119 1286 in
3181 1206 3576 1311 Prophetis,
3648 1230 3773 1289 etc.
3833 1220 3921 1288 Et

2363 1327 2586 1415 quoad
2617 1325 2747 1394 hoc
2785 1325 3107 1414 ultimum
3146 1326 3233 1393 ad
3273 1327 3703 1417 prophetiam
3764 1330 3915 1406 exi-

2358 1443 2610 1524 guntur
2638 1433 2799 1511 due,
2834 1432 3092 1501 scilicet
3148 1433 3587 1520 illuminatio,
3630 1444 3697 1502 et
3762 1460 3915 1527 gra-

2358 1544 2447 1609 tia
2477 1549 2744 1631 gratum
2779 1541 3032 1610 faciens
3064 1565 3081 1609 ε
3118 1549 3187 1610 et
3215 1542 3417 1610 inilla
3449 1539 3596 1610 s'ola
3624 1542 3915 1634 prophe-

2355 1651 2446 1718 tia
2478 1657 2580 1717 est
2644 1648 2984 1739 completa
3044 1650 3311 1731 missio,
3373 1673 3512 1718 non
3553 1659 3781 1718 autem
3840 1652 3910 1717 in

2355 1757 2503 1824 aliis
2534 1757 2769 1836 tribuS,
2805 1758 2934 1825 nisi
2992 1757 3370 1825 secundum
3440 1759 3652 1849 quid:
3727 1759 3910 1827 aliud

2355 1865 2535 1930 enim
2569 1862 2921 1932 infundere
2951 1872 3055 1933 est
3077 1863 3599 1944 revelationem,
3627 1873 3694 1932 et
3722 1865 3905 1933 aliud

2352 1980 2451 2037 est
2483 1972 2549 2036 in
2582 1970 2797 2060 ipsam
2827 1970 3133 2038 animam
3162 1972 3568 2060 sapientiam
3589 1994 3662 2039 se
3683 1981 3909 2039 trans-

2350 2073 2518 2142 ferre
2546 2097 2561 2141 ε
2606 2074 2675 2140 in
2694 2076 2914 2164 primo
2945 2075 3129 2142 enim
3150 2097 3292 2141 non
3318 2075 3907 2165 'mittitursapien-

2348 2182 2437 2248 tia
2477 2181 2603 2248 nisi
2639 2180 3015 2250 seeundum
3048 2181 3239 2272 quid,
3266 2176 3651 2251 insecundo
3671 2193 3899 2252 autem

2295 2290 2636 2357 'mittitur
2662 2283 3083 2380 simpliciter.
3160 2303 3163 2310 '
3242 2293 3243 2300 '

4144 465 4189 494 ss

2392 2398 2534 2466 ,An
2565 2420 2761 2465 Αιιυι)
2801 2396 3195 2478 dicendum,
3256 2398 3444 2488 quod
3511 2398 3893 2466 distributio
3949 2446 4018 2490 M
4038 2447 4208 2506 omnen.

2342 2504 2649 2571 omnium
2681 2502 3020 2573 donorum
3084 2504 3548 2595 spiritualium
3605 2507 3894 2597 pertinet

2340 2611 2421 2677 ad
2468 2611 2798 2701 Spiritum
2865 2619 3182 2680 sanctum
3249 2613 3627 2681 secundum
3707 2614 3890 2682 illam

2338 2721 2818 2811 proprietatem
2860 2719 3186 2811 SpirituS,
3228 2720 3415 2811 quod
3471 2723 3619 2790 unit
3684 2732 3752 2790 et
3786 2722 3895 2789 vi-

2336 2828 2564 2895 viticat
2593 2850 2838 2917 corpus
2868 2828 3235 2918 mysticum
3268 2849 3284 2895 :
3329 2829 3490 2920 quia
3530 2829 3599 2896 in
3641 2829 3753 2898 illa
3788 2853 3895 2897 ra·

2339 2936 2544 3011 tione,
2579 2934 2753 3002 sicut
2780 2941 3012 3002 noster
3028 2934 3310 3024 spiritus
3334 2934 3573 3003 dividit
3605 2936 3892 3028 singulis

2338 3038 2662 3107 membris
2700 3039 3315 3132 proportionabilia
3353 3041 3510 3122 sibi,
3551 3043 3646 3109 ita
3678 3041 3892 3133 Spiri-

2335 3155 2444 3215 tus
2482 3156 2753 3216 sanctus
2789 3147 3035 3217 uniens
3064 3146 3471 3235 Ecclesiam,
3492 3148 3732 3217 dividit
3761 3150 3890 3218 do·

2336 3278 2424 3323 na
2462 3264 2663 3347 prout
2689 3254 2836 3323 vult
2872 3278 2890 3323 t
2924 3256 3046 3324 sed
3073 3263 3308 3326 tamen
3351 3257 3498 3348 ipsa
3548 3257 3729 3327 dona
3767 3281 3890 3349 per

2334 3387 2406 3431 se
2436 3361 2884 3443 considerata,
2933 3363 3309 3454 aliquando
3349 3365 3721 3433 ostendunt
3770 3364 3887 3433 Fi-

2333 3472 2502 3540 lium
2535 3494 2551 3540 :
2595 3478 2661 3540 et
2689 3472 2760 3540 in
2798 3470 2927 3540 hac
2955 3473 3222 3541 ratione
3252 3471 3556 3565 loquitur
3582 3476 3887 3567 Aposto-

2331 3576 2436 3643 lus
2469 3576 2518 3654 ¹,
2585 3585 2660 3644 ut
2739 3583 2925 3668 patet
2979 3576 3274 3646 intuenti
3339 3578 3885 3647 circumstantias

2328 3683 2624 3751 Litterae.

2417 3790 2523 3857 An
2556 3812 2754 3858 Αιιυυ
2777 3790 3171 3871 dicendum,
3203 3790 3389 3883 quod
3420 3792 3594 3861 sicut
3630 3790 3888 3883 proba-

2329 3908 2472 3968 tum
2514 3909 2638 3978 est,
2674 3900 2764 3967 ita
2792 3901 3041 3991 opinor
3089 3899 3281 3969 illam
3326 3901 3720 3993 opinionem
3749 3901 3887 3969 sal-

2327 4032 2474 4077 sam
2512 4033 2684 4078 0888·

2598 4556 2605 4562 ⁸
2695 4465 3205 4538 Anrlcctus
3282 4469 3505 4538 xvn.

2323 4681 2429 4745 An
2462 4679 2759 4768 coquitio
2789 4690 3029 4747 nostro
3075 4681 3171 4749 sit
3194 4681 3685 4753 substantiolis
3721 4687 3884 4752 mis-

2408 4788 2615 4866 sioni,
2650 4788 2748 4854 ita
2777 4788 2970 4879 quod
3004 4789 3105 4856 ad
3137 4791 3529 4858 missionem
3560 4794 3885 4882 exiqatm·

2412 4894 2710 4984 coquitio
2737 4893 2780 4963 P
2816 4906 2882 4963 et
2912 4906 3150 4965 utrum
3181 4896 3447 4990 aliquis
3472 4900 3645 4967 scire
3660 4910 3884 4991 potest

2411 5026 2499 5068 αη
2540 5001 2697 5070 odio
2738 5002 2848 5071 vel
2871 5026 3110 5072 amore
3139 5005 3395 5095 diqmes
3421 5008 3514 5075 sit
3537 5005 3580 5075 P

2406 5321 2665 5391 Deinde
2709 5326 3041 5415 quaeritur
3077 5325 3161 5394 de
3219 5326 3354 5396 hoc
3411 5329 3593 5421 quod
3652 5330 3867 5402 dicit:

2323 5453 2357 5493 ι
2390 5431 2486 5496 Et
2512 5438 2672 5498 tunc
2711 5432 3085 5524 unicuique
3112 5436 3423 5504 mittitur
3438 5461 3592 5506 cum
3626 5464 3669 5507 a
3697 5464 3873 5532 quo-

3996 3825 4130 3873 Ad&
