4897 6388
373 495 558 544 solutio.

371 4716 439 4759 Ad
467 4716 510 4760 2.

655 294 784 362 528

749 459 1062 529 Somno.
1111 460 1516 537 Dicendum,
1570 459 1754 550 quod
1808 459 2206 526 nullawatio

657 571 864 635 totius
892 578 961 636 et
989 569 1177 636 nulla
1208 570 1381 637 ratio
1413 569 1626 658 partis
1657 577 1759 635 est
1788 570 1857 634 in
1905 568 2150 635 divinis
2185 590 2199 633 :

655 683 720 741 et
778 675 908 743 hoc
970 676 1124 744 ideo
1186 684 1313 755 est,
1376 676 1536 765 quia
1588 697 1792 742 omne
1847 683 2065 741 totum
2124 697 2206 741 ex

653 786 793 851 suis
824 784 1130 875 partibus
1161 785 1622 873 compositum
1656 791 1778 862 est,
1829 792 1896 850 et
1944 781 2072 849 hoc
2111 781 2207 847 di-

652 912 731 957 co
763 892 818 957 si
849 912 1005 958 vere
1046 899 1269 958 totum
1303 897 1404 957 est
1448 913 1463 956 :
1499 913 1656 980 pars
1696 898 1922 956 autem
1965 890 2207 977 imper-

650 996 824 1064 fecta
855 1007 955 1064 est
1002 997 1087 1064 ad
1153 1021 1354 1064 suum
1423 1005 1697 1064 totum:
1769 1007 1832 1063 et
1890 1005 2203 1064 neutrum

651 1103 926 1170 illorum
958 1106 1286 1195 competit
1334 1103 1634 1171 divinis:
1684 1106 1841 1194 quia
1891 1103 2207 1195 simplici-

650 1222 749 1280 tas
783 1222 1119 1304 repugnat
1157 1214 1405 1304 primo,
1442 1213 1764 1303 perfectio
1805 1223 2030 1280 autem
2089 1235 2202 1280 re-

649 1330 912 1412 pugnat
938 1322 1264 1390 secundo.

736 1428 1088 1497 Dicsxonai
1119 1453 1284 1521 ergo
1307 1429 1392 1497 ad
1409 1432 1736 1520 primum,
1771 1430 1948 1520 quod
1984 1453 2203 1497 essen-

647 1541 740 1608 tia
772 1540 1001 1608 divina
1031 1540 1437 1631 praedicatur
1486 1542 1869 1609 conversim
1926 1541 2009 1608 de
2053 1564 2203 1631 per-

647 1668 838 1714 sona.
876 1647 1036 1715 Haec
1068 1648 1251 1715 enim
1284 1654 1385 1714 est
1413 1670 1600 1726 vera,
1628 1648 1831 1715 Pater
1850 1655 1950 1715 est
1979 1670 2201 1715 essen-

646 1757 736 1822 tia
775 1755 1104 1835 divina,et
1143 1745 1436 1824 essentia
1467 1757 1699 1823 divina
1727 1765 1826 1824 est
1865 1756 2086 1825 Pater.
2125 1757 2196 1825 Si

644 1870 871 1931 autem
903 1864 1000 1932 sic
1029 1862 1395 1952 objiciatur
1422 1887 1438 1930 ε
1474 1863 1679 1932 Pater
1709 1874 1808 1932 est
1873 1866 2197 1956 quidquid

643 1979 742 2037 est
790 1972 1084 2038 essentia
1142 1971 1399 2050 divina,
1448 1970 1674 2040 adhuc
1718 1995 1883 2041 vera
1950 1981 2096 2040 est:
2132 1982 2199 2040 et

639 2080 696 2144 si
726 2079 1134 2167 procedatur
1164 2077 1799 2155 ulterius,Essentia
1836 2080 2064 2148 divina
2097 2088 2198 2147 est

640 2184 850 2253 Filius
884 2208 899 2253 :
935 2209 1099 2277 ergo
1144 2185 1347 2254 Pater
1402 2195 1504 2254 est
1544 2186 1806 2255 Filius:
1867 2188 2027 2254 satis
2083 2209 2197 2276 pa-

643 2300 756 2371 tet,
804 2293 990 2384 quod
1046 2301 1353 2361 mutatur
1406 2293 1571 2384 quid
1637 2294 1709 2361 in
1776 2294 1860 2361 ad
1912 2293 2188 2384 aliquid.

647 2399 836 2467 Unde
880 2423 1018 2468 nou
1073 2400 1386 2491 sequitur
1440 2410 1945 2490 argumentum.
1999 2400 2192 2468 Unde

639 2505 967 2596 quidquid
999 2515 1100 2574 est
1123 2508 1418 2574 essentia
1465 2506 1695 2574 divina
1733 2516 1834 2574 est
1874 2506 2093 2586 Pater,
2128 2514 2196 2574 et

636 2636 671 2679 e
706 2635 1063 2681 converso,
1112 2613 1185 2680 Si
1229 2622 1460 2681 autem
1493 2613 1612 2681 fiat
1657 2612 1788 2682 hoc
1835 2637 2193 2706 argumen-

635 2727 780 2786 tum
813 2719 895 2786 de
925 2717 1059 2788 hoc
1088 2722 1395 2803 nomine,
1434 2720 1759 2806 Τνίηἰιαε,
1808 2721 1901 2789 sic
1936 2742 1952 2788 :
1989 2721 2191 2789 Pater

633 2837 735 2895 est
763 2828 1022 2920 aliquid
1057 2829 1434 2907 Trinitatis»,
1486 2838 1554 2897 et
1599 2853 1738 2898 non
1787 2838 1930 2898 tota
1967 2831 2186 2898 Trini-

634 2947 774 3007 tas:
819 2960 982 3029 ergo
1012 2946 1116 3006 est
1144 2961 1302 3030 pars
1336 2938 1715 3007 Trinitatis.
1777 2938 2182 3018 Dicendum,

634 3045 820 3135 quod
850 3043 996 3112 haec
1027 3054 1130 3113 est
1158 3045 1354 3130 falsa,
1392 3045 1597 3113 Pater
1628 3054 1733 3120 ,est
1771 3045 2025 3137 aliquid
2050 3046 2189 3114 Tri·

630 3154 860 3222 nitatis
906 3177 922 3221 ε
968 3154 1130 3244 quia
1166 3153 1236 3245 ly
1284 3152 1567 3245 aliquid
1619 3162 1810 3223 notat
1875 3155 2186 3245 partitio-

627 3285 811 3332 nem.
847 3262 921 3331 Si
962 3271 1191 3332 autem
1223 3263 1320 3331 sic
1351 3272 1773 3355 proponatur
1800 3287 1815 3331 z
1857 3263 2056 3332 Pater
2083 3274 2183 3333 est

627 3370 871 3461 aliquis
898 3370 1275 3451 Trinitatis,
1309 3366 1472 3439 tunc
1501 3379 1604 3439 est
1625 3393 1808 3438 vera.
1842 3371 1915 3438 Si
1948 3380 2183 3462 postea
2225 3419 2230 3425 ,

630 3477 1039 3568 procedatur
1074 3476 1361 3546 ulterius
1392 3480 1492 3546 sic
1525 3500 1542 3546 ε
1576 3478 1694 3546 Est
1733 3478 1980 3568 aliquis
2031 3478 2182 3546 Tri-

627 3588 883 3671 nitatis,
931 3598 997 3656 et
1046 3610 1187 3655 non
1243 3595 1388 3655 tota
1442 3586 1787 3655 Trinitas:
1850 3610 2013 3678 ergo
2081 3597 2181 3656 est

627 3719 781 3785 pars
816 3695 1167 3763 Trinitatis
1219 3715 1235 3760 :
1272 3696 1418 3782 jam
1467 3716 1671 3784 supra
1703 3694 2000 3762 solutum
2030 3703 2173 3763 est:

625 3804 783 3893 quia
829 3801 1011 3891 quod
1072 3801 1277 3869 Pater
1317 3824 1457 3870 non
1509 3810 1609 3869 est
1658 3811 1800 3869 tota
1859 3802 2174 3879 Trinitas,

627 3910 755 3976 hoc
787 3931 925 3975 non
990 3906 1273 3998 impedit
1340 3909 1569 3976 unitas
1622 3908 1990 4000 Trinitatis,
2060 3909 2177 3976 sed

629 4015 981 4108 pluralitas
1008 4036 1454 4104 personarum
1504 4015 1884 4107 significata
1916 4017 1983 4082 in
2050 4014 2178 4084 lnoc

624 4124 930 4198 nomine,
972 4121 1269 4189 Trinitas
1301 4143 1325 4189 .·
1364 4121 1545 4190 unde
1575 4145 1657 4190 ex
1705 4123 1835 4191 hoc
1892 4145 2026 4190 non
2079 4148 2180 4191 se-

629 4232 884 4322 quitur,
917 4228 1102 4320 quod
1135 4227 1337 4296 Pater
1372 4231 1458 4298 sit
1514 4254 1670 4323 pars
1713 4255 1728 4300 ε
1776 4231 1889 4300 sed
1957 4235 2177 4323 sequi-

625 4347 759 4415 tur,
814 4337 998 4427 quod
1063 4337 1263 4404 Pater
1310 4360 1449 4406 non
1507 4349 1610 4408 est
1657 4349 1778 4423 tot,
1826 4351 1986 4431 quot
2019 4352 2177 4408 sunt

623 4454 759 4512 tres
808 4444 1011 4511 simul
1063 4446 1234 4511 uniti
1283 4448 1348 4511 in
1425 4469 1563 4513 una
1621 4450 1934 4529 essentia,
2004 4450 2173 4516 sicut

622 4554 920 4620 diximus
968 4575 1196 4641 supra.
1666 4555 1668 4558 ⁴

715 4664 818 4729 An
847 4685 1046 4730 amun
1085 4662 1476 4743 dicendum,
1510 4664 1694 4755 quod
1726 4663 1869 4733 liaec
1933 4689 2177 4757 propo-

627 4772 804 4847 sitio,
840 4769 1187 4860 Quidquid
1221 4780 1611 4838 removetur
1628 4772 1712 4838 ab
1738 4771 2169 4862 alique,etc.,

629 4879 1024 4965 intelligitur
1070 4878 1189 4955 sic,
1263 4877 1443 4967 quod
1504 4877 1666 4945 illud
1733 4881 1817 4945 sit
1883 4880 1951 4946 in
2026 4883 2171 4970 ipso

626 4988 796 5054 sicut
828 4984 1085 5053 habens
1123 5008 1268 5053 esse
1319 4996 1472 5052 actu
1533 4987 1601 5053 in
1658 4986 1773 5055 illo
1812 4996 1876 5054 et
1926 5011 2062 5055 non
2104 4991 2169 5056 in

625 5118 694 5161 se
741 5117 755 5161 ε
798 5096 969 5161 sicut
1009 5117 1126 5184 pes
1167 5094 1237 5160 in
1305 5093 1611 5175 Socrate,
1683 5095 1789 5163 vel
1847 5095 1978 5163 alia
2018 5119 2171 5187 pars

627 5203 692 5267 in
722 5224 845 5268 suo
888 5209 1052 5268 tot0.
1092 5200 1206 5267 Sic
1245 5208 1475 5268 autem
1517 5224 1822 5292 personae
1865 5226 1999 5271 non
2059 5203 2174 5271 lia-

622 5310 782 5377 bent
804 5333 875 5376 se
904 5311 972 5376 in
999 5310 1327 5377 'l'rinitate
1354 5332 1370 5376 ε
1405 5312 1565 5400 quia
1598 5311 1666 5378 in
1685 5312 2008 5381 Trinitate
2033 5335 2169 5380 non

624 5416 874 5484 liabent
906 5440 1051 5484 esse
1093 5416 1161 5482 in
1202 5418 1512 5506 potentia
1547 5440 1561 5484 ε
1602 5441 1723 5488 nec
1750 5419 2040 5487 Trinitas
2071 5432 2170 5487 est

625 5527 693 5592 in
733 5527 856 5607 eis,
899 5526 1070 5591 sicut
1103 5533 1324 5591 totum
1368 5526 1437 5592 in
1470 5529 1775 5614 partibus
1810 5551 1826 5592 ε
1886 5529 2000 5597 sed
2042 5551 2172 5619 po-

626 5635 758 5701 tius
786 5658 1092 5725 persona·
1136 5634 1609 5723 significantur
1658 5638 1723 5704 iu
1769 5636 1898 5704 hoc
1944 5639 2170 5705 nomi-

1661 293 1743 360 D.
1799 292 1998 360 ALB.
2050 290 2263 360 MAG.
2316 290 2522 361 ORD.
2575 291 2870 359 PRAED.

2311 482 2420 544 ne,
2458 461 2777 541 Trinitas,
2809 459 2981 526 sicut
3000 458 3200 526 simul
3234 464 3518 550 sumpta}
3555 478 3569 521 ε
3609 455 3849 534 etjdeo

2311 566 2632 658 quaelibet
2658 591 2791 636 una
2849 591 3075 659 perse
3123 575 3394 657 sumpta
3463 572 3851 632 removetur

2311 677 2721 757 aTrinitate,
2765 686 2830 745 et
2871 678 3162 745 Trinitas
3218 676 3301 743 ab
3355 698 3484 743 ea:
3555 681 3621 740 et
3670 671 3848 738 illius

2310 804 2513 848 causa
2540 784 2686 871 jam
2714 782 2890 849 dicta
2917 790 3040 850 est.

2396 889 2501 955 An
2535 912 2731 956 Anum
2759 889 3147 975 dicendum,
3182 890 3365 981 quod
3412 886 3567 978 hoc]
3592 894 3695 954 est
3735 907 3847 953 ve-

2311 1018 2487 1079 rum,
2524 997 2707 1086 quod
2734 997 2869 1064 duo
2909 1006 3068 1065 sunt
3116 997 3341 1087 plures
3390 1020 3527 1064 uno
3566 1017 3580 1062 t
3630 1003 3697 1061 et
3750 993 3845 1058 sic

2309 1102 2478 1171 bene
2509 1105 2829 1190 conced0,
2864 1106 3046 1195 quod
3079 1105 3228 1173 duae
3262 1126 3570 1196 personae
3601 1124 3845 1170 nume-

2308 1233 2382 1278 ro
2426 1235 2628 1302 quem
2686 1212 2938 1298 faciunt
2987 1212 3370 1290 relationeS,
3417 1219 3576 1279 sunt
3625 1209 3848 1300 plures

2306 1342 2442 1387 una
2476 1342 2491 1387 :
2536 1321 2654 1389 sed
2691 1330 2919 1389 tamen
2960 1345 3096 1389 una
3133 1344 3271 1389 non
3328 1330 3430 1388 est
3475 1342 3630 1410 pars
3686 1318 3851 1385 dua·

2308 1450 2486 1505 rum,
2522 1450 2646 1495 nec
2675 1428 2895 1495 unitas
2935 1428 3051 1495 illa
3082 1435 3181 1496 est
3222 1449 3377 1518 pars
3424 1425 3669 1493 binarii
3737 1423 3854 1491 ali-

2306 1535 2521 1622 cujus.
2555 1534 2640 1601 Et
2685 1533 2817 1603 hoc
2846 1543 3028 1625 patet
3065 1538 3158 1603 sic
3194 1556 3210 1601 ε
3272 1534 3351 1601 In
3417 1531 3849 1602 inferioribus

2305 1650 2407 1708 est
2470 1641 2690 1709 forma
2753 1640 3212 1709 substantialis
3285 1641 3844 1731 uniuscujusque,

2305 1750 2495 1838 cujus
2535 1758 2722 1817 actus
2767 1759 2869 1817 est
2920 1772 3061 1818 rem
3111 1751 3180 1816 in
3226 1771 3298 1816 se
3362 1750 3728 1816 terminare
3785 1755 3852 1815 et

2303 1880 2615 1948 separare
2645 1857 2729 1925 ab
2780 1857 2928 1925 aliis
2976 1861 3047 1925 in
3106 1857 3354 1948 quibus
3408 1880 3550 1925 non
3597 1863 3699 1925 est
3744 1880 3850 1925 ea-

2304 1965 2458 2032 dem
2499 1965 2722 2034 forma
2777 1988 3063 2034 numero
3129 1989 3250 2057 per
3322 1973 3610 2034 actum:
3681 1987 3846 2055 ergo

2302 2072 2537 2142 formae
2575 2073 2778 2154 illius,
2810 2075 3067 2144 scilicet
3095 2083 3321 2143 actum
3378 2076 3495 2166 qui
3526 2082 3627 2142 est
3676 2074 3745 2141 in
3774 2095 3846 2142 se

2311 2184 2674 2250 terminare
2697 2191 2763 2250 et
2789 2181 2874 2249 ab
2906 2180 3054 2249 aliis
3084 2182 3408 2263 dividere,
3442 2181 3601 2250 facit
3627 2183 3842 2272 ipsam

2299 2313 2443 2358 rem
2501 2312 2647 2359 esse
2688 2313 2924 2370 unam,
2984 2300 3053 2360 et
3094 2300 3197 2360 est
3259 2293 3485 2359 unitas
3534 2291 3720 2379 ejus:
3777 2298 3845 2358 et

2298 2398 2452 2466 ideo
2483 2399 2643 2489 quia
2677 2398 2807 2467 illae
2844 2401 3136 2467 unitates
3165 2421 3314 2489 quae
3366 2407 3524 2466 sunt
3564 2399 3637 2464 in
3674 2397 3839 2465 dua·

2299 2506 2427 2574 bus
2457 2507 2658 2575 rebus
2698 2515 2764 2576 et
2818 2516 3326 2599 consequuntur
3384 2507 3638 2575 formas
3675 2505 3842 2574 sub-

2294 2613 2664 2694 stantialeS,
2735 2637 2876 2683 non
2931 2623 3092 2684 sunt
3159 2638 3322 2697 una,
3381 2638 3505 2684 nec
3567 2638 3832 2683 unum:

2293 2721 2445 2789 ideo
2476 2723 2804 2813 sequitur,
2840 2723 3023 2814 quod
3050 2724 3277 2791 unitas
3317 2723 3512 2791 istius
3578 2731 3645 2791 et
3682 2723 3838 2790 uni-

2294 2835 2393 2895 tas
2470 2827 2649 2896 illius
2703 2838 3110 2920 aggregatae‚
3160 2829 3414 2899 faciunt
3467 2828 3831 2909 binarium,

2290 2944 2356 3003 et
2410 2942 2544 3004 tres
2589 2938 2988 3023 ternarium,
3038 2945 3107 3005 et
3162 2938 3259 3006 sic
3333 2934 3675 3028 deinceps,
3725 2960 3837 3006 se-

2290 3041 2588 3110 cundum
2645 3041 2829 3134 quod
2884 3041 3346 3135 Philosophus
3410 3043 3596 3122 dicit,
3649 3044 3833 3134 quod

2292 3175 2650 3221 numerum
2717 3154 3195 3245 cognoscimus
3277 3153 3609 3222 divisione
3674 3176 3834 3223 con·

2296 3262 2497 3333 tinui.
2578 3260 2654 3329 ln
2712 3261 2959 3329 divinis
3014 3272 3241 3331 autem
3307 3262 3600 3331 essentia
3689 3285 3826 3331 non

2289 3368 2554 3449 dividit,
2622 3369 2739 3438 sed
2805 3372 3030 3461 potius
3086 3371 3232 3438 unit
3308 3392 3632 3461 personas
3688 3392 3705 3437 :
3762 3380 3828 3439 et

2286 3474 2436 3543 ideo
2469 3476 2691 3544 unitas
2720 3498 3025 3566 personae
3056 3485 3133 3545 ut
3159 3499 3476 3568 persona,
3532 3499 3672 3544 non
3728 3485 3830 3546 est

2284 3586 2600 3665 essentia,
2633 3585 2748 3653 sed
2795 3586 2984 3653 notio
3017 3584 3125 3654 vel
3165 3584 3403 3654 relatio
3468 3584 3827 3677 distinguit

2285 3693 2352 3759 in
2393 3691 2665 3770 divinis,
2699 3702 2764 3760 et
2801 3692 2956 3761 facit
2986 3691 3128 3761 haec
3158 3695 3346 3762 notio
3376 3692 3484 3762 vel
3517 3692 3632 3761 illa
3666 3693 3825 3760 uni-

2283 3808 2491 3869 tatem
2526 3822 2853 3892 personae,
2907 3800 3065 3870 facit
3104 3804 3287 3870 enim
3338 3824 3695 3894 personam
3752 3803 3822 3869 in

2282 3909 2568 3976 existere
2623 3916 2689 3976 et
2744 3908 3129 3978 distinctam
3179 3908 3266 3977 ab
3306 3908 3486 3977 alia:
3545 3918 3614 3978 et
3666 3907 3820 3978 ideo

2282 4013 2421 4083 liaec
2452 4038 2739 4106 persona
2793 4024 2858 4084 et
2909 4016 3022 4084 illa
3079 4025 3237 4084 sunt
3294 4016 3448 4085 duae
3513 4039 3818 4108 persona}

2282 4146 2566 4191 numero
2600 4126 2957 4192 notionum
3005 4147 3021 4192 τ
3065 4124 3183 4193 sed
3220 4125 3380 4215 quia
3423 4126 3614 4193 notio
3682 4149 3816 4195 non

2278 4229 2519 4299 dividit
2590 4253 2947 4321 personam
3014 4253 3053 4299 a
3128 4254 3419 4323 persona
3451 4233 3820 4302 essentiali-

2281 4346 2403 4421 ter,
2466 4339 2615 4405 ideo
2656 4360 2791 4405 non
2822 4337 3221 4428 simpliciter
3275 4338 3432 4406 facit
3472 4338 3817 4430 pluralita-

2280 4455 2471 4516 tem:
2524 4470 2686 4538 ergo
2752 4469 2875 4515 nec
2941 4447 3342 4539 simpliciter
3404 4448 3565 4517 facit
3617 4448 3818 4516 bina·

2281 4556 2514 4621 rium:
2578 4553 2754 4621 unde
2812 4553 2966 4621 licet
3022 4555 3091 4621 in
3153 4553 3402 4622 divinis
3483 4556 3619 4622 sint
3670 4554 3821 4624 duae

2278 4684 2606 4752 personae,
2654 4684 2789 4729 non
2839 4668 3064 4729 tamen
3114 4661 3416 4729 binarius
3458 4684 3476 4729 ε
3541 4669 3607 4729 et
3671 4663 3823 4731 licet

2279 4775 2367 4843 ibi
2391 4779 2477 4845 sit
2507 4777 2857 4869 pluralitas
2884 4800 3357 4869 personarum,
3425 4800 3564 4846 non
3596 4785 3821 4846 tamen

2277 4886 2642 4955 multitudo
2680 4909 2695 4954 :
2730 4896 2794 4955 et
2825 4887 2978 4956 ideo
3019 4911 3153 4956 non
3188 4895 3355 4979 puto
3386 4909 3531 4955 esse
3577 4910 3824 4957 conce-

2276 4992 2598 5074 dendum,
2633 4994 2815 5084 quod
2861 5018 3077 5063 unum
3131 4996 3197 5062 in
3230 4994 3479 5062 divinis
3521 4995 3609 5062 sit
3664 5018 3819 5087 pars

2274 5103 2566 5171 duorum
2597 5105 2798 5172 etiam
2831 5105 3142 5186 discreta,
3202 5106 3378 5174 sicut
3438 5106 3665 5175 unitas
3720 5116 3821 5176 est

2274 5233 2427 5299 pars
2457 5209 2699 5278 binarii
2729 5210 2837 5280 vel
2865 5213 3142 5280 ternarii
3180 5232 3197 5279 ε
3231 5212 3350 5279 sed
3424 5211 3597 5281 bene
3661 5236 3822 5282 con-

2273 5317 2464 5396 ced0,
2499 5317 2680 5409 quod
2708 5341 2845 5385 una
2872 5340 3159 5408 persona
3191 5324 3291 5385 est
3341 5341 3479 5387 non
3519 5327 3620 5388 tot
3649 5321 3822 5389 sicut

2272 5424 2418 5493 duae
2452 5425 2557 5493 vel
2596 5433 2755 5509 tres,
2798 5433 2863 5492 et
2892 5424 3041 5492 duae
3081 5447 3215 5492 non
3264 5433 3363 5494 tot
3416 5428 3589 5496 sicut
3655 5438 3814 5509 treS,

2270 5554 2395 5599 nec
2442 5533 2534 5600 ita
2572 5534 2764 5622 pauci
2813 5533 2987 5599 sicut
3042 5554 3229 5599 una:
3281 5536 3441 5623 quia
3491 5556 3816 5603 numerus

2271 5661 2474 5730 quem
2542 5638 2698 5706 facit
2761 5639 2949 5707 notio
3026 5638 3095 5705 in
3159 5638 3432 5721 divinis,
3520 5665 3659 5711 non
3716 5649 3818 5711 est

3952 906 4022 949 :td
4051 905 4092 952 3.
