4897 6388
1974 369 2071 436 m
2115 368 2147 435 1
2196 364 2623 435 SENTENT.
2674 335 2903 430 msT.
2942 362 3149 454 xm,
3208 363 3293 440 o.
3337 411 3343 417 .
3437 315 3489 384 Τ
4125 362 4291 469 381..

1051 545 1309 644 seipso
1351 541 1685 640 Spiritus
1725 546 2065 633 sanctus,
2107 538 2240 614 sed
2309 537 2403 611 ab
2464 535 2593 609 illo
2635 534 2729 610 de
2771 556 2925 631 quo
2968 531 3343 631 procedit,
3403 538 3481 604 et
3537 528 3725 626 quia
3780 529 3874 603 de
3940 499 4265 649 utroque

1052 678 1425 779 procedit,
1462 674 1661 749 sicut
1689 672 1850 768 jam
1892 671 2394 747 ostendimus.
2440 670 2553 745 De
2593 668 2883 767 Spiritu
2944 675 3212 742 sancto
3275 663 3668 763 quomodo
3730 662 3893 762 ipse
3944 664 4037 739 de
4104 661 4265 740 Deo

1047 811 1174 903 sit,
1222 831 1366 883 nec
1407 817 1660 879 tamen
1704 801 1866 900 ipse
1898 801 2135 900 Filius
2174 801 2299 896 sit,
2335 798 2705 899 quoniam
2746 797 3238 897 procedendo
3301 818 3461 869 non
3532 793 3923 868 nascendo
3988 795 4269 891 legitur
4334 883 4339 888 ,

1046 967 1218 1021 esse
1261 942 1353 1016 de
1395 940 1557 1013 Deo
1602 961 1618 1012 :
1653 937 1808 1033 jam
1851 936 2235 1036 superiuS,
2280 945 2659 1036 quantum
2690 934 2945 1008 visum
2988 942 3132 1026 est,
3168 928 3770 1028 disputavimus,

2784 1392 2871 1460 Et
2899 1392 3263 1460 dicendum
3294 1391 3381 1459 ad
3408 1390 3571 1474 hoc,
3606 1388 3794 1480 quod
3843 1388 4099 1477 nescire
4154 1387 4263 1455 di-

1443 1506 1835 1587 Expositio
1876 1507 2182 1569 Textus.
2237 1523 2240 1526 ’
2695 1501 2787 1569 cit
2834 1491 3187 1567 defectum'
3230 1496 3541 1566 habitus..
3588 1498 3695 1564 in,
3736 1493 4256 1586 cognoscendo:

1956 1616 1964 1624 ‘
2075 1625 2080 1634 '
2693 1630 2831 1675 non
2875 1608 3071 1675 valeo
3102 1616 3335 1677 autem
3367 1606 3545 1696 dicit,
3583 1603 3921 1673 defectum
3981 1602 4264 1671 rationis

1082 1787 1088 1793 ,
1129 1710 1389 1779 Deinde
1440 1710 1763 1801 quaeritur
1830 1708 1914 1778 de
1969 1707 2102 1777 illis
2172 1707 2386 1777 tribus
2434 1729 2586 1799 quae
2697 1713 2783 1781 ad
2822 1712 3249 1783 intellectum
3311 1713 3751 1782 divinorum:
3797 1733 3935 1778 non
3982 1708 4263 1799 sufficio

1040 1820 1284 1910 tangit,
1320 1817 1437 1899 ibi,
1490 1847 1522 1879 ⁶¹
1550 1817 1807 1894 Nescio,
1839 1838 1977 1884 ¹²0²²
2003 1816 2221 1896 valeo,
2261 1838 2400 1884 ²²0st
2424 1817 2587 1905 suf-
2696 1829 2924 1891 autem
2972 1821 3138 1892 dicit
3199 1821 3689 1893 obscuritatem
3743 1841 3895 1910 quae
3961 1824 4268 1886 remanet

1034 1924 1221 2013 ficit),
1255 1933 1384 1994 8¹0·
1423 1952 1455 1988 ¹·
2126 1959 2134 1968 ·
2694 1933 2902 2001 etiam
2928 1942 3087 2024 post
3106 1932 3690 2001 illuminationem
3740 1928 3927 2012 fidei,
3990 1934 4269 2019 propter

1129 2031 1495 2111 Quomodo
1570 2029 1945 2101 differant?
2038 2029 2328 2100 Videtur
2400 2031 2584 2099 enim
2695 2039 3187 2110 obscuritatem
3228 2039 3491 2133 speculi
3520 2047 3591 2108 et
3631 2036 4041 2129 aenigmatis,

1037 2160 1186 2208 esse
1214 2138 1575 2209 inculcatio
1605 2138 1934 2229 ejusdem.
1992 2156 1999 2167 ·
2327 2157 2330 2162 ⁴
3774 2181 3777 2188 .

1661 2820 1747 2896 Ε.
1779 2820 1909 2896 An
1942 2819 2285 2921 Spiritus
2320 2827 2629 2946 sanctus
2667 2818 2943 2897 debeat
2976 2818 3142 2896 dici
3166 2816 3638 2920 inqenitus'?

1135 3269 1363 3347 Nunc
1393 3266 2035 3344 considerandum
2073 3276 2210 3357 est,
2264 3291 2451 3368 ‚cum
2517 3265 2854 3367 Spiritus
2901 3274 3221 3343 sanctus
3260 3289 3422 3341 non
3461 3264 3563 3342 sit
3602 3261 3941 3364 genitus,
3989 3271 4277 3376 utrum·

1038 3407 1314 3483 debeat
1340 3403 1490 3481 dici
1524 3401 1979 3502 ingenitus?
2021 3402 2134 3480 Ad
2198 3403 2407 3503 quod
2463 3402 2824 3498 dicimus,
2868 3401 3246 3503 Spiritum
3277 3382 3639 3479 sanctum
3680 3424 3827 3479 nec
3864 3401 4248 3500 genitum,

1041 3565 1183 3618 nec
1224 3540 1652 3638 ingenitum
1689 3538 1968 3616 debere
2027 3537 2204 3615 dici.
2269 3537 2492 3615 Unde
2544 3537 3033 3638 Augustinus
3097 3537 3197 3615 ad
3259 3536 3628 3614 Orosium
3668 3536 3830 3614 ait:
3876 3534 4251 3637 Spiritum

1036 3688 1394 3754 sanctum
1435 3698 1574 3750 nec
1605 3673 1982 3772 genitum,
2013 3696 2158 3751 nec
2194 3672 2633 3773 ingenitum
2674 3672 2869 3751 sides
2907 3682 3118 3750 certa
3155 3671 3552 3750 declarat:
3588 3671 3778 3772 quia
3834 3671 3896 3747 si
3966 3668 4256 3748 dixeri-

1043 3836 1218 3889 mus
1258 3808 1713 3907 ingenitum,
1755 3807 1952 3886 duos
1982 3801 2249 3887 Patr’es
2284 3786 2725 3888 videbimur
2760 3807 3177 3885 affirmare.
3223 3805 3309 3883 Si
3340 3816 3606 3885 autem
3646 3805 4031 3907 genitum,
4057 3806 4256 3883 duos

1040 3948 1352 4025 credere
1387 3944 1616 4020 Filios
1644 3945 2073 4045 culpamur.
2106 3944 2324 4021 Sicut
2352 3944 2559 4023 enim
2591 3946 2807 4021 solus
2833 3943 3077 4020 Filius
3105 3942 3396 4020 dicitur
3422 3942 3766 4043 genitus,
3799 3942 3905 4019 ita
3940 3952 4016 4036 et
4038 3943 4257 4021 solus

1042 4083 1271 4158 l‘ater
1307 4079 1587 4155 dicitur
1626 4077 2042 4176 ingenitus,
2076 4102 2168 4157 eo
2207 4081 2415 4179 quod
2483 4079 2581 4157 ab
2639 4079 2793 4156 alio
2832 4103 2991 4155 non
3033 4078 3160 4157 sit.
3227 4077 3453 4157 Unde
3490 4078 3984 4178 Augustinus
4041 4078 4120 4154 in
4162 4077 4260 4153 li-

1036 4217 1177 4292 bro
1216 4214 1352 4291 XV
1392 4214 1485 4289 (le
1536 4212 1903 4290 Trim‘tate
1940 4226 1960 4263 ¹
1999 4237 2017 4292 τ
2066 4213 2319 4309 Pater,
2355 4213 2635 4314 inquit,
2668 4215 2886 4291 solus
2926 4238 3085 4290 non
3127 4222 3246 4291 est
3282 4212 3381 4291 de
3425 4212 3609 4291 alio,
3655 4213 3838 4291 Ideo
3876 4215 4092 4290 solus
4129 4235 4260 4314 ap·

1035 4354 1370 4454 pellatur
1407 4348 1825 4447 ingenitus,
1862 4374 2016 4427 non
2058 4349 2373 4450 quidem
2414 4348 2492 4426 in
2536 4349 2988 4451 ScripturiS‚
3040 4349 3179 4428 sed
3240 4349 3323 4425 in
3380 4351 3950 4428 consuetudine
4001 4349 4261 4452 dispu-

1036 4487 1393 4581 tantium,
1423 4496 1495 4561 ct
1534 4486 1627 4561 de
1695 4508 1777 4563 re
1820 4495 2028 4562 tanta
2056 4508 2495 4564 sermonem
2545 4487 2860 4585 qualem
2903 4485 3293 4564 valuerint
3359 4486 3950 4588 proferentium.
4014 4486 4258 4565 Filius

1037 4632 1294 4698 autem
1327 4621 1422 4695 de
1465 4619 1685 4696 Patre
1725 4629 1954 4697 natus
1989 4630 2105 4697 est
2144 4644 2164 4697 ε
2235 4630 2313 4698 et
2349 4620 2686 4721 Spiritus
2734 4630 3055 4698 sanctus
3119 4621 3217 4699 de
3287 4622 3518 4700 Patre
3585 4623 4144 4724 principaliter,
4183 4632 4258 4699 et

1036 4755 1556 4832 communiter
1591 4754 1684 4829 de
1729 4766 2053 4855 utroque
2083 4756 2454 4857 procedit.
2492 4755 2832 4856 Ideoque
2872 4780 3053 4834 cum
3093 4756 3475 4860 Spiritum
3507 4768 3865 4835 sanctum
3904 4760 4255 4857 genitum

1038 4918 1193 4969 non
1213 4893 1590 4986 dicamus,
1623 4890 1877 4969 dicere
1910 4901 2164 4970 tamen
2206 4891 2637 4993 ingenitum
2680 4917 2836 4969 non
2880 4893 3291 4989 audemus,
3364 4918 3465 4971 ne
3542 4892 3622 4969 in
3691 4895 3836 4971 hoc
3878 4895 4257 4972 vocabulo

1036 5030 1157 5104 vel
1201 5027 1399 5102 duos
1430 5027 1693 5102 Patres
1731 5025 1809 5100 in
1852 5025 1984 5102 illa
2009 5024 2404 5132 Trinitate,
2439 5027 2562 5104 vel
2613 5024 2812 5105 duos
2850 5026 2985 5127 qui
3033 5052 3191 5104 non
3252 5038 3439 5105 sunt
3494 5028 3592 5106 de
3658 5029 3811 5108 alio
3866 5028 4256 5130 quispiam

1034 5162 1498 5262 suspicetur.
1548 5162 1738 5235 Ecce
1772 5160 1893 5237 his
1921 5158 2178 5237 verbis
2242 5169 2506 5261 aperte
2536 5162 2875 5238 ostendit
2902 5161 3279 5261 Spiritum
3309 5173 3669 5241 sanctum
3700 5186 3846 5241 nec
3874 5163 4253 5263 genitum,

1036 5320 1180 5375 nec
1213 5295 1641 5395 ingenitum
1672 5293 1951 5372 debere
1978 5292 2156 5370 dici.

1105 5612 1123 5648 ¹
1157 5614 1212 5671 S.
1243 5615 1618 5686 Accusrixus,
1649 5614 1773 5673 Lib.
1803 5614 1900 5671 XV
1926 5612 2000 5670 de
2023 5612 2333 5686 Trinitate,
2362 5629 2490 5688 cap.
2524 5616 2616 5670 26.
