4897 6388
490 2145 561 2190 Ad
585 2148 628 2193 b.

478 2901 623 2949 ΜΟ.

738 295 867 386 5'82

641 469 650 476 ⁸
740 490 901 556 cidit
939 491 1001 557 ei
1043 487 1433 575 hujusmodi
1485 487 1730 555 divisio
1772 487 1842 553 in
1879 486 2191 576 pe'rsonis
2231 492 2298 552 et

741 597 1225 689 hypostasibus
1278 599 1349 663 in
1418 597 1667 687 quibus
1725 605 1850 663 est.
1911 596 1988 662 In
2046 595 2297 662 divinis

742 719 971 790 autem
1017 708 1088 774 in
1143 708 1390 797 quibus
1458 714 1560 773 est
1609 706 1812 796 plena
1869 705 2291 794 simplicitaS‚

742 819 1116 885 existentiae
1211 816 1457 882 modus
1530 814 1903 882 secundum
1962 815 2295 904 originem

745 926 1000 993 inducit
1036 926 1375 991 rationem
1408 922 1700 989 alietatis
1741 929 1806 989 et
1848 919 2293 1011 personalita-

743 1034 827 1101 tis
857 1057 873 1100 :
909 1041 975 1100 et
1012 1040 1245 1099 tamen
1283 1030 1663 1098 substantia
1686 1030 1752 1095 id
1783 1030 1966 1118 quod
1997 1037 2119 1111 est,
2148 1053 2297 1096 ma-

742 1148 857 1207 net
893 1139 1222 1206 indivisa:
1267 1147 1333 1206 et
1358 1138 1534 1206 bene
1575 1137 2034 1214 concedimuS,
2072 1145 2138 1204 et
2181 1138 2293 1204 in-

741 1247 840 1314 fra
868 1246 1314 1338 probabimus
1368 1247 1437 1312 in
1487 1244 1797 1334 sequenti
1837 1243 2290 1323 distinctione,

743 1354 927 1446 quod
965 1376 1107 1421 non
1138 1353 1543 1444 simpliciter
1582 1374 1909 1419 numerus
1940 1360 2041 1419 est
2080 1353 2147 1418 in
2193 1351 2292 1418 di-

738 1463 941 1544 vinis,
977 1470 1043 1530 et
1074 1463 1256 1552 quod
1287 1483 1738 1552 personarum
1787 1460 1894 1528 vel
1936 1461 2294 1526 notionum

739 1591 1066 1638 numerus
1110 1592 1250 1636 non
1306 1577 1409 1636 est
1462 1567 1860 1658 simpliciter
1915 1590 2288 1635 numerus:

742 1686 809 1746 et
845 1677 976 1746 hoc
1003 1676 1184 1754 ideo,
1221 1677 1381 1767 quia
1414 1675 1603 1743 nullo
1636 1674 1843 1742 modo
1877 1677 2193 1766 ponimus
2225 1676 2294 1742 in

743 1777 1000 1856 «livinis
1019 1785 1473 1853 substantiam
1508 1787 1880 1867 numerari,
1924 1807 2143 1875 neque
2182 1807 2297 1851 se-

743 1894 1041 1964 cundum
1081 1916 1179 1971 se,
1210 1916 1434 1984 neque
1465 1892 1841 1961 secundum
1875 1891 2059 1982 quod
2090 1900 2189 1959 est
2230 1893 2296 1958 in

744 2025 1060 2095 persona.

775 2121 782 2128 ’
833 2109 939 2178 An
983 2132 1184 2178 Auno
1213 2108 1604 2189 dicendum,
1661 2108 1845 2200 quod
1874 2108 2298 2200 Augustinus

748 2242 887 2287 non
917 2216 1229 2295 intendit,
1299 2217 1484 2308 quod
1537 2238 1676 2284 non
1729 2215 1930 2284 debet
1967 2215 2095 2283 ‹lici
2164 2222 2297 2282 tres

748 2348 1051 2418 personae
1079 2347 1095 2393 ε
1129 2323 1252 2393 sed
1280 2324 1441 2415 quia
1473 2346 1614 2391 non
1645 2323 1891 2391 dicitur
1920 2346 2000 2391 ea
2040 2323 2298 2390 ratione

728 2454 884 2524 ·qua
914 2430 1164 2500 dicitur
1193 2431 1260 2497 in
1292 2428 1756 2510 inferioribuS,
1810 2429 1923 2495 ubi
1974 2452 2094 2519 per
2129 2427 2299 2495 sul)-

746 2538 1068 2609 stantiam
1107 2538 1341 2606 t'ormae
1390 2547 1458 2605 et
1525 2538 1855 2620 materiae,
1912 2539 2055 2604 sive
2116 2533 2299 2626 quod

748 2654 849 2714 est
877 2654 944 2714 et
979 2667 1117 2737 quo
1157 2652 1282 2722 est,
1327 2666 1635 2735 personae
1673 2644 1759 2711 ab
1800 2643 2093 2711 invicem
2133 2641 2302 2709 divi-

749 2750 1025 2819 duntur.

835 2860 940 2928 An
987 2881 1187 2928 Anum
1206 2858 1569 2927 dicendum
1598 2856 1836 2928 eodem
1862 2857 2091 2940 modo,
2118 2854 2300 2947 quod

747 2965 1115 3036 Anselmus
1154 2963 1323 3034 nihil
1356 2962 1542 3032 aliud
1590 2964 1905 3049 intendit,
1938 2965 2066 3031 nisi
2116 2960 2301 3055 quod

749 3072 995 3143 modus
1024 3074 1400 3142 existentia!
1444 3072 1514 3140 in
1544 3071 1793 3141 divinis
1838 3094 1972 3139 non
2013 3073 2109 3139 sic
2148 3069 2303 3138 facit

750 3203 1110 3272 personam
1142 3181 1316 3249 sicut
1354 3181 1422 3248 in
1463 3178 1808 3248 humanis.

1207 3716 1709 3787 Atttht'tsttS
1760 3719 1847 3786 ll.

751 3932 995 3999 Utrum
1028 3953 1323 4022 persona
1379 3932 1446 3996 iu
1489 3931 1741 3998 divinis
1768 3934 2106 4023 siqnificet
2133 3932 2303 4001 sub-

964 4041 1328 4119 stantiam,
1385 4040 1493 4106 re!
1521 4044 2010 4131 proprietatem
2037 4044 2079 4110 ?

835 4359 1153 4427 Secundo
1194 4363 1549 4450 quaeritur‚
1584 4363 1761 4442 Quid
1785 4366 2116 4453 signiticet
2144 4390 2290 4458 per·

746 4486 914 4531 sona
942 4466 978 4531 ¹?

835 4570 1120 4639 Videtur
1176 4572 1360 4664 quod
1415 4574 1862 4642 substantiam
1920 4598 1934 4642 ε
1989 4586 2055 4644 et
2130 4579 2289 4669 quia

744 4679 918 4743 circa
979 4676 1157 4747 liunc
1195 4679 1554 4747 articulum
1623 4682 1758 4748 sere
1804 4683 2106 4749 consistit
2148 4693 2288 4750 tota

744 4782 1102 4851 dil'licultas
1133 4784 1335 4874 liujus
1391 4796 1740 4868 tractatus,
1782 4799 2136 4855 sumantur
2177 4812 2288 4856 ar-

742 4899 1089 4978 gumenta,
1124 4899 1462 4981 quotquot
1492 4892 1640 4961 elici
1673 4904 1954 4984 possunt
1999 4916 2080 4960 ex
2137 4898 2287 4962 Lit-

744 5007 911 5065 tera.

837 5102 1212 5171 Eliciuntur
1248 5113 1475 5170 autem
1507 5127 1656 5184 sex,
1703 5108 2003 5196 quinque
2043 5129 2128 5172 ex
2173 5129 2286 5173 se-

742 5213 965 5279 cundo
1003 5211 1297 5303 capitulo
1330 5214 1523 5280 istius
1557 5213 2028 5292 distinctionis,
2065 5238 2102 5282 a
2130 5239 2288 5283 ver-

746 5316 849 5384 bis
891 5317 1253 5407 Augustini
1294 5326 1616 5385 extracta.

819 5559 836 5593 ¹
870 5559 932 5615 S.
969 5562 1340 5633 AucusrtsuS,
1376 5562 1497 5618 Lib.
1526 5564 1626 5620 vlt
1654 5565 1727 5621 de
1757 5568 2059 5625 Trinitate.

819 5647 842 5682 ²
872 5648 928 5704 S.
964 5651 1275 5718 Ausntucs,
1304 5652 1370 5705 ln
1398 5651 1745 5725 Monologio,
1771 5672 1898 5728 cap.
1929 5659 2282 5729 penultimo.

1684 313 1787 410 ι).
1821 313 2020 382 ALB.
2073 313 2287 383 MAG.
2345 314 2550 386 om).
2602 319 2898 388 PRAED.

2496 488 2801 556 Primum
2850 490 3033 580 quod
3070 490 3232 557 dicit
3269 513 3282 557 :
3331 515 3364 555 a
3407 492 3561 558 Non
3619 500 3717 556 est
3754 493 3952 559 aliud

2404 597 2546 662 Deo
2585 620 2742 680 esse,
2790 596 2993 664 aliud
3028 621 3393 688 personam
3430 620 3587 682 esse,
3621 599 3741 665 sed
3794 623 3950 665 om-

2403 703 2563 767 niuo
2606 703 2808 768 idem.
2859 730 2887 766 n

2497 810 2883 879 Secundum
2924 822 3023 880 est
3078 813 3262 903 quod
3307 814 3517 881 dicit:
3595 840 3627 878 «
3685 816 3766 882 In
3821 816 3949 883 liae

2410 921 2466 986 T
2460 921 2734 987 rinitate
2762 944 2914 988 cum
2952 922 3246 989 dicimus
3278 945 3643 1012 personam
3682 927 3942 1001 Patris,

2404 1051 2537 1094 non
2593 1029 2794 1096 aliud
2859 1030 3151 1098 dicimus
3221 1054 3431 1121 quam
3488 1032 3949 1100 substantiam

2404 1138 2663 1205 Patris·
2711 1164 2742 1198 »
3768 1157 3769 1160 ’

2490 1246 2918 1314 Tertium‘est
2945 1247 3126 1338 quod
3149 1247 3348 1316 dicit:
3388 1273 3419 1312 α
3446 1248 3561 1316 Ad
3596 1272 3665 1314 se
3703 1253 3953 1341 quippe

2404 1350 2658 1417 dicitur
2686 1374 3000 1441 persona,
3051 1375 3186 1419 non
3225 1353 3323 1420 ad
3349 1353 3617 1420 Filium
3641 1354 3749 1420 vel
3783 1356 3949 1444 Spi-

2404 1460 2613 1524 ritum
2651 1470 2962 1527 sanctum
2989 1484 3003 1527 ε
3027 1462 3205 1528 sicut
3235 1461 3331 1528 ad
3354 1484 3423 1528 se
3457 1465 3634 1529 Deus
3665 1462 3949 1545 dicitur,

2402 1576 2464 1633 et
2503 1588 2816 1655 magnius,
2863 1577 2925 1633 et
2965 1567 3201 1646 bonus,
3236 1578 3298 1635 et
3317 1569 3587 1657 justus.
3653 1597 3683 1630 »

2493 1673 2824 1752 Quartum
2856 1683 2956 1743 est
2985 1676 3168 1766 quod
3199 1676 3362 1743 dicit
3391 1698 3462 1744 z«
3500 1679 3953 1762 Quemadmo-

2404 1780 2567 1847 dum
2605 1781 2730 1848 Itoc
2768 1782 2883 1848 illi
2935 1791 3030 1850 est
3068 1805 3227 1862 esse,
3272 1783 3464 1874 quod
3515 1785 3740 1851 Deum
3782 1807 3943 1865 esse,

2404 1888 2593 1978 quod
2636 1912 2965 1980 maqnum
3012 1913 3171 1970 esse,
3226 1891 3417 1982 quod
3454 1891 3706 1960 bonum
3753 1916 3888 1961 esse
3928 1917 3951 1960 .·

2407 1998 2505 2063 ita
2532 1996 2657 2063 hoc
2683 2008 2781 2064 est
2810 1997 2926 2064 illi
2942 2020 3105 2082 esse,
3128 1997 3318 2088 quod
3327 2021 3699 2090 personam
3723 2024 3879 2068 esse.
3914 2030 3946 2064 »

2438 2097 2446 2103 ’
2496 2100 2823 2182 Quintum
2880 2112 2980 2171 est
3035 2127 3121 2173 ex
3161 2104 3390 2173 verbis
3443 2105 3774 2197 Magistri,
3832 2108 3953 2175 ubi

2406 2209 2568 2276 dicit
2600 2233 2616 2274 z
2663 2236 2696 2276 α
2733 2211 2902 2279 Cum
2943 2209 3224 2293 dicitur,
3257 2214 3472 2280 Pater
3509 2222 3607 2279 est
3628 2237 3950 2304 persona,

2406 2319 2517 2386 liic
2541 2322 2630 2386 sit
2653 2343 2885 2388 sensus
2910 2344 2933 2388 .·
2964 2324 3175 2389 Pater
3203 2331 3298 2389 est
3331 2325 3620 2389 essentia
3640 2324 3899 2391 divina.
3920 2348 3954 2390 ι

2496 2430 2777 2495 Sextum
2810 2436 2909 2496 est
2962 2428 3032 2497 in
3071 2431 3270 2497 tertio
3320 2429 3616 2520 capitulo
3674 2430 3725 2499 C
3765 2433 3956 2499 istius

2410 2533 2884 2614 distinctionis,
2944 2535 3058 2601 ubi
3100 2535 3311 2604 dicit:
3379 2566 3412 2599 α
3484 2538 3811 2606 Volumus
3848 2540 3960 2608 vel

2411 2664 2625 2709 unum
2673 2641 2964 2732 aliquod
2997 2642 3414 2711 vccabulum
3466 2668 3736 2714 servare
3797 2646 3957 2713 leuic

2408 2748 2924 2838 siqnificatioui,
2963 2772 3107 2842 qua
3156 2752 3581 2842 intelliqitter
3630 2755 3951 2832 Τνίηἰιαε,

2411 2879 2492 2922 ne
2520 2857 2795 2922 omuino
2826 2866 3169 2925 taceamus
3200 2858 3608 2948 interro-qast
3624 2861 3801 2951 quid
3824 2870 3958 2929 tres

2411 2972 2647 3041 essent,
2680 2984 2833 3029 cum
2866 2971 2997 3030 tres
3023 2985 3163 3031 esse
3186 2964 3566 3053 fateamur.
3606 2993 3641 3030 n

2505 3072 2565 3139 1.
2592 3068 2761 3137 Cum
2791 3072 2995 3161 igitur
3014 3071 3098 3139 ad
3123 3073 3285 3163 quid
3310 3096 3448 3142 non
3472 3076 3959 3165 respondeatur

2411 3200 2707 3269 congrue
2771 3179 2899 3246 nisi
2956 3178 3360 3257 substantia,
3438 3182 3707 3252 videtur
3772 3185 3952 3276 quod

2413 3283 2542 3352 lioc
2579 3307 2851 3366 nomen,
2878 3310 3194 3378 persona,
3245 3289 3695 3358 substantiam
3734 3293 3955 3383 signi-

2414 3395 2587 3465 ticet.
2632 3395 2713 3463 Et
2744 3395 2875 3465 hoc
2927 3396 3353 3488 Augustinus
3391 3399 3554 3468 dicit
3607 3400 3675 3468 in
3726 3401 3956 3470 multis

2413 3503 2579 3571 locis
2612 3504 2655 3573 ¹.

2501 3616 2565 3680 2.
2588 3612 2778 3692 item,
2799 3615 3241 3684 Anselrnusin
3267 3618 3699 3708 Monotoqio:
3722 3650 3753 3679 «
3776 3618 3961 3698 Quot

2412 3730 2563 3787 sunt
2606 3743 2938 3811 personae,
2974 3732 3073 3790 tot
3102 3731 3259 3790 sunt
3287 3723 3683 3792 substantia»
3720 3726 3961 3793 indivi-

2411 3828 2559 3894 duae
2595 3841 2637 3895 ¹.
2672 3855 2701 3891 ι
2731 3829 2907 3919 Ergo
2939 3853 3232 3921 persona
3264 3833 3603 3923 significat
3635 3833 3956 3902 substan-

2411 3941 2598 4017 tiam,
2643 3938 2794 4006 licet
2852 3940 3330 4031 proprietatem
3371 3965 3525 4010 cum
3576 3942 3950 4011 substantia

2407 4046 2870 4137 consignificet
2902 4070 2917 4113 ε
2953 4056 3016 4115 et
3058 4050 3424 4117 auctoritas
3464 4058 3564 4118 est
3593 4073 3795 4141 supra
3835 4048 3951 4119 lia·

2406 4147 2569 4215 bita.

2492 4256 2556 4322 3.
2621 4254 2813 4334 ltem,
2902 4255 3225 4346 Magister
3302 4257 3505 4347 llugo
3565 4256 3649 4325 de
3716 4267 3950 4328 sancto

2406 4361 2677 4429 Victore
2715 4385 2730 4430 ε
2770 4362 3050 4430 «Unum
3092 4363 3317 4430 solum
3342 4388 3591 4432 nomen
3623 4366 3951 4435 substan·

2404 4469 2557 4535 tiale
2598 4480 2722 4546 est,
2782 4470 2961 4561 quod
3014 4470 3098 4538 de
3168 4472 3455 4562 singulis
3512 4474 3948 4565 singulariter

2400 4579 2641 4644 dicitur
2683 4602 2699 4647 ε
2746 4581 2811 4646 ἰη
2850 4602 3120 4648 summa
3173 4591 3398 4650 tamen
3440 4606 3579 4651 non
3639 4584 3943 4676 singula·

2400 4687 2582 4763 riter,
2644 4686 2759 4753 sed
2808 4686 3155 4776 pluraliter
3208 4691 3712 4780 pronuntiatur,
3785 4716 3939 4761 curn

2399 4803 2622 4862 tamen
2665 4796 2745 4863 ad
2804 4796 3250 4866 substantiam
3309 4799 3626 4869 dicatur:
3689 4810 3750 4869 et
3812 4802 3940 4871 hoc

2397 4910 2496 4967 est
2525 4926 2808 4992 persona
2835 4919 2879 4972 ⁸.
2926 4931 2960 4969 ι

2486 5010 2550 5078 4.
2580 5008 2773 5093 Item,
2799 5011 2930 5080 hoc
2959 5015 3287 5106 accipitur
3309 5037 3345 5082 a
3366 5015 3772 5087 diftinitione
3793 5043 3945 5111 per-

2396 5137 2578 5181 sona·
2618 5138 2821 5205 quam
2851 5116 2964 5186 dat
3003 5118 3281 5186 Boetius
3313 5121 3379 5187 in
3417 5120 3590 5191 libro
3621 5124 3702 5192 de
3746 5129 3944 5194 Dua-

2398 5218 2520 5283 Ims
2557 5223 2825 5288 mauris
2867 5225 2933 5289 in
2968 5247 3106 5291 uua
3138 5248 3432 5315 persona
3475 5228 3753 5308 Clo-isti,
3790 5232 3883 5298 sic
3918 5256 3935 5299 ε

2400 5351 2430 5387 α
2462 5324 2756 5394 Persona
2779 5337 2877 5395 est
2913 5330 3259 5397 rationalis
3283 5344 3539 5401 natus-ze
3562 5336 3938 5406 substantia

2468 5580 2488 5615 ⁸
2523 5581 2680 5637 liceo
2710 5597 2780 5636 nr:
2809 5582 2865 5639 S.
2899 5584 3154 5654 Vtcronn,
3187 5583 3310 5642 Lib.
3338 5584 3391 5641 11
3424 5585 3495 5640 de
3518 5586 3937 5660 Sacramentis‚

2397 5669 2455 5725 in
2482 5670 2653 5726 tertia
2686 5678 2872 5742 parte.
