4897 6388
1484 514 1520 536 ὁ*

1175 917 1415 966 mvisio
1464 877 1729 957 Tssxffius.

758 1249 795 1289 a
827 1223 1029 1290 Nunc
1065 1206 1636 1284 considerandum
1668 1210 1790 1282 est,
1834 1204 1959 1264 etc.
2004 1219 2038 1256 n

757 1328 888 1396 Hic
943 1323 1182 1412 incipit
1229 1313 1522 1385 secunda
1551 1330 1704 1400 pars
1755 1305 1943 1371 istius
1980 1295 2222 1365 distin-

665 1422 946 1512 ctionis}
983 1434 1079 1498 ‘in
1138 1423 1275 1518 qua
1341 1417 1636 1491 ostendit
1697 1409 1882 1502 quod
1931 1404 2221 1495 Spiritus

667 1526 1115 1614 sanctusnon
1143 1533 1346 1602 debet
1379 1527 1508 1596 dici
1548 1519 1918 1613 ‘inqetiilua
1976 1513 2062 1587 Et
2117 1509 2224 1578 di-

666 1638 924 1720 viditur
953 1647 1022 1712 in
1048 1639 1349 1733 quatuor
1376 1637 1639 1726 partes:
1665 1629 1738 1697 in
1765 1641 2052 1715 quarum
2081 1618 2249 1708 pri-⁴

667 1744 783 1824 ma
812 1750 1111 1822 ostendit
1136 1769 1260 1838 per
1285 1739 1748 1832 Augustinum
1783 1727 1969 1821 quod
1999 1723 2218 1815 Spiri-

648 1843 955 1935 tusnon
995 1858 1246 1926 dicitur
1289 1850 1672 1941 ingenitus.'
1710 1836 2047 1914 SecundO,
2097 1855 2220 1924 per

667 1959 1182 2058 'Hieronymum
1214 1957 1536 2033 ostendit,
1574 1949 1761 2043 quod
1777 1943 2226 2030 dicituringe-

1574 367 1576 370 ’
1670 395 1749 472 o.
1810 396 2001 468 ALB.
2053 386 2269 460 uAc.

2245 567 2252 572 ’
2322 553 2697 643 ingenitus:
2730 533 2892 637 er⁶go
2953 544 3066 612 illa
3119 543 3247 611 fuit
3297 562 3488 623 vera,
3543 544 3643 605 est
3686 539 3877 627 inge-'

2322 382 2530 458 ORD,
2582 377 2878 456 PRAED,

2319 664 2501 727 nitus
2535 682 2549 726 :
2578 668 2645 725 et
2674 657 2803 728 hoc
2834 663 3038 745 negat
3066 652 3518 743 Augustinus.

2411 770 2473 835 3.
2510 767 2866 842 Praeterea,
2919 763 3138 830 Datur
3180 783 3303 851 pro
3341 755 3628 848 regula,
3691 751 3872 843 quod

2320 877 2377 942 si
2408 873 2540 941 duo
2576 874 2846 941 termini
2872 894 2943 938 se
2984 869 3237 937 habent
3265 870 3441 935 sicut
3469 865 3778 954 superius
3808 869 3873 929 et

2203 1027 2208 1032 -
2321 981 2625 1061 inferius,
2661 987 2727 1046 et
2768 978 2972 1045 ambo
3029 983 3389 1066 negentur,
3435 971 3547 1040 vel
3596 971 3874 1058 conjun-

2322 1097 2567 1180 gantur
2604 1110 2757 1155 cum
2790 1085 3176 1175 negatione,
3226 1080 3409 1174 quod
3458 1079 3737 1146 inferior
3775 1077 3874 1144 ef·-

2324 1197 2546 1264 ficitur
2574 1194 2903 1284 superior,
2946 1200 3012 1259 et
3050 1215 3086 1259 e
3115 1208 3485 1259 converso:
3515 1185 3705 1253 verbi
3728 1207 3878 1275 gra-

2324 1305 2442 1384 tia,
2503 1301 2710 1369 homo
2741 1310 2808 1368 et
2837 1299 3091 1367 animal
3122 1321 3193 1365 se
3232 1295 3487 1364 habent
3524 1296 3644 1374 ita,
3695 1291 3877 1383 quod

2323 1409 2534 1477 homo
2567 1416 2667 1475 est
2706 1405 2984 1474 inferius
3033 1404 3116 1471 ad
3148 1402 3446 1470 animal:
3490 1424 3630 1469 non
3668 1398 3876 1467 homo

2325 1525 2550 1584 autem
2581 1515 2891 1604 superius
2920 1513 3008 1581 ad
3075 1533 3213 1588 non
3252 1508 3536 1586 animal,
3589 1530 3741 1576 cum
3798 1505 3880 1574 dc

2325 1620 2632 1712 pluribus
2661 1622 2875 1710 possit
2904 1618 3031 1686 dici
3058 1638 3196 1684 non
3225 1614 3465 1695 hom0,
3504 1637 3709 1705 quarn
3740 1635 3879 1680 non

2325 1724 2602 1796 animal.
2651 1723 2901 1813 Ergoa
2932 1721 3152 1788 'simili
3211 1742 3368 1788 cum
3417 1718 3882 1792 communita-

2323 1843 2392 1902 te
2418 1855 2866 1924 personarum
2904 1852 3025 1899 ens
3065 1829 3151 1900 ab
3172 1827 3357 1909 alio,
3391 1834 3458 1895 et
3481 1828 3777 1917 genitus,
3810 1845 3882 1892 se

2325 1938 2620 2008 habeant
2648 1939 2819 2006 sicut
2838 1937 3146 2027 superius
3185 1943 3251 2002 et
3282 1930 3604 2000 inferius':
3629 1933 3686 1999 si
3716 1952 3883 2000 con-

613 2069 616 2072 *
659 2079 871 2157 nituS,
905 2075 1027 2153 ibi,
1061 2071 1156 2155 Fr
1193 2094 1230 2132 κ
1262 2067 1723 2152 Hieronymus
1742 2065 1999 2134 tantm,
2031 2058 2158 2128 etc.
2181 2075 2218 2115 »ι
2314 2047 2641 2137 jungatur
2671 2046 2767 2118 eis
2807 2043 3104 2134 negatio,
3155 2040 3240 2111 de
3297 2039 3611 2130 pluribus
3650 2038 3882 2107 veriti-

661 2187 744 2256 In
772 2183 972 2254 tertia
991 2178 1200 2249 solvit
1215 2172 1766 2245 contrarietatem
1807 2181 2066 2235 eorum,
2100 2154 2217 2231 ibi,

673 2292 758 2378 G,
795 2317 832 2360 ι
863 2289 1007 2379 Segi
1028 2286 1375 2375 utjsta‘m,
1423 2300 1574 2370 quae
1603 2273 1893 2350 videtur,
1926 2276 2051 2336 etc.
2081 2289 2113 2329 ι
2147 2262 2222 2331 ln

672 2405 916 2491 quarta
943 2392 1189 2486 probat
1216 2387 1655 2461 solutionem,
1682 2379 1802 2457 ibi,
1835 2376 1923 2458 Η,
1958 2401 1991 2438 α
2029 2367 2230 2457 Quod

679 2517 914 2576 autem
949 2503 1418 2590 Hieronymus
1447 2495 1548 2562 ita
1565 2488 1913 2581 acceperit,
1945 2491 2071 2553 etc.
2107 2507 2141 2542 ι»

1061 3022 1569 3100 ARTICULUS
1636 3018 1825 3089 vm.

677 3257 924 3335 Utrum
1014 3247 1328 3346 Spiritus
1426 3248 1703 3312 sanctus
1780 3235 2001 3335 possit
2088 3230 2226 3299 dici

741 3354 745 3358 Α
1253 3351 1597 3445 ingenitus
1613 3348 1653 3416 7

723 3677 1011 3761 ,Incidit
1062 3681 1297 3753 autem
1353 3668 1640 3741 dubium
1690 3666 1869 3738 circa
1928 3662 2221 3756 primum

671 3785 1079 3883 capitulum,
1121 3780 1368 3853 Utrum
1407 3776 1704 3875 Spiritus
1749 3780 2019 3843 sanctus
2057 3792 2226 3869 pos-

671 3899 762 3968 sit
790 3894 923 3966 dici
951 3890 1299 3985 inqenitus
1321 3886 1366 3957 7

764 4001 1064 4072 Videtur
1089 3994 1278 4090 quod
1303 3995 1427 4064 sic.

669 4147 678 4155 ·
747 4113 830 4180 1.
888 4107 1070 4177 Dant
1131 4103 1320 4174 enim
1393 4095 1734 4192 Sophiste
1783 4117 1906 4187 pro
1959 4090 2218 4185 regula.

671 4215 868 4311 ,quod
915 4209 1310 4308 propositio
1370 4206 1456 4279 de
1518 4205 1781 4276 infinito
1836 4202 2219 4295 praedicato.

677 4321 1074 4423 aequipollet
1143 4317 1504 4412 negativae.
1584 4322 1658 4382 ιιι
1724 4314 1849 4382 iste
1920 4332 2058 4379 non
2122 4316 2222 4377 est

672 4436 930 4533 homo:
991 4440 1061 4500 et
1140 4428 1269 4497 iste
1334 4433 1434 4495 est
1499 4445 1636 4493 non
1731 4419 1980 4489 homo:
2066 4439 2219 4487 eum

672 4564 839 4635 ergo
905 4539 1036 4609 ista
1093 4538 1185 4606 sit
1264 4555 1455 4610 vera,
1544 4530 1839 4622 Spiritus
1951 4537 2222 4595 sanctus

671 4671 815 4720 nou
849 4653 958 4717 est
991 4645 1294 4737 genitus,
1343 4639 1616 4710 videtur
1648 4637 1852 4708 etiam
1892 4632 2034 4704 hec
2069 4655 2221 4704 esse

669 4779 860 4836 vera,
893 4753 1194 4846 Spiritus
1220 4756 1498 4820 sanctus
1543 4754 1646 4816 est
1681 4744 2042 4837 ingenitus.

761 4869 829 4936 2.
864 4865 1063 4942 Item,
1099 4859 1400 4953 Spiritus
1436 4864 1708 4925 sanctus
1745 4863 1862 4922 aut
1889 4861 1991 4921 est
2029 4852 2222 4943 inge-

671 4975 881 5055 ιιίιιιε,
915 4978 1206 5041 autnon
1234 4975 1338 5037 est
1380 4964 1744 5057 ingenitus.
1779 4958 1853 5030 Si
1893 4968 1991 5030 est
2029 4961 2224 5050 inge-

671 5085 885 5162 nitus,
919 5077 1140 5149 habeo
1182 5076 1635 5170 propositum.
1684 5071 1758 5139 Si
1805 5080 2030 5139 autem
2085 5090 2222 5136 non

673 5200 779 5262 est
806 5188 1193 5282 ingenitus:
1237 5206 1402 5277 ergo
1431 5205 1572 5252 non
1598 5190 1703 5250 est
1732 5201 1875 5250 non
1912 5178 2219 5271 genitus:

673 5298 792 5369 sed
811 5297 960 5366 haec
986 5291 1382 5386 aequipollet
1407 5291 1590 5368 huic,
1614 5297 1713 5358 est
1734 5289 1999 5379 genitus
2028 5307 2043 5352 :
2069 5307 2221 5353 cum

676 5429 841 5499 ergo
866 5404 1018 5473 haec
1055 5402 1144 5472 sit
1199 5399 1394 5479 falsa,
1428 5399 1553 5466 erit
1591 5403 1655 5466 et
1695 5395 1838 5464 haec
1864 5393 2054 5471 falsa,
2086 5414 2223 5458 non

676 5524 959 5584 estnon
1007 5512 1322 5604 genitus:
1384 5530 1548 5599 ergo
1607 5515 1676 5575 et
1723 5505 1876 5582 ista,
1934 5523 2073 5570 non
2126 5509 2226 5568 est

743 5750 766 5787 ⁸
792 5745 855 5805 S.
874 5745 928 5803 J.
960 5746 1356 5815 nummus,
1385 5710 1509 5801 Lib.
1539 5742 1585 5813 1,
1615 5756 1745 5815 cap.
1784 5740 1873 5796 29.

2324 2153 2588 2222 cabitur
2616 2152 2985 2243 ingenituS,
3014 2171 3225 2240 quam
3254 2169 3398 2220 non
3418 2169 3568 2224 esse
3589 2145 3675 2216 ab
3692 2145 3828 2222 ,alio
3857 2189 3873 2234 :

2324 2264 2445 2334 sed
2483 2287 2620 2332 non
2660 2286 2778 2332 ens
2819 2262 2900 2330 ab
2948 2260 3111 2341 alio,
3151 2259 3542 2328 verificatur
3579 2258 3663 2326 de
3708 2279 3872 2334 uno,

2324 2371 2579 2441 scilicet
2608 2370 2690 2439 de
2722 2371 2960 2438 Patre:
3016 2391 3179 2458 ergo
3238 2367 3585 2453 ingenitus
3640 2366 3876 2433 verifi-

2323 2489 2516 2551 catur
2543 2479 2628 2547 ad
2660 2481 2884 2546 minus
2918 2477 3002 2546 de
3042 2475 3346 2546 duobus:
3382 2496 3548 2566 ergo
3618 2474 3878 2543 dicetur

2325 2588 2408 2657 de
2460 2587 2716 2679 Spiritu
2763 2593 3019 2656 sanct0.

2353 2877 2354 2880 ,
2416 2803 2723 2872 Somno.
2772 2800 3145 2878 Dicendum
3202 2821 3359 2869 cum
3412 2796 3861 2873 Damasceno,

2325 2909 2509 3001 quod
2536 2908 2667 2978 hoc
2697 2908 2877 3000 quod
2914 2907 3065 2976 dico
3104 2906 3484 2997 ingenitum
3516 2903 3873 2996 dupliciter

2325 3017 2606 3086 dicitur:
2660 3017 2819 3084 dicit
2866 3016 3047 3082 enim
3087 3016 3184 3082 sic
3224 3016 3283 3080 ¹:
3320 3011 3607 3104 Oportet
3674 3012 3866 3094 scire,

2325 3126 2648 3217 quoniam
2674 3124 3074 3213 inqenilum,
3101 3143 3222 3213 per
3242 3142 3457 3188 unum
3478 3143 3523 3188 n
3545 3118 3871 3211 scriptum

2325 3230 2602 3310 scilicet,
2662 3229 2838 3296 idem
2898 3227 3085 3321 quod
3128 3250 3267 3295 non
3311 3225 3567 3294 factum
3609 3222 3876 3316 signiti-

2324 3348 2454 3410 cat.
2485 3340 2919 3431 Inqennitum
2948 3360 3071 3429 per
3126 3336 3260 3404 duo
3291 3359 3335 3404 n
3374 3336 3704 3427 scriptum
3742 3333 3877 3401 sci-

2325 3447 2508 3532 licet,
2546 3447 2866 3523 ostendit,
2891 3440 3076 3536 quod
3112 3467 3252 3514 non
3281 3451 3685 3537 generatum
3727 3450 3871 3511 est:

2320 3564 2392 3628 et
2419 3555 2605 3638 dicit,
2646 3554 2827 3647 quod
2858 3554 2925 3622 in
2967 3554 3189 3644 primo
3213 3575 3421 3624 sensu
3458 3551 3770 3643 genitum
3807 3560 3875 3621 et

2324 3686 2466 3736 non
2501 3665 2809 3757 genitum
2856 3662 3284 3754 distinguunt
3331 3662 3511 3731 inter
3566 3669 3869 3740 naturaS,

2325 3780 2622 3842 creatam
2659 3770 2938 3851 scilicet,
2988 3778 3052 3838 et
3111 3771 3527 3839 increatam:
3561 3768 3723 3860 quia
3768 3756 3876 3836 di-'

2324 3877 2487 3945 vina
2513 3884 2754 3946 natura
2782 3884 2883 3944 est
2910 3875 3237 3967 ingenita,
3272 3873 3338 3942 id
3372 3882 3500 3953 est,
3551 3874 3870 3953 increata,

2324 3982 2697 4052 secundum
2728 3980 2911 4072 quod
2942 3983 3248 4073 genitum
3279 3980 3586 4049 dicitura
3614 3981 3870 4071 genesi,

2324 4089 2396 4161 id
2430 4098 2558 4168 est.
2599 4112 2640 4158 a
2676 4089 3042 4159 creatione.
3084 4087 3476 4180 lngenitum
3532 4096 3760 4156 autem
3810 4090 3877 4154 in

2315 4196 2622 4277 ineundo
2643 4196 3022 4287 significato
3038 4195 3360 4266 convenit
3380 4204 3642 4264 naturae
3688 4216 3874 4263 crea·

2324 4316 2492 4377 taeet
2521 4307 2830 4375 increata?
2869 4328 2885 4373 :
2921 4305 3081 4397 quia
3111 4304 3358 4396 aliquis
3389 4305 3459 4372 in
3489 4313 3732 4373 natura
3769 4304 3878 4374 di-

2325 4415 2488 4483 vina
2525 4423 2626 4482 est
2657 4414 3022 4505 ingenitu3‚
3058 4420 3134 4479 ut
3156 4410 3341 4478 sotus
3361 4410 3590 4490 Pater,
3614 4420 3692 4480 ιιι
3718 4412 3877 4481 dicit

2323 4526 2817 4607 Damascenuffi
2859 4529 2922 4588 et
2954 4518 3181 4611 aliqua
3210 4519 3345 4588 alia
3393 4520 3604 4589 etiam
3643 4521 3713 4588 in
3751 4543 3878 4588 na-

2325 4641 2477 4703 tura
2509 4637 2732 4701 creata
2763 4628 3080 4698 dicuntur
3115 4629 3444 4720 ingenita,
3503 4628 3682 4703 sicut
3723 4651 3878 4705 om-

2315 4742 2516 4819 nium
2573 4736 2970 4807 animalium
3011 4739 3304 4828 propriae
3356 4736 3599 4828 primae
3654 4735 3880 4830 hypo-

2328 4857 2565 4926 staseS,
2608 4845 2675 4914 id
2715 4854 2838 4926 est,
2897 4843 3246 4912 individua
3294 4867 3449 4936 quae
3502 4866 3645 4913 non
3690 4853 3874 4929 nata,

2330 4954 2448 5024 sed
2486 4976 2526 5023 a
2554 4952 2940 5022 conditione
2970 4951 3144 5021 facta
3176 4960 3359 5033 sunt,
3401 4960 3477 5019 ut
3507 4951 3713 5043 primi
3742 4952 3876 5022 duo

2325 5062 2522 5140 asini,
2569 5063 2639 5150 et
2673 5060 2872 5151 primi
2903 5058 3039 5127 duo
3088 5057 3343 5136 leoneS,
3403 5067 3471 5127 et
3499 5060 3704 5150 primi
3741 5059 3877 5129 duo

2323 5168 2665 5248 homines,
2710 5177 2778 5237 et
2803 5170 2902 5236 sic
2929 5166 3012 5237 de
3042 5167 3219 5237 aliis.
3670 5186 3675 5190 ’

2412 5276 2668 5344 Tamen
2709 5283 2895 5355 nota,
2931 5273 3117 5366 quod
3145 5273 3521 5343 secundum
3569 5276 3877 5368 proprie-

2327 5390 2535 5452 tatem
2566 5382 2818 5449 Latinae
2868 5381 3115 5472 linguae
3155 5403 3291 5450 non
3334 5389 3436 5451 est
3480 5383 3609 5451 ista
3646 5383 3880 5453 distin-

2327 5492 2463 5560 ctio
2499 5512 2515 5557 :
2550 5492 2711 5580 quia
2740 5490 3121 5579 inyenitum
3162 5511 3283 5580 per
3319 5489 3454 5559 duo
3486 5514 3559 5573 n,
3593 5491 3663 5559 in
3693 5492 3877 5560 Lati-

3966 2841 4170 2891 sot-tto.
