4897 6388
426 302 427 305 ‘
520 339 603 406 36
694 341 707 344 ·
1184 298 1188 302 Α
1314 394 1357 421 „
1522 335 1856 404 D.A1,B.
1910 333 2124 403 MAG.
2177 308 2732 430 onupnffln.

20 1660 23 1667 ’
144 1673 155 1679 ’
246 1664 320 1710 Ad
352 1667 389 1711 1.

22 3116 29 3145 ³
110 3168 120 3200 -.
244 3138 326 3186 Αιι
351 3135 396 3187 2.

609 507 916 576 Som'rio.
949 506 1060 575 Ad
1099 470 1405 576 hoe‘sin’e
1446 471 1845 597 praejudicio
1894 505 2065 595 dici·
2172 482 2787 593 dumj'ntellectum
2851 501 2978 567 sibi
3045 500 3487 590 adaequatur:
3537 487 3748 584 quia?

517 638 693 698 mus,
718 616 1135 684 allirmantes
1159 616 1438 706 quidem
1460 616 1858 690 certissime,
1884 610 2065 699 quod

516 722 745 790 divina
788 723 1171 792 substantia
1213 721 1485 788 videtur
1530 742 1570 785 a
1598 719 1812 785 beatis
1851 717 2066 784 omni·

514 828 643 895 bus
676 852 691 897 :
727 828 1019 920 qualiter
1047 836 1276 895 autem
1304 826 1601 903 videtur,
1637 826 1781 892 sine
1811 824 2064 913 praeju-

516 936 690 1004 dicio
750 935 1039 1002 dicimus
1086 935 1207 1011 sic,
1262 931 1447 1023 quod
1511 931 2064 1000 videtur'imme-

515 1042 693 1109 diate
725 1064 843 1131 per
873 1041 1432 1130 conjunctionem
1470 1063 1486 1112 ς
1532 1041 1626 1107 ita
1657 1040 1841 1133 quod
1876 1039 2060 1107 Deus

516 1146 713 1227 offert
757 1170 828 1215 se
865 1156 1102 1216 nostro
1142 1147 1517 1217 intellectui
1566 1170 1688 1238 per
1720 1146 2086 1224 ,substanff

513 1257 682 1324 tiam
722 1278 943 1335 suam,
990 1256 1166 1323 sicut
1203 1253 1586 1322 intellectus
1616 1252 1893 1341 'sibiipsi
1930 1274 1944 1319 :
1996 1261 2059 1317 et

512 1360 644 1429 hoc
673 1371 774 1429 est
819 1360 1005 1452 quod
1058 1360 1224 1428 dicit
1296 1357 1759 1450 Apostolus,I
1803 1357 1889 1424 ad
1928 1357 2061 1425 Co-

512 1466 719 1535 rinth.
745 1491 893 1551 xm,
941 1468 1022 1533 12
1065 1466 1552 1556 :Coqnoscam
1617 1465 1794 1531 sicut
1848 1472 1911 1530 et
1946 1487 2061 1530 co-

508 1576 747 1665 quitus
770 1596 952 1641 ωιτη.-
1306 1644 1313 1651 ,
1680 1640 1688 1649 ,

524 1752 529 1757 ,
601 1665 1018 1749 Aucromus
1078 1689 1319 1769 ‘autem
1404 1679 1872 1769 Chrysostomi
1932 1678 2059 1746 sol·

510 1789 734 1857 venda
770 1796 873 1857 est
908 1811 1030 1878 per
1076 1787 1368 1855 verbum
1407 1786 1712 1877 ejusdem
1766 1784 2056 1876 Chryso-

512 1899 741 1975 smmi,
794 1896 1073 1975 ibidem,
1142 1896 1262 1963 ubi
1319 1894 1628 1963 sic‘dicit
1672 1917 1688 1962 ε
1737 1922 1767 1959 α
1806 1893 2056 1962 Omnes

515 2030 549 2071 «t
580 2005 903 2073 novimus
931 2003 1158 2070 Deum
1191 2025 1209 2070 2
1244 2002 1697 2069 substantiam
1724 2023 1888 2069 vero
1914 2001 2059 2089 ejus

514 2141 547 2176 «
583 2110 812 2179 nullus
842 2110 1038 2177 novit
1074 2104 1144 2177 et
1182 2108 1349 2200 quid
1388 2116 1515 2187 est,
1549 2109 1680 2176 nisi
1710 2107 1895 2177 solus
1942 2108 2057 2198 qui

514 2245 548 2286 «t
579 2221 871 2310 genitus,
899 2225 1003 2286 est
1049 2239 1135 2284 ex
1182 2238 1264 2284 eo
1332 2239 1348 2283 ε
1399 2245 1432 2279 υ
1453 2250 1469 2283 z
1490 2218 1836 2285 notionem
1875 2217 2057 2284 enim

507 2329 620 2399 hic
647 2327 1087 2420 Evangelista
1134 2327 1588 2395 certissimam
1637 2326 1799 2394 dicit
1843 2327 2062 2395 consi·

507 2435 932 2505 derationem
970 2442 1036 2503 et
1072 2431 1783 2524 comprehensionem,
1816 2441 1883 2500 et
1906 2441 2062 2501 tan-

508 2552 652 2612 tam
691 2549 1021 2635 quantam
1067 2539 1275 2609 habet
1321 2539 1530 2608 Pater
1575 2539 1659 2608 de
1704 2539 1876 2608 Filio
1927 2563 1942 2607 :
1994 2547 2061 2606 et

513 2652 666 2721 ideo
698 2657 882 2742 patet
911 2648 1096 2741 quod
1125 2648 1659 2740 Chrysostomus
1690 2671 1829 2716 non
1859 2655 2062 2738 negat

515 2759 682 2849 quin
720 2754 1029 2824 videatur
1056 2747 1439 2824 substantia
1466 2754 1595 2822 Dei
1626 2775 1643 2822 ε
1678 2753 1793 2822 sed
1827 2762 2055 2845 negat,-

516 2865 701 2958 quod
773 2867 869 2933 ita
934 2863 1224 2954 perfecte
1286 2862 1605 2932 videatur
1669 2862 1754 2931 ab
1832 2862 2061 2954 aliquo

517 2981 742 3041 creato
774 2968 1147 3049 intellectu,
1180 2971 1358 3039 sicut
1384 2965 1656 3038 videtur
1675 2991 1713 3036 a
1742 2992 1837 3037 se.

604 3080 710 3146 An
749 3098 1081 3146 nitriotem
1125 3084 1357 3145 autem
1408 3075 1703 3168 primam
1762 3073 2065 3167 Chryso-

514 3187 745 3269 sionni,
778 3184 1170 3269 dicendum,
1194 3183 1383 3277 quod
1411 3194 1716 3254 creatum
1754 3183 2059 3274 adjutum

512 3295 595 3363 ab
634 3296 961 3373 increato,
1021 3299 1247 3383 potest
1283 3292 1369 3360 ad
1424 3291 1646 3361 illud:
1705 3290 1860 3361 licet
1926 3315 2062 3360 non

508 3422 713 3491 supra
742 3398 936 3468 iilud.
972 3397 1150 3467 Sunt
1177 3408 1409 3467 tamen
1441 3399 1561 3489 qui
1591 3396 1846 3476 dicunt,
1879 3396 2063 3489 quod

507 3507 890 3576 intellectus
928 3514 1195 3575 creatus
1230 3504 1430 3574 aliter
1455 3527 1531 3573 se
1570 3502 1774 3573 habet
1813 3505 1898 3573 ad
1954 3507 2063 3574 in-

506 3615 779 3699 feriora,
821 3626 890 3684 et
925 3614 1121 3682 aliter
1156 3613 1246 3705 ad
1297 3613 1698 3705 superiora:
1744 3615 1902 3704 quia
1951 3635 2064 3682 su-

505 3750 630 3819 per
664 3725 987 3795 interiora
1034 3723 1259 3792 inssuit
1295 3722 1559 3814 aliquid
1595 3721 1875 3791 luminis
1928 3724 2056 3801 sui,

508 3838 844 3928 praecipue
893 3832 1276 3903 intellectus
1311 3854 1553 3924 agens,
1603 3841 1672 3901 et
1708 3833 1800 3900 ita
1838 3841 2060 3923 potest

510 3943 728 4011 active
756 3942 828 4009 in
866 3939 1020 4010 illa:
1063 3939 1152 4008 ad
1188 3941 1542 4031 superiora
1572 3947 1800 4007 autem
1827 3961 1899 4007 se
1937 3937 2063 4006 ha-

508 4049 623 4119 bet
649 4056 725 4117 ut
762 4048 1094 4138 recipiens
1121 4055 1417 4131 tantum,
1450 4054 1518 4115 et.
1549 4045 1700 4114 ideo
1730 4069 1870 4115 non
1900 4068 2063 4136 pro-

507 4157 652 4248 prie
715 4154 963 4223 dicitur
1025 4176 1227 4245 posse
1293 4152 1363 4221 in
1420 4151 1563 4232 illa,
1632 4152 1751 4221 sed
1831 4151 1944 4220 illa
1993 4152 2060 4219 in

511 4265 761 4356 ipsum.

596 4371 702 4437 An
741 4389 1073 4436 amoses«
1104 4373 1332 4435 autem
1364 4364 1732 4434 secundam
1776 4363 2064 4455 Chryso-

509 4480 738 4562 stomi,
806 4476 1194 4554 dicendum,
1248 4475 1433 4567 quod
1482 4475 1637 4544 licet
1676 4473 1890 4542 multa
1927 4474 2061 4542 sint

429 4670 433 4673 .
510 4585 832 4657 attributa
881 4583 1140 4663 divina,
1193 4591 1423 4652 tamen
1473 4581 1825 4674 quodlibet
1893 4578 2060 4648 nihil

510 4694 694 4767 aliud
723 4703 824 4764 est
873 4715 1082 4785 quam
1138 4692 1288 4785 ipsa
1343 4690 1723 4760 substantia
1778 4689 2007 4757 divina
2039 4711 2055 4756 ε

508 4814 576 4875 et
613 4805 766 4873 ideo
798 4804 868 4870 in
906 4800 1215 4894 quolibet
1251 4823 1491 4869 eorum
1533 4799 1911 4867 substantia
1941 4799 2064 4865 im·

511 4914 802 4984 mediate
842 4911 1135 4979 videtur.
1180 4909 1263 4977 Et
1320 4908 1506 5001 quod
1548 4908 1712 4977 dicit
1760 4908 2063 4998 Chryso-

509 5032 797 5097 stomus‚
831 5018 1017 5112 quod
1044 5041 1186 5087 non
1216 5018 1484 5087 videtur
1526 5017 1926 5099 substantia,
1958 5016 2066 5083 di-

511 5129 800 5200 cendum
831 5125 1017 5219 quod
1045 5126 1221 5195 sicut
1249 5126 1394 5215 ipse
1426 5124 1602 5192 infra
1642 5123 1804 5192 dicit
1842 5125 1913 5190 in
1948 5145 2067 5190 au·

511 5241 820 5309 ctoritate
860 5235 1156 5313 inducta,
1192 5243 1395 5304 vocat
1422 5233 1870 5303 substantiam
1901 5229 2062 5323 quid

510 5356 636 5427 est,
677 5344 811 5414 hoc
850 5352 975 5422 est,
1026 5341 1485 5411 differentiam
1518 5341 1730 5432 ipsius
1770 5362 1888 5431 per
1926 5345 2065 5406 ter-

511 5458 735 5524 minos
774 5453 1137 5523 essentiae:
1183 5443 1250 5519 et
1303 5452 1466 5541 quia
1505 5448 1673 5517 tales
1738 5447 2062 5515 terminos

511 5588 650 5633 non
677 5561 908 5645 habet,
938 5559 1093 5627 ideo
1123 5557 1507 5626 substantia
1527 5555 1775 5647 etquid
1805 5564 1905 5623 est
1934 5551 2063 5620 hoc

506 5673 713 5748 modo
734 5693 876 5741 non
896 5669 1188 5768 videtur.
1220 5666 1251 5734 I
1257 5687 1372 5758 pse
1393 5667 1598 5734 etiam
1621 5664 1806 5733 solus
1824 5686 1976 5732 secu
1986 5685 2060 5729 n-

2172 617 2463 697 quantus
2509 610 2653 697 ipse
2692 615 2816 686 est,
2869 616 3096 675 tantus
3162 616 3265 675 est
3330 601 3714 672 intellectus

2171 717 2313 805 ejus
2346 738 2361 782 ε
2433 739 2573 783 non
2636 724 2865 783 autem
2923 725 3215 805 quantus
3273 718 3439 805 ipse.
3482 719 3710 780 tantus

2168 834 2271 894 est
2299 825 2676 894 intellectus
2705 833 2991 893 creatus.

2258 935 2395 1002 Pan
2432 958 2590 1002 imm
2631 942 2817 1025 patet
2835 933 3081 1001 solutio
3123 931 3206 999 ad
3238 931 3710 998 auctoritatem

2169 1053 2587 1132 sequentem.

2228 1138 2356 1215 'An
2387 1173 2451 1215 ιι)
2490 1148 2671 1238 quod
2709 1148 3024 1235 objicitur
3069 1147 3150 1215 de
3188 1145 3545 1236 DionysiO,
3599 1143 3710 1211 di·-

2167 1255 2479 1333 cendum‚
2549 1254 2732 1345 quod
2786 1254 3087 1344 loquitur
3131 1253 3260 1347 ‘vel
3314 1253 3396 1321 de
3444 1253 3712 1320 ,visione

2164 1362 2315 1440 viae,
2373 1360 2494 1429 vel?
2520 1368 2721 1430 vocat
2785 1385 2923 1428 non
2968 1363 3190 1450 ipsum
3255 1360 3510 1444 videre,
3571 1380 3712 1425 non

2166 1471 2387 1560 ipsum
2426 1479 2647 1538 totum
2678 1470 2967 1560 perfecte
2999 1470 3268 1537 videre:
3303 1468 3423 1536 sed
3452 1464 3710 1558 aliquid

2166 1582 2346 1672 quod
2384 1591 2485 1650 est
2521 1582 2666 1670 ejus
2703 1579 2864 1648 dicit
2892 1580 3105 1648 videri
3141 1602 3155 1645 :
3192 1586 3260 1647 et
3297 1577 3429 1646 hoc
3457 1585 3558 1645 est
3605 1576 3714 1642 vi-

2165 1689 2323 1758 dere
2353 1691 2620 1780 ipsum:
2655 1689 2814 1779 quia
2851 1690 2993 1778 ipse
3032 1686 3566 1756 substantialiter
3609 1692 3711 1753 est

2169 1794 2355 1863 illud.

2249 1902 2355 1968 An
2383 1924 2580 1969 Auno
2619 1902 3005 1980 dicendum,
3070 1902 3253 1992 quod
3290 1902 3474 1970 Deus
3536 1904 3709 1969 sim-

2165 2009 2426 2100 pliciter
2453 2017 2556 2078 est
2585 2009 3309 2102 incomprehensibilis,
3353 2020 3419 2079 et
3449 2008 3580 2079 hoe
3608 2019 3710 2079 est

2165 2124 2242 2182 ut
2266 2121 2368 2183 est
2396 2114 2702 2183 infinitus
2734 2138 2750 2182 ε
2781 2117 2943 2207 quia
2979 2117 3075 2185 sic
3112 2117 3351 2208 attingi
3382 2139 3523 2184 non
3551 2124 3708 2206 pot-

2166 2226 2290 2298 est,
2332 2220 2465 2286 nisi
2518 2218 2893 2287 secundum
2931 2220 3119 2311 quid,
3169 2221 3424 2290 scilicet
3458 2242 3711 2311 cogno-

2166 2326 2412 2395 scendo
2442 2326 2989 2399 infinitum-esse.

2254 2432 2593 2513 Qmmma
2629 2444 2857 2504 autem
2894 2436 3028 2504 sint
3055 2437 3416 2527 agalmata,
3449 2445 3515 2505 et
3552 2459 3670 2527 spe
3693 2473 3714 2486 ·

2167 2539 2341 2619 cula,
2386 2539 2558 2607 infra
2593 2540 2852 2631 patebit
2889 2543 2957 2608 in
3001 2541 3135 2610 fine
3173 2543 3554 2612 solutionis.

2253 2648 2359 2714 An
2396 2670 2462 2714 in
2500 2648 2683 2739 quod
2723 2648 3041 2739 objicitur
3069 2673 3187 2742 per
3227 2651 3546 2728 rationes,
3602 2648 3713 2717 di-

2169 2755 2459 2825 cendum
2499 2757 2681 2849 quod
2711 2757 3050 2828 sufficiens
3088 2759 3439 2850 proportio
3470 2780 3554 2826 ex
3587 2779 3716 2825 na-

2172 2871 2321 2931 tura
2350 2862 2730 2933 intellectus
2778 2863 3012 2934 haberi
3061 2889 3198 2934 non
3237 2874 3458 2957 potest
3487 2865 3573 2933 ad
3613 2866 3714 2956 ip·

2171 2996 2349 3059 sum,
2388 2973 2508 3042 sed
2538 2998 2620 3043 ex
2659 2977 3015 3067 juvamine
3057 2977 3205 3045 Dei.

2260 3082 2362 3148 An
2414 3103 2613 3150 amun
2676 3081 3062 3161 dicendum,
3129 3084 3314 3176 quod
3371 3085 3712 3152 inlinitum

2171 3186 2406 3280 attingi
2458 3187 2733 3280 quidem
2772 3197 3017 3281 potest,
3076 3190 3196 3259 sed
3253 3191 3511 3282 aliquid
3568 3191 3715 3280 ejus

2171 3321 2438 3389 semper
2457 3307 2688 3367 manet
2714 3308 2902 3368 extra
2940 3301 3382 3392 attingentem
3419 3323 3435 3368 ε
3465 3310 3530 3369 et
3562 3301 3713 3370 ideo

2172 3406 2242 3473 in
2279 3429 2360 3474 eo
2390 3406 2575 3497 quod
2618 3417 2721 3475 est
2758 3408 3097 3478 inlinitum
3146 3408 3394 3478 dicitur
3432 3433 3566 3477 non
3607 3418 3718 3478 at-

2171 3512 2338 3605 tingi
2373 3535 2389 3581 :
2423 3520 2491 3583 et
2529 3512 2660 3583 hoc
2685 3515 2784 3583 sic
2810 3523 3038 3605 patere
3066 3524 3328 3606 potest:
3365 3516 3712 3585 Infinitum

2172 3620 2241 3687 in
2277 3619 2651 3711 quantitate
2688 3629 2789 3689 est
2850 3623 2951 3709 (ut
3005 3619 3166 3689 dicit
3221 3620 3705 3713 Philosophus)

2171 3728 2362 3819 cujus
2390 3737 2614 3819 partes
2642 3731 2995 3821 accipienti
3027 3753 3298 3822 semper
3325 3740 3427 3800 est
3453 3731 3713 3823 aliquid

2171 3841 2359 3900 extra
2384 3833 2715 3924 accipere.
2750 3832 2826 3901 ln
2855 3834 3186 3925 spirituali
3217 3844 3444 3903 autem
3474 3845 3717 3905 natura

2170 3938 2462 4008 increata
2503 3963 2643 4008 non
2680 3949 2782 4009 est
2829 3939 3168 4009 inlinitum
3211 3944 3278 4008 in
3338 3946 3713 4034 quantitate

2173 4046 2397 4128 molis,
2429 4047 2549 4115 sed
2585 4049 2928 4139 quantitas
2966 4050 3236 4116 virtutis
3278 4049 3601 4118 dividitur
3628 4050 3714 4119 ad

2172 4164 2383 4233 extra,
2412 4154 2788 4224 secundum
2816 4179 2894 4224 ea
2915 4158 2984 4224 in
3014 4179 3164 4247 quae
3183 4166 3442 4248 potest:
3466 4167 3529 4227 et
3563 4159 3714 4228 ideo

2173 4262 2551 4333 intellectus
2608 4264 2949 4355 attingens
3004 4263 3225 4332 Deum
3279 4264 3551 4357 attingit
3608 4269 3716 4359 ip-

2172 4394 2351 4451 sum,
2385 4372 2479 4439 ita
2504 4368 2690 4461 quo'd
2720 4368 3007 4437 multum
3034 4378 3101 4438 et
3123 4372 3458 4440 inlinitum
3492 4374 3715 4441 virtu-

2171 4481 2257 4548 tis
2285 4499 2554 4568 semper
2580 4486 2683 4546 est.
2709 4485 2898 4545 extra
2923 4477 3181 4568 ipsum:
3215 4488 3282 4547 et
3308 4482 3467 4572 quia
3498 4483 3715 4550 virtus

2172 4609 2295 4653 sua
2331 4594 2432 4654 est
2467 4584 2760 4654 essentia
2799 4607 2945 4663 sua,
2989 4585 3140 4654 ideo
3170 4588 3374 4655 etiam
3425 4589 3716 4657 immen-

2173 4694 2333 4761 sitas
2370 4693 2679 4761 essentiae
2707 4701 2811 4761 est
2837 4702 3025 4762 extra
3068 4693 3512 4763 intellectum.

2261 4803 2363 4868 An
2393 4823 2458 4868 ιο
2487 4800 2669 4893 quod
2693 4801 3011 4891 objicitur
3038 4811 3272 4870 contra
3301 4801 3712 4873 solutionem

2176 4909 2543 4986 inductam,
2578 4907 2747 4977 bene
2784 4909 3123 4978 concedo:
3177 4910 3336 5000 quia
3374 4911 3444 4977 in
3492 4909 3716 5002 quoli-

2176 5016 2287 5086 bet
2313 5019 2637 5086 attributo
2676 5028 2778 5087 est
2815 5018 3144 5101 infinitus,
3187 5028 3251 5086 et
3299 5020 3394 5087 sic
3448 5042 3718 5112 semper

2178 5134 2480 5194 remanet
2515 5133 2705 5194 extra
2735 5125 3145 5193 intellectum
3180 5148 3196 5194 ε
3233 5129 3389 5217 quia
3423 5126 3573 5197 licet
3604 5153 3719 5197 ac-

2176 5232 2463 5323 cipiatur
2515 5229 2895 5298 substantia
2940 5231 3048 5300 vel
3095 5233 3447 5323 sapientia,
3491 5245 3719 5304 tamen

2178 5337 2598 5405 immensitas
2636 5337 2847 5427 ipsius
2884 5336 3105 5405 claudi
3139 5361 3274 5406 non
3315 5348 3535 5430 potest
3570 5362 3584 5407 :
3633 5339 3722 5406 li-

2176 5452 2279 5513 cet
2300 5445 2538 5535 attingi
2568 5445 2784 5532 possit
2820 5444 3097 5536 aliquod
3131 5455 3478 5536 acceptum
3540 5445 3722 5537 quod

2177 5560 2277 5619 est
2312 5574 2435 5620 sua
2472 5549 2872 5636 substantia,
2908 5552 3062 5621 licet
3098 5575 3239 5621 non
3267 5554 3351 5620 sit
3391 5555 3722 5621 terminus

2174 5659 2492 5727 claudens
2529 5666 2773 5739 totum,
2807 5660 2990 5752 quod
3020 5669 3123 5729 est
3151 5659 3357 5729 Deus,

3823 960 3903 1008 Ad
3925 960 3967 1005 3.

3835 1189 3905 1234 Ad
3938 1194 3967 1236 ‘-

3817 1912 3890 1956 Ad
3928 1912 3972 1957 b.

3833 2449 3910 2498 Ad
3936 2454 3980 2497 ὅ.

3842 2668 3912 2713 Ad
3942 2671 3985 2716 ΐ.

3825 3095 3896 3142 Ad
3929 3097 3971 3142 ⁸.

3826 4834 3905 4882 Ad
3933 4839 3975 4879 9.
