4897 6388
1822 311 1994 396 ιΝῄῐ
2044 311 2467 379 SENTENT.
2526 310 2751 377 msr.
2806 309 2926 387 ιιι,
2980 309 3035 387 1,
3091 313 3178 386 K,
3223 311 3306 396 μ.
4063 312 4180 380 131

970 483 1231 572 agentis
1276 506 1290 549 :
1336 493 1403 551 et
1441 483 1683 550 divisio
1716 506 1919 574 quam
1952 487 2140 575 ponit
2172 487 2339 553 ratio
2372 485 2513 567 illa,
2630 489 2808 553 rium
2841 486 3283 554 concedimus
3315 484 3443 553 hoe
3478 485 3706 568 mode,
3729 485 3912 576 quod
3954 509 4189 554 seeun-

970 598 1151 657 tenet
1191 594 1256 658 in
1290 591 1646 658 discretiva
1684 594 1985 675 scientia,
2028 604 2258 662 elnon
2291 596 2361 662 in
2391 596 2519 664 ista
2629 595 2793 663 dum
2843 605 3070 662 actum
3132 605 3233 660 est
3298 593 3675 661 intellectus
3732 593 3819 661 ad
3857 594 4184 683 seipsum,

974 720 1127 788 quae
1158 699 1533 767 secundum
1588 706 1897 770 naturam
1955 703 2105 771 talis
2132 713 2272 794 test,
2308 712 2382 770 ut
2422 704 2519 770 di·
2630 725 2769 770 non
2810 702 2996 792 quod
3063 724 3333 790 semper
3380 709 3814 768 convertatur
3870 723 4073 790 super
4116 723 4186 767 se

973 811 1221 877 ximus,
1698 865 1703 871 .
2629 809 3098 886 discernendo,
3134 809 3253 876 sed
3285 809 3468 899 quod
3527 832 3792 899 semper
3832 807 4189 899 objiciatur

647 958 722 1004 Ad
753 957 931 1015 obj-0⁶2·
1067 915 1163 981 Ea
1192 923 1416 984 autem
1451 939 1603 1008 quae
1661 917 2070 1007 objiciuntur
2124 920 2193 984 in
2243 928 2508 986 contra·
2628 917 2758 985 sibi
2798 918 2868 984 in
2906 915 3165 984 lumine
3195 916 3546 1006 praedicto,

1674 1481 1729 1554 1.
1771 1479 2160 1575 Quomodo
2192 1486 2348 1555 tota
2373 1479 2516 1556 illa
2544 1480 2697 1556 tria
2727 1480 3107 1556 memoria
3138 1480 3397 1578 capiat
3434 1480 3474 1552 7

1067 1848 1490 1946 Totamque
1535 1872 1779 1924 meam
1827 1849 2301 1945 memoriam,
2337 1862 2413 1926 et
2454 1852 3075 1948 intelligentiam,
3111 1864 3186 1927 et
3240 1854 3714 1927 voluntatem
3759 1847 3988 1923 simul
4036 1871 4182 1923 me·

973 1982 1190 2057 mini.
1227 1983 1445 2072 Quod
1479 1986 1685 2060 enim
1730 1985 2120 2062 memorize
2178 2009 2368 2062 meoe
2423 2011 2578 2061 non
2641 1988 2989 2083 memini,
3036 1989 3222 2062 illud
3282 2013 3433 2062 non
3502 1998 3614 2062 est
3657 1971 3750 2059 'in
3814 1984 4186 2060 memoria

973 2142 1147 2194 mea
1191 2143 1208 2194 ε
1258 2118 1451 2194 nihil
1484 2130 1741 2197 autem
1784 2130 1935 2196 tam
1978 2120 2055 2195 in
2112 2123 2484 2198 memoria
2541 2133 2684 2217 est,
2721 2147 2954 2222 quam
2991 2125 3157 2224 ipsa
3226 2124 3596 2200 memoria
3642 2148 3657 2197 ε
3696 2132 3934 2198 totam
4000 2142 4183 2217 ergo

974 2254 1320 2329 memini.
1368 2256 1586 2349 Item,
1631 2255 2003 2354 quidquid
2070 2256 2444 2355 intelligO,
2501 2258 2932 2355 intelligere
3003 2285 3122 2334 me
3191 2261 3350 2334 seio
3390 2285 3405 2334 :
3453 2270 3527 2333 et
3583 2259 3740 2333 seio
3801 2281 3922 2332 me
3984 2257 4182 2330 velle

978 2387 1357 2488 quidquid
1392 2391 1570 2465 volo
1615 2390 2042 2490 :quidquid
2093 2402 2349 2468 autem
2391 2393 2554 2468 scio
2611 2395 2956 2469 memini.
3015 2396 3276 2470 Totam
3331 2419 3514 2490 ergo
3570 2392 4192 2490 intelligentiam,

910 2607 917 2614 ‚
986 2536 1378 2625 totamque
1435 2528 1906 2603 voluntatem
1944 2550 2188 2602 meam
2232 2529 2581 2604 memini.

1604 3051 1694 3126 K.
1736 3048 2126 3141 Quomodo
2169 3048 2308 3125 illa
2346 3053 2500 3127 tria
2536 3061 2693 3128 tota
2731 3051 2992 3149 capiat
3032 3047 3550 3145 intelliqentia
3578 3048 3619 3120 ⁴?

1082 3421 1458 3497 Similiter
1495 3445 1669 3496 cum
1706 3423 1869 3496 haec
1910 3422 2049 3495 tria
2093 3421 2468 3517 intelligo,
2517 3429 2670 3494 tota
2711 3420 2944 3495 simul
2981 3421 3331 3513 intelligo
3368 3444 3384 3495 :
3435 3442 3684 3518 neque
3727 3417 3932 3491 enim
3969 3417 4201 3516 quid-

986 3581 1221 3658 quam
1257 3556 1852 3655 intelligibilium
1886 3557 2231 3657 estquod
2275 3581 2429 3630 non
2494 3556 2951 3654 intelligam,
3009 3557 3156 3632 nisi
3199 3558 3406 3655 quod
3473 3557 3770 3652 ignoro.
3816 3555 4033 3643 Quod
4077 3578 4207 3629 au·

989 3705 1140 3770 tem
1171 3693 1474 3792 ignom,
1519 3716 1659 3769 nec
1709 3692 2049 3785 memini,
2087 3715 2226 3767 nec
2293 3693 2500 3765 volu.
2538 3692 2931 3790 Quidquid
2988 3716 3176 3786 ergo
3220 3691 3822 3786 intelligibilium
3894 3716 4047 3764 non
4093 3691 4202 3764 in-

991 3829 1285 3924 telligo,
1328 3837 1893 3927 consequenter
1921 3828 2146 3902 etiam
2182 3851 2322 3902 nec
2368 3826 2715 3921 tuemini,
2763 3852 2905 3902 nec
2947 3829 3155 3901 volo.
3230 3827 3622 3924 Quidquid
3679 3850 3864 3919 ergo
3921 3825 4208 3900 intelli-

991 3965 1342 4063 gibilium
1381 3963 1695 4040 memini
1736 3973 1808 4039 et
1841 3964 2037 4048 volo,
2068 3974 2636 4061 consequenter
2666 3962 3040 4057 intelligo.

1775 4471 1858 4544 L.
1918 4469 2309 4559 Quomodo
2352 4470 2492 4546 illa
2521 4478 2679 4547 lota
2716 4472 2976 4569 rapiat
3007 4469 3358 4544 voluntas
3381 4468 3423 4542 ⁶?

1088 4835 1468 4911 Voluntas
1509 4832 1732 4908 etiam
1773 4855 1936 4906 mea
1977 4841 2208 4906 totam
2233 4827 2833 4926 'intelligentiam
2872 4837 3266 4923 totamque
3311 4847 3556 4899 meam
3593 4820 4041 4896 memoriam
4077 4844 4206 4895 ca—

992 4973 1128 5072 pit,
1165 4971 1346 5046 dum
1393 4979 1564 5045 utor
1607 4979 1758 5042 toto
1797 4992 1887 5042 eo
1928 4968 2129 5066 quod
2166 4965 2513 5061 intelligo
2555 4974 2627 5039 et
2661 4962 3008 5038 memini.
3055 4963 3245 5035 Cum
3295 4960 3550 5057 itaque.
3596 4957 3921 5032 invicem
3956 4981 3999 5030 a
4041 4956 4207 5030 sin-

991 5107 1223 5206 guliS,
1257 5115 1331 5179 et
1371 5104 1628 5178 omnia
1670 5114 1737 5179 et
1772 5114 1917 5177 tota
1960 5102 2382 5201 capiantur,
2446 5099 2783 5199 wqualia
2825 5108 3001 5171 sunt
3067 5107 3217 5170 tota
3261 5096 3564 5187 singula
3633 5094 3808 5166 totis
3840 5092 4198 5189 singuliS,

993 5256 1070 5321 et
1109 5254 1264 5320 tota
1302 5241 1608 5338 singula
1636 5240 1863 5315 simul
1896 5239 2257 5314 omnibus
2292 5237 2467 5312 totis
2503 5261 2518 5312 ε
2554 5245 2625 5311 et
2669 5238 2836 5310 lime
2872 5234 3011 5307 tria
3050 5256 3324 5324 uuum,
3363 5255 3514 5305 una
3549 5230 3729 5316 vita,
3767 5252 3917 5302 uua
3954 5252 4201 5321 mens,

995 5404 1155 5455 una
1179 5375 1538 5454 essentia.
1579 5376 1768 5450 Eece
1800 5374 2003 5448 illius
2029 5396 2360 5447 summm
2394 5370 2712 5446 unitatis
2741 5381 2973 5467 atque
3005 5365 3427 5459 TrinitatiS,
3469 5364 3593 5439 ubi
3634 5388 3785 5438 una
3813 5376 3919 5439 est
3951 5387 4210 5438 essen·

995 5514 1099 5589 tia
1140 5524 1210 5587 et
1247 5521 1398 5586 tres
1439 5534 1818 5610 persuum,
1857 5509 2106 5602 imago
2140 5519 2246 5582 est
2289 5509 2628 5582 humana
2676 5529 2923 5597 mens,
2960 5504 3130 5578 licet
3201 5502 3472 5600 impar.
3533 5501 3756 5574 Meus
3794 5509 4051 5573 autem
4088 5498 4208 5573 hic

994 5678 1136 5752 pro
1166 5648 1425 5724 animo
1461 5648 1625 5745 ipso
1658 5647 2051 5745 accipitur,
2119 5646 2244 5719 uhi
2279 5657 2385 5719 est
2452 5645 2580 5717 illa
2641 5643 2896 5734 imago
2924 5639 3344 5714 Trinitatis.
3422 5637 3733 5734 Proprie
3763 5660 3948 5712 vero
3992 5659 4210 5711 mens
