4897 6388
830 1426 897 1468 Ad
929 1429 968 1471 2.

822 1991 899 2036 Ad
926 1991 969 2038 ³.

717 5526 812 5573 Soet
839 5534 1022 5576 eontra.

1843 248 1938 315 IN
1986 247 2015 313 I
2066 247 2490 352 SENTENT.
2542 247 2769 320 DIST.
2822 250 3015 330 XIII,
3066 251 3154 331 A,
3208 250 3407 318 ART.
3460 252 3524 320 4.

1090 404 1308 484 cessio
1354 439 1690 506 personae,
1743 427 1809 484 et
1857 440 2143 507 persona
2183 419 2325 507 ipsa
2363 441 2376 485 :
2423 400 2631 507 opor-

1090 530 1184 591 tet
1237 526 1420 592 enim
1488 526 1707 614 ipsam
1753 547 2113 615 personam
2166 548 2318 592 cum
2388 525 2629 593 effectu

1089 653 1213 697 suo
1255 616 1659 721 praesentem
1687 617 1866 698 novo
1901 631 2104 698 modo
2150 633 2537 709 monstrari,
2578 632 2634 699 si

1087 736 1330 804 debeat
1376 737 1504 804 dici
1562 737 2042 828 temporaliter·
2105 737 2490 827 procedere,
2563 747 2636 805 ut

1090 845 1262 912 infra
1294 845 1568 936 patebit.

1176 952 1280 1018 An
1319 974 1576 1019 ramum
1617 975 1777 1043 ergo
1835 953 2218 1036 dicendum,
2281 953 2464 1042 quod
2521 953 2631 1022 ille

1088 1058 1366 1126 effectus
1388 1061 1793 1149 importatur
1813 1060 1879 1126 in
1901 1062 2155 1128 ratione
2174 1061 2584 1148 cognitionis
2609 1085 2624 1128 :

1087 1168 1415 1256 quianon
1456 1168 1530 1234 fit
1568 1170 1864 1258 cognitio
1934 1168 2288 1236 invisibilis
2362 1170 2491 1236 nisi
2560 1172 2629 1237 in

1085 1275 1315 1363 aliquo
1349 1274 1529 1365 quod
1575 1284 1873 1342 creatum
1923 1284 2045 1344 est.
2492 1295 2508 1302 ·

1173 1381 1277 1445 An
1314 1402 1511 1449 Auno
1549 1380 1933 1461 die-endum,
1977 1383 2158 1471 quod
2193 1384 2494 1472 cognitio
2552 1384 2622 1449 in

1084 1511 1166 1556 eo
1208 1490 1391 1578 quod
1430 1491 1750 1580 cogniti0‚
1787 1491 2172 1564 attribuitur
2227 1491 2397 1559 Filio
2434 1516 2450 1559 ε
2485 1517 2624 1560 non

1086 1603 1314 1662 tamen
1341 1596 1403 1664 id
1433 1618 1554 1686 per
1583 1597 1769 1687 quod
1791 1597 2087 1688 cognitio
2124 1600 2473 1688 accipitur,
2515 1609 2625 1666 at-

1085 1703 1403 1772 tribuitur
1440 1705 1633 1783 Filio,
1680 1708 1852 1775 sicut
1899 1708 2149 1775 dictum
2191 1709 2391 1775 estin
2430 1707 2620 1798 obje-

1083 1815 1330 1882 ctione.

1169 1923 1275 1989 An
1324 1945 1389 1990 m
1417 1923 1605 2016 quod
1640 1922 1978 2012 objicitur,
2022 1923 2382 1992 dicendum
2434 1924 2624 2015 quod

1078 2031 1409 2121 sapientia
1438 2030 1793 2121 dupliciter
1827 2031 2313 2117 consideratur,
2367 2031 2623 2102 scilicet

1076 2140 1162 2207 ad
1200 2149 1427 2209 actum
1457 2149 1845 2232 comparata
1881 2164 1896 2208 ε
1939 2148 2005 2209 et
2025 2143 2122 2209 sic
2143 2143 2621 2232 appropriatur

1076 2246 1273 2325 Filio,
1308 2256 1373 2316 et
1403 2247 1786 2317 manifestat
1817 2247 1965 2315 Filii
2005 2249 2423 2317 missionem.
2485 2249 2614 2317 Vel

1068 2364 1293 2444 potest
1348 2355 1759 2424 considerari
1812 2356 1881 2423 in
1945 2357 2453 2445 comparatione
2528 2357 2613 2425 ad

1067 2464 1274 2531 tinem
1304 2485 1320 2530 ε
1357 2463 1515 2554 quia
1553 2462 1805 2532 scilicet
1841 2473 1938 2531 est
1980 2464 2063 2531 ad
2093 2464 2608 2534 conducendum

1067 2569 1151 2636 ad
1185 2568 1582 2638 charitatem
1622 2580 1689 2639 et
1724 2572 2041 2640 meritum
2078 2594 2092 2638 ε
2137 2581 2203 2639 et
2255 2573 2352 2640 sic
2393 2572 2612 2641 mani·

1065 2680 1262 2746 festat
1290 2682 1686 2749 missionem
1745 2679 2036 2772 Spiritus
2078 2683 2289 2750 sancti
2322 2703 2339 2750 :
2376 2689 2443 2750 et
2479 2679 2612 2751 hoe

1066 2810 1204 2854 non
1238 2797 1339 2855 est
1376 2789 1862 2857 inconveniens
1893 2811 1909 2855 ε
1947 2790 2104 2880 quia
2143 2812 2317 2879 saepe
2374 2790 2442 2857 in
2487 2812 2611 2859 eo-

1064 2895 1220 2963 dem
1254 2895 1435 2964 dono
1465 2896 1934 2965 manifestatur
1955 2898 2186 2965 missio
2209 2899 2562 2989 utriusque
2590 2921 2606 2965 ε

1064 3004 1239 3071 sicut
1269 3004 1474 3073 etiam
1508 3014 1792 3096 uterque
1830 3006 2121 3073 mittitur
2145 3006 2231 3074 ad
2261 3005 2610 3074 rationalis

1067 3120 1392 3179 creaturae
1459 3112 1921 3181 reductionem
2003 3122 2067 3181 et
2129 3112 2614 3181 sanctificatio-

1062 3243 1246 3287 nem.

1511 3640 2009 3713 Antiochus
2046 3644 2159 3713 tv.

1071 3853 1263 3936 Quid
1282 3855 1375 3920 si!
1403 3853 1594 3921 datio
1621 3855 1762 3921 sire
1806 3853 2110 3931 donalia,
2160 3865 2225 3921 c!
2269 3859 2611 3946 quomodo

1648 3961 1973 4051 differant
1997 3961 2038 4027 :²

1159 4279 1416 4356 Quarto
1467 4277 1819 4367 quaeritur,
1871 4277 2046 4357 Quid
2104 4279 2188 4346 sit
2245 4278 2456 4357 datio,
2500 4280 2610 4349 vel

1069 4386 1374 4463 donatio,
1407 4384 1590 4475 quod
1629 4386 1854 4453 verius
1890 4388 2212 4477 competit
2250 4386 2453 4456 Deo?

1158 4492 1330 4559 Dicit
1359 4499 1584 4571 antem
1620 4490 2100 4584 Philosophus,
2136 4494 2316 4586 quod
2349 4494 2610 4565 donum

1067 4607 1169 4670 est
1211 4602 1443 4669 datum
1479 4601 1885 4670 irreddibilc.
1932 4601 2027 4670 Ex
2069 4601 2194 4671 hoc
2252 4605 2606 4695 accipitur,

1067 4710 1250 4801 quod
1282 4708 1558 4776 donatio
1601 4710 1742 4775 sive
1781 4707 1964 4776 datio
2003 4718 2101 4776 est
2140 4710 2413 4779 collatio
2444 4713 2607 4780 doni

1070 4814 1500 4883 irreddibilis,

1158 4924 1292 4992 Sed
1330 4932 1566 4992 contra
1596 4922 1727 4991 hoc
1758 4920 2108 5011 objicitur:
2142 4922 2214 4991 ln
2238 4925 2359 4992 Dei
2392 4926 2605 5005 dono,

1062 5036 1206 5100 sive
1239 5043 1520 5106 naturae,
1556 5032 1698 5098 sive
1723 5029 1957 5119 gratiae
1984 5041 2247 5121 gratum
2272 5033 2602 5116 facientiS,

1061 5140 1405 5209 confertur
1442 5137 1627 5205 aliud
1676 5160 1712 5202 a
1760 5136 1905 5204 Deo
1946 5139 2124 5228 quod
2181 5162 2315 5205 non
2360 5141 2600 5219 reddit,

1064 5274 1185 5317 nec
1211 5248 1393 5316 reddi
1436 5255 1704 5337 sperat:
1738 5267 1899 5336 ergo
1930 5245 2217 5325 videtur,
2254 5249 2437 5339 quod
2479 5250 2607 5317 da-

1064 5361 1160 5426 tio
1194 5367 1351 5422 tunc
1382 5355 1490 5421 sit.

1158 5465 1291 5530 San
1327 5484 1622 5529 cos-raa:
1670 5460 1794 5528 llic
1851 5463 2170 5551 quaeritur
2206 5462 2288 5531 de
2329 5463 2602 5535 datione

1066 5595 1221 5640 cum
1253 5592 1387 5660 qua
1414 5569 1520 5635 vel
1560 5590 1694 5658 qua
1733 5567 1914 5636 Deus
1952 5568 2067 5636 dat
2121 5590 2233 5638 se:
2288 5595 2426 5640 non
2476 5595 2605 5641 au-

4178 242 4305 312 393

3619 362 3651 381 A*

2741 407 2880 487 tem
2913 422 2983 486 in
3016 422 3203 488 omni
3238 422 3417 487 dono
3449 421 3562 487 dat
3593 431 3686 500 se,
3722 405 3842 487 έοά
3880 442 4034 486 cum
4082 419 4300 508 gratia

2740 535 3013 616 gratum
3050 526 3373 594 faciente:
3421 549 3583 616 ergo
3649 526 3940 603 videtur,
4004 523 4187 614 quod
4229 525 4295 589 in

2742 632 2857 699 illa
2887 656 3027 701 non
3067 634 3156 701 sit
3194 634 3473 700 donatio
3508 634 3652 700 sive
3690 632 3899 700 datio.

2832 738 2969 807 Sed
2996 742 3050 807 si
3083 740 3216 809 hoc
3248 742 3487 808 datur:
3542 749 3703 808 tunc
3760 740 4050 818 videtur,
4112 739 4294 829 quod

2738 845 3018 913 donatio
3051 848 3196 913 sive
3236 845 3419 913 datio
3452 845 3632 912 idem
3664 845 3751 913 sit
3789 844 3972 935 quod
4008 845 4240 910 missio
4273 866 4286 911 :

2738 956 2901 1044 quia
2965 976 3123 1021 cum
3162 954 3277 1021 dat
3352 953 3557 1021 talem
3610 952 3950 1035 effectum,
4007 954 4133 1020 erit
4180 951 4290 1019 ille

2737 1060 3016 1129 eftectus
3037 1059 3559 1151 appropriabilis
3580 1059 3776 1128 alicui
3800 1082 4243 1150 personarum
4274 1083 4287 1127 ε

2736 1177 2800 1236 et
2852 1170 2944 1235 ita
2975 1168 3275 1236 ostendit
3326 1166 3513 1234 illam
3573 1167 3654 1233 ab
3714 1167 3847 1234 alio
3902 1189 4084 1234 esse:
4130 1189 4288 1256 ergo

2734 1274 3028 1358 videtur,
3060 1274 3246 1365 quod
3292 1274 3527 1340 missio
3569 1282 3635 1340 et
3664 1272 3846 1340 datio
3899 1273 4033 1340 sint
4077 1274 4282 1339 idem.

2827 1485 3136 1554 Soumo.
3173 1486 3579 1568 Dicendum,
3614 1485 3798 1575 quod
3834 1485 4110 1552 donatio
4139 1485 4282 1550 sive

2732 1598 2917 1665 datio
2962 1599 3151 1687 (quia
3207 1595 3315 1664 hic
3364 1619 3486 1685 pro
3545 1595 3785 1663 eodem
3835 1596 4279 1685 accipiuntur)

2731 1715 2833 1774 est
2862 1705 3138 1774 collatio
3169 1706 3405 1796 gratioe
3436 1705 3722 1794 alicujus
3752 1727 3901 1809 qua»,
3941 1705 4097 1772 facit
4124 1728 4312 1795 gra--

2729 1823 2875 1881 tum
2905 1836 2918 1879 :
2947 1822 3011 1881 et
3044 1814 3174 1880 hoe
3199 1812 3710 1880 irreddibiliter:
3739 1813 3899 1902 quia
3919 1810 4062 1879 Deo
4083 1835 4282 1880 suum

2728 1922 2989 1990 donum
3051 1920 3330 1989 retribui
3381 1943 3521 1988 uon
3606 1928 3853 2009 potest.
3920 1918 4056 1988 Sed
4122 1922 4280 2012 quia

2726 2013 2932 2099 omne
2964 2030 3223 2098 donum
3284 2028 3630 2097 confertur
3683 2028 3752 2095 in
3809 2028 4031 2118 primo
4097 2028 4279 2096 dono

2725 2137 2911 2228 quod
2949 2144 3053 2205 est:
3081 2159 3279 2205 amor
3315 2135 3676 2226 gratuitus,
3720 2134 3872 2203 ideo
3911 2158 4114 2203 omne
4164 2136 4282 2202 do·

2722 2268 2888 2313 num
2934 2243 3089 2312 talis
3118 2245 3354 2334 gratim
3386 2242 3635 2311 dicitur
3663 2241 3920 2309 donum
3980 2241 4276 2333 Spiritus

2717 2349 2960 2418 sancti.

2807 2458 2913 2524 An
2953 2479 3018 2523 m
3048 2454 3235 2547 quod
3266 2455 3585 2543 objicitur
3628 2453 3708 2522 de
3749 2454 3945 2522 donis
4000 2463 4271 2523 natura-

2718 2562 2923 2643 libus,
2956 2561 3321 2631 dicendum
3367 2559 3554 2652 qnod
3615 2560 3728 2627 illa
3775 2560 3931 2628 data
3976 2569 4132 2627 sunt
4201 2570 4265 2629 et

2717 2673 3039 2741 dicuntur
3064 2694 3081 2737 :
3107 2679 3175 2740 et
3204 2694 3344 2738 non
3374 2669 3749 2738 secundum
3784 2668 3969 2761 quod
3989 2669 4266 2738 donatio

2717 2782 3045 2872 quaeritur
3072 2779 3209 2861 hic,
3241 2778 3499 2847 scilicet
3532 2780 3598 2847 in
3642 2800 3773 2869 qua
3821 2789 3888 2848 et
3924 2801 4080 2847 cum
4136 2801 4272 2871 qua

2718 2888 2979 2956 donum
3012 2888 3315 2978 primum
3347 2887 3433 2953 sit
3474 2909 3594 2976 per
3623 2887 4049 2976 praescntiam
4105 2885 4272 2954 elfe-

2717 3004 2868 3063 ctus
2923 2993 3217 3083 alicujus
3255 2995 3602 3084 operantis
3641 2992 3724 3060 ad
3802 2993 4266 3062 reductionem

2720 3112 2984 3172 natura!
3018 3102 3370 3171 rationalis
3438 3102 3814 3171 aberrantis
3855 3102 3939 3169 ad
3977 3104 4276 3170 sanctiti-

2718 3215 3085 3282 cntionem.

2810 3320 2916 3387 An
2954 3342 3155 3388 anino
3195 3318 3585 3396 dicendum,
3632 3317 3817 3410 quod
3862 3316 4105 3399 datio,‘
4132 3320 4275 3387 sive

2719 3427 3028 3505 donatio,
3061 3435 3126 3494 et
3160 3428 3424 3503 missio,
3460 3429 3529 3494 in
3564 3427 3843 3494 materia
3875 3436 3937 3493 et
3982 3427 4113 3495 line
4137 3452 4274 3496 non

2721 3534 3089 3602 differunt:
3168 3536 3328 3624 quia
3389 3535 3673 3601 materia
3743 3536 4094 3625 utriusque
4175 3545 4274 3601 est

2721 3641 3007 3709 effectus
3040 3642 3280 3729 gratiae
3311 3649 3581 3732 gratnm
3631 3642 3960 3725 facientis,
4012 3650 4076 3710 et
4124 3645 4279 3709 linis

2723 3751 3079 3842 utriusque
3123 3749 3441 3818 reducere
3478 3749 3875 3818 rationalem
3899 3759 4275 3819 creaturam

2723 3855 2807 3924 ad
2841 3857 3450 3952 sanctificationem
3490 3879 3505 3924 ε
3550 3857 3665 3924 sed
3706 3856 4022 3925 differunt
4076 3858 4142 3926 in
4167 3881 4280 3925 ra-

2724 3967 2909 4033 tione
2950 3972 3142 4032 actus
3175 3965 3520 4055 importati
3555 3966 3620 4032 in
3654 3965 3957 4040 nomine,
3989 3988 4145 4033 cum
4184 3966 4280 4033 di·

2722 4072 2900 4140 citur
2929 4072 3194 4152 missio,
3229 4082 3292 4137 et
3324 4095 3482 4138 cum
3514 4071 4080 4140 diciturdonatio,
4125 4071 4279 4140 Mis·-

2723 4182 2825 4246 sio
2875 4181 3062 4247 enim
3125 4180 3442 4270 importat
3529 4182 4109 4269 comparationem
4193 4179 4277 4246 ad

2726 4287 3139 4364 mittentem,
3175 4288 3334 4377 quia
3377 4309 3511 4353 non
3534 4287 3823 4353 mittitur
3853 4288 3974 4354 nisi
4002 4289 4279 4355 nuntius

2723 4418 2764 4462 a
2827 4395 3182 4461 mittente:
3216 4404 3284 4461 et
3335 4394 3653 4484 importat
3696 4397 4275 4488 comparationem

2721 4501 2805 4571 ad
2847 4523 3008 4571 eum
3048 4501 3157 4568 cui
3199 4501 3513 4579 mittitur,
3547 4504 3706 4592 quia
3749 4504 4058 4571 rationali
4089 4527 4275 4573 crea·

2724 4619 2893 4677 turae
2916 4608 3253 4676 mittitur:
3280 4618 3346 4676 et
3377 4609 3696 4700 importat
3717 4611 3918 4678 etiam
3945 4611 4272 4678 rationem

2724 4716 2981 4807 negotii
3021 4723 3302 4807 propter
3338 4715 3524 4807 quod
3564 4716 3797 4784 missio
3838 4717 3934 4783 lit.
3982 4717 4274 4785 Donatio

2721 4832 2952 4893 autem
3013 4846 3154 4891 non
3212 4825 3536 4914 importat
3610 4825 3737 4891 nisi
3815 4824 3951 4891 duo
4005 4826 4273 4903 ultima,

2682 5015 2689 5023 .
2721 4930 2977 4999 scilicet
3015 4931 3123 4998 cui
3158 4930 3382 5013 datur,
3426 4940 3492 4998 et
3526 4932 4092 5003 linem'dationis.

2811 5039 2885 5107 Si
2926 5039 3100 5108 forte
3145 5040 3452 5129 objicias,
3504 5042 3688 5132 quod
3733 5046 3957 5112 omnis
4013 5045 4197 5113 datio
4237 5070 4274 5113 a

2720 5145 2924 5215 dante
2954 5147 3186 5238 aliquo
3214 5157 3340 5230 est,
3372 5149 3544 5216 sicut
3572 5158 3636 5217 et
3667 5151 3902 5217 missio
3933 5176 3970 5219 a
3997 5153 4277 5221 mitten-

2720 5262 2808 5321 te.
2843 5254 3253 5333 Dicendum,
3300 5254 3482 5346 quod
3517 5257 3749 5325 missio
3782 5258 4098 5349 importat
4129 5285 4278 5352 per-

2718 5383 2962 5430 sonam
3020 5361 3412 5429 distinctam
3478 5364 3754 5432 missam
3784 5389 3798 5433 :
3886 5389 4024 5434 non
4090 5371 4270 5437 enim

2718 5470 2991 5559 proprie
3034 5470 3100 5537 id
3141 5471 3327 5560 quod
3365 5481 3681 5562 apportat
3712 5475 3989 5543 nuntius
4027 5476 4274 5545 dicitur

2718 5577 2919 5655 mitti,
2952 5575 3063 5644 vel
3104 5577 3410 5656 nuntius,
3441 5577 3560 5646 sed
3581 5575 3711 5646 hoc.
3739 5580 3938 5649 datur
3963 5606 4084 5674 per
4110 5606 4268 5652 eum

4376 1546 4578 1597 SolutiO.

4321 2519 4388 2562 Aet
4417 2519 4594 2576 object.
