4897 6388
317 749 333 763 ,
391 703 462 748 Aa
489 706 531 754 ε.

290 2527 293 2534 ’
379 2554 504 2600 aaa

328 4486 409 4532 Ad
440 4488 480 4533 4.

598 268 601 271 ⁴
655 251 751 378 ⁹4¹

657 457 726 517 et
755 435 1219 537 potentialiter
1244 471 1258 514 :
1288 455 1359 515 et
1388 445 1484 513 sic
1514 453 1737 535 potest
1775 445 1844 511 in
1875 444 2020 533 ipso
2053 464 2209 511 cau-

657 564 810 625 sato
843 559 1196 647 cognosci.

749 665 854 731 An
906 687 1103 731 Amen
1147 662 1533 740 dicendum,
1571 661 1886 752 quodilla
1917 658 2203 746 objectio

652 771 814 839 vilis
854 778 1007 837 est:
1057 771 1217 857 quia
1267 768 1378 835 illa
1426 768 1780 834 abstractio
1831 763 2204 832 intellectus

656 901 801 948 non
834 884 935 943 est
964 875 1326 942 abstractio
1361 876 1591 943 formae
1622 874 1702 940 de
1740 872 2040 952 materia,
2087 870 2203 937 scd

653 988 885 1078 potius
944 984 1188 1072 speciei
1232 984 1316 1051 de
1374 1007 1454 1051 eo
1497 984 1687 1070 cujus
1747 989 1845 1047 est
1891 980 2144 1065 species
2181 1003 2194 1045 :

651 1104 719 1163 et
771 1092 1278 1181 simplicissima
1319 1092 1495 1158 sicut
1551 1092 1713 1179 ips-ze
1758 1090 2010 1177 species
2063 1109 2198 1153 non

552 1257 556 1260 Α
652 1209 1040 1292 repugnant
1062 1200 1220 1267 huic
1250 1199 1717 1266 abstractioni:
1746 1200 1902 1287 quia
1925 1197 2036 1263 illa
2062 1219 2197 1264 non

648 1309 868 1398 exigit
907 1308 1502 1397 compositionem,
1545 1306 1661 1374 sed
1705 1308 1923 1395 potius
1972 1328 2200 1394 accep-

651 1425 915 1491 tionem
962 1416 1358 1484 intentionis
1427 1417 1519 1482 rei
1587 1423 1873 1481 tantum.
1941 1413 2014 1479 In
2056 1436 2198 1480 om-

647 1531 855 1599 nihus
896 1534 1126 1594 autem
1160 1524 1344 1591 aliud
1377 1532 1479 1590 est
1508 1511 1635 1601 res,
1667 1531 1732 1590 et
1761 1522 1941 1589 aliud
1971 1531 2070 1589 est
2099 1522 2197 1587 in-

644 1638 864 1706 tentio
907 1634 1116 1724 ipsius
1157 1633 1225 1699 in
1267 1633 1518 1699 anima.

736 1744 1105 1822 Praeterea,
1159 1742 1309 1809 lloc
1370 1763 1506 1807 non
1565 1749 1664 1808 est
1705 1761 1966 1815 verum,
2012 1737 2195 1828 quod

640 1848 784 1923 non
826 1851 915 1918 sit
969 1849 1271 1939 cognitio
1331 1870 1451 1937 per
1505 1847 1847 1937 propriam
1898 1846 2190 1935 speciem

644 1963 789 2032 rei:
854 1981 981 2026 nos
1020 1959 1201 2025 enim
1259 1978 1537 2025 causam
1601 1954 2073 2046 cognoscimus
2124 1955 2190 2021 in

639 2068 871 2161 specie
902 2087 1184 2132 suorum
1216 2063 1607 2145 effectuum,
1651 2063 1821 2130 sicut
1853 2069 2187 2129 motorem

638 2179 712 2245 in
735 2173 964 2265 specie
995 2181 1225 2239 motus
1260 2194 1274 2240 :
1314 2181 1379 2240 et
1412 2173 1507 2238 sic
1538 2170 1860 2238 naturalis
1888 2169 2187 2259 cognitio

637 2281 985 2353 Creatoris
1018 2281 1160 2348 sieri
1196 2288 1414 2369 potest
1449 2302 1569 2369 per
1595 2278 1886 2367 speciem
1919 2286 2188 2344 creatu-

640 2415 766 2462 ηε.

723 2501 833 2566 An
866 2488 1080 2565 ,Αιζιυυ
1112 2496 1500 2577 dicendum,
1530 2495 1712 2587 quod
1742 2493 1895 2563 licet
1922 2517 2058 2562 non
2088 2517 2183 2561 se·

636 2614 892 2700 quatur
948 2613 1328 2671 creaturam
1380 2625 1527 2671 esse
1569 2603 1621 2669 si
1662 2602 1843 2670 Deus
1899 2602 2031 2668 sit:
2078 2610 2183 2667 ta-

634 2735 797 2784 men
839 2736 877 2780 e
907 2732 1238 2779 converso
1272 2711 1580 2800 sequitur
1618 2708 2002 2778 Creatorem
2036 2731 2178 2776 esse

627 2825 685 2891 si
715 2822 808 2887 sit
846 2829 1180 2888 creatura.

718 2927 866 2995 Nnc
912 2950 1027 2994 1-:s·r
1054 2925 1275 2992 simile
1325 2925 1407 2992 «le
1457 2923 1644 2991 fabro
1710 2922 2049 3012 lignorum
2112 2932 2177 2989 ct

627 3037 870 3110 demo,
905 3042 970 3100 et
1002 3032 1189 3099 neo:
1248 3031 1408 3122 quia
1456 3029 1639 3096 faber
1687 3027 2024 3119 lignorum
2075 3053 2174 3106 se-

620 3150 972 3239 paratura
1027 3140 1261 3217 donno,
1305 3149 1371 3207 et
1419 3162 1589 3229 opus
1635 3139 1779 3226 ejus
1834 3137 2165 3216 similiter,

621 3266 689 3326 et
733 3252 999 3320 transit.
1068 3249 1261 3317 Unde
1301 3250 1505 3317 etiam
1536 3250 1884 3337 sequitur:
1925 3247 1995 3312 si
2054 3245 2171 3313 ‹lo-

617 3384 779 3432 mus
807 3366 936 3437 est,
971 3357 1159 3424 faber
1197 3355 1525 3445 lignarius
1555 3363 1678 3431 est,
1713 3352 1817 3419 vel
1850 3351 1996 3421 suit.
2033 3352 2165 3419 Sed

616 3473 684 3539 in
721 3467 869 3535 Deo
900 3466 1074 3555 opus
1116 3461 1588 3531 universaliter
1643 3483 1778 3528 non
1818 3471 2167 3549 separatur

610 3604 649 3646 a
689 3571 1053 3645 creatura':
1109 3573 1268 3663 quia
1338 3579 1698 3661 postquam
1757 3579 1977 3637 creata
2035 3579 2157 3653 est,

609 3683 839 3754 adhuc
871 3683 942 3748 in
983 3679 1272 3748 nihilum
1305 3680 1595 3755 caderet,
1634 3680 1759 3746 nisi
1790 3680 2154 3747 continere·

605 3804 722 3863 tur
750 3790 837 3858 ab
871 3793 1057 3880 ipso:
1093 3798 1158 3855 et
1189 3788 1360 3855 ordo
1393 3788 1540 3877 ejus
1572 3788 1638 3854 in
1664 3790 1976 3854 universo
2006 3810 2156 3854 cor-

607 3907 1070 3990 rumperetur,
1114 3895 1245 3963 nisi
1304 3894 1390 3962 ab
1450 3897 1595 3986 ipso
1644 3894 2150 3985 gubernaretur.

606 4011 767 4080 Non
818 4017 1050 4073 tamen
1108 4004 1286 4081 dico,
1353 4003 1535 4095 quod
1576 4015 1919 4094 sequatur,
1973 4003 2153 4095 quod

604 4120 796 4186 neus
836 4113 1004 4181 l'uit:
1055 4112 1171 4179 sed
1221 4120 1569 4202 sequatur,
1631 4111 1811 4202 quoii
1862 4112 2000 4201 ipse
2057 4125 2153 4177 est

603 4230 891 4318 propter
921 4221 1253 4287 rationem
1286 4219 1681 4286 aeternitatis
1712 4241 1862 4309 quae
1894 4228 1990 4285 est
2018 4227 2152 4285 tota

603 4327 816 4400 simul
859 4336 926 4395 et
971 4326 1286 4417 perfecta.

695 4439 804 4504 An
851 4456 1050 4501 Αιιυυ
1080 4432 1470 4510 dicendum,
1506 4434 1687 4523 quod
1737 4432 1801 4498 in
1850 4441 2151 4500 creatura

604 4540 1032 4614 mutabilitas
1071 4549 1133 4606 et
1166 4541 1514 4629 corruptio
1548 4539 1870 4615 incidunt,
1906 4549 1968 4605 et
2014 4562 2148 4605 non

601 4659 980 4723 causantur
1018 4648 1288 4739 proprie
1338 4648 1423 4714 ah
1482 4647 1736 4738 aliquo,
1814 4648 1929 4714 sed
1993 4650 2152 4715 inci-

598 4763 774 4829 ‹lunt
805 4781 887 4825 ex
920 4756 1049 4826 hoc
1077 4758 1259 4849 quod
1294 4766 1601 4824 creatura
1640 4767 1733 4824 est
1785 4781 1867 4824 ex
1909 4756 2145 4839 nihilo,

598 4881 672 4937 ut
730 4890 940 4957 supra
997 4876 1309 4934 notatum
1367 4875 1468 4932 cst
1527 4866 1593 4932 in
1651 4868 2018 4956 qua-stione
2066 4864 2147 4929 «le

600 4974 874 5046 duobus
931 4977 1280 5066 principiis
1316 4999 1331 5041 ε
1377 4984 1441 5041 et
1493 4974 1640 5041 idco
1682 4985 2006 5064 quantum
2048 4983 2141 5039 est

602 5088 687 5155 de
730 5105 833 5163 se,
878 5106 1015 5151 non
1051 5083 1302 5151 inducit
1335 5105 1657 5151 errorem.

661 5620 846 5679 stad
894 5620 1161 5678 Corinth.
1211 5635 1334 5689 xm,
1393 5619 1455 5674 12
1500 5627 1522 5673 z·
1560 5618 1811 5673 Videmus
1856 5634 1999 5674 nuvae
2039 5635 2143 5689 per

1735 273 1817 339 n.
1869 271 2064 338 Aba.
2104 219 2327 337 MAG.
2388 268 2589 336 ono.
2643 272 2938 338 rnAEn.

2740 780 3241 848 ARTICULUS
3294 781 3415 849 111.

2397 994 2500 1056 An
2537 993 2666 1057 isla
2706 991 3000 1079 coqnilio
3053 991 3402 1058 naturalis
3443 992 3675 1080 differt
3723 1018 3766 1059 a

2768 1100 3150 1186 coqnile'one
3175 1099 3343 1187 fidei
3371 1098 3410 1165 ἴ)

2388 1415 2612 1482 Tertio
2666 1415 3018 1504 quaeritur‚
3104 1415 3178 1481 In
3244 1439 3380 1506 quo
3432 1417 3653 1485 diss'ert
3703 1419 3846 1487 haec

2302 1524 2597 1611 cognitio
2630 1521 2858 1588 habita
2899 1546 3017 1612 per
3049 1525 3345 1592 rationes
3408 1526 3748 1593 naturales
3805 1551 3845 1594 a

2303 1630 2690 1719 cognitione
2745 1630 2894 1698 tidei
2928 1632 2963 1696 Ῥ
3030 1631 3111 1698 Et
3164 1632 3455 1711 videtur,
3534 1636 3717 1723 quod
3771 1636 3839 1702 in

2304 1739 2515 1806 nullo.

2398 1850 2454 1912 1.
2510 1847 2806 1938 Utraque
2865 1855 2968 1915 est
3043 1871 3164 1938 per
3216 1854 3608 1939 posterius:
3680 1856 3840 1943 quia

2299 1976 2418 2042 per
2482 1963 2828 2022 causatum
2886 1978 3300 2046 cognoscere
3366 1981 3640 2027 causam
3715 1983 3841 2051 per

2299 2065 2635 2149 posterius
2672 2073 2773 2130 est
2801 2065 3126 2154 cognitio.
3174 2063 3506 2134 Similiter
3547 2069 3837 2157 primam

2299 2170 2649 2235 veritatem
2684 2171 2984 2259 accipere
3011 2171 3076 2238 in
3111 2172 3257 2240 lucc
3293 2172 3444 2241 fidei
3471 2174 3687 2242 infusa
3720 2201 3840 2267 per

2299 2278 2628 2364 posterius
2677 2287 2771 2345 cst
2807 2301 2820 2344 :
2850 2273 3012 2368 'quia
3051 2281 3267 2369 prima
3311 2284 3559 2350 veritas
3590 2294 3686 2352 est
3722 2308 3839 2374 po-

2293 2384 2428 2450 tior
2448 2394 2508 2451 et
2542 2387 3067 2476 cognoscibilior
3098 2388 3208 2455 illa
3237 2411 3251 2457 :
3285 2399 3349 2457 et
3374 2392 3702 2482 quidquid
3735 2404 3837 2462 est

2293 2493 2359 2558 in
2402 2491 2632 2560 habitu
2668 2493 2887 2561 infuso
2925 2499 3029 2564 est
3065 2519 3104 2563 a
3144 2498 3367 2586 prima
3413 2501 3695 2569 veritate
3734 2527 3835 2570 se-

2292 2600 2586 2666 cundum
2639 2623 2819 2669 rem:
2879 2624 3066 2693 ergo,

2376 2711 2437 2772 2.
2488 2707 2844 2790 Praeterea,
2890 2708 3021 2776 lies
3071 2712 3139 2777 in
3196 2735 3267 2778 se
3307 2736 3447 2780 non
3487 2720 3836 2804 cognosci-

2283 2822 2393 2880 tur
2431 2816 2555 2880 nisi
2596 2815 2719 2882 suh
2752 2818 3199 2906 permixtione
3242 2822 3639 2908 privationis
3668 2848 3832 2891 con-

2281 2925 2622 3012 sequentis
2659 2933 3035 2991 creaturam
3084 2949 3166 2994 ex
3225 2926 3356 2996 hoc
3405 2930 3585 3019 quod
3616 2944 3714 3000 est
3746 2933 3828 3000 de

2282 3029 2491 3097 nihilo
2526 3055 2539 3097 :
2576 3041 2639 3098 et
2709 3031 2857 3100 ideo
2924 3044 3121 3101 vocat
3176 3036 3599 3126 Augustinus
3655 3040 3826 3109 lntnc

2277 3141 2729 3225 cognitionem
2776 3144 3246 3232 resperlitmm.
3304 3144 3630 3215 Similiter
3672 3149 3823 3217 fidei

2275 3248 2570 3333 cognitio
2602 3256 2700 3312 est
2734 3250 2797 3315 in
2832 3249 3106 3338 speculo
3138 3258 3202 3316 et
3238 3251 3302 3317 in
3353 3253 3712 3343 {enigmate
3745 3260 3764 3292 ’
3803 3282 3817 3325 :

2273 3376 2432 3439 ergo
2481 3353 2767 3432 videtur,
2811 3356 2993 3446 quod
3027 3358 3167 3424 istae
3198 3361 3622 3449 cognitiones
3652 3387 3820 3430 con-

2267 3462 2563 3527 veniant.

2356 3571 2418 3632 3.
2458 3568 2527 3633 Si
2598 3569 2764 3636 l'orte
2831 3570 3078 3662 aliquis
3145 3573 3345 3649 dicat,
3408 3575 3588 3665 quod
3651 3578 3813 3644 tiiles

2263 3676 2606 3757 cognoscit
2648 3674 2809 3764 quid
2838 3686 2965 3757 est,
3007 3688 3070 3745 et
3104 3678 3274 3743 ratio
3316 3681 3640 3747 naturalis
3674 3706 3808 3749 non

2266 3780 2389 3843 nisi
2437 3780 2616 3869 quin.
2678 3784 2942 3849 (losum

2263 3884 2490 3952 hendit
2549 3887 2989 3957 determinate
3045 3892 3419 3962 secundum
3495 3882 3838 3966 naturam‘

2261 3994 2420 4082 quid
2463 4005 2558 4061 est
2611 3995 2790 4063 l)eus
2836 4019 2851 4065 ε
2895 4020 3058 4089 ergo
3092 4022 3211 4067 nec
3263 4000 3428 4070 tides
3456 4008 3805 4093 cognoscit

2261 4101 2384 4167 nisi
2417 4104 2572 4191 qnia
2621 4125 2636 4171 ε
2679 4127 2839 4192 ergo
2891 4106 2956 4172 in
2998 4105 3126 4175 hoc
3177 4132 3314 4175 non
3355 4109 3699 4193 ditl’erunt,
3736 4124 3806 4181 ut

2257 4209 2540 4276 videtur.

2347 4418 2649 4484 Sutrino.
2699 4419 3095 4497 Dicendum.
3150 4426 3333 4514 quoil
3392 4428 3531 4495 ista·
3569 4433 3798 4521 cogni·

2256 4526 2470 4590 tiones
2503 4526 2566 4591 in
2601 4527 2898 4616 quinque
2929 4527 3245 4599 ‹litlerunt
3279 4534 3359 4599 acl
3397 4537 3644 4617 ntinus,
3670 4541 3792 4604 etsi

2255 4632 2319 4697 in
2355 4631 2579 4699 inultis
2610 4632 2756 4699 aliis
2785 4634 3161 4705 ditl'ercntia
3197 4643 3404 4729 possit
3437 4646 3791 4734 assignari.

2259 4740 2480 4807 Prinna
2536 4742 2910 4811 ‹lill'erentia
2986 4757 3082 4813 est
3155 4751 3220 4815 in
3287 4758 3796 4842 comparatione

2252 4848 2544 4915 scientia·
2586 4850 2665 4916 ad
2699 4854 3018 4919 scienti-in
3058 4877 3071 4919 :
3118 4859 3274 4946 quia
3301 4881 3651 4947 processus
3683 4887 3800 4932 na·

2252 4954 2484 5020 turalis
2541 4956 2766 5024 subest
2825 4961 3092 5027 rationi.
3157 4962 3310 5030 lidei
3351 4974 3576 5034 autem
3645 4994 3797 5059 pro-

2249 5087 2474 5130 cessus
2523 5074 2618 5131 est
2668 5089 2869 5155 supra
2913 5069 3270 5138 rationem.
3327 5074 3636 5145 Sec-unda
3676 5080 3798 5146 ‹lil-

2247 5169 2522 5238 fcrentia
2554 5181 2649 5237 est
2684 5175 2748 5239 in
2783 5176 3126 5265 principiis
3157 5179 3222 5245 in
3264 5181 3511 5270 quibus
3541 5186 3793 5276 accipi-

2248 5286 2356 5346 tur
2398 5281 2696 5370 cognitio
2740 5283 2883 5370 ipsa
2938 5307 2953 5351 :
3006 5287 3164 5375 quia
3214 5287 3327 5357 illa
3379 5292 3448 5358 in
3503 5286 3791 5363 naturali

2248 5390 2627 5477 cognitione
2654 5399 2804 5456 sunt
2841 5392 3165 5483 principia
3197 5419 3316 5485 per
3353 5422 3422 5466 se
3451 5410 3634 5479 nota,
3669 5404 3791 5470 sic·

2245 5626 2515 5694 speculum
2550 5628 2604 5680 in
2633 5629 2993 5698 aeniymatc...
3043 5637 3049 5642 '

2987 3807 3002 3850 :
3050 3783 3242 3851 Fides
3300 3809 3437 3853 non
3497 3812 3848 3879 compi-effi

3875 4499 4072 4547 Solonio.
