4897 6388
1758 259 1853 326 IN
1901 260 1928 325 I
1980 260 2405 329 SENTENT.
2456 257 2682 360 QIST.
2735 258 2994 339 xxm,
3049 261 3132 338 D,
3186 261 3385 329 ART.
3437 262 3502 330 4.
4112 259 4242 326 593

1036 427 1170 487 tres
1210 413 1653 507 substantiaS,
1698 430 2193 520 aliquantulum
2261 435 2579 500 variatur.
2788 431 2961 498 Huic
2989 454 3150 521 ergo
3183 432 3439 499 ultimae
3466 433 3769 521 opinioni
3810 434 4248 499 consentien-

1121 527 1208 596 Et
1239 530 1392 598 ideo
1425 535 1830 619 notandum,
1883 539 2061 628 quod
2144 541 2213 606 in
2281 539 2591 607 substan·
2699 547 2821 622 teS‚
2884 540 3371 629 respondemus
3439 539 3522 606 ad
3578 540 3841 629 objecta
3889 561 3904 607 :
3960 549 4026 606 et
4063 548 4248 628 patet

1033 635 1149 717 tia,
1213 636 1283 703 id
1350 647 1477 721 est,
1550 640 1622 710 in
1682 653 1926 712 natura
1992 645 2384 714 substantiae
2454 647 2586 714 duo
2689 646 2833 732 jam
2881 646 3130 712 solutio
3195 647 3278 713 ad
3337 647 3633 736 primum
3707 671 3828 736 per
3884 647 4014 714 hoc.
4062 647 4248 736 quod

1033 754 1217 823 sunt,
1262 747 1520 817 scilicet
1548 774 1686 841 quo
1726 762 1844 834 est,
1880 763 1943 821 et
1975 755 2051 821 id
2076 755 2263 845 quod
2279 765 2396 822 est.
2433 754 2584 833 Quo
2696 749 2841 819 haec
2882 752 3075 819 aliter
3107 762 3472 820 sumuntur
3511 753 3687 843 apud
3755 752 4240 843 philosophos,

1036 860 1136 917 est
1176 861 1407 921 autem
1467 858 1841 927 attenditur
1895 860 2272 950 dupliciter,
2334 862 2588 928 scilicet
2699 881 2905 948 quam
2948 860 3126 949 apud
3166 882 3366 927 usum
3402 860 3832 928 Sanctorum.

1032 967 1238 1045 prout
1268 969 1370 1028 est
1402 962 1471 1029 in
1513 987 1584 1031 se
1623 966 1937 1057 simplex,
2002 991 2137 1033 non
2205 969 2580 1035 commisci·
2785 969 2887 1034 An
2926 991 3121 1034 Amen
3165 968 3523 1034 dicendum
3593 968 3773 1057 quod
3813 967 4241 1058 Augustinus

1034 1061 1165 1131 bile
1206 1065 1409 1134 alicui
1441 1071 1952 1158 particularium
1991 1097 2006 1140 :
2067 1075 2236 1140 sicut
2294 1097 2446 1141 cum
2489 1074 2587 1140 di·
2696 1083 2761 1141 et
2790 1074 3250 1164 Hieronymus
3291 1073 3487 1141 aliter
3512 1076 3846 1163 accipiunt
3875 1073 4245 1141 subsisten-

1030 1172 1227 1252 citur,
1292 1173 1500 1246 homo
1563 1188 1667 1248 est
1730 1182 2011 1271 specieS,
2075 1190 2141 1250 et
2172 1182 2421 1249 risibile
2460 1203 2475 1250 ε
2519 1191 2585 1250 et
2698 1183 2883 1259 tiam,
2922 1206 3128 1273 quam
3168 1181 3428 1248 Tullius
3481 1204 3497 1245 ε
3544 1191 3610 1248 et
3648 1181 3850 1271 hujus
3891 1183 4061 1249 ratio
4094 1183 4241 1270 jam

1024 1279 1157 1348 hoc
1223 1295 1329 1352 est
1402 1290 1789 1379 proprium,
1860 1300 1926 1360 et
1991 1315 2129 1360 non
2188 1315 2578 1370 commune,

1022 1412 1180 1458 cum
1221 1416 1364 1461 non
1402 1399 1622 1486 possit
1651 1401 2003 1489 praedicari
2049 1400 2130 1468 de
2187 1401 2413 1492 aliquo
2473 1424 2585 1469 se.-

1025 1499 1328 1569 cundum
1369 1506 1827 1575 intentionem
1866 1508 2052 1575 illam
2096 1531 2111 1576 t
2170 1517 2235 1577 et
2299 1509 2428 1577 hoc
2486 1510 2583 1577 di·

1023 1617 1188 1675 cunt
1246 1612 1528 1701 quidam
1585 1638 1734 1684 esse
1775 1618 2163 1685 essentiam.
2235 1618 2582 1708 Accipitur

1020 1718 1228 1785 etiam
1263 1729 1508 1790 natura
1539 1727 1953 1806 communiS‚
2017 1734 2090 1793 ut
2128 1726 2579 1817 praedicabilis

1020 1822 1104 1890 dc
1134 1826 1424 1917 singulis
1455 1851 1470 1896 ε
1507 1838 1574 1897 et
1601 1831 1933 1900 sichomo
1966 1841 2065 1900 est
2091 1833 2578 1923 appellativum

1014 1952 1300 2013 nomen,
1346 1937 1533 2006 sisic
1573 1940 1903 2030 accipitur
1959 1941 2029 2007 in
2066 1950 2309 2008 natura
2346 1940 2579 2010 homi-

1011 2039 1119 2106 nis
1155 2060 1170 2106 z
1212 2048 1280 2109 et
1317 2043 1418 2112 sic
1447 2045 1631 2135 apud
1664 2045 1985 2116 Boetium
2018 2057 2302 2116 vocatur
2332 2052 2576 2119 usiosis

1011 2144 1123 2212 vel
1181 2149 1654 2239 subsistentia,
1714 2154 1895 2245 apud
1956 2155 2413 2246 Augustinum
2460 2181 2576 2226 au·

1016 2260 1153 2321 tem
1194 2263 1260 2324 et
1292 2257 1796 2353 Hieronymum
1849 2271 2133 2331 vocatur
2197 2265 2572 2334 substantia

1012 2361 1120 2430 vel
1154 2365 1406 2461 usiosis
1442 2390 1458 2434 :
1492 2370 1657 2460 quia
1683 2370 2057 2439 secundum
2094 2370 2244 2440 illos
2264 2372 2575 2441 substan-

1013 2471 1107 2539 tia
1139 2474 1507 2564 respondet
1538 2478 1750 2546 usiosi
1785 2486 1850 2546 et
1892 2502 2031 2546 non
2072 2478 2448 2572 hypostasi.
2496 2481 2571 2550 Si

1011 2586 1244 2648 autem
1275 2583 1753 2653 consideratur
1789 2595 2032 2656 natura
2062 2588 2434 2657 secundum
2503 2590 2568 2658 id

1013 2689 1200 2779 quod
1265 2699 1394 2772 est,
1456 2692 1821 2786 dupliciter
1882 2697 2399 2769 consideratur:
2455 2710 2572 2768 aut

1010 2818 1132 2885 per
1180 2809 1570 2888 respectum
1601 2824 1810 2893 quem
1847 2805 2042 2894 ponit
2113 2804 2198 2872 ad
2255 2814 2567 2875 naturam

1009 2907 1118 2974 cui
1149 2904 1487 2989 subsistit,
1523 2918 1590 2980 et
1644 2917 1811 2980 tunc
1875 2912 2121 2980 dicitur
2192 2912 2568 2982 substantia

1010 3015 1193 3104 apud
1224 3016 1572 3100 Boetium‚
1616 3028 1684 3090 et
1713 3026 2029 3101 ὑπόστασις,
2063 3021 2169 3090 vel
2201 3021 2567 3092 subsisten-

886 3120 889 3124 ’
1010 3123 1103 3190 tia
1143 3123 1523 3194 secundum
1593 3129 2055 3219 Augustinum
2116 3138 2177 3198 et
2224 3130 2565 3225 Hierony-

1010 3255 1201 3299 mum
1239 3256 1256 3302 :
1301 3241 1419 3302 aut
1454 3257 1578 3326 per
1617 3247 1997 3329 respectum
2040 3239 2122 3306 ad
2190 3244 2564 3332 proprieta-

1006 3348 1172 3418 tem,
1243 3348 1313 3408 et
1367 3349 1532 3411 tunc
1589 3342 1837 3413 dicitur
1891 3345 2263 3414 secundum
2323 3370 2562 3417 omnes

1007 3468 1298 3535 persona
1382 3456 1449 3516 et
1487 3455 1805 3532 πρόσωπον.
1880 3450 2013 3519 Sed
2055 3450 2195 3520 haec
2260 3459 2559 3545 acceptio

1007 3576 1148 3622 non
1184 3552 1457 3623 videtur
1494 3556 1909 3626 concordare
1977 3559 2386 3628 Auctoribus
2442 3563 2556 3653 qui

1008 3659 1240 3729 dicunt
1280 3664 1649 3733 essentiam
1691 3668 1783 3746 rei
1819 3664 1948 3733 dici
1987 3674 2050 3733 et
2088 3667 2434 3759 praedicari
2474 3669 2557 3739 de

1007 3789 1088 3836 eo
1119 3768 1316 3856 cujus
1346 3779 1448 3838 est
1477 3773 1773 3840 essentia
1814 3794 1833 3841 t
1868 3781 1933 3839 et
1966 3772 2118 3841 ideo
2164 3773 2555 3854 dicendum.

1006 3876 1189 3968 quod
1220 3902 1436 3947 unum
1467 3878 1695 3950 solum
1726 3883 2100 3951 secundum
2141 3884 2555 3956 intellectum

1004 3991 1371 4081 Augustini
1446 4002 1514 4061 et
1572 3993 1974 4085 Hieronymi
2076 3998 2402 4088 accipitur
2475 4022 2558 4067 ex

1006 4107 1197 4189 parte
1239 4120 1378 4189 quo
1438 4110 1566 4182 est,
1608 4102 1796 4193 quod
1860 4111 1962 4171 est
2016 4105 2331 4175 essentia.
2403 4106 2557 4174 Alia

1005 4214 1234 4274 autem
1305 4209 1734 4300 accipiuntur
1785 4234 1872 4279 ex
1937 4220 2126 4302 parte
2192 4214 2338 4302 ejus
2373 4215 2556 4305 quod

1006 4322 1106 4380 cst
1141 4335 1157 4380 ε
1202 4321 1268 4381 et
1308 4313 1691 4385 substantia
1721 4317 1996 4408 quidem
2039 4321 2410 4389 secuudum
2442 4347 2560 4391 eos

1010 4422 1202 4508 ponit
1269 4431 1658 4512 respectum
1726 4423 1811 4491 ad
1879 4448 2014 4516 quo
2054 4435 2151 4494 est
2205 4451 2220 4495 :
2292 4438 2562 4520 propter

1008 4528 1191 4618 quod
1259 4528 1468 4597 etiam
1527 4528 1814 4599 dubium
1906 4534 2061 4601 facit
2146 4534 2559 4605 intellectum

1006 4634 1187 4724 apud
1221 4634 1526 4721 Latinos,
1563 4646 1639 4706 ut
1677 4638 2088 4731 quandoque
2139 4664 2259 4733 pro
2327 4666 2562 4712 essen-

1011 4742 1125 4818 tia,
1164 4741 1579 4835 quandoque
1608 4768 1736 4838 pro
1789 4747 2141 4837 supposito
2209 4760 2500 4838 ponatur
2541 4775 2557 4819 ε

1009 4858 1073 4916 et
1132 4849 1285 4919 ideo
1344 4850 1569 4921 Latini
1626 4854 1993 4923 concedere
2024 4854 2384 4924 noluerunt
2429 4869 2562 4929 tres

1009 4956 1447 5028 substantias.
1517 4959 1969 5030 Subsistentia
2028 4971 2256 5031 autem
2315 4989 2564 5035 secun-

1010 5063 1173 5131 dum
1215 5087 1334 5133 eos
1374 5068 1572 5156 ponit
1610 5075 1989 5158 respectum
2031 5068 2115 5135 ad
2175 5070 2564 5142 individua-

1009 5171 1268 5241 tionem
1314 5196 1330 5240 :
1377 5173 1534 5243 licet
1572 5175 1644 5242 in
1691 5173 1801 5242 his
1866 5174 2133 5245 duobus
2189 5181 2561 5249 secundum

1009 5279 1415 5349 Anselmum
1447 5291 1516 5351 et
1553 5281 1727 5351 alios
1774 5284 1863 5351 sit
1900 5306 1934 5350 e
2000 5306 2354 5356 converso.
2428 5289 2559 5359 Sed

1011 5410 1302 5478 persona
1350 5392 1549 5482 ponit
1612 5391 1977 5484 specialem
2043 5404 2421 5484 respectum
2480 5399 2566 5468 ad

1012 5494 1524 5565 distinctionem
1557 5499 1990 5589 proprietatis
2044 5502 2443 5589 pertinentis
2481 5508 2564 5574 ad

1016 5598 1420 5691 dignitatem
1453 5604 1666 5671 moris
1705 5601 1811 5671 vel
1844 5611 2125 5672 naturae.

1313 5750 1424 5790 XXV

2694 1289 2870 1356 dicta
2928 1297 3028 1357 est
3085 1298 3361 1378 propter
3444 1289 3715 1356 dubiam
3776 1290 4240 1380 acceptionem

2691 1399 2881 1467 verbi
2938 1393 3341 1467 substansia?
3406 1400 3583 1490 apud
3649 1400 3924 1468 Latinos
3996 1423 4012 1467 τ
4084 1424 4239 1492 quae

2691 1508 3101 1598 quandoque
3133 1510 3459 1599 accipitur
3500 1531 3619 1598 pro
3661 1510 3953 1577 essentia
3997 1517 4064 1577 et
4108 1533 4240 1576 na-

2690 1623 2841 1683 tura
2870 1617 3221 1684 communi
3257 1639 3271 1681 :
3312 1624 3379 1683 et
3415 1616 3565 1684 ideo
3596 1617 3797 1684 etiam
3830 1616 4011 1706 apud
4051 1617 4240 1684 Lati-

2690 1741 2842 1791 nos'
2875 1725 3188 1791 nominat
3255 1731 3569 1790 naturam
3636 1725 3836 1811 primi
3922 1722 4243 1814 praedica-

2691 1830 2903 1898 menti
2942 1852 2957 1897 :
3036 1828 3153 1896 sed
3192 1827 3453 1896 Tullius
3511 1832 3751 1919 accipit
3815 1853 3964 1898 eam
3995 1852 4243 1898 secun-

2687 1935 2852 2002 dum
2884 1934 3067 2026 quod
3099 1933 3347 2003 dicitur
3378 1935 3462 2002 ab
3496 1944 3647 2003 actu
3687 1935 4039 2004 substandi
4087 1945 4245 2005 tan-

2688 2052 2865 2112 tum.

2778 2151 2852 2220 Si
2891 2162 3120 2219 autem
3189 2174 3476 2242 quaeras,
3538 2151 3762 2230 Quare
3806 2153 4038 2223 Sancti
4097 2178 4236 2221 non

2684 2262 2780 2329 ita
2835 2271 3246 2351 acceperunt
3303 2265 3514 2330 eam?
3583 2263 3981 2343 Dicendum,
4054 2271 4238 2358 quod

2685 2368 2917 2437 Sancti
2952 2377 3432 2459 expresserunt
3492 2369 3691 2437 [idem
3744 2373 4169 2463 simplicibus
4213 2399 4229 2444 ε

2678 2484 2748 2545 et
2814 2476 2967 2545 ideo
3009 2475 3330 2543 nolebant
3391 2479 3485 2542 uti
3546 2475 3767 2544 dubiis
3833 2479 4084 2565 verbiS,
4148 2508 4232 2553 ne

2678 2586 3022 2676 simplices
3061 2585 3436 2653 secundum
3479 2608 3776 2655 errorem
3818 2600 4098 2679 possent
4125 2616 4231 2661 se-

2678 2694 2858 2774 duci,
2892 2695 3055 2763 dum
3089 2694 3656 2785 multiplicitatem
3687 2701 3988 2768 nominis
4028 2704 4232 2793 igno-

2677 2810 2931 2870 rarent.

2765 2910 2871 2977 An
2901 2932 3098 2976 Auro
3127 2909 3516 2994 dicendum,
3578 2911 3756 3001 quod
3800 2915 4015 2982 Graeci
4057 2919 4227 2985 acci-

2674 3019 2872 3108 piunt
2901 3017 3322 3108 hypostasim
3366 3040 3489 3107 pro
3538 3041 3617 3085 co
3686 3021 3869 3111 quod
3926 3025 4225 3094 maxime

2674 3132 2774 3192 est
2805 3123 3201 3192 distinctum
3250 3147 3263 3191 :
3298 3132 3363 3191 et
3396 3123 3524 3193 hoc
3556 3150 3689 3194 non
3732 3140 3831 3197 est
3891 3132 4016 3199 nisi
4062 3132 4227 3202 ulti-

2674 3253 2786 3297 ma
2851 3230 3346 3320 compositione
3405 3235 3883 3324 compositum.
3972 3237 4227 3307 Ultima

2672 3349 2902 3409 autem
2996 3341 3494 3431 compositione
3571 3349 4028 3437 compositum
4123 3361 4221 3418 est

2673 3449 2857 3542 quod
2888 3458 2986 3517 est
3018 3472 3101 3516 ex
3132 3448 3369 3516 ultima
3403 3454 3679 3520 materia
3712 3466 3771 3521 et
3834 3482 3917 3525 vx
3984 3462 4224 3530 ultima

2673 3560 2893 3627 tonna
2923 3558 3297 3626 secundum
3332 3567 3666 3629 naturam.
3709 3563 3960 3635 Ultima
3990 3578 4219 3638 autem

2674 3669 2956 3735 materia
3012 3677 3112 3733 est
3158 3690 3405 3756 corpus
3475 3673 3938 3760 organizatum
3982 3677 4223 3748 buma-

2674 3798 2868 3856 num,
2906 3772 3035 3842 hoc
3066 3773 3249 3840 enin·
3283 3783 3385 3841 est
3449 3778 3726 3866 majoris
3781 3787 4223 3874 compositio-

2669 3884 2800 3958 nis,
2836 3904 3041 3972 quum
3084 3879 3358 3971 aliquod
3390 3905 3636 3973 corpus
3666 3889 3890 3977 quoad
3948 3897 4218 3983 organi-

2668 3993 3005 4061 zationem
3044 4013 3058 4057 ε
3105 3999 3166 4056 ct
3204 3989 3440 4057 ultima
3477 3992 3689 4061 [orinia
3726 3999 3789 4064 in
3833 4010 4073 4070 natura
4117 4014 4214 4070 cst

2669 4100 2899 4167 anima
2952 4098 3304 4165 rationalis
3363 4130 3378 4166 ι
3442 4110 3506 4166 et
3566 4102 3714 4170 ideo
3791 4106 4216 4180 individuum

2672 4204 3022 4275 rationalis
3055 4212 3310 4271 natura·
3366 4220 3608 4275 vocant
3646 4210 4093 4302 hypostasim.
4142 4220 4226 4289 lit

2669 4336 2757 4383 ex
2798 4313 2929 4381 hoc
2990 4321 3167 4401 patet
3240 4315 3408 4378 ratio
3448 4316 3593 4404 ejus
3651 4320 3826 4408 quoel
3880 4323 4223 4395 diciturin

2672 4426 2963 4498 Littera,
3009 4421 3190 4511 quod
3227 4430 3359 4487 tre-s
3391 4448 3712 4515 personas
3780 4455 3917 4501 non
3978 4448 4225 4506 vocant

2674 4535 2797 4601 triu
2852 4537 3150 4614 πρόσωπα,
3221 4530 3338 4597 sed
3400 4542 3533 4600 tres
3577 4532 4027 4627 hypostases:
4065 4549 4224 4638 quia

2671 4641 3045 4710 secundun·
3119 4641 3602 4729 proprietatem
3662 4645 3911 4737 linguae
3981 4678 4221 4724 eorum

2672 4753 2897 4841 aptius
2957 4763 3153 4822 sonat
3200 4776 3215 4821 ε
3278 4752 3393 4819 sed
3453 4754 3627 4842 apud
3664 4777 3786 4821 nos
3829 4781 3965 4826 non
3996 4785 4229 4853 super-

2673 4858 2824 4925 ssuit
2865 4882 3114 4929 nomen
3148 4883 3453 4952 personae
3497 4881 3513 4928 ε
3560 4862 3716 4950 quia
3760 4864 3823 4931 id
3873 4869 4058 4958 quod
4128 4895 4228 4940 re-

2672 4968 2962 5058 spondet
3003 4969 3350 5061 hypostasi
3419 4970 3595 5060 apud
3641 4994 3786 5045 nos,
3849 4986 3951 5044 est
4001 4977 4224 5050 dubiae

2672 5075 3219 5166 significationis,
3258 5077 3320 5144 iel
3354 5086 3479 5158 est,
3515 5076 3919 5153 substantia.

2766 5184 2871 5250 An
2946 5207 3143 5252 Amen
3208 5184 3595 5262 dicendum,
3666 5190 3848 5278 quod
3905 5191 4063 5263 licet
4140 5200 4229 5266 sit

2673 5314 2891 5359 unum
2924 5292 3300 5381 subjectum
3343 5292 3667 5382 primum,
3710 5306 3775 5363 et
3814 5323 4027 5369 unum
4063 5304 4229 5374 ulti-

2675 5422 2868 5466 mum
2911 5401 3375 5489 praedicatum,
3410 5408 3635 5469 tamen
3689 5405 4068 5495 subjectum
4127 5427 4230 5485 est

2680 5507 2914 5575 inultis
2972 5509 3196 5578 modis
3253 5509 3681 5578 considerare
3744 5536 3759 5581 ε
3830 5527 3894 5584 et
3938 5519 4089 5591 ideo
4130 5533 4231 5593 tot

2681 5615 2905 5683 modis
2936 5626 3154 5707 potest
3186 5617 3579 5708 significari,
3616 5629 3686 5687 ut
3717 5622 3975 5695 dictum
4008 5640 4132 5701 est.

3905 5766 3973 5816 :18

4352 1004 4432 1050 Ad
4474 1008 4516 1051 2.

4336 2906 4417 2952 ‚td
4458 2909 4502 2955 3.

4336 5200 4417 5246 Ad
4454 5205 4497 5247 4.
