4897 6388
1839 327 1934 422 IN
1981 326 2029 402 Ι,
2061 306 2487 392 ΞΕΝΤΕΝΤ.
2533 303 2764 380 DlST.
2814 302 3004 381 XIV,
3056 301 3134 382 F,
3179 297 3374 416 dRT.
3426 295 3527 360 16.

1476 927 1982 1003 ARTICULUS
2032 927 2217 997 XVI.

1078 1153 1330 1219 Utrum
1395 1147 1532 1214 viri
1603 1145 1828 1212 sancti
1848 1152 2135 1234 possunt
2174 1142 2338 1208 dare
2393 1141 2625 1230 Spiri-

1569 1262 1719 1319 tum
1760 1246 2135 1317 sanctum?

1159 1565 1422 1634 Deinde
1477 1564 1807 1655 quaeritur
1853 1561 1937 1629 de
1985 1560 2115 1628 hoc
2208 1556 2389 1647 quod
2436 1556 2622 1633 dicit,

1058 1673 1188 1754 ihi,
1234 1672 1321 1757 D,
1360 1696 1394 1737 ι
1440 1672 1575 1739 Hic
1602 1670 1964 1760 qum-itur,
2005 1669 2249 1735 Utrum
2290 1673 2351 1730 el
2405 1662 2629 1728 sancti

1061 1783 1234 1863 viri,
1277 1789 1407 1849 etc.
1461 1804 1494 1843 x·

1147 1887 1279 1956 llic
1311 1886 1498 1955 enim
1532 1883 1769 1974 incipit
1798 1905 1967 1974 pars
1999 1880 2113 1949 illa
2152 1883 2218 1947 in
2249 1901 2381 1969 qua
2411 1877 2629 1946 deter-

1060 1999 1309 2078 minat,
1353 2001 1587 2061 utrum
1613 1991 1745 2059 viri
1803 1991 2020 2058 sancti
2060 1989 2217 2056 dent
2290 1985 2621 2076 Spiritum

1053 2112 1395 2184 sanctum,
1440 2108 1509 2168 et
1539 2098 1836 2168 ostendit
1877 2096 2058 2188 quod
2089 2119 2250 2163 non.
2295 2094 2380 2160 Et
2414 2084 2625 2160 habet

1048 2215 1179 2280 tria
1221 2207 1555 2300 capitula,
1592 2208 1659 2273 in
1694 2226 1989 2297 quorum
2023 2203 2239 2294 primo
2298 2198 2619 2268 ostendit»

1059 2319 1243 2411 quod
1297 2340 1440 2386 non
1496 2315 1684 2384 dant.
1750 2314 1827 2381 In
1885 2310 2212 2387 secundo,
2264 2308 2448 2399 quod
2481 2329 2620 2374 non

1057 2434 1349 2519 possunt
1379 2424 1567 2503 dare,
1603 2421 1724 2503 ibi,
1758 2420 1838 2505 E,
1875 2445 1909 2486 ι
1943 2422 2039 2488 Et
2071 2417 2257 2510 quod
2285 2416 2456 2508 plus
2493 2425 2613 2494 est,

1055 2545 1186 2604 etc.
1241 2560 1274 2600 ι
1320 2532 1398 2601 ln
1430 2531 1661 2609 tertio,
1695 2529 1928 2619 objicit
1960 2530 2028 2596 in
2058 2528 2499 2601 contrarium,
2550 2510 2618 2591 et

1050 2643 1297 2722 solvit,
1339 2639 1462 2722 ibi,
1497 2639 1571 2718 F,
1619 2664 1651 2702 ι
1685 2636 1826 2707 Sed
1849 2637 2012 2704 huic
2038 2635 2307 2703 videtur
2341 2643 2611 2701 contra-

1063 2754 1277 2826 rium,
1315 2756 1443 2818 etc.
1482 2772 1518 2815 ι

1159 2859 1219 2929 1.
1254 2854 1544 2924 Videtur
1580 2853 1792 2934 enim,
1824 2850 2007 2943 quod
2036 2851 2164 2918 viri
2192 2851 2406 2919 sancti
2445 2872 2612 2940 pos-

1064 2974 1227 3034 sunt
1289 2963 1453 3031 dare
1494 2959 1826 3053 Spiritum
1892 2966 2252 3027 sanctum:
2311 2959 2469 3047 quia
2500 2956 2610 3023 di-

1062 3083 1251 3143 ctum
1308 3080 1410 3141 est
1448 3070 1547 3139 eis
1599 3093 1615 3138 :
1673 3070 1978 3158 Accipite
2036 3069 2378 3160 Spiritum
2439 3090 2609 3134 san-

1063 3193 1254 3251 ctum
1293 3203 1319 3250 .·
1346 3202 1642 3273 quorum
1684 3176 2078 3246 remiseritis
2133 3186 2439 3269 peccata,
2508 3199 2611 3244 re-

1062 3289 1443 3358 mittuntur
1469 3284 1565 3352 eis
1586 3288 1632 3351 ¹.
1678 3282 2039 3352 Peccatum
2072 3293 2297 3351 autem
2337 3305 2475 3350 non
2509 3306 2608 3350 re·

1055 3396 1351 3467 mittitur
1378 3393 1508 3462 nisi
1541 3415 1661 3484 per
1689 3390 2020 3482 Spiritum
2053 3402 2357 3460 sanctum
2385 3414 2403 3459 z
2443 3413 2605 3476 ergo

1055 3505 1220 3574 dant
1263 3502 1597 3594 Spiritum
1636 3508 1973 3569 sanctum.

1146 3616 1213 3681 2.
1252 3612 1451 3693 Item,
1494 3609 1625 3690 Qui
1668 3609 2096 3678 occasionem
2123 3608 2348 3675 damni
2383 3609 2494 3675 dat
2537 3610 2601 3675 in

1051 3721 1321 3812 judicio
1353 3716 1737 3792 hominum.
1775 3716 2099 3784 damnum
2140 3716 2441 3784 intulisse
2498 3719 2607 3806 ju-

1052 3830 1320 3897 dicatur
1362 3850 1378 3896 :
1410 3850 1575 3913 ergo
1606 3826 1659 3893 si
1695 3826 1980 3894 ministri
2020 3824 2325 3892 Ecclesiae
2354 3826 2604 3891 faciunt

1057 3936 1191 4003 hoc
1228 3935 1311 4003 ad
1344 3934 1529 4025 quod
1571 3934 1984 4000 incessanter
2021 3934 2324 4023 sequitur
2387 3934 2627 4022 spiri«

1063 4051 1173 4109 tus
1211 4048 1514 4116 sanctus,
1555 4036 1825 4104 videtur
1862 4036 2039 4126 quod
2095 4037 2215 4125 ipsi
2278 4037 2605 4126 Spiritum

1066 4156 1379 4215 sanctum
1412 4145 1785 4212 conserant.

1114 4308 1120 4314 -
1158 4262 1222 4325 3.
1290 4256 1488 4336 ltem,
1550 4255 1690 4324 Nos
1744 4255 2053 4324 videmus
2110 4258 2174 4322 in
2239 4255 2609 4323 luminibus·

1065 4362 1559 4440 materialibus,
1633 4362 1811 4453 quod
1853 4363 2090 4452 unuin]
2118 4385 2474 4430 accensum
2524 4362 2606 4429 ad

1064 4472 1385 4554 alterum,
1417 4471 1701 4539 ulterius
1759 4473 2112 4540 incendere
2169 4483 2384 4563 potest
2425 4473 2603 4541 alia:

1064 4603 1231 4670 ergo
1261 4580 1533 4648 videtur
1564 4580 1629 4646 in
1663 4578 1916 4646 lumine
1958 4581 2255 4647 interiori
2297 4580 2609 4669 spiritua·

1067 4689 1139 4767 li,
1174 4687 1361 4781 quod
1389 4688 1599 4756 homo
1627 4712 1949 4756 accensus
1983 4693 2046 4755 in
2079 4692 2291 4779 gratia
2318 4689 2611 4780 Spiritus·

1064 4797 1309 4872 sancti,
1353 4794 1638 4861 ulterius
1674 4794 1844 4861 alios
1877 4796 2228 4862 incendere
2259 4800 2495 4888 possit,
2543 4808 2611 4863 et

1064 4906 1156 4973 ita
1197 4902 1506 4971 conferre
1540 4902 1868 4992 Spiritum
1902 4913 2236 4972 sanctum.

1157 5013 1221 5077 4.
1258 5009 1452 5086 ltem,
1487 5008 1730 5100 Angeli
1761 5033 1833 5076 se
1866 5012 2154 5077 invicem
2199 5011 2609 5087 illuminant.

1065 5123 1389 5208 purgant,
1431 5124 1496 5183 et
1526 5117 1876 5206 perliciunt
1916 5139 1931 5184 z
1975 5140 2136 5202 ergo
2184 5141 2336 5184 cnm
2397 5117 2616 5185 eecle-

1066 5225 1340 5293 siastica
1371 5221 1750 5292 hierarchia
1789 5226 1876 5291 sit
1906 5224 1990 5291 ad
2028 5226 2374 5315 exemplar
2410 5226 2616 5294 mele-

1068 5334 1191 5401 stis
1222 5328 1647 5409 hierarchiae,
1688 5333 1959 5400 videtur
1986 5333 2166 5423 quod
2198 5335 2398 5400 etiaim
2443 5336 2616 5400 inter

1065 5441 1254 5507 viros
1284 5447 1557 5505 sanctos
1598 5461 1770 5504 unus
1810 5437 2016 5506 alium
2057 5441 2260 5529 possit
2296 5465 2609 5531 purgare,

1139 5674 1156 5710 ¹
1191 5672 1360 5729 Joan.
1394 5690 1496 5739 xx,
1522 5676 1610 5730 22.

2737 475 3149 555 illuminare,
3185 478 3249 535 et
3278 466 3595 558 perficere
3628 490 3642 530 ς
3680 484 3819 528 non
3858 466 4087 526 autem
4150 455 4283 522 hoc

2736 585 3020 670 possunt
3091 574 3222 641 nisi
3288 568 3691 638 conferendo
3753 564 4084 656 Spiritum
4114 582 4280 628 san-

2737 697 2921 754 ctum
2964 708 2979 753 z
3014 704 3176 773 ergo
3218 688 3343 747 etc.

2828 910 3137 975 Soumo-
3205 901 3583 970 Dicendum
3673 917 3830 964 cum
3922 892 4273 982 Magistm,

2738 1017 2922 1108 quod
3002 1014 3131 1081 viri
3200 1011 3433 1087 sancti,
3506 1029 3629 1073 nec
3689 1004 3893 1071 etiam
3985 996 4277 1066 ministri

2737 1125 3054 1195 Ecclesiae
3085 1122 3270 1199 dant,
3314 1139 3531 1208 neque
3562 1112 3917 1182 conferunt
3950 1106 4278 1197 Spiritum

2737 1241 3073 1303 sanctum.
3110 1230 3191 1297 Et
3222 1226 3423 1314 hujus
3454 1245 3653 1291 causa
3700 1227 3800 1287 est
3835 1240 3848 1283 :
3896 1215 4053 1306 quia
4112 1212 4281 1280 dans

2740 1340 3069 1430 Spiritum
3112 1343 3422 1402 sanctum
3461 1330 3665 1396 habet
3703 1324 4176 1392 auctoritatem
4216 1326 4283 1385 et

2738 1445 3164 1515 influentiam
3206 1442 3289 1507 ad
3320 1440 3544 1505 minus
3584 1455 3787 1524 super
3830 1428 4169 1503 effe-ctum,
4211 1425 4281 1491 in

2739 1578 2872 1646 quo
2906 1553 3104 1620 datur
3137 1549 3429 1638 Spiritus
3468 1552 3739 1610 sanctus
3775 1563 3789 1606 :
3852 1546 3919 1605 et
3976 1533 4084 1601 hic
4122 1532 4281 1599 etl'e-

2738 1680 2882 1737 ctus
2909 1674 3010 1733 est
3049 1663 3266 1753 gratia
3305 1667 3570 1748 gratum
3604 1652 3880 1728 faciens,
3934 1667 4080 1735 quae
4139 1664 4278 1709 non

2739 1783 2837 1843 cst
2866 1774 2996 1840 nisi
3038 1793 3076 1837 a
3116 1767 3264 1835 solo
3294 1766 3438 1832 l)eo
3469 1785 3587 1853 pel·
3653 1757 4054 1826 efficientem
4113 1772 4279 1817 cau-

2736 1906 2883 1952 sam
2913 1891 2981 1949 et
3018 1877 3513 1947 auctoritatem.

2823 1992 2928 2058 An
2969 2008 3223 2055 enisum
3255 2005 3416 2072 ergo
3448 1978 3627 2070 quod
3659 1975 3998 2064 objicitur.
4041 1969 4275 2035 dicen-

2735 2100 2896 2166 dum
2965 2093 3149 2187 quod
3215 2093 3520 2159 Christus
3594 2083 3777 2153 dedit
3832 2081 3928 2148 eis
3966 2076 4278 2145 ministe-

2735 2209 2910 2274 rium
2951 2204 3034 2271 ad
3069 2203 3132 2270 id
3167 2203 3235 2268 in
3266 2221 3399 2290 quo
3443 2195 3727 2264 liabetur
3765 2188 4057 2279 Spiritus
4111 2205 4275 2250 san·
4319 2199 4327 2204 ·

2729 2326 2904 2396 ctus,
2945 2315 3072 2381 hoc
3110 2319 3234 2390 est,
3277 2309 3363 2377 ad
3426 2304 4000 2394 dispensationem
4055 2314 4275 2361 sacra·

2730 2430 3117 2491 mentorum
3154 2440 3169 2484 ε
3213 2415 3331 2484 sed
3369 2411 3837 2480 auctoritatem
3866 2413 3931 2472 et
3967 2401 4265 2470 efficien-

2726 2536 2890 2601 tiam
2927 2552 3061 2596 non
3094 2525 3277 2594 dedit
3307 2525 3426 2590 eis.

2816 2641 2918 2706 An
2956 2659 3154 2704 Αιιυι)
3183 2630 3568 2704 dicendum,
3603 2623 3788 2716 quod
3826 2622 3939 2712 qui
3981 2618 4094 2685 dat
4148 2637 4266 2682 oc-

2721 2749 3067 2817 casionem
3109 2739 3337 2808 damni
3385 2735 3730 2824 judicatur
3785 2748 4062 2809 nocens,
4124 2745 4263 2791 non

2723 2864 2952 2922 tamen
2982 2850 3330 2940 judicatur
3357 2843 3725 2910 efficienter
3769 2836 4095 2903 damnum
4154 2832 4267 2897 in-

2724 2962 2982 3038 tulisse,
3040 2958 3167 3026 nisi
3234 2953 3474 3022 efficiat
3515 2971 3670 3018 cum
3737 2944 3856 3013 illo
3913 2942 4028 3034 qui
4077 2939 4265 3008 dam·

2720 3092 2884 3137 num
2946 3064 3203 3134 infert:
3266 3061 3379 3128 sed
3439 3061 3505 3126 in
3561 3053 3922 3124 collatione
3972 3047 4265 3138 Spiritus

2717 3178 2929 3247 sancti
2972 3197 3111 3244 non
3153 3179 3373 3264 potest
3414 3165 3713 3261 potentia
3752 3158 4104 3254 operativa
4142 3154 4263 3224 ho·

2718 3287 2923 3356 minis
2959 3282 3224 3375 operari
3257 3277 3511 3369 aliquid
3545 3299 3559 3345 :
3596 3273 3714 3341 sed
3744 3277 3964 3363 potest
3993 3265 4255 3357 operari

2718 3397 2803 3464 ad
2835 3393 3001 3464 illud
3037 3402 3102 3461 et
3132 3390 3259 3460 sub
3291 3389 3405 3456 illo
3451 3410 3466 3454 ε
3500 3395 3563 3452 et
3596 3384 3747 3451 ideo
3807 3402 3943 3448 non
4010 3385 4108 3445 est
4172 3376 4265 3442 si·

2721 3505 2879 3573 mile
2914 3527 2929 3570 ε
2968 3504 3123 3594 quia
3159 3499 3457 3591 potentia
3487 3502 3705 3561 creata
3749 3497 3963 3580 potest
3997 3484 4080 3551 ad
4121 3483 4263 3550 illa·

2719 3615 2973 3679 tionem
3004 3608 3266 3679 «latium,
3303 3628 3434 3670 nnn
3469 3602 3549 3668 nd
3579 3599 4012 3666 collationem
4045 3591 4256 3681 Spiri-

2719 3734 2827 3789 tus·
2856 3719 3094 3785 sanc-ti.

2811 3832 2912 3894 An
2962 3820 3571 3892 Marndieendum.
3615 3811 3796 3905 quod
3858 3811 3923 3877 in
3984 3806 4264 3873 lumini·-

2722 3936 2847 4000 lms·
2906 3935 2973 3999 lit
3034 3930 3342 3996 noca-nsi«,
3409 3924 3607 3991 «nnius
3664 3919 3745 3987 ad
3777 3915 3956 3985 aliud
3993 3920 4265 4004 propter

2724 4045 3023 4111 mnu-ria»
3060 4037 3571 4108 similitudinem
3611 4055 3623 4096 :
3670 4031 3828 4120 quia
3905 4050 4020 4117 per
4078 4023 4260 4090 illam

2723 4163 2822 4219 est
2881 4172 3093 4218 unum
3164 4141 3633 4212 combustibih·
3683 4148 3744 4204 vt
3805 4136 3995 4201 vilius
4053 4132 4254 4221 ignis,

2722 4263 2892 4327 sieut
2926 4257 3149 4324 aliud:
3195 4252 3309 4319 sed
3378 4274 3510 4317 nun
3579 4257 3676 4314 est
3744 4247 3837 4311 ita
3889 4239 4262 4310 similitudo

2724 4369 3046 4458 potentia·
3087 4361 3430 4452 operantis
3472 4361 3538 4423 in
3575 4355 3743 4437 nvn,
3795 4363 3860 4418 et
3919 4353 3982 4417 in
4055 4348 4263 4415 utini-

2725 4477 2880 4542 stris
2912 4474 2977 4538 in
3009 4470 3370 4537 collationu-
3412 4465 3704 4554 Spiritns
3736 4459 3973 4527 sancti.

2817 4584 2917 4646 An
2973 4600 3172 4645 Αιιιίι
3244 4570 3628 4647 dicendum,
3706 4565 3887 4657 quod
3970 4583 4261 4653 purgare

2727 4686 3145 4775 Angelorum
3179 4691 3272 4748 est
3309 4704 3347 4745 a
3386 4673 3951 4744 dissimilitudinis
4026 4669 4260 4736 habitu

2728 4801 2794 4864 in
2821 4797 2886 4861 vi
2927 4793 3295 4878 cognitiva,
3343 4787 3405 4853 id
3436 4794 3562 4860 est,
3594 4783 3678 4850 ab
3721 4781 3979 4861 habitu,
4012 4777 4119 4845 vel
4153 4775 4269 4843 lta·

2728 4901 2961 4969 liituali
2998 4896 3406 4987 ignorantia,
3449 4895 3591 4959 sive
3632 4886 3998 4957 nescientia
4065 4884 4271 4951 alicu-

2717 5012 2833 5097 jus
2890 5006 3138 5073 occulti
3199 4999 3536 5070 revelandi
3577 5022 3591 5065 :
3663 5006 3727 5063 et
3773 4992 4140 5060 illuminari
4170 4998 4273 5056 est

2725 5118 2935 5207 accipi
3006 5114 3238 5182 lumen
3297 5112 3362 5177 in
3431 5109 3545 5174 illo
3588 5108 3656 5172 in
3713 5125 3851 5193 quo
3908 5099 4268 5166 videatur:

2727 5225 2954 5316 perlici
2988 5232 3217 5287 autem
3260 5226 3358 5284 est
3388 5214 3687 5282 com-orti
3736 5207 4107 5275 secundum
4142 5203 4274 5271 hoc

2726 5333 2958 5399 lumen
3020 5327 3104 5395 ad
3174 5327 3427 5392 sontem
3489 5321 3791 5397 luminis,
3852 5316 3979 5384 hoc
4030 5323 4154 5391 est,
4190 5312 4275 5380 ad

2727 5438 3030 5504 Vei-lium
3075 5444 3424 5501 aeternum.
3473 5427 3660 5496 l'nde
3703 5426 3934 5493 ‹unnia
3975 5422 4114 5489 lure
4150 5421 4276 5487 tria

4158 278 4292 370 407,

4380 926 4579 972 Solatia.

4394 1997 4479 2045 Ad
4509 1999 4551 2048 1.

4383 2658 4463 2705 Ad
4487 2660 4530 2707 2.

4393 3833 4465 3877 ad
4493 3834 4537 3881 ³.

4386 4591 4456 4637 ad
4488 4595 4529 4640 4.
