4897 6388
866 4124 1076 4175 Solunte.

1952 347 2045 414 IN
2095 346 2120 411 1
2172 309 2594 412 samm.
2647 344 2873 414 ms'r.
2933 344 3115 422 vm,
3169 343 3242 411 o.
3298 342 3676 409 Aust-16..
3750 410 3753 414 ,

1218 513 1393 584 libro
1436 512 1788 581 LXXXIII
1832 513 2323 599 Quaestionum,
2384 511 2566 601 quod
2626 511 2760 578 alia

1217 624 1479 690 ratione
1510 630 1691 689 creat
1728 620 2103 703 hominem,
2136 628 2203 687 et
2231 618 2361 687 alia
2391 619 2680 687 asinum.

1276 732 1372 796 -5,
1409 730 1604 808 Item,
1641 727 2098 819 Philosophus
2130 728 2315 809 dicit,
2349 727 2532 818 quod
2556 752 2758 794 causa

1215 838 1435 927 prima
1468 846 1699 904 movet
1734 844 2083 904 causatum
2121 837 2443 926 primum,
2506 835 2571 900 id
2628 843 2752 914 est,

1218 943 1397 1012 Deus
1426 945 1674 1012 coelum
1709 967 1723 1011 :
1760 955 1826 1013 et
1863 951 2089 1012 movet
2144 945 2365 1033 ipsum
2424 966 2462 1008 a
2519 943 2754 1009 dextro

1214 1054 1281 1119 in
1326 1053 1702 1130 sinistrum,
1733 1075 1813 1120 eo
1846 1050 2030 1143 quod
2061 1050 2149 1117 ibi
2192 1060 2291 1119 est
2322 1051 2534 1117 virtus
2581 1051 2748 1138 ejuS,

1213 1160 1537 1228 et'motus
1563 1158 1935 1226 secundum
1991 1158 2309 1226 virtutem
2363 1165 2753 1225 moventem

1213 1268 1304 1335 ibi
1347 1270 1606 1358 incipit,
1642 1279 1708 1336 et
1742 1277 2012 1359 regyrat
2047 1289 2167 1356 per
2203 1266 2511 1333 accidens
2571 1287 2585 1332 ε
2633 1266 2751 1332 sed

1209 1384 1399 1442 moto
1431 1374 1693 1453 mobili,
1730 1381 2041 1442 movetur
2070 1381 2136 1441 et
2164 1372 2231 1439 id
2269 1371 2455 1463 quod
2494 1374 2562 1438 in
2602 1372 2748 1459 ipso

1207 1492 1356 1550 est:
1395 1505 1555 1572 ergo
1586 1482 1876 1564 videtur,
1921 1481 2102 1571 quod
2155 1482 2372 1548 virtus
2409 1481 2556 1568 ejus
2595 1501 2751 1546 mo-

1204 1601 1446 1660 veatur
1479 1614 1493 1659 τ
1540 1592 1652 1659 sed
1689 1595 1829 1680 ipse
1859 1599 1959 1658 est
1994 1591 2208 1657 virtus
2246 1611 2369 1656 sua
2401 1609 2416 1656 ε
2463 1610 2624 1679 ergo
2682 1596 2751 1655 et

1206 1699 1348 1789 ipse
1381 1709 1695 1767 movetur
1721 1722 1843 1790 per
1881 1696 2188 1766 accidens
2223 1719 2237 1764 :
2300 1703 2364 1762 et
2418 1695 2514 1762 ita
2551 1695 2747 1762 vide-

1204 1815 1335 1884 tur,
1383 1806 1566 1897 quod
1592 1828 1731 1873 non
1762 1806 1947 1873 omni
1980 1805 2192 1895 motui
2237 1809 2564 1893 repugnat
2630 1823 2742 1867 na·

1202 1922 1353 1984 tura
1382 1937 1528 1983 sua.

1290 2026 1355 2091 6.
1391 2023 1752 2101 I‘raeterea,
1786 2018 1986 2100 Quod
2015 2025 2191 2087 esset
2224 2017 2737 2094 inconveniens»,

1197 2133 1676 2222 si'poneretur
1738 2127 1982 2194 mutari
2040 2147 2160 2215 per
2212 2121 2574 2191 accidens?
2611 2122 2741 2191 Hic

1195 2241 1377 2309 enim
1413 2247 1641 2307 motus
1679 2236 1878 2304 estin
1918 2232 2258 2312 omnibus,
2301 2239 2367 2301 et
2403 2232 2606 2299 etiam
2667 2234 2736 2299 in

1193 2351 1370 2440 ipse,
1433 2357 1509 2415 ut
1564 2346 1888 2414 videtur:
1933 2345 2092 2434 quia
2131 2340 2211 2409 de
2270 2363 2408 2409 non
2464 2349 2733 2409 creante

1189 2458 1406 2525 factus
1473 2463 1574 2524 cst
1628 2476 1886 2530 creanS,
1954 2459 2021 2519 et
2073 2448 2154 2517 de
2229 2471 2366 2517 non
2413 2457 2732 2516 movente

1188 2576 1569 2637 creaturam
1599 2563 1812 2631 factus
1840 2570 1943 2630 est
1969 2579 2276 2639 movens,
2318 2564 2386 2625 et
2442 2556 2525 2624 de
2591 2579 2731 2624 non

1186 2673 1610 2766 gubernante
1648 2669 2057 2761 gubernans.
2096 2666 2259 2734 Etsi
2293 2663 2500 2742 dicae.
2543 2664 2727 2756 quod

1186 2782 1318 2852 hoc
1348 2781 1503 2848 facit
1545 2781 1717 2846 sicut
1754 2775 2202 2845 desideratum
2250 2782 2480 2840 movet
2546 2772 2730 2842 desi-

1186 2890 1476 2965 derium,
1510 2894 1577 2954 et
1614 2883 2019 2954 desiderium
2052 2880 2569 2965 desiderantem,
2600 2881 2729 2949 sio-

1182 3008 1260 3067 ut
1289 2997 1558 3064 videtur
1597 2988 2053 3082 Philosophus
2082 2989 2302 3057 dicere
2337 3011 2352 3056 :
2395 2985 2529 3056 hoc
2555 2987 2722 3056 nihil

1183 3116 1287 3177 est
1331 3107 1537 3198 :quia
1575 3126 1701 3171 nos
1758 3123 1891 3169 non
1930 3100 2248 3191 ponimus
2303 3100 2528 3187 ipsum
2569 3106 2724 3165 tan-

1181 3226 1330 3284 tum
1372 3236 1516 3281 csse
1542 3210 2021 3289 desideratum,
2063 3215 2128 3276 et
2175 3208 2271 3275 sic
2327 3229 2465 3274 uno
2516 3204 2720 3275 modo

1179 3347 1252 3392 se
1321 3322 1571 3390 habere
1631 3342 1648 3388 ι
1710 3318 1830 3387 sed
1885 3317 2087 3386 etiam
2171 3313 2459 3383 dicimus
2496 3315 2718 3405 ipsum

1178 3453 1408 3499 creare
1456 3449 1659 3495 omne
1691 3426 1757 3494 id
1795 3423 1978 3516 quod
2007 3420 2340 3491 desiderat
2401 3443 2585 3499 eum.
2654 3431 2719 3489 et

1178 3545 1447 3631 portare
1479 3545 1543 3603 et
1582 3536 1925 3601 continere
1964 3533 2184 3622 ipsum
2218 3551 2233 3596 :
2304 3550 2466 3620 ergo
2521 3527 2720 3596 vide-

1178 3658 1292 3716 tur
1320 3645 1516 3714 aliter
1543 3669 1614 3713 se
1654 3642 1929 3727 habere,
1969 3664 2173 3734 quam
2204 3639 2290 3707 ab
2316 3648 2569 3707 aeterno
2601 3638 2718 3707 ha-

1175 3754 1324 3823 buit
1359 3779 1374 3823 :
1418 3776 1582 3845 crgo
1633 3775 1768 3820 non
1808 3760 1906 3818 est
1948 3747 2522 3817 incommutabilis
2560 3771 2717 3814 om-

1174 3865 1367 3931 nino.

1266 4076 1578 4142 Somnio.
1653 4070 2049 4148 Dicendum,
2100 4068 2281 4160 quod
2341 4066 2461 4135 Dei
2501 4065 2713 4135 solius

1174 4191 1413 4249 natura
1442 4184 1512 4249 et
1538 4202 1658 4270 per
1692 4201 1761 4245 se
1794 4186 1859 4245 et
1899 4199 2017 4267 per
2078 4173 2390 4242 accidens
2446 4174 2712 4242 incom-

1172 4287 1520 4356 mutabilis
1576 4295 1734 4354 est:
1798 4308 1933 4352 non
1991 4292 2253 4350 tantum
2335 4280 2706 4349 secundum

1169 4397 1399 4475 tidem,
1442 4394 1559 4462 sed
1591 4395 1794 4461 etiam
1825 4390 2193 4459 secundum
2261 4412 2499 4457 omnes
2538 4387 2710 4455 Phi-

1165 4503 1491 4595 losophus
1532 4503 1646 4592 qui
1708 4498 1960 4590 aliquid
1999 4498 2080 4566 de
2146 4498 2292 4588 ipso
2351 4496 2706 4565 intellexe-

1164 4622 1344 4680 runt.

1260 4722 1601 4788 lhcsssocn
1633 4739 1795 4807 ergo
1825 4715 1908 4783 ad
1939 4715 2259 4804 primum,
2284 4712 2468 4803 quod
2497 4736 2702 4782 causa

1169 4823 1739 4895 immutabilitatis
1796 4831 1893 4889 est
1960 4820 2143 4912 quod
2197 4828 2419 4887 servat
2479 4822 2700 4911 ipsum

1166 4958 1312 5003 esse
1354 4932 1535 5024 quod
1566 4940 1664 4998 est
1697 4954 1814 5021 per
1844 4952 1941 5006 se,
1983 4938 2048 4996 ει
2103 4926 2285 5017 quod
2351 4928 2520 4994 inest
2580 4931 2641 4995 ei
2681 4951 2697 4996 :

1163 5040 1280 5106 sed
1341 5037 1470 5105 hoc
1529 5038 1595 5103 in
1657 5034 1799 5102 Deo
1856 5055 1994 5102 non
2032 5042 2131 5100 est
2167 5031 2474 5099 accidens
2517 5033 2699 5122 quud

1159 5153 1385 5214 servat
1426 5145 1669 5226 inesse,
1704 5141 1819 5209 sed
1875 5149 1974 5209 est
2029 5138 2402 5207 substantia
2461 5140 2693 5230 ipsius.

1159 5252 1435 5320 liabens
1467 5259 1693 5317 autem
1726 5247 2032 5316 habitum
2061 5256 2123 5313 et
2155 5247 2384 5313 exiens
2414 5245 2497 5313 ad
2540 5270 2701 5337 ope·

1159 5365 1249 5429 ris
1288 5360 1713 5434 exercitium,
1748 5379 1886 5424 non
1926 5365 2148 5424 servat
2211 5364 2429 5422 totum
2487 5378 2633 5423 esse
2676 5379 2692 5422 :

1155 5478 1346 5539 actus
1383 5467 1565 5535 enim
1598 5465 1849 5556 aliquid
1882 5473 1977 5531 est
2010 5466 2076 5530 in
2105 5472 2345 5555 agente
2378 5487 2394 5531 ε
2438 5473 2506 5531 ει
2547 5463 2697 5530 idco

1153 5576 1350 5645 aliter
1385 5595 1457 5640 se
1498 5572 1702 5640 habet
1739 5568 1888 5646 boc.
1923 5593 2077 5639 cum
2127 5580 2315 5640 actus
2352 5572 2500 5660 ejus
2557 5593 2695 5638 non

1161 5692 1247 5756 sit
1276 5688 1417 5776 ipse
1464 5706 1478 5751 ε
1516 5690 1788 5772 propter
1817 5680 1995 5770 quod
2026 5681 2227 5748 etiam
2259 5680 2415 5748 dicit
2459 5679 2697 5749 Philo-

4290 324 4422 410 245

2872 512 3155 602 sophus,
3192 511 3374 602 quod
3403 510 3533 578 hoc
3564 518 3665 576 est
3713 507 4257 599 alterum·genus
4319 508 4424 575 al-

2869 624 3224 692 terationis
3266 646 3280 689 :
3326 624 3487 711 quia
3525 619 3683 688 licet
3710 643 3849 687 non
3881 620 4160 709 recipiat
4209 619 4418 686 alium

2871 733 3180 800 habitum
3222 752 3426 821 quam
3459 727 3722 812 habuit,
3760 738 3988 796 tamen
4036 725 4171 795 alio
4212 727 4420 795 modo

2869 862 2940 907 se
2972 839 3176 907 habet
3204 839 3272 904 in
3303 847 3480 904 actu.
3519 835 3600 901 Et
3639 833 3769 903 hoc
3811 835 3952 902 Deo
3996 857 4134 902 non
4175 856 4421 902 conve-

2867 949 2970 1015 nit
3011 970 3026 1015 ε
3074 949 3232 1037 quia
3263 947 3318 1012 si
3359 953 3669 1013 sumatur
3707 952 3895 1010 actus
3964 943 4114 1022 Dei,
4177 951 4251 1009 ut
4308 942 4419 1008 in-

2867 1057 3195 1148 telligere,
3230 1065 3295 1122 et
3333 1054 3533 1138 velle,
3577 1055 3721 1143 ipse
3778 1062 3880 1120 est
3935 1075 4057 1119 sua
4113 1053 4416 1142 operatio

2865 1165 3106 1234 eodem
3143 1163 3346 1231 modo
3377 1186 3449 1231 se
3480 1161 3744 1246 habens,
3785 1187 3798 1226 :
3838 1162 3890 1227 si
3933 1182 4098 1227 vero
4143 1182 4419 1227 suman-

2863 1281 2974 1339 tur
3002 1272 3433 1361 operationes
3471 1270 3643 1357 ejuS,
3685 1269 3860 1335 sicut
3889 1289 4141 1345 creare,
4194 1274 4261 1333 et
4316 1267 4418 1333 in·

2862 1379 3144 1447 fundere
3173 1378 3486 1469 gratiam.
3530 1384 3599 1442 et
3638 1376 3999 1450 incarnari,
4066 1374 4207 1463 ipse
4273 1396 4413 1441 non
4475 1447 4478 1452 ⁵

2861 1494 3166 1554 mutatur
3218 1483 3377 1563 illis,
3439 1482 3559 1550 sed
3627 1481 3884 1572 aliquid
3950 1490 4256 1548 mutatur
4328 1479 4414 1548 ad
4527 1547 4530 1550 .
4596 1515 4652 1524 ·-

2858 1596 3111 1683 ipsum‚
3154 1590 3348 1660 aliter
3375 1612 3447 1658 se
3489 1588 3805 1658 habendo
3859 1588 3941 1655 ad
3986 1610 4146 1656 eum
4204 1610 4414 1679 quam

2855 1703 3045 1793 prius
3083 1700 3321 1768 habuit
3364 1698 3499 1768 :eo
3536 1696 3723 1788 quod
3780 1698 4031 1767 creatio
4089 1719 4161 1765 se
4228 1703 4413 1765 tenet

2854 1809 3229 1878 secundum
3264 1831 3403 1876 rem
3436 1829 3522 1875 ex
3549 1812 3741 1896 parte
3770 1813 4119 1883 creaturae,
4153 1812 4222 1872 et
4267 1795 4408 1873 non

2850 1919 3046 2008 ponit
3074 1915 3334 2008 aliquid
3373 1916 3444 1981 in
3483 1915 3628 1982 Deo
3666 1915 3800 1982 nisi
3857 1912 4285 1981 voluntatem
4340 1921 4407 1981 et

2849 2024 3073 2092 ideam
3141 2022 3662 2092 determinatam
3735 2019 3823 2088 ad
3878 2018 4036 2099 hoc,
4119 2027 4197 2087 ut
4257 2018 4404 2089 haec

2847 2142 3157 2202 creatura
3186 2131 3393 2201 modo
3422 2130 3543 2198 flat
3585 2151 3601 2196 ε
3636 2137 3703 2198 ει
3733 2128 3880 2197 haec
3921 2127 4400 2197 determinatio

2844 2241 3240 2317 voluntatis,
3286 2249 3356 2307 et
3396 2238 3568 2306 ideae
3634 2236 3720 2306 ad
3768 2235 4179 2328 praefinitum
4219 2244 4403 2304 tem-

2839 2371 2970 2440 pus
3009 2348 3215 2438 hujus
3270 2348 3494 2439 operis
3552 2346 3636 2413 ab
3677 2353 3931 2414 aeterno
3987 2367 4061 2413 se
4129 2344 4198 2411 in
4246 2343 4394 2415 Deo

2839 2478 2981 2524 uno
3011 2454 3219 2524 modo
3259 2454 3665 2523 habuerunt.

2929 2561 3034 2629 An
3062 2584 3261 2629 mun
3299 2559 3688 2638 dicendum,
3731 2557 3916 2650 quod
3966 2557 4254 2626 mutatio
4294 2556 4392 2626 lo·
4505 2596 4578 2642 Λα
4606 2604 4647 2645 ,,

2836 2668 3003 2736 calis
3067 2668 3213 2736 Deo
3279 2666 3582 2736 accidere
3654 2689 3795 2734 non
3868 2673 4116 2757 potest.
4201 2663 4389 2733 Licet

2835 2777 3018 2844 enim
3053 2776 3167 2844 illa
3198 2773 3366 2844 nihil
3409 2784 3626 2844 mutet
3651 2775 3723 2843 in
3779 2773 4086 2863 subjecto
4118 2772 4384 2859 mobili,

2831 2891 3065 2953 tamen
3105 2905 3187 2952 ex
3219 2883 3596 2952 mutatione
3645 2881 3875 2973 aliqua
3933 2903 4089 2973 quae
4142 2880 4389 2950 accidit

2832 2993 3008 3060 circa
3048 2991 3299 3083 ipsum,
3341 3001 3443 3059 est
3471 2989 3560 3059 ad
3614 2988 3873 3081 aliquid
3937 2988 4385 3058 obtinendum

2833 3098 3017 3189 qnod
3068 3122 3208 3168 non
3285 3099 3411 3167 ruit
3476 3096 3788 3166 habitum
3846 3106 4002 3165 ante
4085 3103 4379 3165 motum.

2830 3208 2979 3277 Hoc
3008 3219 3189 3299 patet
3225 3232 3242 3276 :
3275 3209 3437 3299 quia
3466 3207 3692 3275 omnis
3721 3205 3852 3275 loci
3891 3208 4209 3291 mutatio,
4275 3204 4382 3274 vel

2826 3327 2932 3386 est
2966 3317 3054 3386 ab
3083 3319 3338 3395 anima,
3382 3316 3493 3386 vel
3532 3338 3572 3385 a
3610 3325 3875 3384 natura.
3914 3314 3990 3384 Si
4027 3323 4131 3386 εει
4177 3337 4217 3384 a
4254 3337 4385 3384 na-

2823 3432 3004 3505 tura,
3039 3435 3199 3495 tunc
3239 3432 3556 3494 movetur
3583 3426 3653 3492 in
3716 3446 3918 3492 suum
3976 3423 4229 3506 locum,
4310 3424 4378 3493 in

2824 3555 2964 3623 quo
3003 3543 3102 3601 εει
3149 3533 3578 3602 conservatio
3643 3554 3786 3599 suae
3842 3532 4080 3602 formae
4119 3541 4188 3601 et
4238 3554 4378 3601 suae

2823 3642 3097 3729 speciei,
3129 3648 3194 3709 et
3234 3651 3426 3710 extra
3463 3640 3810 3729 corruptio
3852 3662 3870 3706 ε
3940 3639 4230 3710 salutem
4276 3663 4383 3711 er·

2821 3771 2912 3841 go
2944 3750 3203 3816 invenit
3240 3749 3309 3815 in
3343 3746 3493 3816 loco
3551 3770 3757 3839 quam
3824 3756 4016 3816 extra
4066 3770 4205 3817 non
4260 3746 4382 3817 ha-

2819 3854 2990 3924 buit.
3033 3856 3105 3924 Si
3135 3865 3364 3925 autem
3398 3863 3719 3924 movetur
3762 3864 3955 3924 extra
4019 3878 4223 3925 suum
4280 3856 4381 3926 lo·

2819 3987 3003 4042 cum,
3039 3962 3168 4033 hoc
3206 3965 3331 4031 erit
3365 3986 3483 4054 per
3508 3961 3908 4032 violentiam
3942 3985 3959 4030 ε
3994 3974 4064 4033 ει
4098 3964 4204 4032 vis
4231 3965 4380 4033 vio-

2818 4069 3044 4138 lentia·
3084 4069 3346 4160 aliquid
3375 4080 3478 4138 εει
3508 4070 3578 4137 in
3609 4071 3758 4160 ipso
3798 4069 3984 4161 quod
4014 4093 4151 4140 non
4192 4071 4321 4140 fuit
4354 4094 4371 4140 :

2816 4188 2883 4246 et
2922 4188 3282 4270 propterea
3319 4177 3665 4246 violentus
3733 4188 3961 4247 motus
4015 4178 4374 4271 dispositio

2813 4287 3039 4354 estad
3097 4286 3632 4376 corruptionem.
3699 4285 3772 4353 Si
3839 4295 4071 4355 autem
4136 4296 4239 4356 est
4285 4286 4372 4354 ab

2816 4395 3046 4461 anima
3082 4416 3097 4461 :
3133 4416 3270 4461 non
3312 4394 3384 4461 tit
3450 4402 3680 4461 motus
3753 4395 4183 4485 processivus
4237 4395 4368 4464 nisi

2812 4502 3000 4590 prius
3032 4500 3231 4567 luerit
3260 4521 3300 4568 a
3329 4500 3665 4590 principio
3693 4498 3983 4590 alicujus
4010 4500 4370 4570 delectabi-

2813 4607 2894 4675 lis
2926 4607 3221 4676 habendi
3260 4629 3381 4699 per
3417 4614 3711 4689 motum,
3763 4617 3828 4675 et
3889 4607 4051 4679 illud
4094 4611 4369 4679 obtine-

2812 4723 2925 4782 tur
2962 4737 3083 4805 per
3142 4716 3389 4804 ipsum.
3437 4714 3516 4781 Et
3571 4714 3627 4781 εἰ
3669 4716 3996 4805 quaeritur
4048 4716 4133 4786 de
4171 4726 4366 4787 motu

2809 4823 2985 4901 omli.
3057 4832 3240 4914 patet
3297 4824 3623 4915 quoniam
3683 4823 3794 4891 ille
3841 4815 4067 4892 multa
4112 4827 4368 4898 inducit

2807 4955 2957 5025 qua»
2989 4955 3128 5002 non
3157 4941 3317 5001 sunt
3346 4930 3615 4999 habita:
3642 4933 3788 5001 sive
3817 4935 4002 5003 enim
4024 4934 4362 5017 dicamus,

2806 5039 2993 5130 quod
3023 5038 3134 5109 ille
3167 5048 3400 5107 motus
3447 5048 3550 5106 est
3589 5061 3672 5107 ex
3710 5038 4049 5112 desiderio
4087 5046 4365 5113 assimi-

2801 5147 3079 5217 lationis
3116 5171 3257 5217 suae
3317 5150 3384 5215 in
3440 5146 3672 5239 aliquo
3739 5147 3825 5216 ad
3862 5152 4156 5239 primam
4197 5175 4364 5222 eau-

2803 5280 2949 5324 sam
2988 5279 3003 5324 :
3037 5257 3180 5324 sive
3219 5263 3496 5346 propter
3540 5257 4053 5346 generationem
4111 5268 4179 5329 ει
4213 5284 4362 5331 cor-

2804 5365 3190 5455 ruptionem
3238 5362 3629 5430 inl'eriorum
3668 5386 3684 5431 :
3745 5386 4016 5455 semper
4060 5378 4164 5437 εει
4198 5392 4359 5439 con·

2801 5474 3061 5539 secutio
3104 5470 3283 5539 illius
3315 5471 3553 5537 intenti
3598 5493 3718 5561 per
3745 5482 4036 5552 motum,
4080 5480 4354 5567 quando

2803 5579 2921 5646 l'uit
2960 5579 3294 5655 habitum,
3329 5575 3435 5644 vel
3468 5599 3607 5645 non
3639 5577 3763 5645 l'uit
3794 5577 3925 5649 hoc
3972 5584 4181 5651 inodo
4236 5584 4354 5655 ha·

2799 5682 3018 5752 bitum
3057 5706 3072 5749 ε
3106 5694 3174 5752 ει
3203 5681 3391 5750 nullo
3435 5681 3642 5750 innodo
3713 5692 3929 5774 potest
3987 5692 4354 5758 convenire
