4897 6388
475 916 547 962 Ad
572 918 614 966 2.

622 297 629 319 2
726 281 873 358 ³162
909 240 916 247 ’

388 494 405 502 -
486 457 493 460 “
624 473 629 555 ⁷,
674 501 689 528 -.
743 450 898 519 bilis
937 471 951 519 :
988 451 1135 517 sine
1166 446 1541 515 mutatione
1571 451 1801 534 autem
1831 452 1934 512 est
1964 444 2033 509 in
2053 446 2295 509 natura
2397 439 2749 530 praesentis
2786 447 3153 536 temporis:
3210 467 3372 537 ergo
3432 441 3564 510 hoc
3626 441 3940 515 verbum,

743 582 894 650 quae
932 553 1364 625 indivisibilis
1401 563 1687 621 manens
1727 554 1871 619 sine
1910 552 2016 617 sui
2065 555 2294 615 muta-

739 667 923 733 tione
954 663 1265 754 pluribus
1294 659 1777 752 hypostasibus
1822 654 2295 725 communica-

739 783 875 843 tur.

724 889 729 894 ’
828 886 940 951 Αῐ).
969 904 1167 950 Amul>
1244 881 1632 954 dicendum,
1704 874 1884 965 quod
1942 872 2291 964 generatio

737 1013 877 1058 non
907 997 1008 1058 est
1038 989 1212 1056 entis
1249 985 1623 1076 imperfecti
1664 982 1791 1048 nisi
1834 978 2293 1070 peraccidens

737 1108 813 1166 ut
841 1097 1152 1187 subjecti.
1191 1097 1268 1164 In
1307 1090 1865 1182 corruptibilibus
1907 1098 2137 1156 autem
2171 1109 2294 1178 ge-

739 1204 1073 1272 nerationi
1103 1203 1595 1291 subjiciturens
1619 1196 2085 1286 imperfectum
2109 1192 2286 1283 quod

742 1323 841 1382 est
870 1314 1154 1381 materia
1187 1334 1201 1379 :
1250 1310 1367 1378 sed
1412 1307 1545 1375 hoc
1591 1306 1829 1374 accidit
1867 1301 2288 1396 generationi

741 1421 1114 1492 secundum
1137 1418 1320 1509 quod
1349 1425 1451 1484 est
1473 1418 1541 1483 in
1566 1415 1696 1483 hac
1722 1421 1966 1482 natura
1997 1433 2014 1480 t
2060 1409 2178 1478 sed
2214 1410 2285 1474 in

740 1532 874 1601 alia
903 1539 1143 1600 natura
1182 1534 1284 1595 est
1326 1525 1674 1617 generatio
1728 1545 1879 1613 quae
1928 1528 2029 1588 est
2101 1520 2290 1585 notio

739 1637 1151 1731 generantis,
1184 1632 1559 1703 secundum
1590 1628 1774 1721 quod
1802 1652 1886 1695 ex
1914 1650 1987 1695 se
2012 1625 2293 1694 demon-

740 1755 908 1815 strat
944 1745 1161 1813 filium
1209 1741 1522 1810 eamdem
1569 1745 1881 1804 naturam
1945 1742 2012 1801 et
2065 1753 2292 1801 essen·

740 1856 903 1921 tiam
934 1852 1301 1920 habentem
1333 1869 1488 1916 cum
1538 1851 1930 1935 generante,
1976 1847 2051 1907 ut
2089 1860 2292 1930 supra

743 1960 996 2028 dictum
1030 1966 1154 2028 est.
1253 1974 1259 1981 ’

1190 2487 1698 2562 ARTICULUS
1751 2487 1833 2554 V.

736 2716 843 2783 An
879 2715 1058 2782 Deus
1078 2710 1320 2801 qenm'l
1337 2711 1557 2777 Deum
1585 2706 1911 2797 seipsum,
1935 2701 2045 2769 vel
2063 2699 2282 2769 Deum

1280 2866 1284 2869 <
1366 2815 1593 2884 alium
1615 2811 1658 2882 ?

824 3158 1336 3249 Consequenter
1362 3150 1694 3244 quaeritur
1728 3147 1810 3217 de
1839 3154 2283 3239 argumenta-

731 3270 918 3339 tione
947 3288 1154 3359 quam
1194 3262 1306 3331 hic
1353 3260 1550 3352 ponit
1594 3257 1937 3348 Magister,
1999 3254 2276 3337 scilicet,

732 3382 791 3448 si
838 3379 1026 3448 Deus
1083 3375 1303 3443 Deum
1342 3371 1620 3464 genuit:
1666 3390 1829 3459 ergo
1893 3389 1966 3434 se
2025 3365 2275 3446 Deum,

729 3486 840 3558 vel
877 3485 1089 3555 alium
1128 3481 1350 3550 Deum
1379 3479 1642 3570 genuit,
1676 3487 1802 3545 etc.

820 3593 1108 3663 Videtur
1163 3596 1419 3667 autem,
1479 3584 1665 3677 quod
1706 3583 2015 3675 genuerit
2064 3582 2274 3652 alium

732 3700 952 3768 Deum
990 3719 1007 3765 ε

825 3809 885 3875 1.
919 3805 1092 3873 Cum
1130 3803 1315 3872 enim
1366 3800 1491 3867 iste
1519 3797 1881 3881 terminuS,
1925 3798 2137 3875 Deus,
2188 3797 2275 3864 sit

730 3939 981 4015 nomen
1037 3913 1350 3982 habentis
1372 3911 1722 3990 deitatem,
1756 3930 1876 3998 per
1903 3907 2270 3975 terminum

728 4023 1231 4096 distinctionem
1273 4025 1625 4087 notantem
1691 4022 1911 4105 potest
1961 4012 2136 4082 trahi
2189 4013 2272 4081 ad

728 4127 1250 4223 supponendum
1281 4147 1405 4216 pro
1437 4142 1767 4213 persona:
1807 4120 1873 4212 ly
1904 4120 2127 4188 alium
2158 4142 2274 4187 au·

725 4247 862 4305 tem
905 4241 1097 4302 notat
1133 4230 1663 4307 distinctionem,
1704 4248 1858 4293 cum
1919 4225 2002 4292 sit
2044 4223 2273 4293 relati-

721 4366 887 4411 vum
927 4337 1337 4408 diversitatis
1364 4331 1734 4402 masculine
1765 4332 2222 4420 significatum
2252 4355 2267 4399 :

722 4472 884 4539 ergo
915 4447 985 4538 ly
1014 4448 1261 4520 Deum,
1293 4463 1450 4509 cum
1478 4440 1750 4517 dicitur,
1777 4440 2020 4528 {lenuit
2048 4438 2270 4506 alium

722 4559 969 4629 Deum.
1031 4558 1162 4619 stat
1227 4570 1351 4638 pro
1389 4565 1683 4638 persona
1715 4565 1732 4613 ε
1795 4543 1913 4612 sed
1961 4543 2106 4613 baec
2171 4554 2271 4611 est

724 4684 910 4739 vera,
953 4659 1135 4727 Deus
1183 4655 1419 4746 genuit
1449 4650 1654 4718 aliam
1688 4672 2049 4741 personam
2081 4672 2121 4718 a
2149 4673 2221 4719 se
2251 4674 2267 4719 ε

724 4790 888 4860 ergo
918 4775 984 4835 et
1002 4764 1149 4833 haec
1174 4761 1298 4831 erit
1327 4780 1512 4835 vera,
1534 4758 1768 4848 genuit
1788 4756 1998 4825 alium
2019 4757 2268 4838 Deum,

727 4874 909 4968 quod
949 4872 1270 4964 Magister
1300 4875 1502 4959 negat
1534 4868 1602 4933 in
1624 4868 1907 4934 Littera.

816 4986 882 5050 2.
911 4982 1270 5061 Proeterea,
1305 4974 1616 5053 Videtur,
1639 4973 1820 5064 quod
1845 4972 1912 5064 ly
1935 4976 2156 5043 Deum
2188 4999 2273 5044 ex

726 5099 915 5183 parte
935 5087 1268 5178 suppositi
1291 5106 1429 5152 non
1445 5092 1784 5172 supponat
1804 5105 1924 5172 pro
1946 5107 2267 5174 persona:

728 5202 909 5271 Deus
947 5201 1128 5268 enim
1168 5194 1541 5266 secundum
1601 5216 1671 5261 se
1732 5216 1871 5261 non
1937 5196 2272 5285 significat

725 5312 857 5379 nisi
894 5308 1300 5378 essentiam:
1344 5302 1462 5371 sed
1493 5301 1931 5394 praedicatum
1962 5304 2069 5371 vel
2114 5328 2273 5372 ver·

727 5418 890 5486 bum
930 5438 1068 5485 non
1108 5412 1452 5502 restringit
1480 5410 1907 5501 suppositum
1946 5413 2075 5478 nisi
2115 5412 2272 5480 tan-

724 5533 871 5593 tum
909 5523 1173 5591 ratione
1211 5517 1540 5607 temporis
1581 5517 1967 5609 significati,
2020 5517 2272 5586 scilicet

728 5640 804 5699 ut
859 5637 990 5697 stet
1045 5649 1169 5718 pro
1211 5622 1657 5714 praesentibus
1713 5625 1767 5691 si
1825 5624 2111 5692 verbum
2170 5632 2268 5692 est

1741 269 1825 338 D.
1878 268 2078 338 ALB.
2133 264 2349 335 MAG.
2402 265 2612 335 ORD.
2667 266 2961 344 PRAED,

2394 550 2662 636 qenai&
2698 571 2853 616 cum
2883 556 2963 620 sit
2998 541 3461 643 praedicatum,
3515 574 3653 619 non
3713 559 3943 619 extra-

2396 653 2515 721 het
2545 655 2674 721 sibi
2711 654 2895 726 Deus
2926 683 2964 727 a
3019 666 3369 751 supposito
3426 660 3818 729 substantiae
3858 655 3940 723 ad

2396 761 2717 829 standum
2749 785 2869 851 pro
2926 790 3262 858 persona:
3317 777 3381 835 et
3418 767 3570 834 ideo
3612 768 3757 835 liaec
3804 786 3941 832 non

2397 880 2500 938 est
2527 894 2712 950 vera,
2756 872 2939 943 Deus
2984 876 3198 944 Deum
3228 878 3489 966 genuit,
3534 885 3605 943 ut
3643 876 3933 954 videtur,

2398 999 2606 1068 quam
2628 988 2856 1050 tamen
2890 985 3209 1075 Magister
3235 982 3541 1052 concedit
3564 987 3630 1053 in
3650 986 3934 1054 Littera.

2489 1087 2556 1154 3.
2600 1087 2958 1170 Praeterea,
3020 1091 3359 1170 Quaeritur
3439 1091 3522 1157 de
3602 1092 3942 1159 solutione

2398 1195 2885 1285 quorumdam,
2912 1201 3027 1290 qui
3076 1200 3309 1268 dicunt
3363 1197 3546 1290 quod
3609 1199 3679 1290 ly
3718 1201 3940 1266 alium

2400 1325 2486 1370 ex
2515 1313 2705 1392 parte
2742 1308 3073 1397 suppositi
3103 1315 3324 1396 potest
3353 1307 3566 1373 facere
3607 1306 3939 1398 appositi-

2397 1432 2558 1477 vam
2617 1417 3192 1482 constructionem
3248 1435 3402 1480 cum
3451 1411 3581 1480 hoc
3629 1414 3938 1494 nomine,

2395 1520 2610 1598 DeuS,
2643 1527 2711 1586 et
2748 1520 2845 1588 sic
2873 1532 2973 1590 est
3010 1545 3169 1590 vera
3206 1545 3221 1588 ε
3264 1520 3371 1588 vel
3404 1521 3939 1604 intransitivam,

2399 1633 2469 1691 et
2524 1626 2620 1691 sic
2678 1633 2777 1691 est
2842 1626 3029 1696 salsa.
3069 1628 3216 1696 Hoc
3252 1630 3432 1694 enim
3463 1625 3631 1696 nihil
3670 1627 3938 1695 videtur

2396 1753 2581 1800 esse:
2628 1732 2788 1821 quia
2828 1736 3206 1826 appositiva
3244 1737 3653 1804 constructio
3695 1744 3798 1804 est
3837 1735 3940 1800 in-

2395 1846 2501 1906 ter
2530 1840 2749 1929 magis
2779 1862 3142 1909 commune
3171 1851 3239 1909 et
3267 1841 3493 1908 miuus
3523 1863 3886 1910 commune
3915 1862 3932 1907 ε
3977 1873 3992 1891 ·

2395 1943 2467 2036 ly
2486 1946 2678 2013 alius
2706 1955 2932 2015 autem
2954 1970 3093 2015 non
3125 1955 3225 2015 est
3256 1947 3385 2015 tale
3411 1958 3713 2036 respectu
3737 1948 3938 2038 hujus

2396 2051 2724 2133 nominis,
2756 2053 2963 2121 Deus.
3708 2052 3715 2058 ’

2486 2161 2552 2227 4.
2587 2158 2945 2242 Praeterea,
2989 2162 3162 2230 Cum
3220 2162 3289 2253 ly
3339 2163 3527 2229 alius
3566 2164 3630 2230 in
3678 2184 3939 2230 mascu-

2394 2266 2537 2335 lino
2578 2287 2825 2368 genere
2853 2269 3294 2359 significatur,
3327 2267 3596 2336 videtur
3622 2293 3758 2339 non
3778 2269 3936 2338 sub-

2393 2379 2775 2455 stantivari‚
2842 2391 2910 2450 et
2984 2385 3074 2449 ita
3141 2388 3446 2449 remanet
3498 2381 3928 2470 adjectivum,

2392 2496 2460 2556 et
2497 2487 2840 2556 alietatem
2883 2493 3068 2580 ponit
3108 2492 3283 2557 circa
3315 2511 3456 2557 rem
3489 2490 3928 2578 significatem

2390 2596 2462 2664 in
2495 2594 2626 2662 boc
2665 2596 2968 2676 nomine,
3027 2600 3212 2665 Deus
3255 2620 3279 2664 .·
3337 2619 3498 2686 ergo
3556 2608 3762 2688 ponet
3824 2600 3927 2668 di-

2387 2708 2783 2775 versitatem
2851 2711 3065 2798 gratia
3103 2708 3379 2776 formae:
3451 2729 3613 2798 ergo
3673 2710 3924 2779 locutio

2388 2814 2790 2906 simpliciter
2817 2827 2917 2885 est
2947 2817 3149 2885 falsa:
3185 2839 3340 2885 cum
3382 2817 3454 2883 in
3494 2815 3711 2887 forma
3750 2819 3924 2887 idem

2388 2924 2478 2990 sit
2515 2942 2851 3013 generans
2905 2933 2971 2993 et
3009 2925 3305 3014 genitus.
3806 2948 3814 2956 ·

2478 3032 2544 3099 5.
2581 3029 2779 3110 Item,
2821 3032 3245 3122 Adjectivum
3305 3054 3525 3123 genus
3563 3055 3923 3102 numerum

2384 3138 2596 3207 trahit
2622 3160 2663 3206 a
2700 3136 3151 3219 substantivo,
3185 3138 3301 3208 sed
3332 3161 3471 3207 nou
3511 3143 3924 3212 convenien-

2385 3255 2493 3315 ter
2520 3245 2791 3323 dicitur‚
2855 3249 3032 3316 neus
3070 3249 3302 3339 genuit
3360 3247 3474 3315 alii
3535 3248 3776 3328 Deum,
3819 3250 3927 3319 vel

2382 3354 2556 3423 alios
2607 3353 2856 3437 Deum,
2922 3357 3027 3423 vel
3096 3358 3228 3424 alia
3285 3356 3533 3433 Deum,
3592 3360 3699 3428 vel
3743 3360 3926 3428 aliud

2384 3464 2605 3533 Deum
2642 3486 2659 3530 ε
2695 3487 2858 3553 ergo
2887 3490 3043 3535 cuin
3078 3467 3144 3558 ly
3174 3466 3381 3533 aliud
3415 3477 3736 3557 sequatur
3772 3492 3929 3538 con-

2382 3574 2765 3666 significata
2804 3579 3069 3643 numeri
3111 3575 3215 3643 vel
3249 3577 3517 3666 generis
3557 3575 3760 3668 hujus
3798 3602 3928 3648 no-

2383 3682 2616 3762 miniS,
2672 3682 2881 3764 Deus,
2939 3684 3161 3773 ipsum
3209 3683 3335 3748 erit
3398 3704 3596 3751 suum
3654 3684 3926 3774 adjecti-

2381 3813 2545 3858 vum
2590 3790 2904 3879 ponendo
2961 3813 3156 3858 suam
3214 3789 3552 3857 alietatem
3594 3795 3768 3862 circa
3816 3794 3923 3885 ip-

2381 3919 2535 3965 sum
2567 3896 2787 3985 gratia
2818 3896 3076 3975 formae,
3110 3898 3298 3964 etsie
3339 3897 3589 3967 locutio
3629 3903 3754 3969 erit
3794 3902 3921 3969 181-

2379 4027 2452 4072 sa
2490 4026 2506 4070 ε
2550 4024 2716 4091 ergo
2745 4003 3137 4095 simpliciter
3165 4006 3289 4071 erit
3331 4002 3518 4072 salsa.

2471 4117 2538 4182 (i.
2586 4113 2720 4179 Sao
2766 4135 3009 4180 unsrun
3048 4136 3064 4182 t
3128 4112 3385 4180 Alietas
3425 4122 3644 4202 potest
3701 4117 3915 4185 notari
3945 4133 4250 4181 sueonia-0.

2385 4230 2690 4313 respectu
2751 4224 3117 4314 suppositi:
3209 4221 3521 4288 Socrates
3579 4226 3760 4294 euim
3819 4234 3915 4294 est

2379 4333 2556 4403 alius
2617 4330 2826 4399 bomo
2880 4357 2920 4401 a
2978 4332 3302 4399 Platone:
3389 4355 3550 4421 ergo
3623 4337 3912 4411 videtur.

2380 4437 2565 4533 quod
2597 4438 3079 4528 distinguibilis
3108 4440 3194 4505 sit
3250 4438 3332 4506 ad
3375 4440 3596 4508 minus
3627 4446 3775 4527 ista,
3805 4470 3918 4537 qe-

2379 4550 2535 4616 nm't
2563 4547 2785 4615 alium
2818 4550 3062 4616 Deum.

2471 4657 2536 4723 7.
2600 4654 2956 4734 Praeterea,
3028 4654 3314 4722 Videtur
3363 4654 3647 4726 alterum
3696 4663 3912 4752 sequi.

2379 4786 2451 4832 se
2484 4763 2732 4842 Deum,
2763 4763 2867 4829 vel
2901 4764 3109 4831 alium
3129 4763 3345 4830 Deum
3376 4782 3393 4832 ε
3434 4762 3606 4833 idem
3639 4770 3819 4836 enim
3850 4778 3917 4837 et

2379 4871 2727 4938 diversum
2766 4869 3074 4938 dividunt
3114 4893 3233 4937 ens
3274 4872 3341 4936 in
3381 4881 3707 4959 quantum
3751 4899 3912 4944 ens:

2380 5004 2545 5071 ergo
2586 4979 2874 5065 videtur,
2927 4980 3109 5072 quod
3149 4988 3517 5069 sequantur
3571 4985 3917 5074 quodlibet

2380 5109 2503 5157 eus
2529 5112 2543 5155 :
2571 5109 2735 5177 ergo
2753 5111 2903 5157 cum
2929 5085 3399 5167 dicitur,1)eus
3418 5094 3651 5179 genuit
3676 5093 3913 5168 Deum.

2381 5192 2652 5261 videtur
2683 5196 2859 5282 quod
2900 5194 3240 5276 eumdem,
3292 5193 3401 5260 vel
3465 5196 3694 5267 alium.

2472 5303 2537 5369 8.
2584 5299 2780 5376 Item.
2857 5301 3550 5372 Contradictoriorum
3633 5308 3917 5377 alterum

2381 5431 2657 5478 necesse
2728 5419 2825 5477 est
2889 5412 2972 5479 de
3032 5407 3335 5500 quolibet
3426 5415 3778 5486 verificari.
3845 5417 3917 5485 Si

2382 5517 2594 5607 igitur
2631 5515 2813 5583 Deus
2849 5518 3078 5607 genuit
3109 5516 3371 5584 Deum:
3417 5527 3532 5585 aut
3559 5527 3788 5611 genuit
3820 5548 3916 5603 se,

2381 5633 2498 5692 aut
2538 5627 2767 5714 genuit
2812 5650 2945 5695 non
2986 5650 3079 5693 se.
3139 5624 3210 5691 Si
3270 5647 3386 5692 se:
3433 5647 3590 5718 ergo
3631 5632 3809 5702 idem
3851 5635 3918 5700 in
