4897 6388
2116 295 2208 361 IN
2261 295 2287 361 1
2338 293 2764 361 SENTENT.
2797 293 3043 388 msr.
3077 294 3183 375 v,
3237 296 3325 362 K.
4209 285 4334 370 189
4400 387 4410 397 ι

1134 470 1410 569 gignit.
1457 470 1800 562 Erratis,
1861 469 2283 543 nescientes
2327 467 2800 566 Scripturas,
2856 492 3100 568 neque
3137 468 3497 544 virtutem
3527 469 3686 544 Dei
3724 481 3768 542 ¹.
3834 469 4066 545 Nullo
4126 473 4331 548 enim

1130 606 1357 679 modo
1391 627 1663 679 verum
1707 601 1845 676 Dei
1888 601 2165 677 Filium
2206 604 2581 700 cogitatiS,
2628 603 2690 678 si
2747 626 2924 678 cum
2964 612 3230 679 natum
3272 626 3440 680 esse
3481 604 3574 679 de
3614 605 4043 680 substantia
4081 604 4331 683 Patris

1125 737 1452 835 negatis.
1498 736 1672 810 Non
1707 735 2096 834 enimjam
2138 748 2301 813 erat
2341 739 2676 812 hominis
2716 737 2981 832 Filius,
3025 748 3101 813 et
3130 738 3291 814 Deo
3345 738 3678 814 donante
3740 739 3980 816 sactus
4039 750 4155 815 est
4193 740 4334 816 Dei

1122 872 1413 947 Filius:
1454 894 1547 946 ex
1587 871 1749 947 Deo
1792 882 2046 966 natuS,
2091 874 2336 971 gratia
2377 896 2530 947 non
2565 882 2865 947 natura.
2913 876 3027 947 An
3081 873 3268 949 sorte
3323 872 3464 948 etsi
3506 896 3660 948 non
3705 872 4037 948 hominis
4092 873 4331 950 Filius

1124 1016 1313 1100 erat,
1362 1015 1620 1081 tamen
1652 1006 1810 1104 ¹iam
1848 1005 2109 1105 aliqua
2147 1018 2309 1083 erat
2350 1008 2937 1105 qualiscumque
2979 1017 3356 1096 creatura,
3394 978 3468 1083 et
3518 1006 3593 1080 in
3653 1006 3793 1083 Dei
3836 1007 4113 1083 Filium
4166 1007 4328 1084 Deo

1126 1150 1469 1217 mutante
1511 1165 1886 1218 conversa
1925 1141 2103 1217 est?
2134 1142 2281 1218 Sed
2328 1142 2517 1216 nihil
2561 1145 2836 1217 horum
2868 1152 3030 1218 est:
3069 1166 3251 1240 ergo
3284 1152 3416 1217 aut
3454 1144 3548 1218 de
3589 1141 3858 1236 nihilo,
3889 1151 4024 1218 aut
4060 1142 4155 1218 de
4194 1142 4329 1218 ali-

1117 1300 1274 1376 qua
1312 1277 1746 1353 substantia
1787 1289 2011 1355 natus
2051 1290 2189 1354 est.
2239 1278 2389 1355 Sed
2430 1303 2527 1355 ne
2561 1279 3052 1356 crederemus
3083 1303 3220 1354 vos
3261 1289 3531 1378 putare
3572 1279 3665 1353 de
3707 1278 3949 1353 nihilo
3981 1301 4150 1354 esse
4182 1278 4325 1354 Dei

1114 1414 1426 1510 Filium,
1473 1413 1871 1490 affirmatis
1903 1440 2058 1492 non
2089 1440 2229 1492 vos
2259 1416 2511 1492 dicere
2553 1417 2645 1492 de
2688 1415 2932 1491 nihilo
2961 1439 3131 1491 esse
3174 1415 3312 1490 Dei
3347 1415 3651 1490 Filium.
3697 1415 3809 1490 De
3848 1414 4112 1513 aliqua
4140 1437 4327 1512 ergo

1114 1550 1552 1626 substantia
1589 1561 1749 1626 est:
1790 1560 1864 1627 et
1900 1551 1961 1626 si
1997 1576 2150 1626 non
2194 1551 2286 1627 de
2331 1552 2758 1628 substantia
2792 1552 3066 1640 l‘atriS,
3112 1552 3205 1627 de
3261 1574 3417 1649 qua
3455 1551 3577 1644 sit,
3639 1550 3917 1626 dicite:
3991 1550 4122 1626 sed
4172 1573 4327 1625 non

1116 1683 1558 1760 invenietis.
1593 1685 1766 1760 Jam
1807 1710 1989 1783 ergo
2024 1687 2511 1784 unigenitum
2553 1687 2692 1763 Dei
2735 1686 3009 1762 Filium
3043 1687 3310 1762 Jesum
3345 1686 3725 1761 Christum
3760 1684 3854 1762 (le
3882 1685 4130 1761 Patris
4160 1708 4330 1762 esse

1113 1819 1575 1915 substantia,
1648 1843 1803 1895 non
1857 1845 1997 1896 vos
2038 1821 2440 1896 nobiscum
2501 1822 2756 1919 pigeat
2813 1820 3189 1897 confiteri.
3238 1821 3476 1915 Idem,
3517 1820 3592 1895 in
3636 1820 3904 1897 eodem
3944 1844 3959 1895 :
4008 1819 4330 1919 Utrique

1112 1953 1446 2050 legimus
1490 1963 1572 2030 ut
1612 1953 1972 2037 simusin
2014 1978 2198 2030 vero
2231 1955 2420 2030 Filio
2451 1956 2615 2053 ejus
2642 1956 2830 2032 Jesu
2871 1955 3172 2031 Christo
3198 1949 3245 2029 ⁸.
3283 1955 3527 2031 Dicite
3561 1979 3742 2055 ergo
3775 1955 4025 2050 nohiS,
4062 1964 4321 2032 utrum

1110 2086 1251 2162 iste
1292 2110 1529 2162 verus
1560 2087 1699 2164 Dei
1742 2089 2009 2183 Filius,
2041 2089 2138 2164 ab
2178 2090 2443 2188 eisqui
2489 2088 2733 2186 gratia
2768 2088 2906 2164 filii
2940 2100 3145 2177 sunt,
3179 2092 3511 2189 quadam
3555 2089 4022 2189 proprietate
4054 2089 4339 2166 discre-

1105 2231 1255 2309 ωε,
1301 2221 1394 2297 de
1430 2222 1648 2297 nulla
1675 2223 2105 2298 substantia
2144 2225 2265 2314 sit,
2311 2248 2409 2300 an
2451 2223 2542 2298 (le
2574 2223 2833 2322 aliqua
2860 2224 2901 2296 ‘2
2940 2224 3109 2299 Non
3154 2224 3353 2318 dico,
3398 2224 3684 2323 inquis,
3719 2225 3813 2299 de
3855 2225 4120 2299 nulla:
4166 2246 4311 2300 nec

1101 2354 1351 2430 (licam
1393 2355 1487 2431 de
1531 2355 1802 2452 nihilo,
1844 2381 2027 2456 ergo
2058 2359 2151 2434 de
2191 2359 2453 2458 aliqua
2491 2359 2918 2434 substantia
2959 2369 3098 2435 est.
3144 2358 3454 2453 Quaem,
3498 2359 3591 2433 de
3624 2357 3840 2457 qua?
3878 2358 3956 2434 Si
4000 2382 4152 2434 non
4214 2358 4311 2434 de

1104 2487 1357 2564 Patris
1404 2489 1836 2566 substantia
1879 2502 2021 2587 est,
2066 2493 2294 2567 aliam
2329 2516 2617 2593 quaere.
2654 2492 2733 2568 Si
2777 2493 3006 2568 aliam
3064 2517 3217 2568 non
3277 2492 3604 2579 invenis,
3678 2493 3924 2569 Patris
3976 2515 4310 2590 agnosce

1101 2627 1644 2721 substantiam,
1689 2636 1763 2704 et
1802 2628 2077 2704 Filium
2110 2653 2285 2704 cum
2331 2630 2551 2705 Patro
2591 2640 2893 2728 ἑμοούσιον
2933 2628 3328 2706 confitere.
3363 2630 3597 2720 Idem,
3627 2629 3701 2702 in
3746 2628 4058 2704 eodem:
4105 2629 4311 2704 Con-

1105 2764 1327 2840 fiteor
1367 2764 1614 2840 Deum
1661 2764 1963 2841 Patrem
2005 2766 2320 2841 omnino
2362 2765 3044 2865 incorruptibiliter
3081 2766 3446 2862 genuisse
3484 2790 3500 2841 :
3551 2765 3681 2840 sed
3722 2763 3926 2863 quod
3965 2774 4081 2842 est
4141 2765 4306 2865 ipse

1102 2900 1497 2998 genuisse.
1545 2900 1758 2987 Item,
1799 2900 1986 2975 Dico
2041 2902 2245 3000 quod
2301 2926 2508 3001 saepe
2548 2901 2960 2977 (licendum
3023 2913 3164 2995 est,
3211 2905 3362 2977 Aut
3426 2902 3520 2976 de
3564 2901 3823 3000 aliqua
3878 2901 4311 2977 substantia

1101 3046 1215 3113 est
1248 3045 1475 3111 natus
1515 3034 1654 3111 Dei
1694 3035 1957 3129 Filius,
2002 3045 2131 3111 aut
2170 3037 2262 3112 de
2306 3038 2542 3112 nulla.
2581 3037 2659 3112 Si
2703 3036 2795 3112 de
2844 3038 3103 3112 nulla:
3151 3059 3336 3132 ergo
3405 3036 3498 3111 de
3567 3035 3836 3131 nihilo,
3899 3035 4105 3134 quod
4174 3059 4313 3112 vos

1088 3170 1252 3269 jam
1310 3196 1466 3247 non
1501 3170 1778 3248 dicitis.
1813 3170 1891 3247 Si
1935 3196 2116 3248 vcro
2148 3171 2241 3248 de
2275 3172 2560 3271 aliqua,
2608 3196 2751 3249 nec
2794 3183 3046 3249 tamen
3082 3172 3175 3249 (le
3209 3171 3459 3249 Patris
3504 3169 3958 3265 substantia,
4005 3194 4157 3248 non
4199 3179 4316 3249 est

1100 3332 1333 3383 verus
1372 3306 1637 3383 Filius.
1689 3308 1766 3383 Si
1813 3332 1994 3383 vero
2043 3308 2137 3384 de
2196 3307 2441 3383 Patris
2498 3308 2956 3404 substantia,
3019 3308 3250 3384 unius
3298 3308 3800 3407 ejusdemque
3857 3307 4310 3384 substantiae

1095 3452 1275 3516 sunt
1321 3443 1549 3517 Pater
1588 3454 1663 3518 et
1695 3442 1956 3518 Filius.
2003 3441 2159 3518 Vos
2184 3455 2439 3519 autem
2487 3468 2625 3520 nec
2668 3444 2945 3519 Filium
2981 3443 3116 3519 Dei
3168 3443 3261 3519 de
3320 3442 3750 3520 substantia
3793 3441 4038 3518 Patris
4081 3440 4310 3540 geni-

1097 3587 1255 3653 tum
1294 3578 1527 3653 vultis
1559 3602 1574 3653 :
1612 3588 1686 3654 ot
1725 3589 1976 3655 tamen
2012 3603 2188 3654 eum
2231 3604 2371 3656 noc
2402 3605 2495 3657 ex
2527 3579 2795 3674 nihilo,
2835 3602 2976 3655 noc
3006 3603 3100 3654 ex
3129 3580 3390 3679 aliqua
3432 3578 3772 3670 materia,
3808 3578 3938 3655 sed
3958 3601 4051 3654 ex
4083 3578 4309 3655 Patre

1102 3736 1271 3788 esse
1300 3713 1727 3789 conceditis
1763 3738 1780 3788 ε
1829 3737 1966 3790 nec
1998 3715 2270 3791 videtis
2303 3739 2533 3815 quam
2580 3738 2894 3791 necesse
2935 3713 3059 3809 sit,
3108 3724 3186 3789 ut
3228 3713 3361 3813 qui
3395 3739 3549 3789 non
3591 3724 3824 3790 estex
3864 3712 4135 3808 nihilo,
4173 3735 4314 3789 nec

1104 3872 1195 3923 ex
1226 3848 1491 3947 aliqua
1523 3849 1676 3925 alia
1708 3873 1812 3934 re,
1846 3851 2102 3925 sodex
2140 3850 2323 3943 Deo,
2371 3849 2516 3924 nisi
2551 3873 2644 3925 ex
2687 3849 2822 3925 Dei
2866 3846 3300 3925 substantia
3338 3872 3506 3925 esse
3536 3874 3686 3925 non
3733 3849 3972 3949 possit
4005 3873 4022 3925 ε
4064 3859 4139 3925 et
4171 3849 4318 3923 hoc

1102 4007 1271 4057 osse
1305 3984 1507 4082 qnod
1563 3984 1773 4059 Deus
1803 3995 1941 4075 ost,
1996 3984 2089 4059 ‹le
2143 4009 2298 4084 quo
2352 3996 2492 4079 est,
2532 3984 2602 4059 id
2649 3995 2792 4080 est,
2836 3984 3047 4059 Deus
3097 3984 3190 4060 ‹le
3238 3985 3401 4060 Deo
3451 3995 3676 4061 natus
3706 3997 3818 4060 est
3857 4010 3872 4061 :
3928 3984 4111 4083 quia
4152 4005 4310 4058 non

1102 4120 1302 4194 alins
1358 4120 1573 4219 prius
1603 4120 1771 4214 suit,
1808 4121 1942 4196 sod
1999 4130 2270 4196 natura
2326 4132 2709 4197 coaeterna
2759 4120 2852 4196 de
2898 4121 3055 4197 Deo
3087 4132 3196 4196 est

1110 4573 1201 4648 K.
1272 4566 1666 4664 Colliyens
1700 4587 2080 4639 summam
2110 4564 2698 4663 praedictorum,
2744 4567 2996 4665 aperit
3033 4590 3133 4640 em
3160 4590 3306 4664 qno
3360 4590 3586 4641 sensu
3627 4563 4077 4665 accipienda
4129 4569 4312 4643 sint.

1214 4911 1350 4984 llis
1380 4912 1644 4987 verbis
1689 4912 2108 5011 praemissis
2165 4911 2378 4987 innui
2414 4912 2744 5007 videtur,
2811 4911 3021 5011 quod
3069 4909 3333 4986 divina
3372 4911 3802 4986 substantia
3865 4908 4139 4985 Filium
4197 4930 4325 5005 ge·

1110 5046 1395 5132 nuci-it,
1432 5057 1507 5121 et
1546 5047 1752 5145 quod
1796 5046 2033 5121 Filius
2063 5046 2158 5121 sit
2190 5046 2500 5143 genitus
2538 5048 2631 5122 de
2688 5047 3120 5122 substantia
3162 5046 3439 5141 Patris,
3496 5055 3567 5123 et
3627 5045 3830 5145 quod
3873 5045 3966 5121 de
4006 5045 4168 5120 Deo
4209 5051 4327 5120 est

1111 5193 1387 5258 natura
1428 5193 1844 5279 coaeterna,
1888 5194 1959 5259 et
2000 5183 2202 5282 quod
2261 5184 2488 5258 Pater
2529 5184 2598 5257 id
2643 5183 2848 5283 quod
2907 5184 3069 5284 ipse
3129 5194 3245 5261 est
3281 5184 3579 5281 genuit:
3649 5183 3724 5258 ld
3792 5193 4048 5259 autem
4112 5180 4319 5281 quod

1109 5320 1274 5419 ipse
1316 5331 1459 5417 est,
1505 5322 1766 5398 ‹livina
1808 5321 2140 5399 essentia
2180 5332 2344 5398 est:
2402 5333 2473 5397 et
2545 5321 2646 5396 ita
2709 5322 2958 5420 putari
3016 5331 3264 5422 potest
3323 5321 3665 5397 divinam
3725 5319 4138 5398 essentiam
4179 5341 4320 5417 ge-

1180 5581 1200 5619 ¹
1232 5581 1436 5639 matth.
1467 5598 1607 5648 xxn,
1644 5584 1735 5639 29.

1181 5671 1205 5707 ²
1236 5674 1257 5729 1
1284 5672 1453 5730 Joan.
1486 5688 1539 5740 v,
1571 5674 1641 5729 20
1673 5689 1686 5728 t
1726 5673 1793 5729 Ut
1821 5687 2206 5742 evanescamus
2237 5689 2421 5728 rerum
2457 5673 2644 5742 Deum,
2675 5680 2727 5728 et
2751 5673 2916 5728 simus
2946 5673 3002 5728 in
3036 5687 3161 5730 tero
3190 5672 3334 5731 Filio
3360 5676 3498 5747 ejus.
