4897 6388
616 290 776 366 '284

548 501 555 506 ·
620 467 635 505 ³
649 482 949 558 summa,
989 473 1064 534 ut
1093 464 1299 533 Pater
1337 472 1404 532 et
1429 462 1638 529 Filius
1669 467 1825 558 sunt
1852 460 2188 552 coaeterni,

654 587 719 645 et
772 600 915 645 non
973 583 1373 652 coaeternus,
1438 581 1504 639 et
1559 570 2069 659 aequipotenteS,
2130 574 2194 634 et

656 677 798 749 non
835 673 1282 770 aequipotens.
1346 669 1352 676 ’

748 786 1141 855 Secundum
1183 775 1360 849 hanc
1428 782 1633 869 igitur
1697 776 2189 844 distinctionem

658 894 1020 963 dicendum
1060 890 1145 958 ad
1181 890 1504 979 primum,
1560 884 1741 975 quod
1787 882 2192 948 Athanasius

620 1058 623 1063 .
656 1001 942 1070 attendit
1024 997 1577 1088 praedicationem
1664 992 2050 1061 aeternitatis
2127 992 2193 1056 in

619 1109 929 1194 divinis,
975 1106 1132 1196 quia
1185 1104 1256 1170 in
1312 1102 1607 1169 divinis:
1662 1108 1728 1167 et
1770 1100 2006 1188 accipit
2045 1119 2192 1164 eam

630 1239 733 1283 ex
774 1213 1267 1306 significatione
1295 1211 1554 1287 aeterni‚
1598 1218 1663 1292 et
1694 1230 1829 1274 non
1868 1230 1953 1275 ex
1990 1204 2191 1273 inodo

651 1321 1130 1413 significandi:
1199 1316 1646 1385 nihilominus
1702 1324 1925 1382 tamen
1982 1321 2195 1380 atten-

546 1421 553 1428 ’
652 1430 873 1498 dendo
933 1427 1213 1496 modum
1264 1424 1606 1514 adjectivi,
1655 1429 1880 1512 posset
1918 1418 2191 1488 concedi

655 1541 791 1608 duo
822 1538 931 1608 vel
967 1547 1100 1607 tres
1146 1536 1381 1604 aeterni
1419 1558 1433 1602 ε
1469 1542 1534 1602 et
1581 1556 1663 1601 ex
1699 1533 1830 1600 hoc
1890 1553 2029 1599 non
2085 1553 2195 1597 se-

620 1653 625 1656 ’
656 1647 910 1738 quitur,
944 1645 1129 1736 quod
1157 1650 1382 1712 essent
1406 1641 1631 1732 plures
1662 1641 2087 1717 aeternitateS,
2122 1645 2196 1703 ut

618 1743 623 1748 ,
654 1757 833 1823 intra
847 1752 1127 1844 patebit.

385 798 457 844 Ad
491 801 526 846 l.

381 1873 463 1920 aa
490 1873 534 1922 ε.
622 1943 627 1944 ἦ
660 1919 667 1926 .
742 1865 849 1930 An
894 1884 1092 1930 Anum
1124 1858 1510 1935 dicendum,
1555 1855 1735 1946 quod
1764 1855 1916 1922 licet
1945 1853 2033 1920 sit
2061 1874 2192 1920 una

654 1971 1017 2050 aeternitaS,
1060 1976 1294 2036 tamen
1329 1964 1474 2032 haec
1515 1962 1808 2032 excludit
1842 1959 2194 2052 pluralita-

656 2088 795 2148 tem
840 2077 1380 2168 suppositorum,
1423 2069 1490 2140 et
1523 2070 1639 2140 illa
1673 2068 2021 2162 pluralitas
2050 2069 2195 2137 suf-

514 2208 517 2211 “
616 2170 795 2254 ‘ficit
823 2183 911 2252 ad
936 2179 1303 2251 numerum
1341 2177 1673 2271 pluralem
1717 2178 1787 2244 in
1835 2176 2187 2266 adjectivo.

381 2310 527 2419 “²⁸⁰
741 2294 847 2360 An
892 2315 1091 2360 Auum
1130 2288 1520 2374 dicendum,
1562 2286 1744 2378 quod
1773 2309 1849 2355 ea
1880 2309 2029 2377 quae
2066 2309 2196 2354 na-

652 2410 876 2470 turam
916 2387 1394 2492 assequuntur,
1426 2418 1635 2489 penes
1663 2419 1785 2464 sua
1822 2395 2195 2487 significata

652 2507 1172 2590 considerando,
1213 2529 1355 2576 non
1390 2505 1839 2597 praedicantur
1869 2504 1950 2572 de
1979 2503 2195 2596 pluri-

536 2620 541 2626 ’
648 2618 780 2685 bus
811 2616 1160 2708 pluraliter
1192 2637 1208 2682 :
1243 2603 1598 2705 sed'penes
1619 2613 1896 2680 modum
1925 2634 2193 2681 concre-

650 2703 865 2791 tionis³
900 2721 1074 2790 nihil
1114 2719 1450 2811 prohibet,
1492 2728 1569 2788 ut
1592 2720 1733 2809 jam
1774 2719 2011 2809 patuit.

716 2833 848 2900 ,An
896 2854 1023 2900 noc
1080 2840 1308 2900 autem
1365 2828 1552 2923 quod
1623 2827 1956 2919 objicitur,
2009 2828 2190 2920 quod

652 2938 817 3008 talia
843 2939 1125 3007 nomina
1153 2937 1540 3030 significant
1561 2935 2003 3005 substantiam
2033 2958 2188 3004 cum

651 3048 1005 3141 qualitate,
1040 3046 1405 3117 dicendum
1434 3045 1620 3139 quod
1645 3068 1880 3114 verum
1902 3054 2040 3113 est:
2074 3046 2190 3114 sed

648 3154 1050 3250 qualitatem
1089 3179 1283 3225 suam
1324 3153 1708 3247 significant
1746 3152 2183 3223 inhaerenter:

646 3274 716 3336 et
744 3264 898 3334 ideo
929 3287 970 3332 a
1002 3264 1207 3333 modo
1240 3263 1357 3332 illo
1395 3261 1761 3354 pluralitati
1793 3286 2027 3331 eorum
2057 3262 2190 3330 sul·

645 3375 787 3444 ficit
812 3372 1165 3466 pluralitas
1205 3374 1276 3442 in
1304 3371 1696 3465 suppositis,
1721 3380 1787 3441 et
1815 3393 1951 3440 non
1980 3393 2192 3463 opor-

649 3489 744 3552 tet
780 3481 967 3573 quod
1004 3503 1112 3550 res
1156 3480 1535 3571 significata
1582 3480 1669 3547 sit
1714 3476 1978 3571 plures:
2029 3488 2094 3546 et
2132 3479 2187 3546 si

614 3587 781 3657 'hoc
817 3596 919 3657 est
960 3587 1029 3655 in
1081 3585 1538 3666 interioribus,
1599 3584 1954 3654 dicendum
2006 3584 2190 3677 quod

644 3693 780 3764 hoc
844 3715 984 3762 non
1045 3693 1259 3785 exigit
1316 3714 1569 3761 nomen
1633 3692 2038 3781 adjectivum
2104 3690 2190 3758 ad

645 3797 976 3893 pluralem
1071 3821 1435 3869 numerum
1513 3796 2187 3889 consignificandum,

646 3907 766 3979 sed
787 3930 908 3999 per
935 3907 1247 3977 accidens
1269 3906 1340 3973 fit
1371 3904 1501 3975 hoc
1538 3927 1619 3973 ex
1640 3904 2017 3996 pluralitate
2039 3928 2194 3997 sup·

649 4014 1029 4105 positorum
1086 4012 1545 4083 differentium
1597 4035 1715 4104 per
1750 4012 2190 4081 substantiam

651 4129 717 4190 et
746 4120 1136 4200 essentiam,
1173 4121 1358 4212 quod
1391 4143 1525 4189 non
1558 4130 1659 4189 est
1688 4120 1755 4187 in
1786 4120 2055 4191 divinis.

741 4235 848 4303 An
898 4254 1095 4300 auco
1136 4229 1525 4315 dicendum,
1560 4230 1740 4321 quod
1789 4229 2026 4298 falsum
2075 4252 2193 4322 po·

654 4345 757 4413 nit
796 4345 864 4412 in
894 4346 1320 4435 argumento,
1356 4334 1609 4405 scilicet
1636 4337 1818 4427 quod
1849 4337 1930 4405 ad
1960 4336 2194 4429 plura-

656 4452 789 4521 lem
820 4471 1183 4518 numerum
1225 4443 1539 4536 adjectivi
1569 4444 1878 4535 exigatur
1922 4442 2192 4535 plurali-

655 4568 757 4629 tas
825 4561 919 4629 rei
986 4579 1192 4650 quam
1240 4553 1599 4645 significat,
1644 4552 1768 4620 boc
1831 4553 2009 4620 enim
2056 4575 2191 4620 non

654 4677 757 4737 est
785 4687 1070 4736 verum:
1105 4662 1224 4733 sed
1257 4661 1387 4730 hoc
1415 4662 1745 4752 contingit
1773 4660 1839 4728 in
1869 4659 2194 4729 inferiori-

652 4777 782 4844 bus
813 4798 932 4865 per
962 4771 1305 4856 accidens,
1335 4769 1589 4838 scilicet
1610 4770 1768 4859 quia
1793 4767 2194 4836 substantia-

652 4880 810 4948 liter
845 4876 1165 4946 diss'erunt
1195 4874 1548 4967 supposita
1586 4874 1655 4941 in
1686 4873 1928 4963 quibus
1959 4882 2060 4941 est
2089 4896 2191 4939 res

652 5009 862 5079 quam
894 4984 1230 5077 significat
1279 4981 1711 5071 adjectivum.
1753 4979 1943 5049 Unde
1990 4982 2043 5047 si
2077 5001 2194 5070 po-

636 5118 899 5177 namus
958 5117 1077 5185 per
1143 5088 1589 5181 impossibile,
1644 5088 1824 5179 quod
1882 5086 2191 5155 Socrates

651 5211 718 5271 et
755 5199 953 5269 Plato
984 5198 1279 5267 babeant
1308 5218 1513 5264 unam
1547 5194 1949 5274 albedinem,
1975 5192 2192 5263 adhuc

651 5330 889 5376 verum
946 5314 1075 5388 est,
1111 5304 1295 5397 quod
1356 5304 1668 5372 Socrates
1698 5313 1761 5370 et
1811 5300 2002 5369 Plato
2037 5311 2193 5367 sunt

646 5414 784 5483 albi
818 5416 1037 5505 gratia
1079 5412 1488 5504 pluralitatis
1526 5411 2055 5501 suppositorum.

384 2848 467 2897 Ad
487 2849 513 2894 ⁴

320 2902 397 2949 Ad
422 2902 582 2962 object

401 4292 474 4337 Ad
499 4293 544 4341 δ.

719 5648 735 5681 ¹
768 5645 853 5703 ct.
894 5645 1083 5718 Supra
1134 5644 1282 5700 Dist.
1312 5644 1455 5700 vul.

1608 289 1688 355 D.
1737 286 2203 398 ALB3MAG.
2256 283 2464 354 ORD.
2515 281 2813 351 PRAED.

2382 458 2705 525 Aomnun
2772 457 2956 548 quod
3011 456 3292 536 ulterius
3351 455 3700 546 quaeritur,
3766 453 3838 518 Si
3872 463 4190 546 sequenti.

2266 564 2551 668 ¹aliquid
2580 565 2667 630 sit
2708 556 3117 651 adjectivum
3152 564 3219 629 in
3251 559 3555 629 divinis?
3584 558 3840 625 Dicen-

2294 676 2457 742 dum
2490 674 2675 763 quod
2704 675 2801 740 sic
2841 675 3064 763 quoad
3108 674 3417 751 modum,
3451 671 3570 739 sed
3615 670 3843 760 quoad

2297 786 2514 850 inesse
2578 804 2700 871 per
2765 784 3336 870 compositionem
3381 776 3544 850 non.
3590 780 3674 846 Et
3713 777 3844 845 hoc

2296 888 2626 958 intellexit
2688 890 3115 980 Augustinus
3174 913 3379 979 supra
3410 887 3456 969 ¹,
3524 888 3656 957 'ubi
3725 910 3846 978 per

2295 998 2424 1066 hoc
2463 997 2680 1065 voluit
2721 1020 3068 1065 removere
3108 999 3683 1087 compositionem
3725 1018 3845 1063 ac-

2295 1107 2605 1188 cidentis,
2649 1129 2787 1174 non
2830 1107 3109 1174 modum
3140 1104 3574 1197 significandi
3606 1127 3646 1171 a
3676 1105 3848 1171 sim-

2295 1213 2591 1303 plicitate
2647 1212 2901 1281 divina.
2953 1213 3030 1279 Et
3079 1236 3199 1303 per
3237 1211 3369 1280 hoc
3417 1211 3623 1280 etiam
3664 1216 3848 1299 patet

2295 1319 2543 1387 solutio
2584 1319 2668 1386 ad
2697 1319 2765 1385 id
2795 1319 2975 1410 quod
3015 1319 3331 1409 objicitur
3358 1317 3441 1386 de
3483 1318 3749 1386 Boeti0.

2385 1427 2487 1493 An
2535 1450 2599 1493 ιο
2642 1426 2828 1517 quod
2883 1426 3166 1494 ulterius
3215 1426 3565 1516 quaeritur,
3609 1423 3840 1491 dicen·
3874 1444 4192 1504 aequaeua.

2268 1533 2457 1605 *dum
2492 1537 2673 1629 quod
2738 1539 3007 1606 termini
3049 1536 3437 1604 numerales
3506 1535 3840 1625 adjectiva

2295 1653 2476 1724 sunt,
2547 1655 2615 1713 et
2670 1646 2738 1712 in
2787 1645 3035 1711 divinis
3072 1643 3460 1736 significant
3524 1644 3840 1710 notiones

2266 1745 2543 1845 ‘quibus
2564 1752 3080 1845 distinguuntur
3117 1762 3185 1821 et
3213 1752 3662 1822 numerantur
3685 1773 3841 1842 per-

2270 1855 2478 1928 *sonae
2506 1887 2519 1927 ε
2549 1860 2823 1952 quando
2855 1869 3084 1928 autem
3117 1870 3471 1952 ponuntur
3499 1883 3656 1929 cum
3696 1882 3848 1927 ver-

2293 1966 2380 2035 bo
2411 1968 2836 2059 significante
2876 1968 3355 2047 substantiam,
3391 1989 3496 2036 res
3527 1989 3685 2034 suas
3716 1989 3849 2058 po-

2295 2083 2464 2143 nunt
2519 2076 2696 2144 circa
2750 2076 3040 2144 formam
3083 2075 3289 2160 illius,
3332 2084 3398 2145 et
3457 2074 3848 2168 significant

2294 2206 2445 2251 eam
2485 2185 2870 2254 numerari:
2925 2192 2992 2252 et
3040 2184 3190 2252 ideo
3243 2206 3367 2274 per
3413 2206 3486 2252 se
3515 2185 3715 2275 positi
3758 2182 3843 2251 de
3896 2189 3904 2198 ‘

2295 2291 2602 2384 personis
2675 2294 2821 2360 veri
2880 2301 3064 2378 sunt,
3133 2302 3201 2361 et
3267 2294 3472 2362 etiam
3533 2292 3847 2361 similiter

2284 2400 2503 2490 juncti
2542 2422 2701 2469 cum
2741 2400 3249 2492 personalibuS,
3293 2403 3469 2469 sicut
3535 2401 3739 2468 Pater
3778 2408 3844 2468 et

2292 2505 2504 2574 Filius
2532 2514 2692 2574 sunt
2712 2506 2875 2586 duo,
2904 2506 3110 2575 Pater
3139 2517 3206 2576 et
3239 2505 3460 2576 Filius
3485 2515 3645 2575 sunt
3688 2506 3841 2574 duae

2291 2637 2639 2707 personae:
2677 2615 2792 2683 sed
2825 2639 2982 2684 cum
3023 2625 3374 2708 ponuntur
3410 2639 3565 2686 cum
3608 2637 3845 2684 essen-

2292 2724 2589 2805 tialibuS,
2633 2736 2997 2795 numerant
3027 2727 3280 2797 formas
3328 2725 3836 2796 essentialium:

2292 2842 2354 2902 et
2395 2834 2555 2925 quia
2593 2858 2729 2903 una
2770 2842 2871 2903 est
2917 2837 3235 2919 essentia,
3270 2834 3423 2904 ideo
3464 2833 3844 2903 locutiones

2290 2939 2477 3008 falsoe
2508 2949 2707 3011 sunt:
2745 2951 2974 3012 tamen
3013 2943 3207 3011 aliter
3236 2950 3338 3011 est
3363 2942 3445 3010 de
3470 2941 3842 3032 participiis

2290 3054 2356 3116 et
2387 3048 2804 3130 nominibuS,
2846 3058 2914 3118 et
2944 3050 3141 3118 aliter
3186 3058 3289 3118 est
3315 3048 3399 3118 de
3445 3048 3841 3117 nominibus

2289 3154 2637 3246 adjectivis
2701 3181 2906 3250 quam
2991 3158 3459 3239 substantivis,
3532 3167 3605 3228 ut
3663 3164 3843 3248 patet

2288 3284 2410 3353 per
2437 3271 2594 3333 ante
2627 3264 2828 3333 dicta.

2695 3691 3199 3762 ARTlct‘ws
3252 3694 3438 3764 vlu.

2298 3909 2463 3991 (111ae
2509 3905 2601 3972 si!
2658 3904 3047 3996 differ-emin
3087 3907 3265 3973 inter
3304 3906 3561 3991 lumen,
3593 3908 3840 3994 lucem,

2378 4010 2837 4104 splendorem,
2873 4013 3179 4090 radium,
3231 4014 3673 4102 restes-ianm
3726 4040 3846 4083 ra-

2382 4121 2510 4204 elii,
2550 4120 2938 4212 splendoris
2993 4132 3058 4189 et
3124 4121 3412 4190 luminis
3440 4147 3463 4190 .·
3516 4133 3580 4191 e!
3609 4135 3840 4193 ulrum

2382 4225 2779 4318 exemplum
2852 4227 2937 4292 de
2995 4226 3359 4318 splendore
3434 4230 3526 4295 si!
3616 4253 3846 4297 conre-

2381 4336 2600 4412 niem,
2634 4336 2815 4402 etc.?

2382 4660 2640 4729 Deinde
2690 4662 3021 4753 quaeritur
3071 4659 3153 4728 de
3199 4660 3330 4731 hoc
3390 4660 3574 4752 quod
3637 4660 3838 4730 dicit:

2296 4796 2329 4833 ι
2365 4770 2562 4837 Sicu!
2601 4766 2929 4860 splendor
2987 4770 3111 4858 qui
3161 4770 3483 4859 qiqm'tm·
3538 4767 3627 4835 ab
3693 4769 3848 4857 ique

2293 4887 2501 4969 alque
2529 4866 2981 4969 diffunditur,
3017 4888 3148 4948 etc.
3178 4905 3211 4944 ιι

2386 4990 2442 5054 1.
2488 4985 2655 5067 Quae
2693 4987 3070 5056 differentia
3112 4988 3198 5054 sit
3232 4987 3408 5054 inter
3453 4986 3703 5068 lucem,
3739 4985 3847 5053 lu-

2294 5118 2478 5180 men,
2534 5093 2993 5186 splendorem,
3055 5093 3344 5171 radium,
3406 5093 3845 5163 reflexionem

2296 5201 2489 5281 radii,
2528 5200 2909 5291 splendoris
2939 5210 3004 5268 et
3047 5200 3374 5268 luminis?

2384 5311 2446 5376 2.
2485 5307 2845 5386 l‘raeterea‚
2891 5306 3044 5374 Non
3093 5306 3362 5374 videtur
3386 5329 3534 5375 esse
3589 5329 3846 5375 conve—

2297 5416 2490 5483 niens
2528 5415 2956 5504 exemplum:
3004 5416 3160 5505 quia
3218 5413 3541 5505 splendor
3578 5435 3715 5480 non
3747 5423 3843 5481 est
