4897 6388
658 358 788 424 598
1317 339 1324 345 ’
1629 356 1750 425 ῆι).
1802 359 1999 426 ALB.
2054 356 2266 425 MAG.
2321 355 2523 425 onn.
2581 358 2876 425 PnAEn.

1399 475 1430 494 ρ

537 527 546 534 ’
656 518 811 599 tres
851 525 1097 600 deos?
1128 525 1276 600 Sed
1321 543 1463 600 nec
1527 515 1688 603 ‘tres
1721 554 2089 627 personas
2128 531 2407 605 alicubi
2477 513 2893 628 Scripturae
2972 540 3221 604 textus
3279 542 3862 605 commemorat.

656 665 771 735 An
818 661 989 736 ideo
1027 662 1242 737 licuit
1280 664 1650 761 loquendi
1684 677 1758 741 et
1798 668 2233 766 disputandi
2271 668 2719 742 necessitate
2752 677 2905 742 tres
2947 690 3322 765 personas
3382 665 3666 762 dicere,
3713 690 3868 741 non

421 874 430 887 ⁸
482 871 490 880 ,
533 873 540 880 ,
659 796 847 894 quia
876 797 1276 899 Scriptura
1307 799 1516 896 dicit,
1556 802 1686 876 sed
1724 804 1902 901 quia
1948 804 2335 902 Scriptura
2369 827 2522 877 non
2569 803 3081 876 contradicit?
3122 802 3200 876 Si
3268 813 3524 876 autem
3572 803 3873 878 dicere-

664 956 835 1006 mus
867 944 1022 1010 tres
1055 935 1265 1027 deOS,
1312 936 1868 1012 contradiceret
1915 939 2307 1037 Scriptura
2346 939 2607 1013 dicens
2642 937 2943 1038 :Mndi‚
3008 935 3262 1010 Israel
3292 963 3317 1010 .·
3382 935 3596 1010 Deus
3662 944 3864 1029 taus,

657 1067 872 1141 Dens
903 1093 1100 1142 meus
1142 1071 1321 1142 est‘.
1365 1072 1558 1145 Ecce
1588 1071 1967 1145 absolutio
1996 1074 2473 1170 qusestionis,
2516 1096 2754 1170 quare
2797 1074 3051 1171 potius
3090 1071 3442 1145 dicamus
3481 1078 3636 1143 tres
3684 1095 3869 1170 per-

658 1225 889 1276 sonas
933 1226 1160 1299 quam
1209 1213 1362 1278 tres
1421 1205 1606 1279 deos
1644 1229 1658 1278 :
1697 1205 1874 1302 quia
1919 1208 2202 1282 scilicet
2240 1207 2420 1280 illud
2469 1232 2615 1280 non
2655 1207 3103 1281 contradicit
3136 1206 3561 1304 Scriptura.

653 1861 747 1940 G..
785 1859 976 1937 Alia
1015 1862 1361 1962 ᾳιιεεείἰο,
1402 1862 1561 1937 Cur
1596 1887 1749 1937 non
1793 1863 2118 1939 dicimus
2182 1870 2330 1938 tres
2395 1865 2783 1959 essenle‘aS,
2846 1873 2929 1940 uc
3001 1874 3152 1940 tres
3208 1889 3611 1963 persona-3,
3686 1894 3867 1944 cum

1697 2006 2105 2105 Scriptura
2139 2026 2296 2079 non
2321 2003 2854 2082 contradicat?

758 2445 1051 2533 Verum
1094 2464 1168 2531 et
1201 2452 1325 2528 hic
1356 2453 1508 2527 alia
1547 2453 1873 2549 emergit
1909 2452 2260 2550 qaeestio,
2295 2475 2526 2549 quam
2562 2451 3087 2544 Augustinus·
3123 2464 3714 2548 consequenter
3752 2453 3882 2529 ad-

667 2592 931 2688 nectit,
966 2590 1274 2665 dicens:
1308 2589 1490 2681 Cur,
1524 2587 1799 2685 inquit,
1834 2598 1905 2661 et
1941 2597 2091 2660 tres
2123 2586 2494 2661 essentias
2535 2608 2686 2658 non
2720 2585 2897 2660 licet
2936 2584 3236 2659 dicere:
3275 2585 3483 2682 quod
3517 2587 3877 2664 similiter

667 2727 1071 2827 Scriptura
1134 2724 1334 2799 sicut
1402 2746 1557 2796 non
1626 2721 1834 2814 dicit,
1907 2721 2010 2797 ita
2049 2746 2197 2795 nou
2267 2718 2778 2795 contradicit?
2828 2723 2923 2794 At
2959 2719 3280 2814 sidicis,
3328 2720 3534 2818 quod
3571 2734 3884 2823 propter

672 2863 1044 2939 unitatem
1082 2856 1472 2932 Trinitatis
1516 2880 1665 2930 non
1711 2855 2074 2930 dicuutur
2116 2867 2263 2930 tres
2292 2855 2678 2948 essentim,
2716 2853 2846 2927 sed
2899 2877 3047 2927 una
3108 2854 3447 2929 essentia
3485 2880 3501 2931 :
3579 2881 3879 2955 quaero,

667 3021 808 3073 cur
847 3019 1001 3071 non
1035 3005 1353 3095 propter
1381 2990 1732 3068 eamdem
1777 2991 2142 3068 unitatem
2182 2988 2569 3064 Trinitatis
2599 2989 2958 3063 dicantur
3002 3011 3158 3062 una
3186 3012 3550 3089 persona,
3610 3003 3685 3067 et
3724 3017 3881 3070 non

669 3143 826 3209 tres
864 3127 1282 3231 personm?
1322 3124 1422 3202 Ut
1459 3125 1667 3203 enim
1708 3137 1822 3201 est
1864 3126 2014 3201 illis
2052 3149 2458 3202 ronunune
2501 3148 2779 3200 nomen
2823 3122 3213 3220 essentioe,
3259 3124 3364 3201 ita
3406 3135 3490 3201 ut
3517 3125 3882 3227 singulus

673 3266 1008 3367 quisque
1048 3264 1349 3340 dicatur
1377 3261 1719 3339 essentia
1752 3285 1770 3337 ;
1807 3261 1913 3335 sir
1957 3263 2105 3338 illis
2135 3285 2543 3337 conunune
2574 3270 2690 3337 est
2724 3284 3076 3360 persona»,
3117 3261 3618 3337 vocabulum.
3682 3263 3879 3355 Quid

673 3402 906 3498 igitur
935 3409 1191 3493 restat,
1238 3396 1383 3471 nisi
1430 3408 1504 3472 ut
1551 3396 1927 3471 fateamur
1966 3398 2322 3496 loquendi
2360 3396 2813 3471 necessitate
2844 3419 2889 3470 a
2920 3395 3211 3470 Graecis
3242 3406 3318 3470 et
3362 3396 3657 3474 Latinis
3698 3423 3881 3498 par-

669 3546 743 3609 ta
777 3537 943 3610 lime
983 3532 1362 3608 vocabula
1389 3531 1766 3607 adversus
1807 3531 2124 3606 insidias
2165 3532 2280 3606 vel
2314 3555 2615 3605 errores
2650 3529 3223 3604 liairctirorum.
3266 3531 3618 3628 Cumque
3663 3558 3890 3607 cona-

674 3680 886 3744 retur
925 3672 1265 3743 humana
1307 3666 1568 3764 inopia
1600 3666 1986 3764 loquenda·
2029 3668 2361 3766 prolerre
2393 3666 2486 3739 ad
2535 3664 2934 3739 luuninum
2978 3688 3290 3758 sensus,
3353 3663 3558 3762 quod
3624 3665 3698 3740 in
3759 3692 3887 3739 se·-

675 3804 1004 3880 cretario
1038 3802 1317 3877 mentis
1355 3802 1449 3876 dc
1483 3801 1644 3874 Deo
1687 3810 1886 3876 tenet
1926 3827 1943 3877 :
1990 3804 2151 3878 sive
2188 3802 2567 3901 propriam
2593 3808 2617 3845 ⁸
2650 3800 2908 3893 fidem,
2951 3799 3114 3875 sive
3169 3823 3304 3898 per
3346 3801 3886 3898 qualemcum-

680 3966 832 4042 que
893 3937 1512 4033 intelligentiam,
1585 3938 1829 4013 timuit
1900 3940 2153 4015 dicere
2215 3950 2364 4013 tros
2420 3939 2824 4031 essentias,
2889 3961 2984 4011 ne
3030 3936 3593 4030 intelligeretur
3635 3939 3708 4014 in
3755 3941 3885 4016 illa

678 4099 987 4153 summa
1025 4073 1466 4172 {equalitate
1512 4074 1667 4147 ulla
1706 4074 2133 4148 diversitas.
2188 4076 2515 4148 Rursum
2576 4097 2725 4146 nem
2794 4081 3081 4170 poterat
3142 4072 3427 4165 dic-ere,
3494 4097 3647 4148 non
3718 4099 3889 4151 esse

681 4212 824 4288 tria
857 4210 1215 4310 qua-dam
1265 4231 1283 4284 ε
1319 4208 1525 4307 quod
1559 4208 1743 4306 quia
1782 4210 1964 4282 dixit
2000 4210 2406 4297 samnius,
2447 4210 2519 4282 in
2559 4206 2914 4282 lin-rosim
2966 4208 3233 4306 lapsus
3286 4217 3432 4281 est.
3516 4208 3889 4295 Quwsivit

683 4373 869 4446 ergo
909 4347 1092 4446 quid
1138 4345 1277 4420 tria
1310 4344 1626 4437 diceret,
1661 4354 1732 4418 et
1774 4345 1954 4419 dixit
2005 4359 2153 4421 tres
2186 4371 2580 4445 personas,
2625 4346 2789 4418 sive
2837 4356 2987 4417 tres
3061 4344 3542 4419 substantias
3609 4372 3894 4424 secun-

686 4485 868 4558 dum
913 4486 1254 4559 Graecns.

758 4807 773 4839 ¹
810 4804 976 4877 Vutg.
1010 4805 1207 4872 ltalwt,
1243 4804 1474 4858 nautor.
1510 4819 1585 4870 vt,
1626 4803 1687 4857 l:
1726 4802 1894 4867 Audi,
1930 4804 2129 4856 tvm-l:
2167 4805 2426 4858 thueu'mas
2462 4806 2605 4858 Deus
2634 4809 2834 4868 noste-r,
2874 4803 3130 4856 nunninus
3165 4818 3303 4855 oenus
3335 4808 3434 4856 est.
3467 4801 3551 4855 (ΣΙ.
3584 4800 3765 4858 Ιίκυιὶ.
3804 4816 3904 4867 xx,

688 4898 722 4948 2
747 4898 804 4948 et
838 4909 966 4964 seq.

756 4982 780 5015 ¹
818 4981 876 5036 S.
907 4984 1276 5048 Auum-snmus,
1310 4981 1431 5038 Lib.
1461 4981 1554 5037 vn
1585 4981 1658 5036 de
1690 4979 1995 5045 ‘trinitat-5
2033 4999 2162 5054 rap.
2190 4985 2234 5037 l.

761 5071 785 5108 ⁸
813 5071 966 5127 Edit.
996 5074 1162 5129 Joan.
1192 5073 1520 5141 summme,
1553 5079 1610 5128 et
1637 5070 1867 5135 melius,
1910 5090 2015 5143 per
2054 5076 2232 5144 pium.
