4897 6388
494 402 501 408 ,
561 306 568 312 ’
709 333 841 399 484
1601 339 1608 345 ·
1676 325 1762 392 D.
1819 324 2284 396 ALB.>MAG.
2338 322 2545 418 ono.
2597 322 2893 390 PRAEn.

641 523 650 530 ’
707 499 944 596 duplo
1014 498 1113 572 sit
1188 495 1265 569 in
1339 520 1457 570 me
1501 504 1569 569 ¹:
1636 481 1939 569 Christo
1978 490 2238 569 au'tem
2278 493 2412 590 qui
2473 501 2586 566 est
2651 491 2788 565 Dei
2832 451 3098 585 Fusus,
3135 514 3289 566 non
3332 490 3426 565 ad
3473 515 3910 568 mensuram

706 632 1076 707 datusest
1105 619 1441 729 Spiritus
1479 635 1528 702 '.
1574 629 1845 726 Neque
1887 628 2094 704 enim
2127 627 2293 703 sine
2325 627 2571 725 gratia
2599 625 2927 724 Spiritus
2957 625 3199 701 sancti
3229 635 3346 702 est
3373 625 3744 701 mediator
3771 627 3919 701 Dei

703 777 779 842 et
811 767 1215 842 hominum
1264 768 1495 840 homo
1538 763 1916 839 Christus.
1966 763 2187 851 Quod
2229 761 2433 838 enim
2467 771 2582 837 est
2622 761 3064 859 unigenitus
3102 763 3245 838 Dei
3288 762 3529 839 Filius
3594 764 3916 862 oequalis

701 899 938 995 Patri,
986 924 1142 974 non
1184 911 1302 975 est
1340 898 1640 996 gratim,
1678 898 1813 973 sed
1865 908 2191 972 naturae.
2237 895 2454 983 Quod
2495 904 2751 970 autem
2785 895 2860 970 in
2909 897 3275 972 unitatem
3318 922 3673 997 persona}
3733 897 3907 973 uni-

697 1034 938 1131 geniti
973 1041 1423 1132 assumptus
1454 1034 1859 1126 esthemo,
1896 1030 2167 1128 gratiae
2198 1039 2339 1124 est,
2383 1053 2536 1103 non
2570 1039 2893 1104 naturae.
2930 1030 3246 1106 Caeteris
3277 1042 3533 1108 autem
3576 1032 3668 1108 ad
3703 1056 3908 1107 men·

695 1191 959 1274 suram
991 1168 1244 1255 datur,
1282 1176 1357 1242 et
1395 1168 1620 1242 datus
1663 1163 1996 1258 additur,
2043 1163 2287 1241 donec
2328 1163 2746 1263 unicuique
2785 1188 2923 1263 pro
2965 1165 3189 1240 modo
3221 1190 3389 1242 suae
3420 1167 3911 1265 perfectionis

609 1289 614 1290 i
693 1307 1012 1406 propria
1054 1330 1420 1383 mensura
1459 1277 1963 1405 compleatur.
2012 1307 2594 1403 Ecce-expresse
2637 1303 2900 1399 habeS‚
2945 1306 3151 1402 quod
3215 1304 3550 1405 Spiritus
3589 1316 3900 1382 sauctus

695 1443 943 1541 magis
973 1453 1050 1518 et
1087 1444 1351 1518 minus
1381 1443 1608 1533 datur
1661 1443 1786 1516 vel
1826 1440 2225 1540 accipitur,
2270 1450 2344 1516 et
2383 1439 2673 1515 homini
2714 1441 2938 1515 datus
2976 1451 3331 1580 augetur,
3375 1451 3453 1516 et
3483 1442 3795 1518 habenti
3836 1452 3912 1516 et

689 1599 847 1650 non
890 1575 1208 1652 habenti
1248 1576 1537 1650 datur:
1573 1574 1766 1672 quia
1802 1573 2138 1673 Spiritus
2176 1582 2292 1650 est
2356 1573 2687 1650 charitas
2724 1597 2902 1673 quae
2942 1598 3099 1649 ιιοιι
3169 1574 3483 1650 habenti
3526 1575 3776 1669 datur,
3823 1583 3899 1650 et

690 1707 765 1781 in
837 1708 1173 1784 habente
1231 1715 1563 1804 augetur
1625 1714 1701 1782 et
1757 1703 2086 1806 proficit.
2168 1706 2355 1793 Im0,
2408 1716 2493 1780 ut
2543 1704 2804 1781 verius
2851 1715 2928 1781 et
2956 1704 3203 1805 magis
3241 1704 3552 1805 proprie
3595 1707 3897 1803 loquar,

687 1841 986 1916 homo
968 1865 1046 1915 m
1087 1865 1180 1917 ea
1209 1839 1541 1939 proficit,
1594 1849 1671 1916 et
1735 1838 1997 1917 deficit
2024 1839 2503 1939 aliquando:
2550 1850 2625 1915 et
2682 1849 2866 1915 tunc
2923 1838 3091 1939 ipsa
3155 1838 3438 1915 dicitur
3492 1837 3898 1938 proficere,

573 1980 580 1986 ’
683 1978 809 2052 vel
847 1975 1236 2054 deficere:
1285 2001 1464 2075 quoe
1504 1986 1764 2053 tamen
1804 1999 1950 2053 nec
1986 1975 2315 2075 proficit,
2360 1999 2508 2052 nec
2540 1974 2855 2052 deficit
2834 1999 2915 2050 m
2940 1998 3052 2070 se,
3088 1975 3275 2074 quia
3306 1974 3520 2052 Deus
3559 1985 3700 2051 est.
3736 1974 3901 2050 Uu-

687 2111 784 2187 ‹le
849 2111 1338 2222 Augustinus
1377 2110 1472 2185 in
1553 2100 1900 2220 Ilomilia
1957 2110 2063 2187 IX
2127 2133 2362 2209 super
2398 2109 2794 2208 epistolam
2850 2109 3207 2196 loannis,
3273 2108 3426 2186 ait:
3487 2109 3768 2186 Probet
3816 2132 3900 2185 se

685 2245 1102 2348 quisquam
1173 2256 1550 2366 quantum
1618 2247 1696 2321 in
1769 2245 1900 2360 illo
1932 2223 2721 2347 profeceritcharitas,
2755 2247 2878 2322 vel
2911 2245 3168 2346 potius
3197 2253 3577 2344 quantum
3618 2244 3780 2345 ipse
3822 2245 3899 2318 in

690 2384 1065 2476 charitate
1104 2383 1542 2483 profecerit.
1583 2363 1785 2460 Nam
1825 2381 1890 2458 si
1933 2381 2268 2458 charitas
2305 2382 2516 2458 Deus
2552 2391 2694 2477 est,
2728 2405 2873 2457 nec
2916 2379 3201 2476 deficit,
3236 2405 3382 2458 nec
3411 2379 3736 2482 proficit.
3772 2379 3901 2455 Sic

683 2540 868 2616 ergo
898 2516 979 2590 in
1012 2526 1088 2592 te
1118 2514 1498 2615 proficere
1539 2513 1825 2591 dicitur
1862 2513 2222 2609 charitas,
2264 2513 2448 2611 quia
2498 2524 2577 2588 tu
2619 2513 2697 2587 in
2737 2537 2832 2592 ea
2860 2513 3197 2614 proficis.
3244 2515 3440 2590 Ecce
3505 2512 3894 2612 quomodo

685 2649 1277 2749 intelligendum
1318 2648 1444 2743 sit,
1474 2671 1652 2725 cum
1687 2646 1978 2752 'dicitur
2015 2648 2348 2748 Spiritus
2377 2658 2689 2726 sanctus
2712 2646 2981 2747 augeri
3009 2646 3085 2723 in
3130 2647 3382 2743 nobis,
3418 2647 3604 2748 quia
3630 2671 3770 2722 nos
3811 2644 3884 2720 in

687 2807 780 2862 eo
819 2781 1113 2861 scilicet
1144 2782 1623 2886 proficimus.
1661 2781 1789 2859 Sic
1819 2792 1896 2859 et
1923 2782 2077 2860 alia
2106 2783 2578 2884 hujusmodi.

693 3304 779 3385 L.
842 3303 1070 3400 Quod
1103 3305 1354 3407 aliqui
1386 3300 2076 3406 dicunt‘Spir-itum
2111 3310 2458 3381 sanctum
2500 3328 2651 3380 non
2707 3327 2869 3380 esse
2917 3302 3365 3381 charitalem
3422 3327 3577 3404 qua
3621 3304 3895 3403 diliqi-

1756 3464 1928 3517 mus
1963 3440 2220 3517 Deum
2249 3446 2326 3516 et
2347 3441 2835 3540 proximum.

788 3773 1044 3873 Supra
1081 3774 1371 3852 dictum
1398 3787 1542 3871 est,
1586 3778 1794 3876 quod
1835 3776 2170 3878 Spiritus
2195 3790 2512 3856 sanctus
2549 3778 2883 3856 charitas
2918 3790 3037 3855 est
3086 3779 3339 3856 Patris
3371 3790 3448 3858 et
3490 3780 3685 3872 Filii,
3728 3806 3881 3880 qua

688 3932 772 3985 se
813 3908 1148 3987 invicem
1180 3910 1486 4007 diligit³
1522 3923 1597 3988 et
1636 3936 1834 3990 nos:
1878 3924 1956 3992 et
2001 3913 2166 4014 ipse
2230 3914 2431 3991 idem
2487 3923 2602 3990 est
2655 3913 2989 3990 charitas
3062 3939 3240 4015 qua·
3305 3915 3762 3992 diffunditur
3811 3916 3886 3991 in

690 4043 1057 4121 cordibus
1124 4046 1411 4123 nostris
1474 4050 1525 4143 ⁴,
1559 4047 1654 4123 ad
1716 4048 2196 4148 diligendum
2252 4049 2499 4127 Deum
2563 4061 2638 4126 et
2684 4050 3147 4150 proximum.
3216 4050 3508 4128 llorum
3560 4053 3886 4127 alterum

687 4200 960 4255 omnes
1026 4180 1422 4257 Catholici.
1458 4182 1920 4278 concedunt,
1997 4182 2289 4261 scilicet
2360 4184 2565 4284 quod
2643 4183 2975 4284 Spiritus
3041 4197 3355 4262 sanctus
3419 4186 3518 4263 sit
3555 4186 3892 4262 charitas

683 4313 935 4390 Patris
1000 4323 1077 4390 et
1135 4314 1331 4391 Filii.
1396 4316 1619 4405 Quod
1684 4326 1941 4395 autem
2020 4317 2181 4419 ipse
2248 4318 2448 4395 idem
2489 4319 2581 4395 sit
2636 4320 2970 4396 charitas
3013 4344 3166 4421 qua
3196 4320 3598 4419 diligimus
3637 4321 3882 4418 neum

681 4460 756 4524 et
795 4448 1262 4548 proximum,
1297 4474 1342 4525 a
1381 4449 1776 4551 plerisque
1817 4460 2167 4551 negatur.
2217 4450 2495 4528 Dicunt
2534 4453 2770 4550 enim,
2815 4453 2895 4530 Si
2937 4453 3273 4555 Spiritus
3323 4466 3641 4532 sanctus
3706 4457 3893 4533 cha-

684 4581 870 4660 ritas
907 4593 1027 4661 est
1062 4584 1315 4661 Patris
1351 4595 1431 4663 et
1466 4585 1638 4662 Filii
1690 4596 1767 4665 et
1819 4596 2107 4683 nostra,
2144 4587 2412 4665 eadem
2453 4613 2635 4688 ergo
2695 4588 3030 4667 charitas
3068 4598 3183 4668 est
3214 4591 3610 4690 qua1)eus
3639 4592 3891 4691 diligit

681 4741 852 4814 n08,
896 4729 969 4797 et
1028 4743 1185 4819 qua
1225 4744 1368 4795 nos
1408 4719 1808 4819 diligimus
1871 4745 2079 4798 eum.
2152 4722 2316 4799 1100
2376 4734 2631 4800 autem
2699 4724 3161 4802 Sanctorum
3228 4726 3721 4804 auctoritates
3762 4751 3889 4804 ne·

673 4875 858 4949 gare
888 4852 1276 4930 videntur.
1324 4853 1528 4931 Dicit
1565 4856 1774 4932 enim
1803 4856 2284 4954 Augustinus
2321 4856 2397 4932 in
2434 4858 2628 4934 libro
2676 4858 2770 4935 de
2814 4858 3120 4959 Spiritu
3160 4867 3235 4937 et
3273 4859 3531 4938 littera
3578 4886 3596 4938 t
3660 4862 3884 4940 Unde

673 4998 788 5066 est
851 4989 1188 5081 dilectio,
1262 4989 1412 5067 nisi
1472 4991 1674 5068 unde
1736 5001 1814 5068 et
1862 4992 2031 5091 ipsa
2076 4990 2404 5080 fides,'i‹1
2455 5003 2596 5089 est,
2649 5018 2695 5070 a
2750 4994 3039 5096 Spiritu
3083 5007 3350 5073 sancto
3386 4998 3429 5071 ?
3466 4996 3634 5074 Non
3677 5014 3886 5077 essct

746 5316 764 5354 ¹
799 5317 1042 5391 Vulgata
1071 5323 1271 5395 habet,
1305 5324 1376 5381 n
1406 5322 1552 5398 Reg.
1583 5338 1647 5394 u,
1675 5326 1753 5382 9·
1785 5324 2016 5382 Obsecro
2035 5333 2098 5384 m
2123 5329 2221 5397 fiat
2249 5327 2308 5381 in
2338 5342 2423 5383 me
2447 5326 2657 5399 duplex
2673 5325 2929 5403 spiritus
2928 5341 3080 5383 tuus.

734 5402 954 5466 ²ioan.
986 5426 1076 5482 ιιι,
1106 5414 1224 5470 ³4:
1256 5415 1427 5482 Quem
1480 5413 1631 5471 misit
1663 5413 1823 5485 Deus,
1860 5414 2027 5471 verba
2058 5416 2158 5474 Dei
2187 5414 2485 5486 loquitur.-
2510 5432 2621 5472 non
2649 5417 2795 5473 enim
2822 5415 2899 5473 ad
2921 5432 3236 5473 mensuram
3263 5418 3363 5475 dal
3418 5421 3559 5476 Deus
3586 5416 3871 5490 spiritum.

735 5494 759 5531 ⁸
788 5494 946 5554 Edit.
976 5501 1145 5559 Scan.
1170 5501 1506 5573 Alleaume,
1537 5502 1805 5575 ditinum.

711 5585 870 5730 &Ad
899 5589 1150 5649 Roman.
1172 5610 1234 5660 ..v
1320 5592 1628 5649 :Charitas
1657 5593 1757 5650 Dei
1783 5594 1994 5665 diffusa
2018 5603 2097 5654 est
2126 5599 2183 5653 ιἰι
2212 5598 2467 5655 cordibus
2496 5597 2696 5653 nostris
2717 5611 2823 5667 per
2850 5593 3131 5668 Spiritum
3179 5604 3453 5671 sanctum,
3483 5600 3582 5671 qui
3608 5598 3771 5654 datus
3799 5605 3877 5654 est

669 5689 706 5730 n
782 5690 828 5731 u
