4897 6388
633 297 716 377 τε
854 262 861 267 ’
1283 278 1287 282 ’
1615 298 1756 395 31).
1804 297 2002 363 ALB.
2057 296 2271 365 MAG.
2325 296 2534 407 om).
2587 301 2885 373 PRAED.

388 460 393 465 ’
557 465 959 547 :numerali
1017 468 1459 559 significetur.
1517 469 1601 567 Et
1663 465 1976 548 similiter
2032 464 2180 534 dico

366 796 446 843 Aa
477 800 511 845 l.

626 571 708 639 de
733 555 1022 654 duobus,
1068 585 1134 644 et
1163 576 1405 653 tribus,
1459 561 1834 669 secundum
1867 573 2051 663 quod
2079 574 2178 640 di-

626 691 787 747 eunt
852 684 1279 750 iterationem
1330 683 1613 747 unitatis
1655 701 1993 768 personae,
2073 683 2179 749 vel

614 793 947 875 notionis,
1003 790 1326 880 Magister
1373 809 1536 877 ergo
1604 788 1918 870 intendit,
1998 787 2178 879 quod

619 920 824 987 supra
854 898 922 964 id
962 895 1145 986 quod
1202 917 1307 961 res
1355 904 1457 962 est
1522 917 1661 962 non
1728 880 1915 962 'addit
1966 918 2174 961 unum

617 1006 747 1071 nisi
787 1003 1264 1070 indivisionem
1310 1024 1325 1068 ε
1364 1011 1433 1070 et
1463 1003 1614 1070 ideo
1646 1003 1806 1069 dicit
1862 999 2031 1067 nihil
2060 1023 2178 1090 po-

607 1133 800 1181 nere.
851 1109 921 1177 Si
966 1117 1191 1177 autem
1242 1111 1634 1201 attendatur
1681 1131 1816 1199 quo
1885 1130 2174 1197 persona

603 1226 715 1302 ,est
749 1240 909 1294 una,
970 1218 1080 1284 vel
1130 1214 1307 1295 duze,
1363 1216 1475 1284 vel
1530 1223 1693 1293 treS‚
1763 1223 1925 1282 tunc
1982 1217 2173 1304 ponit

2288 491 2512 537 merus
2543 479 2609 539 et
2638 466 3029 540 multitudo.
3071 466 3295 557 [Jnum
3328 475 3553 532 autern
3600 464 3842 531 dicitur

2283 578 2755 657 continuitate,
2799 591 2867 648 et
2946 570 3158 640 unuin
3226 575 3465 656 forma,
3501 581 3566 640 et
3624 596 3835 639 unum

2284 692 2443 751 natu
2455 708 2542 753 rae
2562 688 2946 775 aequalitute
2976 690 3044 749 et
3064 705 3276 748 unum
3309 705 3426 771 per
3456 689 3835 771 respectum

2283 792 2366 857 ad
2399 816 2638 861 unuin.
2691 797 2769 862 In
2808 789 3284 868 continuitate,
3328 792 3490 856 sicut
3537 789 3716 857 linea
3737 797 3838 857 est

2282 922 2440 978 una,
2487 911 2554 968 et
2592 897 2837 993 corpus
2872 920 3087 968 uuum
3125 920 3138 964 :
3178 898 3390 964 forma
3425 906 3652 964 autem
3702 898 3835 965 sic-

2280 1014 2352 1073 ut
2392 1007 2602 1076 homo
2636 1019 2737 1078 est
2767 1030 2973 1088 unus,
3007 1005 3112 1071 vel
3151 1004 3461 1072 Socrates
3492 1015 3591 1073 est
3632 1030 3830 1075 unus,

2278 1114 2694 1206 AEqualitate
2733 1130 3019 1197 naturae,
3071 1116 3243 1181 sieut
3293 1114 3351 1181 id
3402 1116 3595 1203 cujus
3643 1115 3837 1182 attri-

2276 1219 2437 1289 buta
2470 1227 2776 1320 essentiae
2810 1219 3143 1293 naturalis
3190 1229 3349 1287 sunt
3395 1221 3655 1289 eadem.
3702 1221 3834 1289 Per

40 2508 65 2553 .'
264 2534 297 2579 .“
325 2537 407 2586 Λα
430 2538 473 2585 ³.

611 1327 1093 1415 proprietatem
1124 1325 1249 1393 sub
1282 1324 1419 1391 alio
1454 1323 1660 1391 modo
1719 1322 2166 1413 significandi.
2278 1338 2655 1419 respectum
2675 1332 2771 1400 ‘ad
2812 1350 3059 1403 unum,
3110 1329 3281 1395 sicut
3337 1328 3628 1396 univoca
3675 1337 3832 1395 sunt

361 1466 434 1512 Ad
459 1446 535 1515 2(
602 1509 611 1516 ‚
703 1435 805 1501 Ao
825 1458 1022 1503 Amen
1051 1431 1445 1513 dicendum,
1489 1432 1676 1523 quod
1704 1455 1843 1500 non
1872 1430 2173 1498 salvatur
2277 1457 2490 1502 unum
2527 1459 2649 1527 per
2693 1444 3088 1530 respectum
3157 1438 3358 1501 unius
3426 1436 3706 1502 rationis
3744 1435 3829 1503 ad

599 1567 941 1622 ‚numerus
1007 1545 1075 1609 in
1130 1542 1381 1609 divinis
1439 1550 1643 1633 prout
1702 1541 1863 1609 dicit
1925 1549 2166 1608 nutum
2272 1540 2339 1608 id
2372 1542 2441 1609 in
2482 1566 2619 1634 quo
2689 1548 3170 1613 univocantur.
3253 1542 3382 1610 Per
3437 1544 3825 1633 oppositum

602 1675 872 1733 ,sensuS‚
924 1652 1042 1720 sed
1114 1659 1318 1743 prout
1405 1652 1569 1719 dicit
1641 1660 1887 1742 nutum
1963 1651 2167 1719 intel·
2271 1657 2499 1717 autem
2550 1654 2937 1741 privatione
3005 1650 3208 1715 unius
3255 1649 3328 1717 fit
3383 1673 3705 1718 numerus
3761 1660 3829 1720 et

605 1759 821 1839 lectus
915 1782 1349 1850 quocumque
1438 1759 1646 1827 modo
1748 1759 2168 1850 distinguen-
2268 1757 2659 1827 multitude.
2717 1758 3117 1829 Privatione
3159 1759 3341 1824 enim
3408 1760 3712 1826 continui
3755 1760 3830 1828 fit

602 1870 688 1935 tis
723 1890 739 1934 t
775 1876 842 1937 et
879 1869 1032 1936 ideo
1074 1871 1279 1936 etiam
1327 1867 1488 1935 licet
1538 1866 1671 1935 hoc
1704 1867 2158 1950 admittatur,
2263 1887 2389 1955 per
2414 1866 2822 1938 divisionem
2875 1886 3226 1937 numerus.
3288 1865 3616 1935 Similiter
3662 1867 3826 1935 divi-

601 1975 788 2067 quod
825 1977 896 2042 in
917 1976 1164 2044 divinis
1193 1984 1297 2043 est
1324 1997 1655 2043 numerus
1686 1996 2156 2065 personarum,
2264 1973 2455 2043 sione
2485 1975 2722 2045 formae
2751 2000 2873 2069 per
2926 1975 3304 2049 materiam,
3355 1976 3527 2044 sic-ut
3582 1977 3653 2044 in
3709 1999 3828 2043 nu-

601 2105 742 2151 non
785 2092 1013 2151 tamen
1089 2083 1477 2169 admittitur
1542 2082 1728 2174 quod
1782 2085 1853 2152 in
1912 2083 2158 2152 divinis
2264 2105 2454 2152 mero
2495 2085 3039 2163 individuorum,
3083 2083 3189 2150 vel
3219 2106 3339 2173 per
3376 2084 3628 2154 formas
3680 2088 3822 2156 sive

597 2190 994 2281 simpliciter
1022 2192 1111 2259 sit
1147 2212 1476 2259 numerus
1511 2213 1528 2259 :
1564 2192 1726 2283 quia
1764 2191 2159 2282 simpliciter
2258 2189 2698 2277 differentias,
2743 2197 2920 2263 sicut
2962 2192 3031 2257 in
3099 2213 3383 2260 numero
3440 2194 3816 2283 specierum

579 2319 923 2378 ‚numerus
955 2307 1054 2367 est
1093 2297 1519 2365 diversarum
1561 2320 1787 2366 rerum
1821 2298 1890 2366 in
1922 2320 2156 2367 essen·
2260 2297 2333 2366 tit
2357 2321 2709 2370 numerus.
2769 2296 3108 2369 Similiter
3154 2297 3221 2364 in
3270 2299 3654 2390 aequalitate
3705 2325 3822 2371 na·

597 2406 690 2472 tia
728 2413 796 2473 et
832 2427 1002 2482 esse,
1038 2403 1223 2496 quod
1254 2425 1396 2472 non
1435 2413 1538 2473 est
1577 2405 1648 2471 in
1698 2404 1970 2473 divinis.
2257 2414 2425 2474 turae
2455 2409 2831 2476 secundum
2864 2404 3189 2475 attributa
3234 2407 3401 2474 liunt
3440 2408 3717 2497 graduS,
3751 2419 3817 2479 et

665 2514 788 2580 -An
816 2535 1015 2580 amun
1057 2509 1451 2591 dicendum,
1503 2511 1690 2602 quod
1744 2534 1883 2580 non
1924 2519 2028 2580 est
2083 2516 2152 2581 in
2255 2512 2528 2582 ordines
2567 2516 2635 2583 in
2664 2525 2938 2595 natura,
2973 2519 3040 2578 et
3072 2511 3458 2593 multitudo,
3506 2516 3680 2584 sieut
3740 2518 3815 2587 fit

591 2617 841 2688 divinis
921 2618 1276 2687 diversitas
1343 2603 1663 2699 numere,
1742 2617 1861 2687 sed
1924 2620 2150 2710 potius
2254 2640 2583 2691 numerus
2620 2622 3076 2715 Angelorum.
3145 2618 3470 2689 Similiter
3523 2632 3587 2691 et
3643 2623 3817 2691 mul-

589 2726 931 2796 distinctio
959 2751 976 2795 ε
1011 2734 1080 2795 et
1109 2725 1174 2795 id
1205 2726 1390 2817 quod
1421 2725 1587 2794 dicit
1615 2725 1923 2807 Boetius,
1957 2728 2151 2795 intel·
2253 2726 2474 2796 titudo
2503 2729 2845 2799 rationum
2879 2725 3305 2817 niinpliciter,
3341 2737 3405 2796 et
3455 2753 3574 2820 per
3626 2733 3813 2821 prius

585 2833 818 2926 ligitur
850 2837 919 2903 in
947 2833 1055 2903 his
1075 2834 1145 2902 in
1168 2833 1419 2925 quibus
1448 2832 1850 2924 simpliciter
1875 2844 1977 2903 est
2017 2858 2148 2903 nu·
2250 2840 2313 2902 et
2352 2838 2689 2925 posterius
2717 2839 2878 2907 facit
2907 2855 3270 2905 numerum
3306 2837 3370 2902 in
3412 2839 3807 2927 aequivocis,

585 2964 837 3010 merus.
872 2942 1125 3011 Etnon
1154 2941 1306 3010 dico
1364 2938 1499 3009 hoc
1573 2941 1759 3031 quod
1822 2964 2145 3012 numerus
2250 2951 2318 3011 et
2351 2944 2714 3038 analogis:
2771 2949 2855 3016 de
2923 2942 3042 3010 tali
3111 2966 3397 3012 numero
3453 2957 3808 3017 numerato

568 3072 1026 3141 ,personarum
1051 3050 1139 3118 sit
1169 3070 1499 3117 numerus
1528 3047 1839 3118 absolute
1863 3049 2145 3141 loquen·
2246 3049 2554 3141 loquitur
2599 3048 3093 3143 Philosophus.

582 3156 695 3228 do.
2334 3157 2442 3226 An
2489 3181 2687 3228 Αιιυυ
2734 3155 3135 3233 dicendum,
3181 3155 3361 3247 quod
3408 3181 3618 3228 unum
3670 3160 3802 3229 du-

672 3268 775 3335 An
815 3290 1014 3336 Λυσι)
1070 3265 1463 3342 dicendum,
1545 3264 1728 3356 quod
1786 3265 1857 3333 in
1895 3264 2141 3334 divinis
2243 3264 2511 3356 pliciter
2537 3270 2892 3359 accipitur,
2938 3262 3218 3343 scilicet,
3269 3276 3467 3355 prout
3509 3289 3799 3337 conver-

580 3399 717 3444 non
755 3385 859 3445 est
897 3398 1101 3445 causa
1142 3384 1209 3443 et
1253 3381 1643 3452 causatum,
1701 3372 1821 3443 sed
1886 3374 2141 3465 princi·
2244 3374 2408 3441 titur
2434 3397 2593 3443 cum
2633 3385 2827 3448 ente:
2864 3382 2932 3440 cet
2964 3372 3061 3438 sic
3094 3394 3229 3438 non
3263 3381 3364 3440 est
3391 3375 3795 3466 principium

576 3485 765 3577 pium
797 3464 864 3552 et
890 3483 1401 3575 principiatum,
1435 3489 1505 3550 et
1530 3479 1664 3550 hoe
1701 3481 1950 3550 sufficit
2003 3505 2138 3550 nu-
2243 3477 2549 3550 disci-oue
2590 3480 2994 3572 quantitatis
3016 3499 3168 3566 quae
3213 3489 3311 3546 est
3355 3502 3684 3551 numerus
3732 3493 3800 3553 et

578 3614 767 3661 mero
811 3611 1304 3682 personarum:
1336 3595 1570 3657 tamen
1620 3587 1687 3656 id
1753 3588 1936 3679 quod
1976 3589 2136 3658 dicit
2242 3586 2608 3658 multitudo
2643 3613 2659 3657 ε
2704 3600 2770 3659 et
2803 3607 3135 3659 munuc-rus
3163 3588 3260 3654 sic
3301 3587 3630 3657 resultans
3660 3613 3798 3660 non

569 3698 683 3769 ille
724 3697 1208 3790 Philosophus,
1255 3719 1395 3765 non
1444 3704 1548 3764 est
1603 3699 1889 3766 omnino
1944 3698 2132 3767 sulti·
2239 3705 2338 3765 est
2395 3700 2463 3767 in
2524 3699 2828 3768 discret-‘e
2877 3694 3285 3787 quantitatis
3364 3700 3608 3786 speeie,
3681 3700 3796 3768 sed

568 3809 754 3879 ciens
789 3828 806 3876 t
839 3808 1000 3898 quia
1038 3808 1106 3874 in
1139 3804 1409 3898 Angelo
1449 3814 1552 3875 est
1590 3828 1919 3874 numerus
1961 3808 2129 3876 mul·
2237 3804 2429 3893 ponit
2462 3805 2753 3874 sormam
2787 3827 2925 3897 qun
2971 3822 3079 3868 res
3145 3824 3356 3868 unum
3414 3802 3523 3870 vel
3581 3804 3795 3873 multa

565 3925 701 3996 tus,
737 3925 815 3985 ut
839 3914 987 3983 vult
1021 3914 1416 4005 Dionysius,
1450 3915 1657 3982 etiam
1702 3923 1947 4005 praeter
2000 3914 2129 3985 hoc
2237 3919 2336 3977 est
2378 3940 2394 3979 ;
2430 3921 2498 3980 et
2535 3913 2632 3981 sie
2661 3912 2899 4005 aliquo
2931 3906 3139 3976 modo
3199 3909 3524 3999 accipitur
3576 3912 3643 3979 in
3683 3910 3794 3980 di-

566 4025 750 4119 quod
781 4048 959 4093 unus
987 4025 1072 4094 sit
1096 4045 1303 4094 causa
1333 4022 1639 4091 alterius.
2232 4018 2434 4086 vinis.
2522 4018 2741 4089 Aliter
2822 4025 2929 4086 est
2998 4014 3403 4106 principium
3490 4019 3789 4088 discretae

649 4133 755 4201 An
782 4156 982 4201 Anum
1011 4129 1401 4208 dicendum,
1445 4129 1632 4222 quod
1660 4131 1717 4199 si
1748 4133 2124 4203 differentia
2232 4127 2658 4216 quanlilss¹382
2699 4136 2768 4196 ὑί
2804 4128 2904 4194 ⁸5⁶
2936 4129 3037 4188 “Sl
3069 4145 3188 4188 ⁰¹¹⁵
3230 4123 3296 4190 3¹¹
3334 4134 3549 4215 Parte·
3581 4133 3647 4193 0²
3675 4148 3793 4216 PO-

563 4240 753 4333 large
790 4242 1184 4332 accipiatur,
1218 4247 1383 4307 tunc
1419 4237 1954 4330 comprehendet
1984 4242 2125 4310 dis-
2232 4234 2330 4300 nit
2368 4234 2682 4303 accidens
2710 4232 3175 4327 significatum
3198 4231 3372 4297 circa
3401 4253 3599 4299 suum
3623 4233 3789 4300 sub-

560 4350 956 4418 tinctionem
986 4347 1453 4439 personalium
1503 4348 2023 4440 proprietatum,
2058 4362 2119 4420 et
2219 4340 2479 4427 jectum
2515 4363 2532 4408 Ξ
2567 4350 2629 4410 el
2660 4343 2982 4411 simililer
3021 4357 3344 4404 numerus
3384 4338 3467 4404 ab
3518 4361 3600 4407 00
3631 4364 3786 4409 sur-

559 4454 675 4525 illa
705 4458 773 4524 in
820 4455 1070 4524 divinis
1123 4452 1431 4523 causabit
1498 4477 1863 4524 numerum
1913 4456 2116 4527 talem
2227 4471 2421 4539 gens,
2464 4457 2531 4518 et
2569 4452 2665 4520 sic
2696 4475 2835 4519 non
2876 4447 3203 4514 cutwenit
3235 4447 3300 4513 in
3342 4447 3613 4515 divinis.

557 4567 776 4658 qualis
805 4574 907 4636 est
935 4565 1052 4635 ibi.

647 4678 751 4746 An
805 4698 1002 4746 Αιιυι)
1056 4673 1452 4755 (licendum,
1513 4674 1699 4765 quod
1774 4675 2112 4748 inlinitum

560 4787 784 4878 passio
819 4782 1118 4853 materia?
1143 4790 1245 4851 est
1278 4804 1295 4849 ε
1331 4791 1398 4851 et
1448 4782 1603 4851 ideo
1662 4806 1801 4852 non
1848 4794 1949 4854 est
1988 4809 2101 4855 ne·

555 4916 741 4964 cesse
770 4895 825 4960 si
858 4891 1201 4960 inlinitum
1234 4890 1303 4958 in
1335 4879 1627 4959 nuniero
1669 4915 1807 4960 non
1871 4916 2109 4963 causa·

552 5011 663 5071 tur
700 5023 738 5068 a
797 4999 1130 5067 divisione
1186 4998 1524 5079 continui,
1595 4999 1779 5090 quod
1834 5011 2111 5093 propter

550 5109 682 5180 hoc
738 5131 1064 5178 numerus
1147 5106 1550 5196 simpliciter
1645 5119 1961 5178 causetur
2021 5112 2107 5180 ab

545 5216 664 5286 illo
708 5239 722 5284 ε
761 5217 919 5307 quia
950 5236 1276 5282 numerus
1307 5214 1376 5280 in
1437 5236 1578 5282 non
1643 5217 2105 5288 materialibus

544 5325 912 5393 invenitur.
945 5322 1072 5390 Vel
1104 5321 1369 5390 dicatur
1423 5325 1525 5409 (ut
1582 5323 1861 5415 quidam
1911 5325 2106 5396 dixe-

532 5435 722 5518 runt)
753 5430 937 5523 quod
976 5450 1302 5497 numerus
1331 5438 1400 5498 et
1458 5430 1825 5501 multitudo
1882 5456 2104 5527 oppo-

541 5546 797 5611 nuntur
833 5538 1072 5607 unitati
1110 5560 1126 5605 :
1170 5535 1354 5607 unde
1393 5546 1566 5631 quot
1589 5540 1813 5612 modis
1858 5542 2104 5613 dicitur

538 5672 781 5734 unum,
823 5654 923 5727 tot
961 5645 1182 5732 modis
1212 5668 1335 5736 per
1365 5649 1763 5743 oppositum
1835 5651 1912 5722 fit
1965 5676 2099 5724 nu-

326 3293 407 3341 Ad
435 3298 476 3345 6.
532 3341 545 3351 ,

311 4150 383 4196 Ad
408 4149 453 4199 1.

311 4688 382 4734 ια
405 4691 450 4737 ο.

2637 4892 3149 4969 Affl'lctJLUS
3201 4893 3359 4961 XX.

2222 5116 2596 5201 Quaeritur,
2634 5119 2869 5202 Quare
2902 5112 2974 5176 in
3008 5107 3173 5176 aliis
3210 5107 3477 5177 milibus
3514 5111 3612 5177 ad
3645 5134 3780 5180 mc-

2306 5246 2571 5291 merum
2610 5224 3069 5316 hypostasum
3107 5218 3416 5306 sequitur
3453 5241 3778 5287 numerus

2301 5342 2598 5415 naluroe,
2641 5343 2705 5401 et
2732 5354 2872 5399 uon
2901 5323 3221 5414 sequitur
3251 5324 3318 5391 in
3350 5324 3601 5392 diuinis
3629 5323 3668 5391 P
3698 5346 3710 5354 ·

2307 5655 2444 5727 Sed
2483 5652 2705 5754 adhuc
2769 5648 3067 5725 ulterius
3124 5646 3466 5738 quaeritur,
3545 5646 3772 5728 Quare

3909 3196 3987 3242 Ad
4016 3196 4056 3245 7.
