4897 6388
454 2205 537 2252 Ad
570 2211 607 2258 Ι.
674 2238 680 2243 -

456 2855 600 2906 Adt-

394 3286 475 3332 Ad
501 3289 657 3337 3004.

726 373 854 451 616

724 555 1044 622 convenit
1087 553 1345 619 ratione
1386 537 1654 638 triplici,
1696 525 1958 614 ⁸‘scilicet
2012 546 2266 612 discre-

720 662 928 729 tionis
983 672 1188 751 quarn
1244 655 1497 723 habent
1535 653 1928 742 hujusmodi
1986 653 2267 719 nomina

721 769 792 834 in
823 767 1179 857 principali
1226 760 1629 852 significato,
1674 767 1741 826 et
1768 759 2032 849 generis
2083 759 2264 848 quod

719 876 885 943 dicit
916 874 1386 942 discretionem
1421 889 1755 958 perseme,
1800 869 1958 956 quia
1997 888 2132 932 non
2164 873 2267 932 est

718 986 789 1051 in
821 983 1130 1051 rationali
1168 988 1406 1047 natura
1444 1000 1564 1044 ens
1594 977 1960 1058 formatum
2002 975 2129 1040 nisi
2162 974 2263 1040 di-

720 1095 1037 1160 stinctum
1083 1092 1149 1156 in
1201 1109 1490 1178 persona
1527 1106 1542 1154 :
1579 1095 1644 1153 et
1694 1085 1951 1151 ratione
2003 1082 2261 1150 articuli
2308 1112 2312 1116 ’

721 1195 962 1267 inclusi
1022 1201 1090 1265 in
1147 1194 1396 1263 talibus
1454 1192 1870 1261 nominibus,
1905 1191 1984 1257 In
2023 1198 2262 1257 neutro

663 1292 668 1298 ’
723 1316 951 1374 autern
1007 1327 1257 1396 genere
1310 1303 1466 1370 licet
1535 1308 1929 1368 remaneant
1997 1298 2131 1366 duo
2182 1321 2265 1365 ex

724 1413 882 1495 illis,
931 1412 1182 1480 scilicet
1220 1410 1529 1477 diseretio
1581 1406 1940 1497 significati
1988 1414 2055 1473 et
2109 1406 2264 1472 arti-

724 1522 883 1601 culi,
979 1529 1208 1589 tamen
1248 1541 1383 1585 non
1447 1516 1700 1583 habent
1755 1515 2027 1582 tertium
2081 1512 2260 1604 quod

723 1621 1063 1718 praecipue
1105 1625 1307 1695 trahit
1351 1624 1436 1692 ad
1484 1645 1844 1715 personam
1886 1643 1903 1689 :
1950 1622 2109 1712 quia
2146 1643 2262 1711 ge·

724 1755 854 1800 nus
922 1754 1062 1799 non
1117 1730 1358 1799 accidit
1413 1727 1675 1795 nomini
1719 1728 1853 1794 nisi
1926 1748 2010 1793 ex
2075 1733 2262 1815 parte

724 1835 1116 1903 substantiae
1146 1832 1535 1925 signifieatae
1568 1838 1634 1898 et
1661 1830 2120 1899 determinatae
2152 1853 2264 1897 se-

726 1942 1026 2034 cundum
1072 1942 1353 2009 modum
1386 1938 1469 2007 ad
1509 1940 1736 2005 minus
1772 1961 1787 2006 :
1823 1944 1890 2005 et
1921 1937 2072 2004 ideo
2105 1945 2265 2004 tunc

726 2047 1097 2142 praedicant
1122 2047 1510 2117 essentiam.
2031 2055 2041 2062 “

725 2184 731 2189 ·
818 2156 924 2224 An
975 2177 1166 2222 innuo
1205 2175 1365 2243 ergo
1424 2150 1610 2242 quod
1663 2150 1884 2240 primo
1925 2148 2261 2239 objicitur,

727 2262 1090 2331 'dicendum
1122 2259 1306 2352 quod
1334 2257 1494 2326 talia
1520 2258 1803 2326 nomina
1831 2254 2063 2324 dicunt
2090 2255 2266 2324 rela-

726 2372 983 2441 tione'm
1021 2394 1036 2438 :
1072 2379 1231 2440 sunt
1283 2370 1465 2437 enim
1513 2367 1995 2458 consequentia
2041 2373 2264 2434 actum

724 2481 1153 2572 proprietatis
1198 2477 1675 2567 distinguentis
1729 2498 1746 2547 ε
1806 2474 2042 2543 relatio
2082 2475 2261 2543 enim

723 2598 825 2655 est
853 2586 1084 2655 multis
1126 2586 1346 2654 modis
1386 2584 1453 2652 in
1492 2583 1767 2663 divinis,
1802 2591 2108 2672 utsupra
2144 2604 2265 2649 no-

725 2703 939 2764 tatum
982 2703 1106 2763 est.

807 2804 912 2870 An
948 2824 1146 2870 amun
1185 2800 1571 2879 dicendum,
1615 2799 1799 2890 quod
1846 2801 1914 2868 in
1953 2799 2100 2868 Deo
2131 2798 2258 2868 hu·

707 2909 1012 3000 jusmodi
1042 2909 1319 2977 nomina
1353 2930 1488 2975 non
1519 2908 1753 2975 dicunt
1782 2909 2252 2998 quantitatem,

713 3040 841 3087 nec
890 3024 1254 3085 sumuntur
1310 3016 1379 3081 in
1427 3016 1652 3105 specie
1708 3015 2125 3105 quantitati5‚
2183 3022 2258 3082 ut

713 3125 907 3218 prius
935 3124 1191 3193 dictum
1235 3130 1361 3190 est.

801 3234 905 3301 An
951 3242 1153 3301 Aaron
1186 3230 1572 3311 dicendum,
1613 3229 1800 3321 quod
1847 3229 1978 3298 hoc
2012 3252 2248 3298 verum

1716 375 1800 442 D.
1850 375 2050 443 ALB.
2102 375 2319 443 MAG.

2373 373 2579 442 ORD.
2633 371 2937 492 PRijD.

2378 546 2649 612 termini
2678 539 2952 633 quando
2998 546 3353 630 ponuntur
3390 563 3547 607 cum
3588 537 3932 626 adjunct0,

2374 650 2747 744 praedicant
2776 655 3094 713 naturam
3139 644 3323 713 illius
3356 647 3427 714 iu
3466 646 3714 714 divinis
3761 645 3785 709 τ’
3819 640 3936 708 sed

2376 758 2646 849 quando
2680 755 2986 823 absolute
3034 763 3390 845 ponuntur
3438 757 3507 821 in
3558 749 3933 820 masculino

2374 886 2645 954 genere,
2692 861 3307 937 substantivantur,
3343 861 3455 928 vel
3486 859 3814 947 adjective
3837 877 3938 922 re-

2375 975 2686 1041 seruntur
2762 970 2848 1038 ad
2918 989 3275 1058 personas,
3361 969 3493 1038 l'er
3556 968 3689 1036 hoc
3754 967 3938 1055 patet

2377 1081 2581 1147 etiam
2613 1075 2865 1157 solutio
2893 1073 2980 1141 ad
3008 1095 3331 1164 sequenS.

2462 1188 2566 1254 An
2609 1208 2806 1253 amun
2846 1182 3240 1264 dicendum,
3276 1185 3460 1273 quod
3509 1182 3693 1251 aliud
3723 1190 3825 1250 est
3862 1168 3933 1247 in
4042 1200 4122 1244 Ad
4150 1201 4194 1245 a.

2373 1297 2591 1375 albuS,
2640 1303 2798 1379 etc„
2835 1294 2996 1385 quia
3043 1314 3224 1359 unus
3274 1301 3340 1359 et
3389 1316 3605 1360 unum
3651 1299 3810 1361 sunt
3845 1288 3930 1368 ab

2373 1415 2522 1474 actu
2563 1404 2801 1471 formae
2850 1398 3263 1492 generaliter
3299 1410 3590 1491 acceptae
3620 1401 3691 1466 in
3742 1398 3930 1466 omni

2372 1519 2525 1580 ente
2561 1535 2576 1579 ε
2611 1508 2844 1578 album
2883 1515 3115 1574 autem
3147 1513 3213 1573 et
3261 1504 3659 1595 hujusmodi
3700 1506 3932 1573 dicunt

2370 1620 2664 1711 speciem
2705 1617 3227 1685 determinatam
3281 1637 3299 1682 z
3355 1625 3423 1684 et
3452 1617 3604 1684 ideo
3657 1614 3929 1682 termini

2370 1725 2756 1827 numerales
2800 1747 2941 1793 non
2990 1723 3513 1814 aequivocantur
3548 1722 3924 1792 secundum

2372 1836 2557 1929 quod
2580 1836 3004 1927 applicantur
3035 1832 3321 1900 diversis
3355 1856 3370 1899 :
3410 1834 3569 1924 quia
3608 1853 3929 1900 mensura

2371 1968 2509 2013 non
2532 1945 2774 2035 accipit
2821 1942 3158 2010 rationem
3197 1962 3238 2006 a
3271 1942 3679 2010 mensuratis
3712 1963 3727 2008 ε
3765 1940 3926 2030 quia

2374 2051 2568 2118 aliter
2595 2071 2735 2116 non
2781 2054 2961 2116 esset
3005 2045 3189 2113 idem
3241 2067 3571 2114 numerus
3618 2067 3755 2136 quo
3794 2067 3930 2111 nu-

2372 2178 2715 2226 meramus
2745 2177 2971 2232 canes,
3022 2161 3091 2220 et
3126 2150 3447 2221 homines
3480 2175 3497 2223 ε
3531 2152 3651 2222 sed
3688 2151 3931 2241 accipit

2374 2266 2834 2334 diversitatem
2865 2284 2905 2330 a
2934 2261 3205 2329 diversa
3235 2261 3501 2329 ratione
3533 2282 3929 2329 mensuran-

2374 2372 2467 2453 di,
2509 2374 2681 2440 sicut
2729 2368 3025 2448 modiuS,
3077 2376 3146 2437 et
3183 2367 3343 2436 ulna
3379 2394 3396 2438 ε
3441 2369 3560 2438 sed
3599 2370 3758 2461 quia
3805 2391 3932 2435 nu-

2374 2504 2600 2549 merus
2630 2480 2699 2547 in
2738 2478 2927 2547 omni
2960 2475 3364 2568 quantitatis
3408 2477 3631 2570 specie
3661 2474 3928 2567 simpli-

2370 2590 2513 2657 cior
2539 2596 2664 2673 est,
2699 2584 2855 2655 ideo
2898 2606 3039 2652 non
3090 2583 3273 2674 capit
3323 2583 3786 2652 diversitatem
3827 2605 3929 2650 ra-

2369 2696 2574 2765 tionis
2613 2716 2653 2762 a
2699 2694 3103 2772 numeratis,
3137 2689 3258 2758 sed
3307 2702 3530 2781 potest
3567 2691 3764 2759 alicui
3814 2713 3930 2780 ap-

2369 2802 2699 2894 propriari
2734 2805 2802 2870 in
2850 2822 2992 2869 uno
3029 2820 3307 2891 genere,
3340 2803 3450 2869 eui
3499 2825 3637 2871 non
3677 2823 3929 2892 appro-

2364 2913 2626 3002 priatur
2683 2912 2749 2978 in
2798 2910 2934 2977 alio
2998 2930 3015 2976 ε
3073 2918 3138 2976 et
3198 2908 3349 2976 ideo
3392 2909 3700 2978 absolute
3749 2909 3928 2977 dicta

2365 3042 2567 3098 unus,
2621 3039 2784 3096 una,
2825 3039 3072 3097 unum,
3122 3016 3331 3083 unius
3389 3018 3670 3087 rationis
3711 3026 3866 3084 sunt
3903 3041 3919 3085 ε

2364 3138 2427 3200 et
2472 3136 2701 3197 tamen
2738 3146 2918 3193 unus
2966 3122 3051 3191 ad
3096 3145 3462 3215 personam
3519 3124 3825 3206 refertur,
3862 3132 3929 3192 et

2365 3259 2576 3305 unum
2644 3234 2730 3302 ad
2773 3233 3168 3310 essentiam,
3230 3233 3506 3322 quando
3562 3241 3929 3300 sumuntur

713 3351 816 3411 est
868 3339 1242 3409 secundum
1309 3337 1492 3430 quod
1558 3360 1770 3404 unum
1835 3337 2255 3405 convertitur
2357 3342 2667 3411 absolute
2717 3347 2995 3432 propter
3062 3360 3339 3408 causam
3400 3342 3586 3437 prius
3642 3339 3920 3408 dictam.

712 3473 868 3520 cum
907 3457 1061 3518 ente
1096 3471 1112 3517 ε
1146 3457 1213 3516 et
1234 3448 1403 3516 bene
1448 3445 1746 3514 concedo
1777 3442 1909 3513 hoc
1938 3445 2121 3535 quod
2154 3445 2246 3513 illi

1081 3959 1173 4032 D.
1214 3956 1376 4048 Quo
1402 3983 1630 4035 sensu
1656 3958 1964 4051 dicitnr,
1993 3984 2194 4039 unias
2223 3966 2334 4033 est
2362 3958 2627 4053 Pater,
2673 3957 2801 4032 rel
2826 3981 3027 4032 mnes
3065 3966 3178 4033 ext
3211 3958 3472 4033 Filius
3492 3963 3539 4037 ‚9

803 4296 1173 4372 Similiter
1218 4322 1390 4371 eum
1434 4299 1739 4395 dieitur,
1796 4324 1999 4375 unus
2054 4312 2166 4375 est
2210 4300 2460 4386 Pater,
2508 4298 2625 4373 vel
2678 4322 2881 4373 uuus
2940 4308 3055 4373 est
3099 4297 3369 4390 Filius,
3406 4315 3473 4373 et
3530 4302 3920 4398 hujusmo-

703 4429 777 4504 di
827 4453 844 4506 :
890 4430 1082 4504 ratio
1131 4430 1308 4505 dicti
1369 4434 1532 4507 lunc
1581 4443 1717 4521 est,
1758 4435 1962 4533 quod
2023 4459 2174 4509 non
2227 4445 2402 4510 sunt
2452 4433 2668 4508 multi
2733 4443 3018 4533 patres,
3064 4435 3188 4506 vet
3235 4435 3455 4510 multi
3494 4437 3659 4531 tilii,
3696 4437 3800 4511 ita
3843 4447 3920 4510 et

704 4565 796 4638 de
837 4564 1248 4640 similibuS.

804 4698 1019 4791 Item,
1056 4722 1229 4773 cum
1278 4699 1604 4774 dicimus
1646 4701 1904 4799 plures
1951 4724 2119 4776 esse
2177 4726 2569 4800 personaS,
2608 4700 3224 4796 singularitatem
3287 4712 3522 4803 atque
3573 4705 3919 4779 solitudi-

705 4855 880 4907 nem
925 4832 1429 4922 excludimus,
1493 4858 1631 4908 nee
1671 4835 2184 4910 diversitatem
2231 4860 2369 4911 nec
2403 4834 3044 4933 multiplicitatem
3082 4834 3185 4908 ilii
3224 4837 3588 4933 ponimus
3632 4861 3649 4912 ε
3687 4838 3909 4937 quasi

702 4968 1112 5062 diceretur,
1147 4969 1330 5044 Siue
1372 4969 1785 5045 solitudine
1834 4994 1922 5044 ac
1967 4969 2499 5067 singularitate
2551 4995 2923 5071 personas
2963 4969 3457 5049 eonfitemur.
3509 4975 3725 5053 Unde
3771 4978 3912 5053 lli-

705 5101 943 5177 larius
984 5102 1058 5176 in
1105 5103 1299 5178 libro
1341 5102 1439 5177 IV
1470 5103 1566 5179 de
1624 5103 2021 5195 Trinitale,
2065 5104 2172 5178 sie
2219 5105 2324 5179 ait
2359 5129 2376 5179 ε
2413 5105 2619 5180 Dixit
2648 5105 2882 5194 Deus,
2923 5107 3347 5182 Faciamus
3384 5109 3773 5185 hominem
3806 5113 3914 5189 ael

703 5236 1120 5332 inzayinem
1159 5244 1233 5310 et
1266 5236 1855 5312 simulitudinem
1905 5244 2242 5313 nostram
2289 5238 2304 5272 ¹

2320 5294 2336 5311 .
2384 5239 2664 5326 Quatro
2717 5264 2927 5316 nunc
2984 5264 3080 5315 au
3145 5242 3397 5315 solum
3455 5244 3701 5320 Deum
3760 5247 3906 5322 sibi

701 5372 1041 5445 locutum
1074 5369 1489 5465 existimes,
1524 5394 1621 5445 an
1658 5372 1862 5445 hunc
1893 5394 2322 5446 sermonem
2357 5372 2526 5469 ejus
2556 5374 2942 5470 intelligas
2971 5374 3063 5449 ad
3095 5374 3426 5449 alterum
3472 5380 3908 5457 exstitisse?

771 5714 788 5748 ¹
819 5713 1005 5769 Genes
1058 5730 1096 5780 ι,
1120 5714 1210 5766 26.
