4897 6388
604 295 607 296 *
637 313 768 380 '122

356 431 487 466 ''ae

374 513 459 568 Αό
483 524 522 563 2.
580 485 596 517 ²

124 875 127 876 ν
184 913 187 918 .
286 841 537 900 adquae-t.
562 844 605 891 4.

146 3794 151 3799 *
265 3768 358 3817 flod
382 3773 570 3817 contro.

728 484 833 549 An
896 506 960 550 ω
1021 483 1206 574 quod
1263 484 1583 574 objicitur
1647 485 1730 553 de
1766 481 2184 563 ²Bernardo‚

1501 319 1505 323 ’
1620 311 1955 381 D.‘ALB.
2008 310 2223 379 MAG.
2276 309 2482 379 ORD.
2533 309 2830 379 PRAED.

2304 492 2403 550 est
2432 492 2733 573 respectu
2767 483 3114 573 suiipsius,
3161 483 3305 573 ipsa
3333 482 3560 548 anima
3600 487 3700 546 est
3729 476 3846 544 cb-
3876 475 3890 488 “
4009 483 4018 505 ”
4090 537 4104 552 ,

640 591 1187 682 respondendum
1217 594 1400 684 quod
1439 595 1583 684 ipse
1622 601 1977 661 enumerat
2040 591 2192 682 glo·
2293 592 2548 677 jectum
2624 592 3061 681 cognitionis,
3136 599 3203 659 et
3264 592 3333 657 in
3391 589 3656 677 objecto
3714 592 3845 652 stat

638 698 969 768 rilicantia
1001 703 1226 792 potius
1258 724 1464 791 quam
1506 701 1827 768 creantia.

721 912 827 979 An
863 935 1061 979 Auno
1154 911 1543 990 dicendum,
1617 911 1801 1001 quod
1867 911 2184 1001 potentiae

633 1019 950 1109 imaginis
1011 1027 1171 1084 sunt
1225 1017 1616 1086 immediate
1675 1019 1745 1085 in
1784 1018 2032 1097 Deum,
2068 1016 2184 1083 sed

626 1125 923 1215 politicae
976 1126 1262 1193 virtutes
1313 1148 1451 1193 non
1515 1149 1529 1192 :
1601 1133 1668 1193 et
1724 1124 1875 1192 ideo
1942 1125 2011 1190 in
2052 1123 2182 1190 illis

625 1255 767 1301 non
797 1241 899 1300 est
927 1235 1158 1323 imago
1187 1234 1651 1302 recreationis.

1014 1575 1521 1646 ARTICULUS
1552 1574 1777 1643 XXII.

621 1818 952 1907 Respectu
990 1817 1199 1905 cujus
1229 1817 1481 1905 objecti
1515 1819 1657 1883 sive
1701 1815 2176 1906 coqnoscibilis

1186 1928 1278 1993 sit
1316 1927 1547 2016 imaqo
1575 1922 1615 1991 ?

708 2191 968 2272 Quarto
1017 2193 1364 2283 quaeritur,
1418 2191 1754 2281 Respectu
1811 2190 2006 2279 cujus
2056 2188 2174 2257 ob·

606 2304 769 2391 jeeti
809 2303 954 2370 sive
982 2300 1465 2394 cognoscibilis
1504 2300 1767 2368 dicatur
1801 2302 2084 2391 imago?

710 2413 771 2477 1.
806 2410 893 2477 Et
919 2410 1215 2489 videtur,
1248 2408 1434 2500 quod
1468 2417 1772 2499 respectu
1801 2411 2112 2477 omnium
2148 2432 2164 2479 ε

616 2520 779 2610 quia
854 2520 923 2587 in
964 2518 1286 2588 omnibus
1341 2526 1443 2587 est
1482 2521 1636 2597 ista,
1680 2516 1864 2608 quod
1912 2517 2172 2587 intelle·

612 2635 761 2695 ctus
795 2635 1019 2717 potest
1050 2625 1402 2694 informari
1435 2648 1520 2692 ex
1561 2626 1921 2706 memoria,
1946 2632 2014 2694 et
2042 2648 2169 2694 vo-

610 2732 842 2802 luntas
872 2756 953 2801 ex
998 2742 1314 2824 utroque.

701 2843 769 2910 2.
805 2841 1171 2922 Praeterea,
1206 2841 1354 2909 lloc
1391 2840 1661 2908 videtur
1700 2840 1872 2908 velle
1937 2841 2170 2931 Augu-

609 2951 829 3019 stinus
881 2973 1036 3018 cum
1078 2950 1263 3032 dicit,
1307 2949 1491 3040 quod
1531 2957 1673 3017 tota
1704 2951 2034 3016 memoria
2071 2957 2170 3017 est

609 3059 681 3127 in
714 3058 1056 3127 intellectu
1092 3069 1157 3128 et
1186 3058 1563 3137 voluntate,
1597 3066 1664 3125 et
1703 3083 1739 3126 e
1780 3080 2110 3126 converso
2145 3081 2161 3125 :

609 3167 1035 3237 nonhabent
1073 3178 1306 3236 autem
1370 3165 1781 3235 totalitatem
1841 3167 1985 3235 istae
2035 3189 2168 3258 po-

605 3278 840 3345 tentiae
898 3278 1025 3346 nisi
1087 3285 1395 3367 respectu
1462 3273 1887 3366 objectorum
1942 3297 2165 3367 :ergo

607 3382 899 3461 videtur,
944 3385 1129 3475 quod
1172 3391 1480 3475 respectu
1520 3383 1832 3451 omnium
1872 3382 2170 3473 objecto-

609 3514 762 3561 rum
795 3491 1256 3582 distinguatur
1281 3492 1539 3581 imago.

706 3706 840 3775 San
869 3729 1121 3775 comas
1200 3725 1218 3775 ε

711 3816 773 3882 1.
846 3815 1272 3905 Augustinus
1328 3834 1534 3903 supra
1592 3812 1683 3878 ita
1737 3817 2092 3879 enumerat
2146 3833 2161 3878 ε

622 3949 658 3991 ι
700 3926 897 3993 Mens
925 3923 1240 3990 meminit
1286 3945 1381 3999 se,
1435 3919 1772 4009 intelliyit
1796 3943 1892 3999 se,
1927 3917 2168 4009 diliqit

613 4053 685 4097 se
714 4052 737 4096 .·
768 4058 801 4090 ι
870 4051 1038 4120 ergo
1085 4028 1380 4111 videtur,
1460 4026 1646 4118 quod
1695 4034 2006 4118 respectu
2058 4025 2163 4093 sui

616 4145 882 4207 tantum
914 4137 1308 4228 accipiatur.

703 4247 766 4313 2.
815 4243 1181 4320 l'raeterea‚
1225 4244 1662 4332 Cognoscens
1701 4249 1767 4308 et
1814 4241 2163 4331 cognitum

615 4350 868 4421 habent
922 4351 1442 4419 similitudinem
1482 4372 1638 4417 cum
1692 4349 1892 4416 l‘atre
1939 4357 2006 4415 et
2057 4348 2165 4416 Fi·

612 4460 760 4531 lio:
814 4484 976 4552 ergo
1028 4470 1293 4529 tanturn
1341 4458 1541 4530 debet
1597 4481 1743 4527 esse
1783 4457 2160 4549 cognitum,

613 4577 945 4660 quantum
1003 4592 1424 4660 cognoscens
1476 4590 1491 4635 ε
1538 4573 1656 4635 sed
1722 4589 1878 4634 cum
1937 4566 2163 4633 anima

609 4677 961 4768 cognoscit
991 4676 1336 4751 interiora,
1374 4698 1512 4743 non
1570 4681 1835 4742 tantum
1895 4681 1994 4741 est
2042 4695 2160 4740 co·

608 4783 878 4873 gnitum
919 4793 1252 4875 quantum
1319 4805 1741 4874 cognoscens
1802 4805 1816 4849 :
1879 4805 2043 4873 ergo
2095 4782 2159 4849 in

608 4888 715 4959 his
753 4914 894 4959 non
922 4902 1024 4961 est
1051 4894 1306 4982 imago.

699 4999 766 5067 3.
803 4998 1160 5068 l‘raeterea.
1196 4997 1273 5067 In
1314 4998 1448 5066 illis
1486 5020 1627 5066 non
1677 5008 1779 5066 est
1822 5006 2011 5066 tanta
2048 5019 2164 5066 vo-

614 5108 867 5185 luntas,
910 5115 1209 5197 quantus
1251 5106 1637 5175 intellectus
1696 5106 2083 5197 frequenter
2139 5128 2155 5174 ε

612 5241 774 5310 ergo
841 5216 1132 5297 videtur,
1203 5218 1386 5308 quod
1455 5219 1523 5285 in
1576 5216 1825 5285 talibus
1881 5216 2161 5306 objectis

610 5348 751 5394 non
788 5327 876 5393 sit
906 5326 1133 5415 imago
1165 5326 1234 5393 in
1266 5326 1519 5394 anima.

698 5434 764 5501 4.
810 5431 884 5501 Si
916 5432 1090 5503 forte
1129 5434 1417 5515 dicatur,
1477 5433 1663 5525 quod
1737 5430 1869 5502 hoc
1922 5454 2159 5500 verum

612 5549 710 5611 est
747 5564 763 5608 τ
804 5543 923 5611 sed
999 5552 1101 5610 est
1159 5551 1463 5633 respectu
1503 5544 1825 5632 suiipsius
1860 5549 2157 5626 tantum,

612 5658 680 5720 et
716 5674 855 5719 non
895 5662 1201 5742 respectu
1253 5651 1400 5719 Dei.
1454 5649 1724 5719 comni
1784 5673 1800 5717 :
1872 5648 2160 5728 Quando

2299 700 2596 789 cognitio
2654 698 3033 766 intellectus
3085 721 3100 765 :
3145 721 3306 788 ergo
3351 699 3516 765 ratio
3575 701 3708 764 stat
3775 694 3840 759 in

2300 805 2444 894 ipsa
2498 828 2511 873 :
2560 828 2718 896 ergo
2774 827 2912 873 non
2970 804 3155 871 ducit
3217 804 3289 870 in
3353 804 3575 870 Deum
3640 823 3654 868 ε
3725 796 3843 864 sed

2297 913 2613 1003 imaginis
2678 922 2777 982 est
2815 912 3062 982 ducere
3102 913 3172 979 in
3201 913 3421 980 Deum
3458 934 3473 976 :
3525 931 3687 999 ergo
3730 929 3840 973 re-

2296 1028 2530 1109 spectu
2561 1022 2880 1111 suiipsius
2902 1029 2979 1090 ut
3007 1021 3254 1111 objecti
3271 1042 3409 1087 non
3450 1028 3550 1085 est
3578 1019 3830 1106 imago.

2382 1129 2446 1196 5.
2515 1126 2588 1195 Si
2646 1128 2910 1197 dicatur
2975 1138 3211 1197 contra
3264 1127 3418 1211 hoc,
3490 1124 3674 1216 quod
3737 1130 3839 1192 est

2295 1243 2598 1325 respectu
2663 1236 2790 1304 Dei
2858 1243 3122 1304 tantum
3179 1260 3193 1304 :
3258 1234 3391 1303 hoc
3429 1235 3554 1302 erit
3602 1239 3838 1300 contra

2291 1343 2751 1433 Augustinum
2790 1344 2907 1434 qui
2963 1343 3167 1412 dicit:
3218 1368 3252 1408 α
3301 1346 3495 1410 Mens
3525 1340 3834 1408 meminit

2287 1474 2380 1531 se,
2409 1451 2858 1542 intelligam,
2895 1459 3021 1521 etc.
3044 1476 3076 1518 n
3096 1451 3458 1529 Praeterea,
3484 1449 3655 1518 Cum
3690 1470 3837 1515 me-

2291 1561 2486 1626 minit
2522 1559 2744 1628 Deum
2810 1565 2876 1628 et
2928 1559 3272 1651 intelligit,
3334 1557 3716 1626 intellectus
3771 1564 3838 1625 et

2286 1665 2702 1734 intellectum
2785 1690 2924 1735 non
3007 1667 3636 1758 proportionantur,
3716 1660 3829 1731 sed

2285 1771 2534 1840 distant
2592 1797 2609 1842 τ
2678 1796 2839 1865 ergo
2901 1783 3064 1843 tunc
3106 1797 3244 1843 non
3312 1782 3537 1865 aequat
3574 1794 3835 1863 cogno-

2284 1904 2476 1949 scens
2513 1883 2887 1972 cognitum,
2940 1883 3125 1974 quod
3160 1883 3432 1951 videtur
3470 1904 3616 1950 esse
3662 1903 3832 1950 con-

2280 1998 2383 2058 tra
2405 1990 2735 2059 rationem
2774 1990 3114 2082 imaginis.

2371 2198 2677 2269 Somno.
2713 2201 2818 2269 Ad
2841 2201 2972 2270 hoc
3011 2202 3158 2270 sine
3211 2200 3607 2292 praejudicio
3647 2201 3825 2282 dico,
3913 2215 4119 2263 solano.

2280 2310 2461 2400 quod
2490 2319 2592 2379 est
2618 2320 2922 2401 respectu
2952 2312 3096 2380 veri
3127 2319 3193 2380 et
3236 2311 3398 2380 boni
3450 2311 3637 2402 quod
3685 2312 3827 2402 ipsa

2277 2420 2506 2488 anima
2559 2430 2684 2498 est,
2745 2443 2899 2511 quae
2980 2444 3254 2512 semper
3305 2422 3435 2489 sibi
3533 2443 3828 2513 praesens
3882 2450 3887 2455 ·

2278 2539 2402 2610 est,
2436 2537 2502 2598 et
2527 2529 2697 2598 nihil
2736 2529 2903 2599 adeo
2935 2554 3230 2621 praesens
3277 2540 3381 2599 est
3434 2533 3707 2614 animae,
3754 2536 3830 2597 ut

2277 2636 2436 2704 dicit
2475 2637 2919 2729 Augustinus,
2961 2639 3137 2707 sicut
3200 2640 3345 2729 ipsa
3405 2637 3533 2706 sibi
3603 2657 3825 2728 respe-

2275 2753 2385 2811 ctu
2424 2745 2567 2811 veri
2596 2753 2662 2813 et
2705 2744 2868 2813 boni
2912 2744 3313 2814 naturaliter
3368 2745 3440 2812 in
3492 2767 3598 2828 ea,
3641 2740 3825 2836 quod

2274 2861 2375 2919 est
2403 2851 2582 2919 Deus
2622 2874 2638 2921 ε
2683 2853 2870 2943 quod
2934 2852 3227 2942 qualiter
3290 2854 3379 2921 sit
3433 2855 3532 2922 sic
3596 2862 3822 2944 patere

2273 2967 2517 3047 potest.
2549 2955 2816 3050 Aliquis
2845 2958 3031 3027 videt
3063 2958 3430 3028 Herculem
3470 2962 3541 3027 in
3601 2958 3820 3039 vultu,

2270 3074 2336 3132 et
2377 3073 2538 3133 tunc
2566 3064 3010 3135 determinate
3041 3067 3394 3156 cognoscit
3427 3063 3819 3150 Herculem,

2271 3180 2335 3238 et
2379 3171 2711 3240 formatur
2755 3171 2992 3241 oculus
3046 3173 3193 3262 ejus
3246 3172 3620 3241 secundum
3661 3193 3823 3263 spe-

2270 3277 2440 3345 ciem
2493 3277 2824 3349 llerculis.
2874 3278 3143 3369 Aliquis
3197 3280 3403 3361 etiam
3454 3302 3592 3348 non
3639 3278 3825 3347 videt

2272 3382 2632 3453 Herculem
2687 3389 2758 3454 in
2813 3385 3031 3466 vultu,
3103 3386 3223 3455 sed
3277 3385 3462 3455 videt
3525 3410 3684 3456 eum
3751 3388 3823 3454 in

2270 3492 2572 3583 speculo,
2631 3493 2739 3561 vel
2805 3502 3062 3562 statura
3124 3494 3254 3562 sibi
3312 3492 3712 3562 simillima:
3756 3501 3825 3562 et

2270 3606 2430 3667 tunc
2475 3600 2643 3669 visio
2683 3601 2828 3688 ejus
2888 3602 2955 3667 in
3023 3622 3227 3668 sensu
3284 3602 3528 3692 accipit
3576 3623 3819 3680 unum,

2270 3716 2336 3773 et
2356 3729 2474 3796 per
2506 3705 2669 3775 illud
2715 3706 2898 3774 aliud
2944 3707 3133 3776 venit
3185 3709 3255 3775 in
3314 3709 3648 3777 rationem
3695 3731 3712 3775 :
3756 3715 3825 3778 et

2272 3814 2339 3880 in
2385 3823 2670 3905 utroque
2727 3823 2879 3883 actu
2924 3813 3111 3883 videt
3163 3813 3549 3896 Herculem,
3591 3815 3710 3885 sed
3750 3817 3821 3884 in

2271 3919 2490 4008 prima
2532 3919 2794 3987 visione
2855 3918 3040 3987 videt
3102 3920 3375 3988 certius.
3450 3920 3550 3988 lta
3638 3920 3819 4004 dico,

2273 4026 2455 4116 quod
2492 4028 2720 4094 anima
2755 4049 2874 4118 per
2903 4025 3348 4104 intellectum,
3388 4031 3818 4115 memoriam,

2270 4141 2336 4201 et
2365 4133 2785 4203 voluntatem
2825 4142 3046 4224 potest
3085 4134 3476 4203 immediate
3537 4134 3694 4205 ferri
3753 4139 3818 4207 in

2270 4239 2489 4309 Deum
2528 4265 2542 4308 :
2577 4249 2643 4309 et
2669 4249 2830 4309 tunc
2858 4249 3012 4309 actu
3044 4241 3349 4309 imitatur
3381 4251 3446 4309 et
3485 4241 3820 4312 formatur
3915 4273 3924 4280 ·

2256 4347 2351 4414 vad
2381 4348 2778 4415 Trinitatem
2809 4354 2874 4415 et
2904 4348 3255 4416 unitatem.
3315 4347 3584 4439 Aliquis
3612 4350 3816 4419 etiam

2268 4466 2491 4547 potest
2538 4464 2927 4525 convertere
2983 4479 3055 4524 se
3122 4456 3205 4524 ad
3264 4457 3443 4548 ipsas
3483 4461 3818 4548 potentias

2270 4573 2470 4656 prout
2498 4572 2655 4631 sunt
2683 4586 2766 4632 ex
2795 4587 2865 4632 se
2906 4564 3228 4645 invicem,
3261 4573 3329 4632 et
3377 4575 3655 4656 aequant
3689 4589 3762 4636 se
3796 4589 3811 4635 :

2271 4682 2336 4742 et
2374 4674 2470 4740 sic
2518 4673 2761 4740 iterum
2819 4669 3033 4740 tendit
3089 4673 3157 4739 in
3212 4671 3629 4754 Creatorem,
3699 4673 3816 4743 sed

2270 4784 2503 4875 incipit
2530 4806 2568 4851 a
2597 4792 2901 4852 creatura
2938 4806 2953 4851 :
3016 4793 3085 4851 et
3128 4784 3182 4850 si
3227 4782 3640 4875 quandoque
3683 4809 3816 4853 no-

2266 4892 2513 4961 scendo
2543 4915 2613 4961 se
2645 4914 2783 4959 non
2813 4890 3104 4960 advertit
3134 4900 3205 4957 ut
3243 4888 3327 4957 ab
3375 4888 3504 4959 hoc
3534 4891 3818 4962 ducatur

2268 5003 2337 5091 in
2375 5000 2622 5082 Deum,
2658 5009 2815 5068 tunc
2865 4997 3302 5067 habitualiter
3331 4998 3438 5068 vel
3479 5003 3814 5091 potentia-

2265 5108 2417 5176 liter
2457 5109 2780 5177 imitatur.
2842 5106 3178 5196 Respeetu
3224 5114 3451 5174 autem
3521 5106 3809 5178 aliorum

2263 5216 2821 5307 cognoscibilium
2836 5221 3086 5282 nonest
3109 5217 3360 5303 imago,
3372 5237 3521 5283 meo
3538 5218 3811 5308 quidem

2255 5325 2538 5412 judicio,
2573 5325 2689 5394 sed
2715 5325 3091 5393 intellectus
3129 5347 3355 5394 rerum
3389 5327 3808 5395 inferiorum.

2264 5430 2560 5511 Quidam
2590 5440 2817 5500 autem
2848 5430 2958 5498 hic
2986 5430 3185 5499 valde
3214 5432 3409 5501 aliter
3436 5432 3695 5512 dicunt,
3728 5432 3810 5502 de

2264 5563 2557 5633 quorum
2590 5536 3026 5630 opinionibus
3065 5539 3407 5629 disputare
3436 5539 3632 5608 valde
3659 5539 3809 5608 lon·

2262 5671 2425 5739 gum
2457 5655 2654 5717 esset.
