<?xml version="1.0" encoding="UTF-8"?>
<!DOCTYPE html PUBLIC "-//W3C//DTD XHTML 1.0 Transitional//EN"
    "http://www.w3.org/TR/xhtml1/DTD/xhtml1-transitional.dtd">
<html xmlns="http://www.w3.org/1999/xhtml" xml:lang="en" lang="en">
 <head>
  <title>
</title>
<meta http-equiv="Content-Type" content="text/html;charset=utf-8" />
  <meta name='ocr-system' content='tesseract 3.04.00' />
  <meta name='ocr-capabilities' content='ocr_page ocr_carea ocr_par ocr_line ocrx_word'/>
</head>
<body>
  <div class='ocr_page' id='page_1' title='image "balbertimagnira03chgoog_0406.png"; bbox 0 0 4897 6388; ppageno 0'>
   <div class='ocr_carea' id='block_1_1' title="bbox 545 829 686 875">
    <p class='ocr_par' dir='ltr' id='par_1_1' title="bbox 545 829 686 875">
     <span class='ocr_line' id='line_1_1' title="bbox 545 829 686 875; baseline 0.014 -2"><span class='ocrx_word' id='word_1_1' title='bbox 545 829 618 874; x_wconf 73' lang='lat' dir='ltr'><strong>Ad</strong></span> <span class='ocrx_word' id='word_1_2' title='bbox 644 830 686 875; x_wconf 75' lang='grc' dir='ltr'><strong>ὖ.</strong></span> 
     </span>
    </p>
   </div>
   <div class='ocr_carea' id='block_1_2' title="bbox 522 2569 674 2619">
    <p class='ocr_par' dir='ltr' id='par_1_2' title="bbox 522 2569 674 2619">
     <span class='ocr_line' id='line_1_2' title="bbox 522 2569 674 2619; baseline 0.026 -4"><span class='ocrx_word' id='word_1_3' title='bbox 522 2569 606 2616; x_wconf 71' lang='lat' dir='ltr'><strong>Ad</strong></span> <span class='ocrx_word' id='word_1_4' title='bbox 630 2571 674 2619; x_wconf 71' lang='grc'><strong>6.</strong></span> 
     </span>
    </p>
   </div>
   <div class='ocr_carea' id='block_1_3' title="bbox 798 305 977 383">
    <p class='ocr_par' dir='ltr' id='par_1_3' title="bbox 798 305 977 383">
     <span class='ocr_line' id='line_1_3' title="bbox 798 305 977 383; baseline 0.006 -1"><span class='ocrx_word' id='word_1_5' title='bbox 798 305 927 383; x_wconf 83' lang='grc'><strong>380</strong></span> <span class='ocrx_word' id='word_1_6' title='bbox 971 327 977 333; x_wconf 87' lang='grc'><strong>’</strong></span> 
     </span>
    </p>
   </div>
   <div class='ocr_carea' id='block_1_4' title="bbox 799 481 2332 682">
    <p class='ocr_par' dir='ltr' id='par_1_4' title="bbox 799 481 2332 682">
     <span class='ocr_line' id='line_1_4' title="bbox 800 481 2332 572; baseline 0.001 -24"><span class='ocrx_word' id='word_1_7' title='bbox 800 482 1047 549; x_wconf 92' lang='lat' dir='ltr'><strong>modus</strong></span> <span class='ocrx_word' id='word_1_8' title='bbox 1085 481 1377 552; x_wconf 89' lang='lat' dir='ltr'><strong>habendi</strong></span> <span class='ocrx_word' id='word_1_9' title='bbox 1409 507 1602 552; x_wconf 89' lang='lat' dir='ltr'><strong>eam:</strong></span> <span class='ocrx_word' id='word_1_10' title='bbox 1647 492 1712 552; x_wconf 88' lang='lat' dir='ltr'><strong>et</strong></span> <span class='ocrx_word' id='word_1_11' title='bbox 1737 483 1885 551; x_wconf 84' lang='lat' dir='ltr'><strong>ideo</strong></span> <span class='ocrx_word' id='word_1_12' title='bbox 1926 483 2090 550; x_wconf 88' lang='lat' dir='ltr'><strong>illud</strong></span> <span class='ocrx_word' id='word_1_13' title='bbox 2107 482 2332 572; x_wconf 88' lang='lat' dir='ltr'><strong>aliquo</strong></span> 
     </span>
     <span class='ocr_line' id='line_1_5' title="bbox 799 590 2332 682; baseline 0 -26"><span class='ocrx_word' id='word_1_14' title='bbox 799 590 1005 658; x_wconf 92' lang='lat' dir='ltr'><strong>modo</strong></span> <span class='ocrx_word' id='word_1_15' title='bbox 1096 593 1334 661; x_wconf 83' lang='lat' dir='ltr'><strong>referri</strong></span> <span class='ocrx_word' id='word_1_16' title='bbox 1407 601 1627 682; x_wconf 88' lang='lat' dir='ltr'><strong>potest</strong></span> <span class='ocrx_word' id='word_1_17' title='bbox 1716 592 1802 659; x_wconf 91' lang='lat' dir='ltr'><strong>ad</strong></span> <span class='ocrx_word' id='word_1_18' title='bbox 1865 592 2332 660; x_wconf 88' lang='lat' dir='ltr'><strong>auctoritatem</strong></span> 
     </span>
    </p>
   </div>
   <div class='ocr_carea' id='block_1_5' title="bbox 798 701 2331 895">
    <p class='ocr_par' dir='ltr' id='par_1_5' title="bbox 798 701 2331 895">
     <span class='ocr_line' id='line_1_6' title="bbox 798 701 1277 788; baseline 0.01 -24"><span class='ocrx_word' id='word_1_19' title='bbox 798 701 1277 788; x_wconf 79' lang='lat' dir='ltr'>generationis,</span> 
     </span>
     <span class='ocr_line' id='line_1_7' title="bbox 885 805 2331 895; baseline -0.001 -22"><span class='ocrx_word' id='word_1_20' title='bbox 885 806 989 873; x_wconf 89' lang='lat' dir='ltr'><strong>An</strong></span> <span class='ocrx_word' id='word_1_21' title='bbox 1047 831 1242 876; x_wconf 72' lang='lat' dir='ltr'><strong>Anum</strong></span> <span class='ocrx_word' id='word_1_22' title='bbox 1295 807 1676 886; x_wconf 92' lang='lat' dir='ltr'><strong>dicendum,</strong></span> <span class='ocrx_word' id='word_1_23' title='bbox 1726 806 1907 895; x_wconf 91' lang='lat' dir='ltr'><strong>quod</strong></span> <span class='ocrx_word' id='word_1_24' title='bbox 1972 805 2331 873; x_wconf 87' lang='lat' dir='ltr'><strong>auctoritas</strong></span> 
     </span>
    </p>
   </div>
   <div class='ocr_carea' id='block_1_6' title="bbox 715 912 2332 1001">
    <p class='ocr_par' dir='ltr' id='par_1_6' title="bbox 715 912 2332 1001">
     <span class='ocr_line' id='line_1_8' title="bbox 715 912 2332 1001; baseline -0.001 -21"><span class='ocrx_word' id='word_1_25' title='bbox 715 935 720 938; x_wconf 70' lang='grc'><em>“</em></span> <span class='ocrx_word' id='word_1_26' title='bbox 794 922 896 981; x_wconf 87' lang='lat' dir='ltr'><strong>est</strong></span> <span class='ocrx_word' id='word_1_27' title='bbox 932 937 1132 982; x_wconf 91' lang='lat' dir='ltr'><strong>causa</strong></span> <span class='ocrx_word' id='word_1_28' title='bbox 1163 915 1635 992; x_wconf 88' lang='lat' dir='ltr'><strong>distinctionis,</strong></span> <span class='ocrx_word' id='word_1_29' title='bbox 1687 935 1766 981; x_wconf 92' lang='lat' dir='ltr'><strong>eo</strong></span> <span class='ocrx_word' id='word_1_30' title='bbox 1797 912 1999 980; x_wconf 91' lang='lat' dir='ltr'><strong>modo</strong></span> <span class='ocrx_word' id='word_1_31' title='bbox 2049 935 2182 1001; x_wconf 91' lang='lat' dir='ltr'><strong>quo</strong></span> <span class='ocrx_word' id='word_1_32' title='bbox 2231 935 2332 979; x_wconf 88' lang='lat' dir='ltr'><strong>re-</strong></span> 
     </span>
    </p>
   </div>
   <div class='ocr_carea' id='block_1_7' title="bbox 763 1021 2329 3379">
    <p class='ocr_par' dir='ltr' id='par_1_7' title="bbox 775 1021 2329 2495">
     <span class='ocr_line' id='line_1_9' title="bbox 788 1021 2329 1115; baseline 0.001 -27"><span class='ocrx_word' id='word_1_33' title='bbox 788 1021 1000 1090; x_wconf 89' lang='lat' dir='ltr'><strong>fertur</strong></span> <span class='ocrx_word' id='word_1_34' title='bbox 1029 1024 1112 1090; x_wconf 89' lang='lat' dir='ltr'><strong>ad</strong></span> <span class='ocrx_word' id='word_1_35' title='bbox 1157 1032 1476 1115; x_wconf 84' lang='lat' dir='ltr'><strong>generata</strong></span> <span class='ocrx_word' id='word_1_36' title='bbox 1513 1024 1655 1091; x_wconf 91' lang='lat' dir='ltr'><strong>sive</strong></span> <span class='ocrx_word' id='word_1_37' title='bbox 1694 1023 1779 1090; x_wconf 91' lang='lat' dir='ltr'><strong>ad</strong></span> <span class='ocrx_word' id='word_1_38' title='bbox 1812 1024 2158 1113; x_wconf 90' lang='lat' dir='ltr'><strong>genitum:</strong></span> <span class='ocrx_word' id='word_1_39' title='bbox 2221 1045 2329 1089; x_wconf 91' lang='lat' dir='ltr'><strong>re-</strong></span> 
     </span>
     <span class='ocr_line' id='line_1_10' title="bbox 787 1131 2321 1222; baseline -0.001 -24"><span class='ocrx_word' id='word_1_40' title='bbox 787 1132 1000 1199; x_wconf 89' lang='lat' dir='ltr'><strong>fertur</strong></span> <span class='ocrx_word' id='word_1_41' title='bbox 1051 1141 1275 1200; x_wconf 89' lang='lat' dir='ltr'><strong>autem</strong></span> <span class='ocrx_word' id='word_1_42' title='bbox 1321 1133 1406 1200; x_wconf 91' lang='lat' dir='ltr'><strong>ad</strong></span> <span class='ocrx_word' id='word_1_43' title='bbox 1460 1133 1765 1222; x_wconf 86' lang='lat' dir='ltr'><strong>genitum</strong></span> <span class='ocrx_word' id='word_1_44' title='bbox 1834 1131 2321 1214; x_wconf 85' lang='lat' dir='ltr'><strong>universaliter,</strong></span> 
     </span>
     <span class='ocr_line' id='line_1_11' title="bbox 788 1238 2327 1329; baseline 0.001 -25"><span class='ocrx_word' id='word_1_45' title='bbox 788 1259 928 1305; x_wconf 91' lang='lat' dir='ltr'><strong>non</strong></span> <span class='ocrx_word' id='word_1_46' title='bbox 959 1240 1205 1327; x_wconf 87' lang='lat' dir='ltr'><strong>primo,</strong></span> <span class='ocrx_word' id='word_1_47' title='bbox 1240 1261 1459 1329; x_wconf 91' lang='lat' dir='ltr'><strong>neque</strong></span> <span class='ocrx_word' id='word_1_48' title='bbox 1502 1260 1623 1329; x_wconf 90' lang='lat' dir='ltr'><strong>per</strong></span> <span class='ocrx_word' id='word_1_49' title='bbox 1658 1260 1772 1306; x_wconf 88' lang='lat' dir='ltr'><strong>se:</strong></span> <span class='ocrx_word' id='word_1_50' title='bbox 1809 1238 1985 1306; x_wconf 90' lang='lat' dir='ltr'><strong>unde</strong></span> <span class='ocrx_word' id='word_1_51' title='bbox 2030 1260 2169 1305; x_wconf 91' lang='lat' dir='ltr'><strong>non</strong></span> <span class='ocrx_word' id='word_1_52' title='bbox 2226 1246 2327 1305; x_wconf 85' lang='lat' dir='ltr'><strong>est</strong></span> 
     </span>
     <span class='ocr_line' id='line_1_12' title="bbox 787 1335 2326 1437; baseline 0.001 -25"><span class='ocrx_word' id='word_1_53' title='bbox 787 1353 992 1413; x_wconf 87' lang='lat' dir='ltr'><strong>causa</strong></span> <span class='ocrx_word' id='word_1_54' title='bbox 1046 1335 1493 1415; x_wconf 86' lang='lat' dir='ltr'><strong>distinctionis</strong></span> <span class='ocrx_word' id='word_1_55' title='bbox 1557 1346 1971 1437; x_wconf 91' lang='lat' dir='ltr'><strong>simpliciter,</strong></span> <span class='ocrx_word' id='word_1_56' title='bbox 2040 1346 2159 1414; x_wconf 90' lang='lat' dir='ltr'><strong>sed</strong></span> <span class='ocrx_word' id='word_1_57' title='bbox 2213 1369 2326 1413; x_wconf 89' lang='lat' dir='ltr'><strong>se-</strong></span> 
     </span>
     <span class='ocr_line' id='line_1_13' title="bbox 786 1442 2317 1545; baseline -0.001 -24"><span class='ocrx_word' id='word_1_58' title='bbox 786 1453 1083 1521; x_wconf 90' lang='lat' dir='ltr'><strong>cundum</strong></span> <span class='ocrx_word' id='word_1_59' title='bbox 1115 1442 1318 1544; x_wconf 88' lang='lat' dir='ltr'><strong>quid:</strong></span> <span class='ocrx_word' id='word_1_60' title='bbox 1369 1453 1561 1523; x_wconf 87' lang='lat' dir='ltr'><strong>verbi</strong></span> <span class='ocrx_word' id='word_1_61' title='bbox 1599 1455 1814 1545; x_wconf 88' lang='lat' dir='ltr'><strong>gratia</strong></span> <span class='ocrx_word' id='word_1_62' title='bbox 1851 1476 2007 1521; x_wconf 89' lang='lat' dir='ltr'><strong>cum</strong></span> <span class='ocrx_word' id='word_1_63' title='bbox 2055 1453 2317 1534; x_wconf 91' lang='lat' dir='ltr'><strong>dicitur,</strong></span> 
     </span>
     <span class='ocr_line' id='line_1_14' title="bbox 785 1558 2317 1651; baseline 0 -25"><span class='ocrx_word' id='word_1_64' title='bbox 785 1558 990 1628; x_wconf 91' lang='lat' dir='ltr'><strong>Pater</strong></span> <span class='ocrx_word' id='word_1_65' title='bbox 1008 1569 1107 1629; x_wconf 87' lang='lat' dir='ltr'><strong>est</strong></span> <span class='ocrx_word' id='word_1_66' title='bbox 1135 1569 1370 1629; x_wconf 83' lang='lat' dir='ltr'>auctor</span> <span class='ocrx_word' id='word_1_67' title='bbox 1391 1561 1572 1651; x_wconf 91' lang='lat' dir='ltr'><strong>quod</strong></span> <span class='ocrx_word' id='word_1_68' title='bbox 1587 1561 1878 1628; x_wconf 80' lang='lat' dir='ltr'><strong>essentia</strong></span> <span class='ocrx_word' id='word_1_69' title='bbox 1907 1561 2096 1628; x_wconf 86' lang='lat' dir='ltr'><strong>estin</strong></span> <span class='ocrx_word' id='word_1_70' title='bbox 2121 1559 2317 1640; x_wconf 88' lang='lat' dir='ltr'><strong>Filio,</strong></span> 
     </span>
     <span class='ocr_line' id='line_1_15' title="bbox 784 1665 2321 1758; baseline -0.001 -25"><span class='ocrx_word' id='word_1_71' title='bbox 784 1687 925 1733; x_wconf 92' lang='lat' dir='ltr'><strong>non</strong></span> <span class='ocrx_word' id='word_1_72' title='bbox 954 1667 1279 1757; x_wconf 89' lang='lat' dir='ltr'><strong>sequitur,</strong></span> <span class='ocrx_word' id='word_1_73' title='bbox 1325 1667 1509 1758; x_wconf 91' lang='lat' dir='ltr'><strong>quod</strong></span> <span class='ocrx_word' id='word_1_74' title='bbox 1556 1666 1759 1735; x_wconf 85' lang='lat' dir='ltr'><strong>Pater</strong></span> <span class='ocrx_word' id='word_1_75' title='bbox 1821 1667 2170 1734; x_wconf 90' lang='lat' dir='ltr'><strong>distinctus</strong></span> <span class='ocrx_word' id='word_1_76' title='bbox 2234 1665 2321 1733; x_wconf 86' lang='lat' dir='ltr'><strong>sit</strong></span> 
     </span>
     <span class='ocr_line' id='line_1_16' title="bbox 782 1772 2320 1864; baseline 0 -23"><span class='ocrx_word' id='word_1_77' title='bbox 782 1772 867 1841; x_wconf 92' lang='lat' dir='ltr'><strong>ab</strong></span> <span class='ocrx_word' id='word_1_78' title='bbox 897 1776 1209 1854; x_wconf 81' lang='lat' dir='ltr'><strong>essentia,</strong></span> <span class='ocrx_word' id='word_1_79' title='bbox 1245 1775 1353 1842; x_wconf 85' lang='lat' dir='ltr'><strong>vel</strong></span> <span class='ocrx_word' id='word_1_80' title='bbox 1389 1775 1474 1842; x_wconf 90' lang='lat' dir='ltr'><strong>ab</strong></span> <span class='ocrx_word' id='word_1_81' title='bbox 1504 1777 1795 1844; x_wconf 80' lang='lat' dir='ltr'><strong>essentia</strong></span> <span class='ocrx_word' id='word_1_82' title='bbox 1815 1776 1884 1841; x_wconf 91' lang='lat' dir='ltr'><strong>in</strong></span> <span class='ocrx_word' id='word_1_83' title='bbox 1914 1774 2124 1841; x_wconf 86' lang='lat' dir='ltr'><strong>Filio:</strong></span> <span class='ocrx_word' id='word_1_84' title='bbox 2160 1775 2320 1864; x_wconf 90' lang='lat' dir='ltr'><strong>quia</strong></span> 
     </span>
     <span class='ocr_line' id='line_1_17' title="bbox 778 1884 2311 1975; baseline 0.002 -26"><span class='ocrx_word' id='word_1_85' title='bbox 778 1890 1022 1951; x_wconf 87' lang='lat' dir='ltr'><strong>neutro</strong></span> <span class='ocrx_word' id='word_1_86' title='bbox 1086 1884 1292 1952; x_wconf 91' lang='lat' dir='ltr'><strong>modo</strong></span> <span class='ocrx_word' id='word_1_87' title='bbox 1348 1886 1490 1975; x_wconf 91' lang='lat' dir='ltr'><strong>ipse</strong></span> <span class='ocrx_word' id='word_1_88' title='bbox 1537 1895 1638 1952; x_wconf 85' lang='lat' dir='ltr'><strong>est</strong></span> <span class='ocrx_word' id='word_1_89' title='bbox 1691 1892 1926 1952; x_wconf 78' lang='lat' dir='ltr'><strong>auctor</strong></span> <span class='ocrx_word' id='word_1_90' title='bbox 1969 1887 2311 1952; x_wconf 81' lang='lat' dir='ltr'><strong>essentiae:</strong></span> 
     </span>
     <span class='ocr_line' id='line_1_18' title="bbox 777 1991 2316 2085; baseline -0.002 -21"><span class='ocrx_word' id='word_1_91' title='bbox 777 1992 897 2064; x_wconf 88' lang='lat' dir='ltr'><strong>sed</strong></span> <span class='ocrx_word' id='word_1_92' title='bbox 923 1994 1231 2085; x_wconf 83' lang='lat' dir='ltr'><strong>sequitur</strong></span> <span class='ocrx_word' id='word_1_93' title='bbox 1266 2016 1346 2062; x_wconf 83' lang='lat' dir='ltr'><strong>ex</strong></span> <span class='ocrx_word' id='word_1_94' title='bbox 1376 1992 1531 2075; x_wconf 92' lang='lat' dir='ltr'><strong>hoc,</strong></span> <span class='ocrx_word' id='word_1_95' title='bbox 1575 1991 1757 2083; x_wconf 93' lang='lat' dir='ltr'><strong>quod</strong></span> <span class='ocrx_word' id='word_1_96' title='bbox 1785 1993 2073 2061; x_wconf 88' lang='lat' dir='ltr'><strong>essentia</strong></span> <span class='ocrx_word' id='word_1_97' title='bbox 2100 2001 2203 2061; x_wconf 85' lang='lat' dir='ltr'><strong>est</strong></span> <span class='ocrx_word' id='word_1_98' title='bbox 2247 1993 2316 2061; x_wconf 91' lang='lat' dir='ltr'><strong>in</strong></span> 
     </span>
     <span class='ocr_line' id='line_1_19' title="bbox 775 2099 2314 2183; baseline -0.001 -13"><span class='ocrx_word' id='word_1_99' title='bbox 775 2101 975 2183; x_wconf 89' lang='lat' dir='ltr'><strong>Filio,</strong></span> <span class='ocrx_word' id='word_1_100' title='bbox 1011 2099 1143 2170; x_wconf 91' lang='lat' dir='ltr'><strong>hoc</strong></span> <span class='ocrx_word' id='word_1_101' title='bbox 1196 2099 1400 2169; x_wconf 88' lang='lat' dir='ltr'><strong>habet</strong></span> <span class='ocrx_word' id='word_1_102' title='bbox 1436 2124 1477 2169; x_wconf 90' lang='lat' dir='ltr'><strong>a</strong></span> <span class='ocrx_word' id='word_1_103' title='bbox 1529 2099 1770 2169; x_wconf 83' lang='lat' dir='ltr'><strong>Patre:</strong></span> <span class='ocrx_word' id='word_1_104' title='bbox 1830 2109 1895 2168; x_wconf 87' lang='lat' dir='ltr'><strong>et</strong></span> <span class='ocrx_word' id='word_1_105' title='bbox 1938 2100 2070 2168; x_wconf 88' lang='lat' dir='ltr'><strong>alio</strong></span> <span class='ocrx_word' id='word_1_106' title='bbox 2109 2100 2314 2169; x_wconf 91' lang='lat' dir='ltr'><strong>modo</strong></span> 
     </span>
     <span class='ocr_line' id='line_1_20' title="bbox 777 2208 2317 2293; baseline -0.001 -15"><span class='ocrx_word' id='word_1_107' title='bbox 777 2209 984 2278; x_wconf 86' lang='lat' dir='ltr'><strong>habet</strong></span> <span class='ocrx_word' id='word_1_108' title='bbox 1013 2209 1214 2278; x_wconf 90' lang='lat' dir='ltr'><strong>Pater</strong></span> <span class='ocrx_word' id='word_1_109' title='bbox 1251 2210 1640 2293; x_wconf 83' lang='lat' dir='ltr'><strong>essentiam,</strong></span> <span class='ocrx_word' id='word_1_110' title='bbox 1669 2208 1895 2277; x_wconf 87' lang='lat' dir='ltr'><strong>etalio</strong></span> <span class='ocrx_word' id='word_1_111' title='bbox 1926 2209 2130 2278; x_wconf 91' lang='lat' dir='ltr'><strong>modo</strong></span> <span class='ocrx_word' id='word_1_112' title='bbox 2199 2209 2317 2277; x_wconf 87' lang='lat' dir='ltr'><strong>Fi-</strong></span> 
     </span>
     <span class='ocr_line' id='line_1_21' title="bbox 776 2315 2307 2407; baseline -0.001 -21"><span class='ocrx_word' id='word_1_113' title='bbox 776 2317 952 2386; x_wconf 87' lang='lat' dir='ltr'><strong>lius:</strong></span> <span class='ocrx_word' id='word_1_114' title='bbox 1022 2316 1181 2407; x_wconf 88' lang='lat' dir='ltr'><strong>quia</strong></span> <span class='ocrx_word' id='word_1_115' title='bbox 1238 2315 1440 2384; x_wconf 84' lang='lat' dir='ltr'><strong>Pater</strong></span> <span class='ocrx_word' id='word_1_116' title='bbox 1507 2315 1712 2384; x_wconf 88' lang='lat' dir='ltr'><strong>habet</strong></span> <span class='ocrx_word' id='word_1_117' title='bbox 1791 2338 1931 2384; x_wconf 94' lang='lat' dir='ltr'><strong>non</strong></span> <span class='ocrx_word' id='word_1_118' title='bbox 2023 2316 2107 2384; x_wconf 89' lang='lat' dir='ltr'><strong>ab</strong></span> <span class='ocrx_word' id='word_1_119' title='bbox 2147 2316 2307 2396; x_wconf 86' lang='lat' dir='ltr'><strong>alio,</strong></span> 
     </span>
     <span class='ocr_line' id='line_1_22' title="bbox 780 2424 1575 2495; baseline -0.004 -1"><span class='ocrx_word' id='word_1_120' title='bbox 780 2425 994 2495; x_wconf 81' lang='lat' dir='ltr'><strong>Filius</strong></span> <span class='ocrx_word' id='word_1_121' title='bbox 1030 2431 1258 2493; x_wconf 88' lang='lat' dir='ltr'><strong>autem</strong></span> <span class='ocrx_word' id='word_1_122' title='bbox 1297 2424 1382 2493; x_wconf 96' lang='lat' dir='ltr'><strong>ab</strong></span> <span class='ocrx_word' id='word_1_123' title='bbox 1413 2425 1575 2493; x_wconf 91' lang='lat' dir='ltr'><strong>alio.</strong></span> 
     </span>
    </p>

    <p class='ocr_par' dir='ltr' id='par_1_8' title="bbox 763 2529 2328 3379">
     <span class='ocr_line' id='line_1_23' title="bbox 868 2529 2317 2621; baseline 0 -21"><span class='ocrx_word' id='word_1_124' title='bbox 868 2531 996 2613; x_wconf 82' lang='lat' dir='ltr'><strong>An,</strong></span> <span class='ocrx_word' id='word_1_125' title='bbox 1046 2552 1342 2598; x_wconf 64' lang='lat' dir='ltr'><strong>nanuum</strong></span> <span class='ocrx_word' id='word_1_126' title='bbox 1404 2529 1787 2610; x_wconf 89' lang='lat' dir='ltr'><strong>dicendum,</strong></span> <span class='ocrx_word' id='word_1_127' title='bbox 1872 2530 2055 2621; x_wconf 92' lang='lat' dir='ltr'><strong>quod</strong></span> <span class='ocrx_word' id='word_1_128' title='bbox 2117 2531 2317 2601; x_wconf 83' lang='lat' dir='ltr'><strong>Pater</strong></span> 
     </span>
     <span class='ocr_line' id='line_1_24' title="bbox 782 2637 2314 2729; baseline -0.001 -20"><span class='ocrx_word' id='word_1_129' title='bbox 782 2649 886 2709; x_wconf 84' lang='lat' dir='ltr'><strong>est</strong></span> <span class='ocrx_word' id='word_1_130' title='bbox 939 2646 1176 2708; x_wconf 85' lang='lat' dir='ltr'><strong>auctor</strong></span> <span class='ocrx_word' id='word_1_131' title='bbox 1202 2639 1651 2729; x_wconf 85' lang='lat' dir='ltr'><strong>processionis</strong></span> <span class='ocrx_word' id='word_1_132' title='bbox 1699 2637 1989 2729; x_wconf 86' lang='lat' dir='ltr'><strong>Spiritus</strong></span> <span class='ocrx_word' id='word_1_133' title='bbox 2027 2639 2237 2707; x_wconf 89' lang='lat' dir='ltr'><strong>sancti</strong></span> <span class='ocrx_word' id='word_1_134' title='bbox 2273 2663 2314 2708; x_wconf 91' lang='lat' dir='ltr'><strong>a</strong></span> 
     </span>
     <span class='ocr_line' id='line_1_25' title="bbox 779 2744 2313 2838; baseline 0 -23"><span class='ocrx_word' id='word_1_135' title='bbox 779 2746 950 2816; x_wconf 86' lang='lat' dir='ltr'><strong>Filio</strong></span> <span class='ocrx_word' id='word_1_136' title='bbox 979 2754 1181 2838; x_wconf 91' lang='lat' dir='ltr'><strong>prout</strong></span> <span class='ocrx_word' id='word_1_137' title='bbox 1200 2754 1299 2815; x_wconf 84' lang='lat' dir='ltr'><strong>est</strong></span> <span class='ocrx_word' id='word_1_138' title='bbox 1330 2768 1370 2814; x_wconf 90' lang='lat' dir='ltr'><strong>a</strong></span> <span class='ocrx_word' id='word_1_139' title='bbox 1408 2745 1621 2813; x_wconf 84' lang='lat' dir='ltr'><strong>Filio:</strong></span> <span class='ocrx_word' id='word_1_140' title='bbox 1662 2745 1779 2812; x_wconf 90' lang='lat' dir='ltr'><strong>sed</strong></span> <span class='ocrx_word' id='word_1_141' title='bbox 1817 2767 1901 2812; x_wconf 88' lang='lat' dir='ltr'><strong>ex</strong></span> <span class='ocrx_word' id='word_1_142' title='bbox 1930 2744 2093 2824; x_wconf 81' lang='lat' dir='ltr'><strong>hoc,</strong></span> <span class='ocrx_word' id='word_1_143' title='bbox 2140 2748 2313 2815; x_wconf 85' lang='lat' dir='ltr'><strong>sicut</strong></span> 
     </span>
     <span class='ocr_line' id='line_1_26' title="bbox 763 2854 2310 2947; baseline -0.001 -22"><span class='ocrx_word' id='word_1_144' title='bbox 763 2857 911 2947; x_wconf 83' lang='lat' dir='ltr'><strong>jam</strong></span> <span class='ocrx_word' id='word_1_145' title='bbox 975 2854 1281 2924; x_wconf 89' lang='lat' dir='ltr'><strong>habitum</strong></span> <span class='ocrx_word' id='word_1_146' title='bbox 1330 2865 1456 2940; x_wconf 85' lang='lat' dir='ltr'><strong>est,</strong></span> <span class='ocrx_word' id='word_1_147' title='bbox 1527 2877 1667 2924; x_wconf 91' lang='lat' dir='ltr'><strong>non</strong></span> <span class='ocrx_word' id='word_1_148' title='bbox 1720 2856 2046 2946; x_wconf 88' lang='lat' dir='ltr'><strong>sequitur,</strong></span> <span class='ocrx_word' id='word_1_149' title='bbox 2129 2855 2310 2946; x_wconf 90' lang='lat' dir='ltr'><strong>quod</strong></span> 
     </span>
     <span class='ocr_line' id='line_1_27' title="bbox 773 2961 2328 3054; baseline 0 -22"><span class='ocrx_word' id='word_1_150' title='bbox 773 2963 1009 3033; x_wconf 88' lang='lat' dir='ltr'><strong>eadem</strong></span> <span class='ocrx_word' id='word_1_151' title='bbox 1039 2966 1381 3054; x_wconf 78' lang='lat' dir='ltr'><strong>processio</strong></span> <span class='ocrx_word' id='word_1_152' title='bbox 1419 2964 1641 3031; x_wconf 82' lang='lat' dir='ltr'><strong>activa</strong></span> <span class='ocrx_word' id='word_1_153' title='bbox 1666 2984 1805 3030; x_wconf 91' lang='lat' dir='ltr'><strong>non</strong></span> <span class='ocrx_word' id='word_1_154' title='bbox 1834 2964 1919 3029; x_wconf 88' lang='lat' dir='ltr'><strong>sit</strong></span> <span class='ocrx_word' id='word_1_155' title='bbox 1985 2963 2050 3029; x_wconf 90' lang='lat' dir='ltr'><strong>in</strong></span> <span class='ocrx_word' id='word_1_156' title='bbox 2082 2961 2328 3043; x_wconf 83' lang='lat' dir='ltr'><strong>Patre„</strong></span> 
     </span>
     <span class='ocr_line' id='line_1_28' title="bbox 775 3067 2305 3161; baseline -0.001 -22"><span class='ocrx_word' id='word_1_157' title='bbox 775 3069 894 3139; x_wconf 83' lang='lat' dir='ltr'><strong>sed</strong></span> <span class='ocrx_word' id='word_1_158' title='bbox 922 3069 1108 3161; x_wconf 87' lang='lat' dir='ltr'><strong>quod</strong></span> <span class='ocrx_word' id='word_1_159' title='bbox 1127 3092 1266 3138; x_wconf 89' lang='lat' dir='ltr'><strong>non</strong></span> <span class='ocrx_word' id='word_1_160' title='bbox 1322 3069 1560 3138; x_wconf 90' lang='lat' dir='ltr'><strong>eodem</strong></span> <span class='ocrx_word' id='word_1_161' title='bbox 1623 3067 1827 3136; x_wconf 86' lang='lat' dir='ltr'><strong>modo</strong></span> <span class='ocrx_word' id='word_1_162' title='bbox 1873 3067 2117 3137; x_wconf 83' lang='lat' dir='ltr'><strong>habeat</strong></span> <span class='ocrx_word' id='word_1_163' title='bbox 2157 3091 2305 3138; x_wconf 90' lang='lat' dir='ltr'><strong>eam</strong></span> 
     </span>
     <span class='ocr_line' id='line_1_29' title="bbox 777 3175 2310 3271; baseline 0 -24"><span class='ocrx_word' id='word_1_164' title='bbox 777 3177 987 3248; x_wconf 87' lang='lat' dir='ltr'><strong>Pater</strong></span> <span class='ocrx_word' id='word_1_165' title='bbox 1020 3201 1156 3271; x_wconf 87' lang='lat' dir='ltr'><strong>quo</strong></span> <span class='ocrx_word' id='word_1_166' title='bbox 1197 3176 1401 3247; x_wconf 89' lang='lat' dir='ltr'><strong>habet</strong></span> <span class='ocrx_word' id='word_1_167' title='bbox 1430 3199 1583 3246; x_wconf 90' lang='lat' dir='ltr'><strong>eam</strong></span> <span class='ocrx_word' id='word_1_168' title='bbox 1623 3176 1874 3244; x_wconf 85' lang='lat' dir='ltr'><strong>Filius:</strong></span> <span class='ocrx_word' id='word_1_169' title='bbox 1917 3183 1983 3246; x_wconf 89' lang='lat' dir='ltr'><strong>et</strong></span> <span class='ocrx_word' id='word_1_170' title='bbox 2020 3175 2152 3246; x_wconf 87' lang='lat' dir='ltr'><strong>hoc</strong></span> <span class='ocrx_word' id='word_1_171' title='bbox 2185 3201 2310 3247; x_wconf 77' lang='lat' dir='ltr'><strong>ve-</strong></span> 
     </span>
     <span class='ocr_line' id='line_1_30' title="bbox 782 3283 2306 3379; baseline -0.003 -22"><span class='ocrx_word' id='word_1_172' title='bbox 782 3310 937 3358; x_wconf 92' lang='lat' dir='ltr'><strong>rum</strong></span> <span class='ocrx_word' id='word_1_173' title='bbox 984 3293 1086 3356; x_wconf 83' lang='lat' dir='ltr'><strong>est</strong></span> <span class='ocrx_word' id='word_1_174' title='bbox 1118 3306 1135 3355; x_wconf 73' lang='grc' dir='ltr'><strong><em>ε</em></strong></span> <span class='ocrx_word' id='word_1_175' title='bbox 1169 3288 1327 3379; x_wconf 87' lang='lat' dir='ltr'><strong>quia</strong></span> <span class='ocrx_word' id='word_1_176' title='bbox 1369 3285 1570 3354; x_wconf 83' lang='lat' dir='ltr'><strong>Pater</strong></span> <span class='ocrx_word' id='word_1_177' title='bbox 1613 3283 1818 3353; x_wconf 88' lang='lat' dir='ltr'><strong>habet</strong></span> <span class='ocrx_word' id='word_1_178' title='bbox 1862 3306 2012 3352; x_wconf 92' lang='lat' dir='ltr'><strong>eam</strong></span> <span class='ocrx_word' id='word_1_179' title='bbox 2050 3306 2090 3352; x_wconf 89' lang='lat' dir='ltr'><strong>a</strong></span> <span class='ocrx_word' id='word_1_180' title='bbox 2117 3307 2214 3363; x_wconf 89' lang='lat' dir='ltr'><strong>se,</strong></span> <span class='ocrx_word' id='word_1_181' title='bbox 2238 3295 2306 3354; x_wconf 86' lang='lat' dir='ltr'><strong>et</strong></span> 
     </span>
    </p>
   </div>
   <div class='ocr_carea' id='block_1_8' title="bbox 792 3391 3968 3465">
    <p class='ocr_par' dir='ltr' id='par_1_9' title="bbox 792 3391 3968 3465">
     <span class='ocr_line' id='line_1_31' title="bbox 792 3391 3968 3465; baseline -0.001 -2"><span class='ocrx_word' id='word_1_182' title='bbox 792 3395 1004 3465; x_wconf 80' lang='lat' dir='ltr'><strong>Filius</strong></span> <span class='ocrx_word' id='word_1_183' title='bbox 1030 3392 1233 3463; x_wconf 86' lang='lat' dir='ltr'><strong>habet</strong></span> <span class='ocrx_word' id='word_1_184' title='bbox 1299 3415 1518 3462; x_wconf 89' lang='lat' dir='ltr'><strong>eama</strong></span> <span class='ocrx_word' id='word_1_185' title='bbox 1568 3392 1821 3461; x_wconf 84' lang='lat' dir='ltr'><strong>Patre:</strong></span> <span class='ocrx_word' id='word_1_186' title='bbox 1858 3400 1926 3460; x_wconf 88' lang='lat' dir='ltr'><strong>et</strong></span> <span class='ocrx_word' id='word_1_187' title='bbox 1979 3391 2120 3460; x_wconf 81' lang='lat' dir='ltr'><strong>haec</strong></span> <span class='ocrx_word' id='word_1_188' title='bbox 2158 3391 2303 3460; x_wconf 88' lang='lat' dir='ltr'><strong>dis-</strong></span> <span class='ocrx_word' id='word_1_189' title='bbox 2409 3395 2588 3463; x_wconf 85' lang='lat' dir='ltr'><strong>cedit</strong></span> <span class='ocrx_word' id='word_1_190' title='bbox 2642 3394 2727 3463; x_wconf 88' lang='lat' dir='ltr'><strong>ab</strong></span> <span class='ocrx_word' id='word_1_191' title='bbox 2756 3416 2839 3465; x_wconf 90' lang='lat' dir='ltr'><strong>eo</strong></span> <span class='ocrx_word' id='word_1_192' title='bbox 2874 3416 2892 3462; x_wconf 74' lang='grc' dir='ltr'><strong><em>ε</em></strong></span> <span class='ocrx_word' id='word_1_193' title='bbox 2925 3404 2997 3464; x_wconf 85' lang='lat' dir='ltr'><strong>et</strong></span> <span class='ocrx_word' id='word_1_194' title='bbox 3044 3393 3180 3464; x_wconf 90' lang='lat' dir='ltr'><strong>boc</strong></span> <span class='ocrx_word' id='word_1_195' title='bbox 3232 3394 3408 3462; x_wconf 77' lang='lat' dir='ltr'><strong>inira</strong></span> <span class='ocrx_word' id='word_1_196' title='bbox 3473 3391 3869 3462; x_wconf 88' lang='lat' dir='ltr'><strong>ostendetur</strong></span> <span class='ocrx_word' id='word_1_197' title='bbox 3949 3441 3968 3459; x_wconf 89' lang='lat'><strong>.</strong></span> 
     </span>
    </p>
   </div>
   <div class='ocr_carea' id='block_1_9' title="bbox 1569 301 3004 385">
    <p class='ocr_par' dir='ltr' id='par_1_10' title="bbox 1569 301 3004 385">
     <span class='ocr_line' id='line_1_32' title="bbox 1569 301 3004 385; baseline 0.001 -3"><span class='ocrx_word' id='word_1_198' title='bbox 1569 305 1600 354; x_wconf 67' lang='lat' dir='ltr'><strong><em>J</em></strong></span> <span class='ocrx_word' id='word_1_199' title='bbox 1669 355 1676 358; x_wconf 93' lang='lat'><em>-</em></span> <span class='ocrx_word' id='word_1_200' title='bbox 1732 301 1738 310; x_wconf 61' lang='grc'>’</span> <span class='ocrx_word' id='word_1_201' title='bbox 1792 304 1875 384; x_wconf 88' lang='lat' dir='ltr'><strong>D.</strong></span> <span class='ocrx_word' id='word_1_202' title='bbox 1925 306 2126 385; x_wconf 69' lang='grc' dir='ltr'><strong>ΑΕΒ.</strong></span> <span class='ocrx_word' id='word_1_203' title='bbox 2177 315 2392 384; x_wconf 90' lang='lat' dir='ltr'><strong>MAG.</strong></span> <span class='ocrx_word' id='word_1_204' title='bbox 2445 315 2651 384; x_wconf 87' lang='lat' dir='ltr'><strong>ORD.</strong></span> <span class='ocrx_word' id='word_1_205' title='bbox 2685 306 3004 385; x_wconf 77' lang='lat' dir='ltr'><strong>PRAED,</strong></span> 
     </span>
    </p>
   </div>
   <div class='ocr_carea' id='block_1_10' title="bbox 2452 475 4171 571">
    <p class='ocr_par' dir='ltr' id='par_1_11' title="bbox 2452 475 4171 571">
     <span class='ocr_line' id='line_1_33' title="bbox 2452 475 4171 571; baseline 0.003 -21"><span class='ocrx_word' id='word_1_206' title='bbox 2452 483 2683 551; x_wconf 86' lang='lat' dir='ltr'><strong>tinctio</strong></span> <span class='ocrx_word' id='word_1_207' title='bbox 2736 492 2844 551; x_wconf 88' lang='lat' dir='ltr'><strong>est</strong></span> <span class='ocrx_word' id='word_1_208' title='bbox 2896 483 2968 550; x_wconf 88' lang='lat' dir='ltr'><strong>in</strong></span> <span class='ocrx_word' id='word_1_209' title='bbox 3032 484 3241 552; x_wconf 89' lang='lat' dir='ltr'><strong>modo</strong></span> <span class='ocrx_word' id='word_1_210' title='bbox 3274 482 3597 562; x_wconf 87' lang='lat' dir='ltr'><strong>habendi,</strong></span> <span class='ocrx_word' id='word_1_211' title='bbox 3642 505 3783 550; x_wconf 92' lang='lat' dir='ltr'><strong>non</strong></span> <span class='ocrx_word' id='word_1_212' title='bbox 3820 475 4053 552; x_wconf 53' lang='lat' dir='ltr'><strong>ineo?</strong></span> <span class='ocrx_word' id='word_1_213' title='bbox 4102 566 4117 571; x_wconf 77' lang='lat'><strong>-</strong></span> <span class='ocrx_word' id='word_1_214' title='bbox 4170 505 4171 510; x_wconf 74' lang='grc'>’</span> 
     </span>
    </p>
   </div>
   <div class='ocr_carea' id='block_1_11' title="bbox 2455 590 2988 680">
    <p class='ocr_par' dir='ltr' id='par_1_12' title="bbox 2455 590 2988 680">
     <span class='ocr_line' id='line_1_34' title="bbox 2455 590 2988 680; baseline 0.002 -23"><span class='ocrx_word' id='word_1_215' title='bbox 2455 591 2642 680; x_wconf 91' lang='lat' dir='ltr'><strong>quod</strong></span> <span class='ocrx_word' id='word_1_216' title='bbox 2670 590 2988 658; x_wconf 89' lang='lat' dir='ltr'><strong>habetur.</strong></span> 
     </span>
    </p>
   </div>
   <div class='ocr_carea' id='block_1_12' title="bbox 2858 1030 3563 1101">
    <p class='ocr_par' dir='ltr' id='par_1_13' title="bbox 2858 1030 3563 1101">
     <span class='ocr_line' id='line_1_35' title="bbox 2858 1030 3563 1101; baseline 0.003 -4"><span class='ocrx_word' id='word_1_217' title='bbox 2858 1030 3370 1101; x_wconf 87' lang='lat' dir='ltr'>ARTICULUS</span> <span class='ocrx_word' id='word_1_218' title='bbox 3411 1034 3473 1099; x_wconf 82' lang='lat' dir='ltr'>V</span> <span class='ocrx_word' id='word_1_219' title='bbox 3479 1034 3563 1101; x_wconf 87' lang='lat'><strong>11.</strong></span> 
     </span>
    </p>
   </div>
   <div class='ocr_carea' id='block_1_13' title="bbox 2431 1249 4000 1456">
    <p class='ocr_par' dir='ltr' id='par_1_14' title="bbox 2431 1249 4000 1456">
     <span class='ocr_line' id='line_1_36' title="bbox 2431 1249 4000 1343; baseline 0 -27"><span class='ocrx_word' id='word_1_220' title='bbox 2431 1249 2540 1316; x_wconf 86' lang='lat' dir='ltr'><strong>An</strong></span> <span class='ocrx_word' id='word_1_221' title='bbox 2593 1254 2751 1322; x_wconf 84' lang='lat' dir='ltr'><strong>bene</strong></span> <span class='ocrx_word' id='word_1_222' title='bbox 2800 1253 3138 1343; x_wconf 79' lang='lat' dir='ltr'><strong>sequitur,</strong></span> <span class='ocrx_word' id='word_1_223' title='bbox 3169 1251 3480 1342; x_wconf 81' lang='lat' dir='ltr'><strong>Spiritus</strong></span> <span class='ocrx_word' id='word_1_224' title='bbox 3526 1251 4000 1343; x_wconf 84' lang='lat' dir='ltr'><strong>temporaliter</strong></span> 
     </span>
     <span class='ocr_line' id='line_1_37' title="bbox 2515 1357 3907 1456; baseline -0.004 -24"><span class='ocrx_word' id='word_1_225' title='bbox 2515 1362 2824 1456; x_wconf 82' lang='lat' dir='ltr'><strong>procedit</strong></span> <span class='ocrx_word' id='word_1_226' title='bbox 2860 1383 2903 1426; x_wconf 83' lang='lat' dir='ltr'><strong><em>a</em></strong></span> <span class='ocrx_word' id='word_1_227' title='bbox 2942 1359 3132 1428; x_wconf 85' lang='lat' dir='ltr'><strong>Filio</strong></span> <span class='ocrx_word' id='word_1_228' title='bbox 3164 1382 3188 1426; x_wconf 89' lang='lat'><strong>.·</strong></span> <span class='ocrx_word' id='word_1_229' title='bbox 3229 1381 3390 1449; x_wconf 78' lang='lat' dir='ltr'><strong>erqo</strong></span> <span class='ocrx_word' id='word_1_230' title='bbox 3439 1357 3527 1425; x_wconf 88' lang='lat' dir='ltr'><strong>ab</strong></span> <span class='ocrx_word' id='word_1_231' title='bbox 3582 1369 3830 1426; x_wconf 74' lang='lat' dir='ltr'><strong>aeterno</strong></span> <span class='ocrx_word' id='word_1_232' title='bbox 3866 1357 3907 1425; x_wconf 71' lang='lat' dir='ltr'><em>P</em></span> 
     </span>
    </p>
   </div>
   <div class='ocr_carea' id='block_1_14' title="bbox 2439 1672 3984 1875">
    <p class='ocr_par' dir='ltr' id='par_1_15' title="bbox 2439 1672 3984 1875">
     <span class='ocr_line' id='line_1_38' title="bbox 2516 1672 3984 1769; baseline -0.004 -21"><span class='ocrx_word' id='word_1_233' title='bbox 2516 1678 2776 1749; x_wconf 88' lang='lat' dir='ltr'><strong>Deinde</strong></span> <span class='ocrx_word' id='word_1_234' title='bbox 2823 1677 3148 1769; x_wconf 67' lang='lat' dir='ltr'><strong>quaeritur</strong></span> <span class='ocrx_word' id='word_1_235' title='bbox 3202 1675 3286 1742; x_wconf 99' lang='lat' dir='ltr'><strong>de</strong></span> <span class='ocrx_word' id='word_1_236' title='bbox 3345 1673 3477 1743; x_wconf 90' lang='lat' dir='ltr'><strong>hoc</strong></span> <span class='ocrx_word' id='word_1_237' title='bbox 3542 1673 3726 1764; x_wconf 91' lang='lat' dir='ltr'><strong>quod</strong></span> <span class='ocrx_word' id='word_1_238' title='bbox 3782 1672 3984 1742; x_wconf 86' lang='lat' dir='ltr'><strong>dicit:</strong></span> 
     </span>
     <span class='ocr_line' id='line_1_39' title="bbox 2439 1780 3983 1875; baseline -0.003 -23"><span class='ocrx_word' id='word_1_239' title='bbox 2439 1814 2470 1852; x_wconf 79' lang='grc' dir='ltr'><strong>α</strong></span> <span class='ocrx_word' id='word_1_240' title='bbox 2504 1788 2591 1856; x_wconf 81' lang='lat' dir='ltr'><strong>Ut</strong></span> <span class='ocrx_word' id='word_1_241' title='bbox 2620 1810 2663 1855; x_wconf 87' lang='grc' dir='ltr'><em>α</em></span> <span class='ocrx_word' id='word_1_242' title='bbox 2697 1808 2769 1853; x_wconf 80' lang='lat' dir='ltr'><strong>se</strong></span> <span class='ocrx_word' id='word_1_243' title='bbox 2830 1805 3102 1875; x_wconf 85' lang='lat' dir='ltr'><strong>quoque</strong></span> <span class='ocrx_word' id='word_1_244' title='bbox 3139 1781 3510 1873; x_wconf 82' lang='lat' dir='ltr'><strong>procedere</strong></span> <span class='ocrx_word' id='word_1_245' title='bbox 3552 1780 3983 1871; x_wconf 75' lang='lat' dir='ltr'><strong>siqnificam,</strong></span> 
     </span>
    </p>
   </div>
   <div class='ocr_carea' id='block_1_15' title="bbox 2427 1888 3982 2084">
    <p class='ocr_par' dir='ltr' id='par_1_16' title="bbox 2427 1888 3982 2084">
     <span class='ocr_line' id='line_1_40' title="bbox 2427 1888 3593 1987; baseline -0.009 -23"><span class='ocrx_word' id='word_1_246' title='bbox 2427 1902 2657 1987; x_wconf 81' lang='lat' dir='ltr'><strong>aperte</strong></span> <span class='ocrx_word' id='word_1_247' title='bbox 2683 1891 3059 1960; x_wconf 80' lang='lat' dir='ltr'><strong>ostenderet</strong></span> <span class='ocrx_word' id='word_1_248' title='bbox 3097 1888 3372 1979; x_wconf 72' lang='lat' dir='ltr'><strong>stende,</strong></span> <span class='ocrx_word' id='word_1_249' title='bbox 3393 1895 3522 1957; x_wconf 89' lang='lat' dir='ltr'><strong>etc.</strong></span> <span class='ocrx_word' id='word_1_250' title='bbox 3559 1912 3593 1953; x_wconf 67' lang='grc' dir='ltr'><strong><em>ι</em></strong></span> 
     </span>
     <span class='ocr_line' id='line_1_41' title="bbox 2514 1993 3982 2084; baseline -0.005 -17"><span class='ocrx_word' id='word_1_251' title='bbox 2514 2000 2665 2067; x_wconf 86' lang='lat' dir='ltr'><strong>Non</strong></span> <span class='ocrx_word' id='word_1_252' title='bbox 2694 1998 2877 2067; x_wconf 91' lang='lat' dir='ltr'><strong>enim</strong></span> <span class='ocrx_word' id='word_1_253' title='bbox 2930 1996 3206 2064; x_wconf 83' lang='lat' dir='ltr'><strong>videtur</strong></span> <span class='ocrx_word' id='word_1_254' title='bbox 3240 1993 3470 2063; x_wconf 82' lang='lat' dir='ltr'><strong>valere</strong></span> <span class='ocrx_word' id='word_1_255' title='bbox 3499 1999 3982 2084; x_wconf 86' lang='lat' dir='ltr'><strong>argumentum</strong></span> 
     </span>
    </p>
   </div>
   <div class='ocr_carea' id='block_1_16' title="bbox 2421 2099 3985 2405">
    <p class='ocr_par' dir='ltr' id='par_1_17' title="bbox 2421 2099 3985 2405">
     <span class='ocr_line' id='line_1_42' title="bbox 2425 2099 3977 2205; baseline -0.005 -33"><span class='ocrx_word' id='word_1_256' title='bbox 2425 2104 2506 2174; x_wconf 92' lang='lat' dir='ltr'><strong>de</strong></span> <span class='ocrx_word' id='word_1_257' title='bbox 2556 2102 2918 2196; x_wconf 84' lang='lat' dir='ltr'><strong>temporali</strong></span> <span class='ocrx_word' id='word_1_258' title='bbox 2970 2102 3411 2205; x_wconf 81' lang='lat' dir='ltr'><strong>processione</strong></span> <span class='ocrx_word' id='word_1_259' title='bbox 3467 2099 3555 2167; x_wconf 92' lang='lat' dir='ltr'><strong>ad</strong></span> <span class='ocrx_word' id='word_1_260' title='bbox 3606 2107 3977 2167; x_wconf 82' lang='lat' dir='ltr'><strong>aeternam:</strong></span> 
     </span>
     <span class='ocr_line' id='line_1_43' title="bbox 2424 2205 3985 2306; baseline -0.006 -25"><span class='ocrx_word' id='word_1_261' title='bbox 2424 2215 2585 2306; x_wconf 93' lang='lat' dir='ltr'><strong>quia</strong></span> <span class='ocrx_word' id='word_1_262' title='bbox 2614 2211 2827 2281; x_wconf 84' lang='lat' dir='ltr'><strong>Graeci</strong></span> <span class='ocrx_word' id='word_1_263' title='bbox 2856 2208 3270 2292; x_wconf 85' lang='lat' dir='ltr'><strong>concedunt,</strong></span> <span class='ocrx_word' id='word_1_264' title='bbox 3313 2206 3497 2298; x_wconf 88' lang='lat' dir='ltr'><strong>quod</strong></span> <span class='ocrx_word' id='word_1_265' title='bbox 3535 2228 3575 2274; x_wconf 90' lang='lat' dir='ltr'><strong>a</strong></span> <span class='ocrx_word' id='word_1_266' title='bbox 3613 2205 3786 2273; x_wconf 91' lang='lat' dir='ltr'><strong>Filio</strong></span> <span class='ocrx_word' id='word_1_267' title='bbox 3828 2205 3985 2272; x_wconf 90' lang='lat' dir='ltr'><strong>mit-</strong></span> 
     </span>
     <span class='ocr_line' id='line_1_44' title="bbox 2421 2313 3980 2405; baseline -0.005 -16"><span class='ocrx_word' id='word_1_268' title='bbox 2421 2324 2645 2392; x_wconf 86' lang='lat' dir='ltr'><strong>titur:</strong></span> <span class='ocrx_word' id='word_1_269' title='bbox 2703 2342 2845 2390; x_wconf 91' lang='lat' dir='ltr'><strong>non</strong></span> <span class='ocrx_word' id='word_1_270' title='bbox 2907 2328 3144 2387; x_wconf 87' lang='lat' dir='ltr'><strong>tamen</strong></span> <span class='ocrx_word' id='word_1_271' title='bbox 3200 2317 3653 2386; x_wconf 86' lang='lat' dir='ltr'><strong>concederent</strong></span> <span class='ocrx_word' id='word_1_272' title='bbox 3710 2313 3894 2405; x_wconf 92' lang='lat' dir='ltr'><strong>quod</strong></span> <span class='ocrx_word' id='word_1_273' title='bbox 3940 2337 3980 2381; x_wconf 97' lang='lat' dir='ltr'><strong>a</strong></span> 
     </span>
    </p>
   </div>
   <div class='ocr_carea' id='block_1_17' title="bbox 2422 2427 2958 2520">
    <p class='ocr_par' dir='ltr' id='par_1_18' title="bbox 2422 2427 2958 2520">
     <span class='ocr_line' id='line_1_45' title="bbox 2422 2427 2958 2520; baseline 0.002 -24"><span class='ocrx_word' id='word_1_274' title='bbox 2422 2428 2593 2498; x_wconf 89' lang='lat' dir='ltr'><strong>Filio</strong></span> <span class='ocrx_word' id='word_1_275' title='bbox 2630 2427 2958 2520; x_wconf 84' lang='lat' dir='ltr'><strong>procedit.</strong></span> 
     </span>
    </p>
   </div>
   <div class='ocr_carea' id='block_1_18' title="bbox 2511 2634 4266 2728">
    <p class='ocr_par' dir='ltr' id='par_1_19' title="bbox 2511 2634 4266 2728">
     <span class='ocr_line' id='line_1_46' title="bbox 2511 2634 4266 2728; baseline -0.002 -21"><span class='ocrx_word' id='word_1_276' title='bbox 2511 2638 2814 2707; x_wconf 75' lang='lat' dir='ltr'><strong>Somno.</strong></span> <span class='ocrx_word' id='word_1_277' title='bbox 2846 2637 3121 2706; x_wconf 89' lang='lat' dir='ltr'><strong>Bonum</strong></span> <span class='ocrx_word' id='word_1_278' title='bbox 3142 2645 3248 2705; x_wconf 88' lang='lat' dir='ltr'><strong>est</strong></span> <span class='ocrx_word' id='word_1_279' title='bbox 3263 2643 3786 2728; x_wconf 82' lang='lat' dir='ltr'><strong>argumentum:</strong></span> <span class='ocrx_word' id='word_1_280' title='bbox 3817 2634 3977 2724; x_wconf 89' lang='lat' dir='ltr'><strong>quia</strong></span> <span class='ocrx_word' id='word_1_281' title='bbox 4073 2669 4266 2724; x_wconf 69' lang='lat' dir='ltr'><strong>solano.</strong></span> 
     </span>
    </p>
   </div>
   <div class='ocr_carea' id='block_1_19' title="bbox 2414 2742 3984 3268">
    <p class='ocr_par' dir='ltr' id='par_1_20' title="bbox 2414 2742 3984 3268">
     <span class='ocr_line' id='line_1_47' title="bbox 2418 2742 3976 2837; baseline -0.003 -23"><span class='ocrx_word' id='word_1_282' title='bbox 2418 2749 2592 2816; x_wconf 91' lang='lat' dir='ltr'><strong>sicut</strong></span> <span class='ocrx_word' id='word_1_283' title='bbox 2623 2746 2796 2814; x_wconf 75' lang='lat' dir='ltr'><strong>infra</strong></span> <span class='ocrx_word' id='word_1_284' title='bbox 2831 2743 3261 2837; x_wconf 89' lang='lat' dir='ltr'><strong>probabitur,</strong></span> <span class='ocrx_word' id='word_1_285' title='bbox 3321 2752 3576 2812; x_wconf 81' lang='lat' dir='ltr'><strong>aeterna</strong></span> <span class='ocrx_word' id='word_1_286' title='bbox 3632 2742 3976 2833; x_wconf 88' lang='lat' dir='ltr'><strong>processio</strong></span> 
     </span>
     <span class='ocr_line' id='line_1_48' title="bbox 2418 2849 3983 2944; baseline -0.003 -23"><span class='ocrx_word' id='word_1_287' title='bbox 2418 2852 2836 2944; x_wconf 84' lang='lat' dir='ltr'><strong>significatur</strong></span> <span class='ocrx_word' id='word_1_288' title='bbox 2864 2853 2932 2919; x_wconf 92' lang='lat' dir='ltr'><strong>in</strong></span> <span class='ocrx_word' id='word_1_289' title='bbox 2962 2849 3372 2942; x_wconf 85' lang='lat' dir='ltr'><strong>temporali:</strong></span> <span class='ocrx_word' id='word_1_290' title='bbox 3414 2850 3594 2918; x_wconf 86' lang='lat' dir='ltr'><strong>mitti</strong></span> <span class='ocrx_word' id='word_1_291' title='bbox 3634 2850 3818 2919; x_wconf 88' lang='lat' dir='ltr'><strong>enim</strong></span> <span class='ocrx_word' id='word_1_292' title='bbox 3876 2857 3983 2917; x_wconf 87' lang='lat' dir='ltr'><strong>est</strong></span> 
     </span>
     <span class='ocr_line' id='line_1_49' title="bbox 2416 2954 3980 3051; baseline -0.004 -23"><span class='ocrx_word' id='word_1_293' title='bbox 2416 2961 2737 3051; x_wconf 84' lang='lat' dir='ltr'><strong>cognosci</strong></span> <span class='ocrx_word' id='word_1_294' title='bbox 2786 2957 2971 3050; x_wconf 92' lang='lat' dir='ltr'><strong>quod</strong></span> <span class='ocrx_word' id='word_1_295' title='bbox 3036 2957 3123 3025; x_wconf 89' lang='lat' dir='ltr'><strong>ab</strong></span> <span class='ocrx_word' id='word_1_296' title='bbox 3173 2956 3311 3025; x_wconf 88' lang='lat' dir='ltr'><strong>alio</strong></span> <span class='ocrx_word' id='word_1_297' title='bbox 3349 2958 3439 3026; x_wconf 84' lang='lat' dir='ltr'><strong>sit</strong></span> <span class='ocrx_word' id='word_1_298' title='bbox 3483 2979 3607 3047; x_wconf 92' lang='lat' dir='ltr'><strong>per</strong></span> <span class='ocrx_word' id='word_1_299' title='bbox 3660 2954 3980 3026; x_wconf 83' lang='lat' dir='ltr'><strong>ess&#39;ectum</strong></span> 
     </span>
     <span class='ocr_line' id='line_1_50' title="bbox 2416 3066 3984 3161; baseline -0.003 -25"><span class='ocrx_word' id='word_1_300' title='bbox 2416 3067 2985 3161; x_wconf 88' lang='lat' dir='ltr'><strong>appropriabilem</strong></span> <span class='ocrx_word' id='word_1_301' title='bbox 3016 3089 3328 3159; x_wconf 67' lang='lat' dir='ltr'><strong>personae</strong></span> <span class='ocrx_word' id='word_1_302' title='bbox 3361 3088 3382 3136; x_wconf 71' lang='grc' dir='ltr'>ε</span> <span class='ocrx_word' id='word_1_303' title='bbox 3410 3074 3477 3135; x_wconf 89' lang='lat' dir='ltr'><strong>et</strong></span> <span class='ocrx_word' id='word_1_304' title='bbox 3497 3066 3649 3135; x_wconf 86' lang='lat' dir='ltr'><strong>ideo</strong></span> <span class='ocrx_word' id='word_1_305' title='bbox 3685 3066 3744 3136; x_wconf 80' lang='lat' dir='ltr'><strong>si</strong></span> <span class='ocrx_word' id='word_1_306' title='bbox 3774 3066 3984 3157; x_wconf 84' lang='lat' dir='ltr'><strong>signi·</strong></span> 
     </span>
     <span class='ocr_line' id='line_1_51' title="bbox 2414 3173 3978 3268; baseline -0.001 -23"><span class='ocrx_word' id='word_1_307' title='bbox 2414 3178 2656 3247; x_wconf 74' lang='lat' dir='ltr'><strong>{icatur</strong></span> <span class='ocrx_word' id='word_1_308' title='bbox 2712 3175 3078 3268; x_wconf 86' lang='lat' dir='ltr'><strong>procedere</strong></span> <span class='ocrx_word' id='word_1_309' title='bbox 3157 3175 3625 3267; x_wconf 85' lang='lat' dir='ltr'><strong>temporaliter</strong></span> <span class='ocrx_word' id='word_1_310' title='bbox 3688 3173 3771 3245; x_wconf 91' lang='lat' dir='ltr'><strong>de</strong></span> <span class='ocrx_word' id='word_1_311' title='bbox 3829 3175 3978 3265; x_wconf 90' lang='lat' dir='ltr'><strong>ipso</strong></span> 
     </span>
    </p>
   </div>
   <div class='ocr_carea' id='block_1_20' title="bbox 2416 3283 3979 3424">
    <p class='ocr_par' dir='ltr' id='par_1_21' title="bbox 2416 3283 3979 3424">
     <span class='ocr_line' id='line_1_52' title="bbox 2416 3283 3979 3373; baseline -0.001 -21"><span class='ocrx_word' id='word_1_312' title='bbox 2416 3285 2611 3368; x_wconf 83' lang='lat' dir='ltr'><strong>Filio,</strong></span> <span class='ocrx_word' id='word_1_313' title='bbox 2643 3284 2726 3354; x_wconf 88' lang='lat' dir='ltr'><strong>de</strong></span> <span class='ocrx_word' id='word_1_314' title='bbox 2747 3285 3150 3354; x_wconf 80' lang='lat' dir='ltr'><strong>necessitate</strong></span> <span class='ocrx_word' id='word_1_315' title='bbox 3180 3286 3390 3354; x_wconf 88' lang='lat' dir='ltr'><strong>etiam</strong></span> <span class='ocrx_word' id='word_1_316' title='bbox 3418 3283 3505 3352; x_wconf 89' lang='lat' dir='ltr'><strong>ab</strong></span> <span class='ocrx_word' id='word_1_317' title='bbox 3534 3292 3790 3352; x_wconf 83' lang='lat' dir='ltr'><strong>oeterno</strong></span> <span class='ocrx_word' id='word_1_318' title='bbox 3812 3305 3979 3373; x_wconf 90' lang='lat' dir='ltr'><strong>pro-</strong></span> 
     </span>
     <span class='ocr_line' id='line_1_53' title="bbox 3921 3388 3942 3424; baseline 0 0"><span class='ocrx_word' id='word_1_319' title='bbox 3921 3388 3942 3424; x_wconf 68' lang='grc' dir='ltr'>ί</span> 
     </span>
    </p>
   </div>
   <div class='ocr_carea' id='block_1_21' title="bbox 1188 3874 3525 3978">
    <p class='ocr_par' dir='ltr' id='par_1_22' title="bbox 1188 3874 3525 3978">
     <span class='ocr_line' id='line_1_54' title="bbox 1188 3874 3525 3978; baseline 0.001 -28"><span class='ocrx_word' id='word_1_320' title='bbox 1188 3876 1283 3950; x_wconf 90' lang='grc' dir='ltr'><strong>Ι).</strong></span> <span class='ocrx_word' id='word_1_321' title='bbox 1329 3875 1480 3952; x_wconf 80' lang='lat' dir='ltr'><strong>llic</strong></span> <span class='ocrx_word' id='word_1_322' title='bbox 1519 3874 1732 3972; x_wconf 78' lang='lat' dir='ltr'><strong>dicit,</strong></span> <span class='ocrx_word' id='word_1_323' title='bbox 1766 3877 1973 3977; x_wconf 81' lang='lat' dir='ltr'><strong>qnod</strong></span> <span class='ocrx_word' id='word_1_324' title='bbox 1996 3902 2146 3955; x_wconf 85' lang='lat' dir='ltr'><strong>non</strong></span> <span class='ocrx_word' id='word_1_325' title='bbox 2187 3878 2390 3955; x_wconf 78' lang='lat' dir='ltr'><strong>valet</strong></span> <span class='ocrx_word' id='word_1_326' title='bbox 2426 3880 2627 3955; x_wconf 79' lang='lat' dir='ltr'><strong>inter</strong></span> <span class='ocrx_word' id='word_1_327' title='bbox 2657 3877 2797 3954; x_wconf 78' lang='lat' dir='ltr'><strong>illa</strong></span> <span class='ocrx_word' id='word_1_328' title='bbox 2824 3877 2977 3954; x_wconf 81' lang='lat' dir='ltr'><strong>duo</strong></span> <span class='ocrx_word' id='word_1_329' title='bbox 3018 3876 3525 3978; x_wconf 73' lang='lat' dir='ltr'><strong>distinquere.</strong></span> 
     </span>
    </p>
   </div>
   <div class='ocr_carea' id='block_1_22' title="bbox 754 4199 3979 5384">
    <p class='ocr_par' dir='ltr' id='par_1_23' title="bbox 754 4199 3979 5384">
     <span class='ocr_line' id='line_1_55' title="bbox 864 4199 3979 4301; baseline 0.001 -24"><span class='ocrx_word' id='word_1_330' title='bbox 864 4201 1064 4292; x_wconf 89' lang='lat' dir='ltr'><strong>Quid</strong></span> <span class='ocrx_word' id='word_1_331' title='bbox 1106 4213 1366 4278; x_wconf 87' lang='lat' dir='ltr'><strong>autem</strong></span> <span class='ocrx_word' id='word_1_332' title='bbox 1413 4199 1612 4276; x_wconf 90' lang='lat' dir='ltr'><strong>inter</strong></span> <span class='ocrx_word' id='word_1_333' title='bbox 1649 4200 1857 4275; x_wconf 88' lang='lat' dir='ltr'><strong>nasci</strong></span> <span class='ocrx_word' id='word_1_334' title='bbox 1900 4212 1971 4276; x_wconf 91' lang='lat' dir='ltr'><strong>et</strong></span> <span class='ocrx_word' id='word_1_335' title='bbox 2014 4202 2424 4301; x_wconf 86' lang='lat' dir='ltr'><strong>procedere</strong></span> <span class='ocrx_word' id='word_1_336' title='bbox 2467 4200 2792 4297; x_wconf 90' lang='lat' dir='ltr'><strong>intersit,</strong></span> <span class='ocrx_word' id='word_1_337' title='bbox 2827 4202 2920 4277; x_wconf 90' lang='lat' dir='ltr'><strong>de</strong></span> <span class='ocrx_word' id='word_1_338' title='bbox 2963 4202 3096 4277; x_wconf 88' lang='lat' dir='ltr'><strong>illa</strong></span> <span class='ocrx_word' id='word_1_339' title='bbox 3134 4202 3782 4278; x_wconf 83' lang='lat' dir='ltr'><strong>excellentissima</strong></span> <span class='ocrx_word' id='word_1_340' title='bbox 3838 4226 3979 4279; x_wconf 89' lang='lat' dir='ltr'><strong>na-</strong></span> 
     </span>
     <span class='ocr_line' id='line_1_56' title="bbox 766 4334 3965 4437; baseline 0.001 -24"><span class='ocrx_word' id='word_1_341' title='bbox 766 4348 943 4413; x_wconf 89' lang='lat' dir='ltr'><strong>tura</strong></span> <span class='ocrx_word' id='word_1_342' title='bbox 979 4337 1307 4434; x_wconf 89' lang='lat' dir='ltr'><strong>loquens</strong></span> <span class='ocrx_word' id='word_1_343' title='bbox 1346 4334 1727 4434; x_wconf 82' lang='lat' dir='ltr'><strong>explicare</strong></span> <span class='ocrx_word' id='word_1_344' title='bbox 1767 4336 1942 4435; x_wconf 88' lang='lat' dir='ltr'><strong>quis</strong></span> <span class='ocrx_word' id='word_1_345' title='bbox 1998 4338 2305 4437; x_wconf 83' lang='lat' dir='ltr'><strong>potest?</strong></span> <span class='ocrx_word' id='word_1_346' title='bbox 2368 4337 2537 4413; x_wconf 78' lang='lat' dir='ltr'><strong>Non</strong></span> <span class='ocrx_word' id='word_1_347' title='bbox 2581 4360 2809 4412; x_wconf 89' lang='lat' dir='ltr'><strong>omne</strong></span> <span class='ocrx_word' id='word_1_348' title='bbox 2863 4337 3071 4435; x_wconf 89' lang='lat' dir='ltr'><strong>quod</strong></span> <span class='ocrx_word' id='word_1_349' title='bbox 3114 4337 3489 4437; x_wconf 85' lang='lat' dir='ltr'><strong>procedit,</strong></span> <span class='ocrx_word' id='word_1_350' title='bbox 3562 4337 3905 4413; x_wconf 87' lang='lat' dir='ltr'><strong>nascitur</strong></span> <span class='ocrx_word' id='word_1_351' title='bbox 3946 4361 3965 4416; x_wconf 71' lang='grc' dir='ltr'><strong>ε</strong></span> 
     </span>
     <span class='ocr_line' id='line_1_57' title="bbox 768 4471 3965 4573; baseline -0 -24"><span class='ocrx_word' id='word_1_352' title='bbox 768 4471 1126 4573; x_wconf 78' lang='lat' dir='ltr'><strong>quamvis</strong></span> <span class='ocrx_word' id='word_1_353' title='bbox 1165 4493 1392 4546; x_wconf 91' lang='lat' dir='ltr'><strong>omne</strong></span> <span class='ocrx_word' id='word_1_354' title='bbox 1435 4471 1821 4571; x_wconf 86' lang='lat' dir='ltr'><strong>procedat,</strong></span> <span class='ocrx_word' id='word_1_355' title='bbox 1863 4472 2066 4570; x_wconf 86' lang='lat' dir='ltr'><strong>quod</strong></span> <span class='ocrx_word' id='word_1_356' title='bbox 2111 4474 2475 4548; x_wconf 85' lang='lat' dir='ltr'><strong>nascitur.</strong></span> <span class='ocrx_word' id='word_1_357' title='bbox 2522 4473 2734 4549; x_wconf 89' lang='lat' dir='ltr'><strong>Sicut</strong></span> <span class='ocrx_word' id='word_1_358' title='bbox 2789 4498 2954 4548; x_wconf 84' lang='lat' dir='ltr'><strong>non</strong></span> <span class='ocrx_word' id='word_1_359' title='bbox 2986 4498 3220 4549; x_wconf 90' lang='lat' dir='ltr'><strong>omne</strong></span> <span class='ocrx_word' id='word_1_360' title='bbox 3279 4474 3485 4572; x_wconf 83' lang='lat' dir='ltr'><strong>quod</strong></span> <span class='ocrx_word' id='word_1_361' title='bbox 3549 4474 3766 4573; x_wconf 84' lang='lat' dir='ltr'><strong>bipes</strong></span> <span class='ocrx_word' id='word_1_362' title='bbox 3820 4485 3965 4571; x_wconf 86' lang='lat' dir='ltr'><strong>est,</strong></span> 
     </span>
     <span class='ocr_line' id='line_1_58' title="bbox 768 4605 3966 4708; baseline 0.001 -24"><span class='ocrx_word' id='word_1_363' title='bbox 768 4609 1001 4684; x_wconf 85' lang='lat' dir='ltr'><strong>homo</strong></span> <span class='ocrx_word' id='word_1_364' title='bbox 1041 4615 1206 4682; x_wconf 84' lang='lat' dir='ltr'><strong>est:</strong></span> <span class='ocrx_word' id='word_1_365' title='bbox 1252 4605 1608 4706; x_wconf 79' lang='lat' dir='ltr'><strong>quamvis</strong></span> <span class='ocrx_word' id='word_1_366' title='bbox 1635 4605 1849 4706; x_wconf 88' lang='lat' dir='ltr'><strong>bipes</strong></span> <span class='ocrx_word' id='word_1_367' title='bbox 1880 4605 1973 4680; x_wconf 87' lang='lat' dir='ltr'><strong>sit</strong></span> <span class='ocrx_word' id='word_1_368' title='bbox 2013 4607 2267 4683; x_wconf 89' lang='lat' dir='ltr'><strong>omnis</strong></span> <span class='ocrx_word' id='word_1_369' title='bbox 2333 4608 2463 4707; x_wconf 91' lang='lat' dir='ltr'><strong>qui</strong></span> <span class='ocrx_word' id='word_1_370' title='bbox 2527 4606 2755 4683; x_wconf 78' lang='lat' dir='ltr'><strong>homo</strong></span> <span class='ocrx_word' id='word_1_371' title='bbox 2821 4619 2963 4685; x_wconf 88' lang='lat' dir='ltr'><strong>est.</strong></span> <span class='ocrx_word' id='word_1_372' title='bbox 3027 4609 3193 4685; x_wconf 83' lang='lat' dir='ltr'><strong>lloc</strong></span> <span class='ocrx_word' id='word_1_373' title='bbox 3234 4608 3440 4685; x_wconf 89' lang='lat' dir='ltr'><strong>scio:</strong></span> <span class='ocrx_word' id='word_1_374' title='bbox 3486 4609 3966 4708; x_wconf 85' lang='lat' dir='ltr'><strong>distinguere</strong></span> 
     </span>
     <span class='ocr_line' id='line_1_59' title="bbox 764 4741 3961 4842; baseline 0 -23"><span class='ocrx_word' id='word_1_375' title='bbox 764 4752 1023 4819; x_wconf 89' lang='lat' dir='ltr'><strong>autem</strong></span> <span class='ocrx_word' id='word_1_376' title='bbox 1056 4741 1258 4819; x_wconf 91' lang='lat' dir='ltr'><strong>inter</strong></span> <span class='ocrx_word' id='word_1_377' title='bbox 1297 4741 1502 4816; x_wconf 85' lang='lat' dir='ltr'><strong>illam</strong></span> <span class='ocrx_word' id='word_1_378' title='bbox 1546 4741 2146 4839; x_wconf 83' lang='lat' dir='ltr'><strong>generationem,</strong></span> <span class='ocrx_word' id='word_1_379' title='bbox 2182 4754 2254 4819; x_wconf 87' lang='lat' dir='ltr'><strong>et</strong></span> <span class='ocrx_word' id='word_1_380' title='bbox 2301 4745 2497 4818; x_wconf 84' lang='lat' dir='ltr'><strong>hanc</strong></span> <span class='ocrx_word' id='word_1_381' title='bbox 2558 4742 3126 4842; x_wconf 84' lang='lat' dir='ltr'><strong>processionem</strong></span> <span class='ocrx_word' id='word_1_382' title='bbox 3173 4744 3467 4840; x_wconf 89' lang='lat' dir='ltr'><strong>nescio,</strong></span> <span class='ocrx_word' id='word_1_383' title='bbox 3514 4770 3668 4819; x_wconf 91' lang='lat' dir='ltr'><strong>non</strong></span> <span class='ocrx_word' id='word_1_384' title='bbox 3711 4747 3961 4838; x_wconf 78' lang='lat' dir='ltr'><strong>valeo,</strong></span> 
     </span>
     <span class='ocr_line' id='line_1_60' title="bbox 760 4864 3967 4981; baseline 0.002 -30"><span class='ocrx_word' id='word_1_385' title='bbox 760 4902 916 4953; x_wconf 89' lang='lat' dir='ltr'><strong>non</strong></span> <span class='ocrx_word' id='word_1_386' title='bbox 958 4877 1285 4952; x_wconf 70' lang='lat' dir='ltr'><strong>sufficio.</strong></span> <span class='ocrx_word' id='word_1_387' title='bbox 1329 4882 1434 4951; x_wconf 76' lang='lat' dir='ltr'><strong>Ac</strong></span> <span class='ocrx_word' id='word_1_388' title='bbox 1478 4900 1614 4977; x_wconf 85' lang='lat' dir='ltr'><strong>per</strong></span> <span class='ocrx_word' id='word_1_389' title='bbox 1644 4864 1787 4950; x_wconf 74' lang='lat' dir='ltr'><strong>lioc</strong></span> <span class='ocrx_word' id='word_1_390' title='bbox 1829 4877 2009 4975; x_wconf 88' lang='lat' dir='ltr'><strong>qnia</strong></span> <span class='ocrx_word' id='word_1_391' title='bbox 2050 4890 2120 4953; x_wconf 82' lang='lat' dir='ltr'><strong>et</strong></span> <span class='ocrx_word' id='word_1_392' title='bbox 2163 4878 2292 4953; x_wconf 90' lang='lat' dir='ltr'><strong>illa</strong></span> <span class='ocrx_word' id='word_1_393' title='bbox 2331 4889 2402 4952; x_wconf 88' lang='lat' dir='ltr'><strong>et</strong></span> <span class='ocrx_word' id='word_1_394' title='bbox 2445 4879 2585 4953; x_wconf 86' lang='lat' dir='ltr'><strong>ista</strong></span> <span class='ocrx_word' id='word_1_395' title='bbox 2633 4888 2747 4954; x_wconf 88' lang='lat' dir='ltr'><strong>est</strong></span> <span class='ocrx_word' id='word_1_396' title='bbox 2802 4879 3264 4955; x_wconf 86' lang='lat' dir='ltr'><strong>incss&#39;abilis:</strong></span> <span class='ocrx_word' id='word_1_397' title='bbox 3336 4881 3534 4954; x_wconf 87' lang='lat' dir='ltr'><strong>sicut</strong></span> <span class='ocrx_word' id='word_1_398' title='bbox 3576 4882 3967 4981; x_wconf 81' lang='lat' dir='ltr'><strong>Propheta</strong></span> 
     </span>
     <span class='ocr_line' id='line_1_61' title="bbox 759 5009 3959 5116; baseline 0.002 -29"><span class='ocrx_word' id='word_1_399' title='bbox 759 5013 852 5089; x_wconf 87' lang='lat' dir='ltr'><strong>de</strong></span> <span class='ocrx_word' id='word_1_400' title='bbox 893 5011 1085 5087; x_wconf 87' lang='lat' dir='ltr'><strong>Filio</strong></span> <span class='ocrx_word' id='word_1_401' title='bbox 1127 5012 1456 5110; x_wconf 88' lang='lat' dir='ltr'><strong>loquens</strong></span> <span class='ocrx_word' id='word_1_402' title='bbox 1495 5009 1623 5102; x_wconf 84' lang='lat' dir='ltr'><strong>ait,</strong></span> <span class='ocrx_word' id='word_1_403' title='bbox 1662 5012 2247 5088; x_wconf 78' lang='lat' dir='ltr'><strong>Generalionem</strong></span> <span class='ocrx_word' id='word_1_404' title='bbox 2309 5015 2476 5114; x_wconf 76' lang='lat' dir='ltr'><strong>ejus</strong></span> <span class='ocrx_word' id='word_1_405' title='bbox 2540 5015 2710 5115; x_wconf 76' lang='lat' dir='ltr'><strong>quis</strong></span> <span class='ocrx_word' id='word_1_406' title='bbox 2767 5014 3165 5090; x_wconf 79' lang='lat' dir='ltr'><strong>enarrabit</strong></span> <span class='ocrx_word' id='word_1_407' title='bbox 3190 5037 3214 5072; x_wconf 76' lang='lat'>²</span> <span class='ocrx_word' id='word_1_408' title='bbox 3248 5014 3291 5087; x_wconf 68' lang='grc' dir='ltr'><strong>ἱ)</strong></span> <span class='ocrx_word' id='word_1_409' title='bbox 3330 5015 3442 5090; x_wconf 92' lang='lat' dir='ltr'><strong>lta</strong></span> <span class='ocrx_word' id='word_1_410' title='bbox 3508 5015 3600 5090; x_wconf 89' lang='lat' dir='ltr'><strong>de</strong></span> <span class='ocrx_word' id='word_1_411' title='bbox 3667 5016 3959 5116; x_wconf 85' lang='lat' dir='ltr'><strong>Spiritu</strong></span> 
     </span>
     <span class='ocr_line' id='line_1_62' title="bbox 758 5146 3959 5251; baseline 0.001 -27"><span class='ocrx_word' id='word_1_412' title='bbox 758 5158 1026 5225; x_wconf 90' lang='lat' dir='ltr'><strong>sancto</strong></span> <span class='ocrx_word' id='word_1_413' title='bbox 1063 5147 1461 5222; x_wconf 77' lang='lat' dir='ltr'><strong>verissime</strong></span> <span class='ocrx_word' id='word_1_414' title='bbox 1502 5146 1822 5223; x_wconf 86' lang='lat' dir='ltr'><strong>dicitur:</strong></span> <span class='ocrx_word' id='word_1_415' title='bbox 1861 5148 2438 5225; x_wconf 74' lang='lat' dir='ltr'><strong>processionem</strong></span> <span class='ocrx_word' id='word_1_416' title='bbox 2480 5150 2648 5249; x_wconf 87' lang='lat' dir='ltr'><strong>ejus</strong></span> <span class='ocrx_word' id='word_1_417' title='bbox 2686 5150 2862 5249; x_wconf 88' lang='lat' dir='ltr'><strong>quis</strong></span> <span class='ocrx_word' id='word_1_418' title='bbox 2901 5150 3357 5225; x_wconf 76' lang='lat' dir='ltr'><strong>enarrabit?</strong></span> <span class='ocrx_word' id='word_1_419' title='bbox 3394 5150 3598 5227; x_wconf 88' lang='lat' dir='ltr'><strong>Satis</strong></span> <span class='ocrx_word' id='word_1_420' title='bbox 3637 5151 3733 5227; x_wconf 90' lang='lat' dir='ltr'><strong>sit</strong></span> <span class='ocrx_word' id='word_1_421' title='bbox 3774 5176 3959 5251; x_wconf 89' lang='lat' dir='ltr'><strong>ergo</strong></span> 
     </span>
     <span class='ocr_line' id='line_1_63' title="bbox 754 5282 3961 5384; baseline 0.002 -26"><span class='ocrx_word' id='word_1_422' title='bbox 754 5283 1008 5379; x_wconf 88' lang='lat' dir='ltr'><strong>nobis,</strong></span> <span class='ocrx_word' id='word_1_423' title='bbox 1051 5282 1236 5382; x_wconf 89' lang='lat' dir='ltr'><strong>quia</strong></span> <span class='ocrx_word' id='word_1_424' title='bbox 1276 5307 1429 5358; x_wconf 91' lang='lat' dir='ltr'><strong>non</strong></span> <span class='ocrx_word' id='word_1_425' title='bbox 1469 5293 1586 5359; x_wconf 84' lang='lat' dir='ltr'><strong>est</strong></span> <span class='ocrx_word' id='word_1_426' title='bbox 1614 5307 1658 5358; x_wconf 91' lang='lat' dir='ltr'><strong>a</strong></span> <span class='ocrx_word' id='word_1_427' title='bbox 1697 5283 1949 5383; x_wconf 90' lang='lat' dir='ltr'><strong>seipso</strong></span> <span class='ocrx_word' id='word_1_428' title='bbox 1989 5284 2253 5380; x_wconf 82' lang='lat' dir='ltr'><strong>Filius,</strong></span> <span class='ocrx_word' id='word_1_429' title='bbox 2287 5285 2416 5360; x_wconf 89' lang='lat' dir='ltr'><strong>sed</strong></span> <span class='ocrx_word' id='word_1_430' title='bbox 2460 5286 2554 5360; x_wconf 90' lang='lat' dir='ltr'><strong>ab</strong></span> <span class='ocrx_word' id='word_1_431' title='bbox 2598 5285 2725 5359; x_wconf 86' lang='lat' dir='ltr'><strong>illo</strong></span> <span class='ocrx_word' id='word_1_432' title='bbox 2766 5285 2859 5361; x_wconf 90' lang='lat' dir='ltr'><strong>de</strong></span> <span class='ocrx_word' id='word_1_433' title='bbox 2900 5308 3057 5384; x_wconf 89' lang='lat' dir='ltr'><strong>quo</strong></span> <span class='ocrx_word' id='word_1_434' title='bbox 3090 5297 3322 5362; x_wconf 90' lang='lat' dir='ltr'><strong>natus</strong></span> <span class='ocrx_word' id='word_1_435' title='bbox 3362 5295 3480 5362; x_wconf 82' lang='lat' dir='ltr'><strong>est</strong></span> <span class='ocrx_word' id='word_1_436' title='bbox 3521 5311 3537 5363; x_wconf 90' lang='lat'>:</span> <span class='ocrx_word' id='word_1_437' title='bbox 3587 5313 3740 5365; x_wconf 91' lang='lat' dir='ltr'><strong>non</strong></span> <span class='ocrx_word' id='word_1_438' title='bbox 3775 5297 3961 5364; x_wconf 88' lang='lat' dir='ltr'><strong>esta</strong></span> 
     </span>
    </p>
   </div>
   <div class='ocr_carea' id='block_1_23' title="bbox 819 5577 1725 5747">
    <p class='ocr_par' dir='ltr' id='par_1_24' title="bbox 819 5577 1725 5747">
     <span class='ocr_line' id='line_1_64' title="bbox 822 5577 1469 5651; baseline 0.008 -18"><span class='ocrx_word' id='word_1_439' title='bbox 822 5580 839 5615; x_wconf 86' lang='lat'><strong>¹</strong></span> <span class='ocrx_word' id='word_1_440' title='bbox 886 5577 970 5635; x_wconf 75' lang='lat' dir='ltr'><strong>Cf.</strong></span> <span class='ocrx_word' id='word_1_441' title='bbox 1005 5579 1184 5651; x_wconf 79' lang='lat' dir='ltr'><strong>Infra,</strong></span> <span class='ocrx_word' id='word_1_442' title='bbox 1207 5581 1327 5642; x_wconf 87' lang='lat' dir='ltr'><strong>Dis.</strong></span> <span class='ocrx_word' id='word_1_443' title='bbox 1352 5584 1469 5641; x_wconf 70' lang='lat' dir='ltr'><strong>XV.</strong></span> 
     </span>
     <span class='ocr_line' id='line_1_65' title="bbox 819 5669 1725 5747; baseline 0.008 -20"><span class='ocrx_word' id='word_1_444' title='bbox 819 5669 845 5707; x_wconf 82' lang='lat'><strong>¹</strong></span> <span class='ocrx_word' id='word_1_445' title='bbox 869 5670 985 5731; x_wconf 75' lang='lat' dir='ltr'><strong>isa.</strong></span> <span class='ocrx_word' id='word_1_446' title='bbox 1015 5688 1132 5741; x_wconf 73' lang='lat' dir='ltr'><strong>tin,</strong></span> <span class='ocrx_word' id='word_1_447' title='bbox 1153 5674 1209 5747; x_wconf 82' lang='lat'><strong>8,</strong></span> <span class='ocrx_word' id='word_1_448' title='bbox 1240 5679 1300 5730; x_wconf 82' lang='lat' dir='ltr'><strong>et</strong></span> <span class='ocrx_word' id='word_1_449' title='bbox 1324 5675 1449 5732; x_wconf 78' lang='lat' dir='ltr'><strong>Act.</strong></span> <span class='ocrx_word' id='word_1_450' title='bbox 1486 5692 1604 5747; x_wconf 74' lang='lat' dir='ltr'><strong>vin,</strong></span> <span class='ocrx_word' id='word_1_451' title='bbox 1633 5678 1725 5734; x_wconf 78' lang='grc'><strong>33.</strong></span> 
     </span>
    </p>
   </div>
  </div>
 </body>
</html>
