4897 6388
1816 383 1908 450 IN
1956 384 1986 449 1
2038 323 2458 451 SENTE‘NT.
2515 340 2741 452 Disr·
2794 366 2949 465 xv,
2992 367 3324 462 H,·AR*r.
3374 381 3477 447 13.

1507 876 2006 947 ARTICULUS
2039 877 2194 946 XII.

1079 1099 1187 1163 ,4η
1226 1116 1460 1162 verum
1514 1095 1630 1171 sil,
1675 1092 1862 1183 quod
1896 1095 2106 1159 Pater
2167 1090 2622 1177 sanctificavit

1597 1257 1600 1260 .
1653 1201 1997 1269 Christum
2027 1197 2067 1265 P

1169 1523 1432 1592 Deinde
1488 1523 1814 1612 quaeritur
1877 1519 1959 1588 de
2027 1518 2155 1587 hoe
2201 1520 2383 1609 quod
2414 1519 2613 1586 dicit:

1091 1663 1121 1693 «
1152 1631 1507 1716 Quomodo
1530 1633 1742 1699 Pater
1773 1651 1925 1697 eum
1951 1629 2560 1718 sanctificavil‚ett:.
2581 1652 2614 1693 a

3996 384 4000 387 ⁴
4043 412 4059 440 -.
4164 351 4296 435 42¹}

2831 551 3307 620 Sanctificatur
3370 550 3551 617 enim
3603 545 3786 636 quod
3840 543 3923 610 de
3965 562 4104 606 non
4126 513 4298 606 san·-

2738 669 2846 729 cto
2942 668 3256 727 sanetum
3349 657 3635 725 efficitur
3716 676 3733 721 ε
3825 660 3891 719 et
3966 649 4096 716 hoe
4152 668 4294 713 non

2735 772 3053 838 convenit
3084 768 3354 838 Christo
3405 770 3521 857 qui
3569 783 3945 853 numquam
3979 759 4103 825 fuit
4151 777 4293 822 non

2736 886 3034 945 sanctus,

2824 1091 2928 1156 An
2958 1109 3084 1156 noc
3144 1085 3534 1165 dicendum,
3590 1081 3774 1173 quod
3865 1076 4283 1147 sanctificare

2732 1200 3026 1266 sumitur
3065 1197 3176 1265 hie
3205 1219 3327 1286 pro
3381 1204 3689 1261 sanctum
3721 1191 3938 1258 facere
3969 1210 3982 1253 :
4019 1208 4158 1253 non
4194 1187 4288 1251 ita

2733 1309 2916 1399 quod
2961 1309 3149 1397 prius
3181 1329 3320 1374 non
3380 1305 3601 1380 fuerit,
3664 1310 3731 1369 et
3805 1307 4042 1389 postea
4070 1289 4285 1363 faetus

2730 1420 2818 1485 sit
2882 1426 3155 1486 sanetus
3206 1441 3220 1483 ε
3293 1415 3413 1484 sed
3443 1414 3625 1505 quod
3668 1421 3888 1479 totum
3921 1407 4126 1476 simul
4170 1406 4273 1472 fa-

2730 1537 2917 1597 ctum
2947 1527 3352 1610 est,seilioet
3391 1524 3797 1612 subjeetum,
3842 1527 3939 1587 et.
3965 1516 4286 1585 sanctitas

2734 1639 2903 1726 ipsa.

1752 2324 1843 2398 ΙΙ.
1885 2320 2231 2412 Οιιωειίο,
2299 2318 2459 2393 Cur
2487 2316 2703 2411 dicit,
2738 2317 2804 2390 A
2852 2317 3148 2415 meipso
3192 2339 3345 2391 non
3378 2313 3620 2389 veni?

1178 2769 1328 2843 Sed
1373 2767 1469 2843 ad
1510 2767 1655 2842 hoc
1685 2764 2126 2866 opponitur,
2160 2759 2237 2837 Si
2284 2763 2521 2837 Filius
2560 2785 2603 2837 a
2635 2761 2891 2862 seipso
2928 2759 3211 2834 missus
3251 2766 3393 2852 est,
3426 2781 3566 2832 eur
3602 2781 3788 2854 ergo
3850 2755 3982 2851 ait,
4025 2759 4089 2833 A
4136 2779 4288 2833 me·

1082 2902 1249 3002 ipso
1280 2925 1433 2975 non
1480 2899 1852 2976 veni?Ad
1878 2899 2022 2974 hoc
2054 2895 2530 2996 Augustinus
2557 2894 2970 2994 respondet
2999 2891 3077 2966 in
3124 2891 3317 2966 libro
3359 2888 3424 2966 11
3456 2889 3549 2965 de
3591 2888 4281 2984 Trim'toledieenS,

1083 3040 1231 3112 hoe
1260 3036 1552 3112 dietum
1579 3058 1748 3111 esse
1778 3032 2200 3110 seeundum
2251 3031 2573 3106 sormam
2615 3027 2846 3123 servi,
2918 3027 3349 3102 seeundum
3406 3049 3637 3124 quam
3733 3050 3888 3100 non
3960 3025 4134 3101 fecit
4202 3035 4289 3101 ut

1075 3171 1533 3265 mitteretur,
1579 3170 1653 3245 id
1694 3182 1830 3257 est,
1873 3192 2023 3244 non
2075 3178 2435 3268 operatus
2488 3175 2602 3243 est
2631 3162 3278 3250 incarnationem,
3310 3161 3443 3238 sed
3477 3161 3901 3239 seeundum
3962 3163 4285 3238 sormam

1080 3306 1220 3382 Dei
1252 3310 1302 3382 ¹.

1477 4116 1976 4186 ARTICULUS
2023 4115 2210 4184 xm.

1071 4345 1179 4410 Αη
1210 4342 1443 4411 Filius
1490 4352 1711 4435 potest
1764 4342 1901 4409 dica·
1958 4341 2206 4410 venisse
2257 4364 2298 4407 a
2341 4338 2615 4430 seipso?

1159 4663 1423 4731 Deinde
1462 4664 1790 4754 quoeritur
1862 4660 1944 4728 de
1986 4659 2112 4728 hoc
2149 4658 2327 4750 quod
2384 4658 2544 4726 dicit
2590 4681 2605 4725 ε

1068 4798 1101 4834 α
1137 4770 1281 4839 Sed
1314 4769 1414 4835 ad
1446 4769 1571 4836 hoc
1606 4769 1996 4859 ομροηὶἱαν,
2040 4767 2123 4835 Si
2164 4767 2359 4853 filius
2401 4791 2444 4833 a
2500 4791 2612 4831 se-

1067 4880 1240 4970 ipso,
1273 4887 1405 4947 ete.
1442 4905 1476 4940 a

1160 4985 1451 5054 Videtur
1477 4985 1684 5061 enim,
1720 4982 1900 5075 quod
1931 4984 2130 5051 etiam
2172 5004 2306 5049 non
2355 5004 2610 5050 conve·

1063 5094 1211 5162 nint
1264 5095 1324 5161 ei
1401 5091 1775 5161 secundum
1830 5090 2119 5158 formam
2178 5086 2298 5155 Dei
2360 5111 2376 5154 ε
2447 5089 2609 5179 quia

1065 5202 1271 5269 etiam
1316 5199 1692 5268 seeundum
1755 5197 2044 5265 formam
2113 5195 2230 5263 Dei
2286 5219 2327 5262 a
2377 5197 2605 5286 seipso

1064 5332 1204 5377 non
1255 5317 1358 5376 est
1427 5330 1444 5375 ε
1526 5330 1688 5396 ergo
1740 5329 1861 5374 nec
1913 5306 2124 5385 venit,
2176 5326 2296 5371 nee
2347 5303 2607 5394 aliquid

1129 5542 1145 5576 ¹
1180 5538 1238 5593 S.
1265 5540 1637 5604 Ancum-isus,
1679 5536 1799 5591 Lib.
1856 5534 1902 5591 ΙΙ
1931 5533 2007 5591 de
2053 5532 2355 5600 'rr-initae,
2387 5549 2514 5604 cap.
2548 5536 2602 5590 5.

2726 3798 2886 3869 facit
2945 3822 2988 3868 a
3032 3801 3260 3892 seipso
3319 3822 3337 3867 ε
3395 3800 3555 3891 quia
3610 3798 3845 3891 regula
3901 3808 4028 3885 est,
4096 3800 4283 3892 quod

2724 3904 3060 3997 quidquid
3094 3914 3225 3992 est,
3283 3916 3351 3976 et
3397 3904 3731 3997 quidquid
3758 3905 3921 3976 facit
3987 3930 4279 3999 persona

2728 4011 3124 4104 procedens,
3156 4012 3363 4083 habet
3400 4020 3468 4081 et
3497 4013 3720 4081 facita
3747 4036 4038 4105 persona
4072 4038 4114 4084 a
4141 4037 4277 4107 qua

2724 4119 3058 4210 procedit.

2814 4326 3123 4395 Somno.
3180 4327 3344 4397 Siue
3390 4328 3599 4398 dubio
3656 4332 3988 4402 verificari
4046 4343 4270 4425 potest

2720 4456 2861 4502 uno
2901 4435 3107 4504 modo
3153 4435 3437 4518 locutio,
3483 4448 3642 4519 etc..
3700 4442 4078 4511 secundum
4113 4446 4275 4535 lor-

2722 4568 2910 4614 mom
2934 4549 3094 4625 Dei,
3150 4549 3209 4615 si
3249 4571 3630 4640 pronomen
3678 4560 3871 4620 notet
3928 4552 4278 4624 discretio-

2725 4677 2882 4723 nem
2917 4680 2935 4724 :
2972 4656 3135 4746 quia
3193 4665 3352 4723 tune
3406 4679 3646 4724 sensus
3710 4667 3840 4744 est,
3898 4661 3959 4727 A
4010 4663 4274 4755 meipso

2724 4784 2861 4829 non
2927 4763 3083 4830 veni
3121 4772 3414 4831 tantum.
3469 4761 3544 4830 Si
3581 4773 3812 4833 autem
3853 4770 4126 4860 negatio
4165 4794 4277 4839 re-

2721 4869 2960 4960 spiciat
2990 4893 3369 4961 pronomen
3392 4871 3763 4939 secundum
3806 4879 4274 4965 operationem

2720 4976 3054 5045 adventus
3109 4985 3399 5054 tautum,
3455 5000 3595 5045 non
3669 4989 3894 5070 potest
3938 4985 4271 5054 verificari

2720 5087 3248 5157 nisisecundum
3278 5088 3569 5158 fornnam
3609 5092 3806 5192 servi·
3850 5117 3868 5162 ε
3914 5094 4074 5183 quia
4126 5094 4271 5185 ipse

2718 5198 3093 5267 secundum
3129 5199 3421 5268 formam
3455 5201 3575 5270 Dei
3608 5226 3813 5272 eausa
3856 5203 3983 5272 fuit
4009 5204 4273 5272 adven-

2719 5314 2829 5373 tus
2859 5306 2991 5385 sui,
3024 5308 3200 5375 sicut
3249 5317 3315 5375 et
3355 5307 3578 5377 Pater.

4380 1127 4582 1175 Salutio.

4344 4384 4548 4436 Solunte.
