4897 6388
671 2741 873 2785 eotutto.

1490 355 1506 368 ·
1608 263 1700 328 IN
1752 262 1779 327 1
1830 258 2256 340 SEN'OENT.
2309 255 2536 322 DIST.
2594 254 2712 331 lll,
2767 256 2845 334 Β,
2900 253 2972 321 C.
3032 253 3226 349 ΛΒΤ.>
3279 253 3318 317 6
3356 251 3466 317 ΕΤ
3505 253 3570 317 ’7.
4107 249 4191 318 97

948 409 1216 520 ‘retum
1262 430 1397 528 qui
1433 430 1577 501 hoc
1609 426 1788 500 fecit.
1826 425 2032 523 quod
2065 425 2161 500 ab
2206 423 2520 498 homino
2564 420 3040 520 impossibile
3081 430 3198 495 cst
3239 419 3402 494 ficri
3448 446 3492 491 ι.
3541 419 3972 493 Potuerunt
4010 442 4193 516 ergo

974 588 1473 663 cognoscere,
1519 562 1682 635 sive
1732 570 2293 660 cognoverunt,
2353 561 2550 634 ultra
2604 581 2908 632 omnem
2956 565 3386 632 creaturam
3427 579 3596 631 csse
3639 555 3854 629 illum
3912 555 4044 652 qui
4101 578 4193 630 ea

976 702 1178 795 fecit,
1225 724 1404 798 quae
1435 700 1651 773 nulla
1691 709 2221 774 creaturarum
2268 698 2516 771 facero
2548 696 2670 769 vel
2718 694 3112 768 destruere
3155 693 3383 768 valet.
3428 692 3759 768 Accedat
3798 714 4198 788 quoecum-

975 860 1128 934 quo
1160 835 1279 909 vis
1320 845 1698 928 creatura,
1735 844 1810 909 et
1850 834 2075 909 faciat
2119 834 2268 908 tale
2303 831 2586 905 coelum
2648 838 2722 903 ct
2773 839 3079 921 terram,
3116 836 3192 903 ct
3232 827 3479 902 dicam
3537 825 3722 925 quia
3778 826 3986 900 Deus
4048 833 4186 900 est.

980 971 1132 1045 Sed
1175 970 1361 1068 quia
1408 971 1623 1044 nulla
1662 978 2018 1045 creatura
2048 968 2231 1042 talia
2272 968 2518 1041 facere
2558 965 2789 1057 valet,
2835 972 3132 1039 constat
3161 986 3396 1063 super
3424 984 3734 1038 omnem
3763 971 4190 1037 creaturam

979 1131 1149 1183 esse
1192 1108 1413 1181 illum
1454 1106 1588 1204 qui
1631 1129 1724 1181 ca
1750 1104 1948 1196 fecit,
1997 1128 2084 1179 ac
2116 1127 2255 1202 por
2295 1103 2442 1176 hoc
2511 1101 2728 1174 illum
2765 1123 2933 1175 csse
2974 1099 3223 1175 Deum
3258 1101 3601 1174 humana
3649 1121 3864 1174 mens
3904 1121 4195 1196 cogno-

978 1266 1194 1320 scere
1227 1239 1498 1340 potuit.

1412 1710 1466 1776 A
1480 1706 1917 1778 R'rlctJLUS
1968 1706 2028 1772 V
2034 1706 2084 1774 1.
3058 1697 3559 1768 ARTICULUS
3597 1698 3751 1765 vn.

1267 1923 1472 2011 Quod
1505 1923 1706 1991 delur
1734 1924 1970 2015 prima
2007 1944 2244 1990 eausa.
2792 1916 2994 2001 Quod
3034 1923 3352 1984 creatura
3380 1938 3515 1983 non
3536 1923 3758 2007 potest
3783 1936 4030 1983 creare.

1063 2253 1325 2322 Deinde
1355 2253 1687 2344 quaeritur
1723 2250 2013 2343 qualiter
2059 2251 2392 2320 formatur
2420 2274 2534 2319 ra·
2733 2253 2990 2321 Deinde
3021 2253 3345 2344 quaeritur
3383 2251 3466 2320 de
3522 2253 3784 2321 ratione
3814 2252 3956 2340 ejus
4004 2249 4187 2342 quod

972 2363 1067 2431 tio
1110 2384 1317 2452 quam
1374 2360 1673 2445 adducit,
1724 2360 1846 2442 ibi,
1899 2385 1933 2425 ι
1980 2361 2161 2429 Nam
2206 2361 2384 2429 sicut
2430 2362 2533 2429 ait

962 2461 1400 2552 ‘AmbrositeS,
1430 2481 1555 2539 etc.
1595 2495 1628 2535 ι

1068 2684 1380 2754 Somno.
1416 2683 1500 2751 Et
1530 2682 1918 2764 dicendum,
1952 2683 2136 2775 quod
2173 2684 2270 2752 sic
2299 2704 2531 2774 proce-

975 2793 1075 2860 dit
1100 2816 1115 2860 :
1140 2792 1512 2861 Causatum
1535 2802 1679 2861 est:
1715 2790 1847 2860 hoc
1873 2799 2057 2885 patet
2083 2790 2166 2858 ad
2197 2814 2472 2860 sensum
2510 2815 2524 2858 :

977 2925 1142 2994 crgo
1180 2899 1383 2970 habet
1431 2901 1732 2991 aliquam
1790 2922 2062 2969 causam
2126 2924 2142 2970 ε
2206 2900 2320 2969 illa
2367 2924 2530 2992 crgo

974 3033 1182 3079 causa
1211 3018 1312 3078 cst
1352 3010 1598 3101 primu,
1641 3016 1759 3077 aut
1795 3007 2001 3078 habet
2030 3008 2234 3077 aliam
2289 3009 2399 3089 :‚si
2430 3017 2532 3077 cst

974 3119 1224 3211 prima,
1256 3141 1421 3211 crgo
1449 3116 1669 3185 habco
1700 3119 2125 3211 propositum
2171 3139 2189 3185 t
2225 3119 2383 3210 quia
2404 3140 2532 3186 nos

971 3227 1103 3297 hoc
1148 3250 1480 3297 vocamus
1540 3226 1789 3311 Deum,
1832 3226 2018 3318 quod
2055 3236 2158 3295 est
2194 3228 2289 3295 ita
2328 3248 2531 3296 causa

975 3335 1162 3428 quod
1193 3359 1332 3404 non
1362 3342 1463 3403 est
1493 3342 1875 3413 causatum,
1917 3343 1984 3403 ct
2023 3333 2152 3403 hoc
2180 3342 2282 3403 cst
2313 3336 2533 3426 prima

971 3467 1200 3514 causa.
1238 3443 1311 3510 Si
1361 3450 1591 3512 autem
1632 3440 1837 3511 habet
1875 3440 2077 3510 uliam
2104 3464 2405 3520 causum,
2448 3441 2531 3511 dc

974 3551 1092 3621 illa
1121 3554 1367 3621 iterum
1400 3574 1631 3643 quaero
1672 3558 1900 3618 utrum
1941 3549 2186 3618 haheat
2224 3572 2526 3629 causam,

971 3659 1082 3729 vel
1153 3682 1289 3727 non
1347 3682 1363 3727 ε
1429 3666 1695 3728 constat
1750 3665 1978 3727 nutem
2010 3657 2191 3750 quod
2232 3656 2363 3726 hoc
2393 3682 2533 3726 non

975 3768 1165 3839 vadit
1212 3770 1280 3835 in
1307 3767 1651 3835 inlinitum
1686 3789 1702 3834 ε
1736 3789 1901 3859 crgo
1921 3788 2193 3836 necesse
2224 3775 2325 3835 est
2355 3774 2533 3834 stare

978 3880 1047 3948 in
1073 3878 1306 3969 aliquo
1340 3876 1524 3969 quod
1556 3878 1650 3944 ita
1669 3899 1871 3945 causa
1902 3885 2028 3960 est,
2055 3876 2235 3968 quod
2268 3900 2406 3944 non
2435 3886 2536 3944 cst

978 3997 1389 4057 causatum:
1443 3987 1629 4081 quod
1682 3996 1911 4056 autem
1953 4011 2089 4056 non
2146 3996 2245 4056 est
2293 4009 2537 4054 causa-

980 4105 1153 4177 tum,
1196 4106 1299 4166 est
1338 4098 1711 4166 increatum
1756 4116 1772 4164 ε
1808 4119 1970 4186 ergo
1995 4094 2107 4162 illa
2164 4117 2365 4163 causa
2397 4118 2534 4162 non

980 4214 1079 4273 cst
1106 4215 1357 4292 creato,
1399 4214 1464 4274 et
1496 4203 1625 4273 hoc
1663 4227 1989 4273 vocamus
2023 4204 2263 4272 Deum.

2643 2362 2842 2431 dicit:
2889 2389 2921 2425 α
2956 2360 3098 2430 Sed
3138 2362 3308 2453 quia
3369 2360 3578 2430 nulla
3639 2370 3955 2429 creatura
4010 2357 4188 2427 talia

2637 2472 2866 2560 facere
2894 2469 3100 2552 valet,
3134 2476 3263 2537 etc.
3309 2493 3343 2535 ι

2729 2580 2813 2648 Et
2844 2581 3014 2648 ratio
3044 2578 3248 2670 hujus
3278 2589 3380 2650 est
3422 2603 3440 2648 ε
3483 2580 3642 2672 quia
3672 2581 3893 2649 omnis
3917 2585 4191 2648 creatu-

2641 2712 2715 2758 ra
2771 2698 2871 2757 est
2930 2690 3251 2780 potentiae
3328 2687 3533 2757 finitae
3577 2712 3592 2757 :
3635 2710 3797 2779 ergo
3851 2688 3995 2779 ipsa
4049 2708 4190 2754 non

2641 2806 2960 2888 operatur
3009 2796 3276 2865 actione
3341 2797 3612 2865 virtutis
3668 2794 3946 2864 inlinitae
3994 2816 4010 2863 ε
4072 2793 4191 2862 sed

2641 2902 2925 2972 educere
2963 2900 3221 2992 aliquid
3286 2901 3368 2970 de
3430 2900 3645 2970 nihilo
3722 2902 3792 2968 in
3849 2898 4032 2968 aliud
4087 2905 4191 2966 est

2640 3011 2911 3079 virtutis
2948 3010 3229 3078 infinita„-
3262 3032 3280 3077 :
3316 3032 3479 3102 crgo
3520 3011 3662 3100 ipsa
3704 3031 3842 3077 non
3876 3006 4194 3098 operabi-

2644 3128 2753 3188 tur
2789 3120 3183 3214 operatione
3230 3118 3371 3201 illa,
3403 3128 3470 3187 et
3517 3120 3611 3187 ita
3655 3115 3823 3186 nihil
3873 3114 4123 3186 creabit
4168 3134 4186 3183 ε

2646 3229 2813 3298 nihil
2869 3230 3052 3298 enim
3110 3240 3177 3299 et
3222 3228 3479 3321 aliquid
3543 3227 3791 3296 distant
3844 3228 3914 3295 in
3965 3224 4194 3293 infini-

2646 3348 2790 3408 tum
2825 3361 2841 3407 τ
2876 3338 3038 3407 dicit
3067 3339 3249 3407 enim
3289 3335 3771 3428 Philosophus,
3808 3335 3988 3428 quod
4019 3334 4195 3401 inter

2645 3457 2936 3540 quatuor
2992 3454 3058 3515 et
3112 3446 3274 3528 duo,
3333 3456 3399 3515 et
3474 3455 3768 3538 quatuor
3820 3453 3886 3513 et
3927 3444 4080 3521 tria,
4128 3452 4196 3511 et

2646 3565 2941 3648 quatuor
2968 3561 3034 3621 et
3064 3576 3276 3621 unum
3326 3563 3546 3644 potest
3601 3576 3746 3622 esse
3784 3552 4127 3645 proportio
4170 3574 4186 3619 ε

2646 3666 2761 3733 sed
2818 3666 2990 3731 inter
3055 3661 3313 3754 aliquid
3377 3671 3443 3731 ct
3499 3661 3667 3730 nihil
3724 3660 3910 3730 nulla
3973 3669 4196 3752 potest

2649 3798 2795 3842 esse
2848 3773 3196 3863 proportio
3233 3795 3249 3840 :
3282 3780 3349 3840 ct
3390 3771 3542 3841 idco
3572 3772 3879 3840 omnium
3930 3777 4198 3838 natura·

2649 3881 2814 3949 lium
2872 3881 2973 3967 (ut
3037 3879 3200 3949 dicit
3265 3877 3752 3969 Philosophus)
3818 3876 4195 3968 suppositio

2647 3989 2771 4057 l'uit
2809 4011 2888 4055 ox
2931 3985 3145 4055 nihilo
3177 3985 3344 4055 nihil
3387 3987 3528 4055 lieri
3579 3984 3952 4056 secundum
4004 3991 4200 4053 nutu-

2652 4120 2820 4164 ram.

1237 4745 1319 4819 C.
1363 4740 1728 4818 Ser-unda
1760 4741 1954 4816 ratio
1986 4764 2137 4839 qua
2164 4740 2425 4838 potuit
2463 4736 2845 4836 coqnosei,
2893 4733 3017 4811 cel
3040 4733 3311 4810 modus
3364 4757 3510 4834 quo
3552 4738 3953 4809 noverunt.

1091 5097 1260 5174 Alio
1293 5095 1524 5172 ctiam
1559 5092 1785 5169 modo
1817 5092 1957 5169 Dci
1989 5091 2390 5167 veritatem
2431 5090 2667 5165 ductu
2714 5087 3033 5163 rationis
3063 5108 3560 5184 cognoscere,
3588 5094 4029 5185 potuerunt,
4085 5085 4209 5161 vel

992 5232 1227 5309 ctiam
1260 5236 1822 5328 cognoverunt.
1877 5225 1977 5302 Ut
2013 5225 2219 5302 cnim
2279 5223 2765 5323 Augustinus
2804 5220 2905 5296 ait
2958 5220 3035 5293 in
3083 5219 3276 5294 libro
3318 5219 3412 5297 ‹lc
3471 5220 3797 5297 Cae'vicale
3833 5218 4038 5294 Dei:
4072 5217 4214 5292 Yi-

993 5368 1279 5444 dorunt
1317 5369 1599 5441 summi
1648 5360 2103 5461 Philosophi
2144 5361 2447 5435 nullum
2504 5382 2787 5458 corpus
2844 5379 3014 5432 csse
3056 5355 3330 5442 Deum,
3373 5363 3447 5431 ct
3511 5355 3683 5431 ideo
3743 5363 4018 5431 cuncta
4055 5376 4217 5429 cor-

1072 5628 1089 5663 ¹
1125 5628 1186 5683 S.
1221 5628 1558 5697 Axunosws,
1584 5624 1643 5681 iu
1674 5638 1893 5683 comm.
1925 5639 2055 5697 cap.
2088 5638 2105 5679 ι
2136 5621 2322 5696 Epist.
2357 5620 2430 5678 ad
2465 5622 2779 5677 Romanos.
2810 5616 2975 5673 Tom.
3007 5615 3101 5672 lv.

1282 5758 1392 5797 XXV
