4897 6388
1947 315 2047 436 JN
2091 315 2124 382 Ῑ
2174 315 2605 385 SENTENT.
2661 314 3229 429 DIST.X11,3„C
3270 313 3482 403 Am.
3514 315 3601 382 3.
4168 415 4173 422 ι
4270 307 4414 402 357
4455 417 4483 431 .-
4570 377 4575 380 ,

1191 488 1505 557 verbium
1538 488 1718 557 dicat
1753 508 2049 577 praesens
2093 471 2516 565 aeternitatis,
2569 487 2744 554 sicut
2947 483 3085 553 Sed
3114 460 3276 554 tunc
3302 493 3529 575 potest
3555 507 3700 578 esse
3729 483 4036 580 dubium,
4079 478 4135 552 si
4174 427 4443 592 distin}

1189 619 1398 687 supra
1429 602 1743 663 notatum
1774 601 1877 661 est
1903 587 1948 670 ¹,
1991 615 2156 660 vera
2194 601 2295 661 est
2330 592 2744 660 affirmativa
2851 594 3128 684 guibilis
3168 602 3269 663 est
3304 594 3707 686 propositio,
3740 617 3946 685 quare
3981 593 4409 694 Augustinus

1188 712 1255 773 et
1310 702 1836 773 contradictoria
1899 699 2068 768 falsa
2130 699 2256 768 sub
2315 699 2450 769 hoc
2504 693 2734 780 sensu,
2853 723 3007 769 eam
3053 710 3259 793 neget
3294 701 3716 792 simpliciter.
3746 700 3834 768 Et
3876 699 3960 768 ad
3997 699 4129 768 hoc
4167 699 4405 788 dicen-,-

1187 809 1482 901 Spiritus
1510 816 1785 877 sanctus
1828 809 2157 898 processit
2183 807 2350 875 dum
2395 815 2599 875 natus
2638 815 2741 876 est
2849 809 3041 891 dum,
3086 810 3271 899 quod
3344 831 3465 899 per
3528 808 3953 876 occasionem
4046 773 4409 875 calumnize

1187 914 1404 984 Filius
1432 915 1731 1008 perfecta
1775 903 2180 984 nativitate:
2232 938 2320 984 ex
2363 912 2500 983 hoc
2553 914 2736 983 enim
2848 922 3094 1006 neget:
3130 918 3290 1006 quia
3318 912 3714 1005 simplicitas
3740 913 3898 981 fidei
3933 913 4105 1003 fugit
4140 893 4412 980 calum-

1185 1047 1328 1094 non
1357 1025 1779 1116 significatur
1805 1025 2120 1116 prioritas
2158 1025 2367 1120 unius
2412 1023 2525 1092 vel
2564 1023 2738 1092 alte·
2848 1024 3086 1093 niam:
3119 1023 3232 1093 vel
3259 1024 3431 1093 forte
3479 1023 3673 1116 quia
3667 1020 4068 1091 haereticus
4038 1043 4281 1120 ipsam
4292 1042 4401 1089 su·
4490 1027 4493 1028 *

1185 1135 1352 1220 riuS,
1387 1133 1508 1202 sed
1534 1134 1762 1225 potius
1800 1132 2116 1220 simultas,
2159 1131 2537 1202 secundum
2575 1155 2736 1230 mo·⁴
2847 1125 3132 1201 mebat
3114 1134 3437 1230 inprimo
3470 1154 3676 1216 sensu
3701 1111 4019 1230 ἱξιιιιιιιιι.Δ
4047 1185 4112 1234 ,2⁴
4152 1211 4162 1222 Δ
4259 1173 4270 1226 3
4316 1196 4337 1226 Ὗ
4368 1221 4375 1231 ι

1183 1240 1349 1310 dum
1377 1241 1794 1310 aeternitatis.
1931 1273 1934 1290 2
2149 1283 2176 1306 -·
2233 1287 2238 1300 ·
2445 1301 2451 1310 ·
3076 1299 3079 1302 ‡
3183 1329 3190 1336 .
3422 1301 3425 1306 ·
3488 1303 3588 1338 11..
3652 1303 3661 1330 ι
3724 1305 3733 1312 .
3784 1317 3791 1326 .
4034 1287 4397 1346 --..i-·-s.1·;

1425 1375 1432 1380 “
3346 1375 3351 1378 ’
4056 1389 4189 1450 ”ῑῖ““ἶ
4252 1391 4401 1453 ’ἕῑιιῖι

3960 1527 3968 1548 ι
4034 1521 4103 1560 νι·
4197 1520 4271 1560 {ux
4267 1499 4397 1584 Hui

1036 1699 1052 1712 ,
1184 1627 1269 1702 C.
1306 1625 1458 1702 IIzc
1495 1628 1754 1725 aqitur
1780 1627 1876 1706 de
1905 1651 1991 1706 eo
2041 1626 2284 1730 quod
2270 1625 2616 1702 secundo
2649 1624 3167 1726 quaerebatur,
3194 1624 3513 1701 scilicet
3508 1563 3957 1724 αηὶιίἑηίιιε
3993 1619 4122 1764 vel
4142 1610 4391 1732 maqis

2003 1762 2594 1862 processerita
2625 1761 2872 1837 Patre
2900 1747 3133 1861 qicam
3163 1785 3211 1837 a
3245 1737 3580 1850 Filio?
3792 1831 3819 1878 3·
3966 1857 3969 1860 Α
4024 1852 4029 1858 ‚
4102 1841 4175 1881 n
4248 1841 4339 1880 W

2978 1971 2983 1980 .
3362 1975 3367 1980 .
3486 1935 3585 1984 '·-'
3628 1947 3661 1982 1}
3748 1945 3884 1986 ‘istil
3965 1948 3973 1956 '
4046 1948 4395 1992 1³·:1=2=·‚2.·31

1219 1981 1493 2110 Nunc
1529 2033 2028 2109 tractandum
2045 2040 2162 2109 est
2190 2031 2397 2131 quod
2430 2031 2775 2108 secundo
2816 1965 3355 2131 quaerebatur,
3377 2031 3672 2108 scilicet
3718 2053 3862 2108 an
3853 2028 4228 2130 plenius
4218 2035 4393 2103 aut

1171 2168 1421 2292 magis
1459 2154 1823 2268 procedat
1850 2166 2183 2278 Spiritus
2222 2176 2540 2274 sanctus
2579 2190 2627 2242 a
2653 2159 2913 2244 Patre
2926 2190 3160 2266 quam
3203 2191 3251 2243 a
3282 2162 3493 2282 Filio
3510 2165 3579 2240 ⁴?
3605 2157 3720 2242 Ad
3759 2157 3963 2278 quod
4017 2139 4393 2266 (ἰιοιιιιιιε,Ῐ

1164 2302 1354 2404 quia
1380 2287 1582 2380 sicut
1617 2326 1771 2379 non
1815 2312 1992 2380 ante
2031 2301 2378 2402 procedit
2404 2281 2455 2379 a
2492 2302 2720 2378 Patre
2750 2323 2987 2400 quam
3028 2325 3075 2378 a
3113 2271 3336 2398 Filio,
3372 2301 3501 2378 ita
3507 2323 3666 2412 non
3705 2299 4012 2416 plenius
4046 2296 4173 2399 vel
4198 2277 4397 2420 ιιιεί-;Ι
4472 2375 4477 2381 ,

1160 2437 1283 2536 gis
1311 2438 1655 2538 procedit
1686 2461 1734 2513 a
1762 2439 1988 2515 Patre
2027 2461 2262 2538 quam
2292 2461 2340 2513 a
2377 2437 2601 2514 Filio.
2642 2437 3147 2536 Augustinus
3162 2446 3423 2516 tamen
3462 2437 3544 2513 in
3568 2403 3763 2513 libro
3800 2435 3949 2512 XV
3977 2405 4073 2513 de
4106 2433 4393 2526 Triuia

1033 2651 1046 2672 2
1152 2571 1359 2649 tate'
1390 2573 1597 2663 dicit,
1644 2573 1849 2698 quod
1881 2572 2215 2673 Spiritus
2241 2582 2559 2650 sanctus
2588 2560 3123 2673 principaliter
3158 2573 3511 2673 procedit
3550 2574 3655 2650 de
3695 2572 3947 2648 Patre.
3968 2570 4175 2646 Non
4198 2571 4390 2647 1”ι·ιι---ι
4452 2585 4464 2594 ·

1162 2719 1351 2806 stra,
1384 2708 1662 2809 inquit,
1697 2709 1776 2784 in
1817 2711 1964 2786 hac
1989 2706 2356 2785 Trinitate
2398 2732 2557 2783 non
2599 2707 2883 2785 dicitur
2918 2707 3266 2785 Verbum
3306 2707 3449 2785 Dei
3489 2706 3640 2784 nisi
3680 2685 3965 2784 Filius:
4035 2728 4179 2782 nec
4204 2687 4373 2824 do-

1165 2867 1360 2919 num
1388 2842 1534 2920 Dei
1586 2867 1734 2920 nisi
1756 2843 2090 2944 Spiritus
2128 2852 2496 2921 sanctus:
2534 2865 2679 2921 nec
2716 2842 2813 2919 de
2842 2865 2999 2943 quo
3025 2829 3375 2941 genitum
3406 2851 3524 2920 est
3544 2827 3913 2930 Verbum,
3951 2831 4030 2918 et
4066 2840 4171 2948 de
4206 2821 4383 2962 quo

1154 2977 1502 3076 procedit
1539 2976 1874 3077 Spiritus
1913 2987 2228 3055 sanctus
2259 2976 2820 3078 principaliter,
2856 2976 3009 3054 nisi
3047 2975 3262 3055 Deus
3299 2977 3556 3055 Pater.
3582 2978 3777 3054 Ecce
3805 2935 4155 3073 audistis,
4187 2961 4374 3074 quia

1156 3109 1495 3211 Spiritus
1524 3122 1840 3189 sanctus
1871 3111 2402 3212 principaliter
2437 3110 2791 3213 procedit
2828 3137 2876 3188 a
2907 3112 3161 3188 Patre.
3197 3109 3351 3189 Sed
3381 3133 3483 3188 ne
3504 3119 3581 3187 te
3621 3110 3767 3186 hoc
3795 3107 4221 3206 turbaret,‘
4197 3131 4364 3210 ipse

1165 3245 1536 3325 continuo
1567 3270 1659 3325 ex
1687 3271 1842 3348 quo
1880 3271 2115 3325 sensu
2155 3250 2304 3324 hoc
2333 3247 2640 3341 dixerit,
2684 3246 2962 3347 aperit,
2998 3247 3267 3324 dicens
3322 3272 3341 3325 ε
3378 3247 3561 3324 Ideo
3600 3245 3852 3324 addidi
3898 3228 4384 3351 principali-.-⁹

1146 3387 1291 3478 ter,
1348 3381 1538 3481 quia
1575 3392 1651 3459 et
1678 3382 1774 3460 de
1816 3381 2008 3459 Filio
2054 3381 2389 3483 Spiritus
2426 3392 2748 3460 sanctus
2785 3382 3210 3483 procedere
3232 3381 3618 3483 reperitur
3657 3405 3676 3459 ε
3710 3380 3844 3459 sed
3884 3381 4031 3458 hoc
4059 3362 4368 3481 quoque

1152 3515 1267 3592 illi
1306 3517 1538 3593 Pater
1579 3517 1788 3594 dedit
1814 3541 1969 3594 non
1989 3517 2155 3617 jam
2188 3518 2582 3616 existenti,
2615 3528 2692 3595 et
2721 3519 3077 3595 nondum
3126 3517 3471 3595 habenti.
3517 3516 3669 3595 Sed
3697 3516 4074 3617 quidquid
4105 3514 4371 3614 unige-

1155 3651 1319 3729 nito
1347 3651 1604 3730 Verbo
1646 3652 1878 3749 dedit,
1914 3652 2307 3751 gignendo
2338 3654 2576 3731 dedit.
2622 3653 2754 3732 Sic
2776 3677 2965 3753 ergo
3005 3677 3189 3732 eum
3227 3654 3528 3754 genuit,
3565 3662 3650 3730 ut
3684 3652 3915 3731 etiam
3953 3652 4050 3729 de
4076 3651 4211 3727 illo
4234 3649 4364 3726 do-

1156 3811 1353 3864 num
1398 3786 1809 3864 commune
1873 3787 2352 3888 procederet,
2407 3797 2486 3864 et
2542 3787 2881 3889 Spiritus
2919 3799 3239 3884 sanctus
3286 3789 3605 3891 spiritus
3668 3797 3870 3866 esset
3929 3785 4360 3864 amborum

1091 3964 1094 3969 ·
1154 3912 1360 4000 Ecce
1390 3922 1745 4022 exposuit
1806 3922 2131 4024 ipsemet
2187 3922 2579 4023 quomodo
2647 3923 2987 4026 Spiritus
3052 3923 3585 4026 principaliter
3610 3876 3972 4027 procedat
4007 3921 4361 4000 aPatre.

1154 4081 1315 4133 non
1356 4057 1546 4157 quia
1581 4056 1799 4158 prius
1825 4058 1952 4134 vel
1985 4057 2230 4157 magis
2260 4059 2633 4158 procedat
2661 4082 2709 4136 a
2740 4061 2970 4139 Patre
2999 4083 3236 4160 quam
3275 4084 3324 4138 a
3350 4060 3598 4138 Filio:
3633 4061 3765 4140 sed
3792 4060 3979 4162 quia
4006 4083 4184 4136 cum
4202 4081 4373 4161 pro-

1164 4191 1397 4270 cedat
1433 4214 1482 4268 a
1516 4191 1737 4287 Fili0‚
1771 4192 1918 4269 hoc
1948 4190 2203 4290 ipsum
2245 4191 2479 4270 habet
2519 4192 2767 4280 Filius
2804 4219 2852 4270 a
2890 4192 3148 4271 Patre.

2815 4466 3275 4559 querebatur,
3307 4475 3436 4538 etc.
3484 4492 3520 4536 ι
3557 4468 3843 4539 Videtur
3894 4469 4078 4539 enim
4104 4468 4373 4564 plenius

2527 4644 2531 4648 .
2815 4575 3185 4667 procedere
3213 4599 3257 4646 a
3283 4576 3529 4647 Patre.
3563 4578 3723 4671 quia

1587 4688 2089 4762 ARTICULUS
2129 4690 2251 4760 111.
2909 4687 2972 4753 1.
3008 4684 3297 4777 Propter
3359 4686 3546 4778 quod
3614 4688 4152 4782 unumquodque
4206 4689 4366 4775 tale,

2816 4791 2888 4861 id
2921 4792 3138 4885 magis
3189 4802 3294 4862 est
3328 4792 3507 4863 tale:
3558 4794 3676 4864 sed
3710 4794 3921 4866 Filius
3965 4819 4104 4866 non
4158 4797 4371 4890 spirat

1151 4909 1398 4977 Utrum
1433 4907 1744 4999 Spiritus
1779 4916 2056 4975 sanctus
2085 4906 2364 4999 plenius
2402 4930 2446 4976 a
2494 4911 2705 4977 Patre
2811 4900 2945 4967 nisi
2973 4908 3253 4992 propter
3297 4899 3573 4970 Patrem
3620 4903 3735 4993 qui
3772 4900 3889 4971 dat
3938 4904 4000 4971 ei
4054 4904 4362 4996 spirare:

1440 5014 1778 5106 procedat
1804 5035 2019 5105 quam
2047 5037 2091 5081 a
2128 5013 2324 5082 Filio
2349 5012 2391 5081 P
2809 5028 2976 5099 ergo
3023 5007 3230 5077 Pater
3264 5007 3486 5100 magis
3512 5009 3742 5100 spirat.

2899 5116 2967 5183 2.
3010 5113 3211 5196 Item,
3262 5114 3466 5196 Quod
3509 5117 3969 5210 principaliter
4017 5123 4360 5205 convenit,

2810 5223 3032 5315 magis
3060 5224 3384 5293 convenit
3450 5245 3656 5317 quam
3687 5226 3869 5318 quod
3913 5250 4056 5297 non
4109 5230 4364 5321 princi-

1233 5327 1493 5396 Deinde
1559 5328 1889 5420 quaeritur
1933 5328 2015 5398 de
2071 5326 2202 5397 hoc
2258 5328 2445 5420 quod
2492 5329 2690 5398 dicit:
2805 5328 3093 5420 paliter:
3136 5352 3302 5423 ergo
3341 5330 3546 5401 Pater
3571 5333 3788 5426 magis
3831 5336 4065 5427 spirat.

1145 5460 1180 5501 ι
1220 5436 1422 5504 Nunc
1483 5434 1921 5504 tractandum
1981 5446 2078 5504 est
2143 5435 2335 5527 quod
2398 5436 2695 5505 secundo
2897 5438 2963 5506 3.
3000 5435 3199 5523 Item,
3242 5435 3484 5506 Omnis
3521 5462 3723 5509 causa
3775 5443 4097 5534 primaria
4139 5449 4359 5540 magis

1228 5651 1246 5686 ¹
1282 5644 1369 5703 Cf.
1403 5647 1616 5719 Supra,
1651 5648 1795 5705 Dist.
1827 5648 1921 5707 lx.
2879 5651 2904 5688 ²
2932 5650 3385 5723 S-Aucusnnus,
3414 5652 3539 5713 Lib.
3562 5656 3659 5713 XV
3684 5656 3758 5715 de
3776 5658 4080 5736 Trinitate,
4107 5677 4237 5738 cap.
4267 5664 4356 5726 17.
