4897 6388
1979 364 2073 431 IN
2121 364 2148 431 1
2199 365 2627 438 SENTENT.
2682 367 2908 438 msT.
2963 368 3082 445 xl,
3135 368 3213 446 B,
3268 347 3468 437 A'R‘r.
3520 368 3586 437 6.

1168 541 1372 617 unde
1404 550 1479 616 et
1520 564 1662 614 nos
1703 546 2044 634 arguunt
2071 538 2588 613 anathematis
2616 562 2816 615 reos.
2862 538 3175 615 Addunt
3215 540 3442 615 etiam
3504 539 3596 614 ad
3644 539 4144 614 assertionem
4212 561 4375 613 suae

1161 675 1582 774 opinioniS,
1628 673 1810 748 etin
1847 671 2372 747 testimonium
2407 683 2695 748 nostrae
2727 674 3275 768 damnationis,
3311 674 3405 748 de
3472 674 3823 772 symbolo
3893 672 4097 766 fidei,
4170 671 4373 769 quod

1161 807 1598 884 secundum
1634 791 2121 881 traditionem
2163 805 2710 904 praedictorum
2745 807 3249 883 conciliorum
3309 807 3463 881 Leo
3531 805 3631 880 ΙΙΙ
3672 806 3939 880 Romfe
4011 804 4373 880 transcri-

1163 955 1381 1043 ptum
1424 943 1504 1017 in
1549 944 1813 1018 tabula
1853 951 2219 1038 argentea
2261 951 2432 1040 post
2464 944 2704 1017 altare
2747 942 2950 1018 beati
2994 943 3213 1017 Pauli
3257 943 3503 1041 posita
3534 943 3863 1041 posteris
3888 942 4196 1039 reliquit
4233 963 4370 1040 pro

1161 1104 1425 1156 amore
1460 1086 1577 1176 (ut
1617 1080 1780 1178 ipse
1810 1078 1944 1177 ait)
1986 1087 2060 1153 et
2099 1079 2401 1153 cautela
2443 1076 2624 1153 fidei
2656 1078 3130 1153 orthodoxae.
3179 1079 3260 1151 In
3304 1101 3457 1176 quo
3498 1078 3812 1176 quidem
3854 1078 4236 1175 symbolo,
4295 1078 4374 1152 in

1159 1215 1656 1314 processione
1691 1213 2027 1312 Spiritus
2068 1213 2281 1286 solus
2336 1222 2990 1287 commemoratur
3038 1212 3291 1307 Pater,
3340 1213 3457 1286 his
3516 1211 3799 1305 verbis,
3859 1239 3895 1282 «
3944 1213 4035 1286 Et
4091 1212 4167 1284 in
4210 1212 4373 1310 Spi-

1160 1376 1198 1422 «
1246 1350 1480 1424 ritum
1523 1358 1879 1424 sanctum
1910 1346 2360 1441 Dominum,
2407 1355 2483 1420 et
2521 1345 3103 1436 vivificatorem,
3140 1369 3233 1422 ex
3271 1346 3494 1422 Patre
3548 1346 4084 1445 procedentem
4131 1371 4145 1420 ε
4194 1369 4367 1421 cum

1165 1512 1203 1558 α
1251 1486 1479 1561 Patre
1521 1493 1597 1560 et
1636 1483 1826 1558 Filio
1860 1482 2438 1558 coadorandum
2473 1491 2548 1557 et
2587 1481 3207 1580 glorificandum,
3242 1493 3383 1558 etc.
3426 1510 3462 1554 »
3522 1482 3714 1557 Illud
3763 1493 3876 1558 est
3934 1483 4367 1581 symbolum

1155 1623 1365 1722 quod
1408 1622 1487 1696 in
1525 1621 1761 1697 missa
1791 1629 2176 1713 cantatur,
2209 1619 2499 1694 editum
2537 1619 2615 1693 in
2656 1619 2977 1695 Nicoeno
3020 1619 3345 1695 concilio
3387 1622 3405 1655 ¹
3452 1644 3468 1695 :
3508 1619 3585 1693 in
3616 1619 3770 1695 fine
3796 1622 4019 1718 cujus
4058 1620 4373 1718 subjun-

1155 1767 1365 1832 ctum
1408 1770 1551 1852 est,
1588 1755 1733 1845 Qui
1777 1754 1988 1831 aliud
2016 1755 2385 1841 docuerit,
2425 1757 2550 1830 vel
2579 1755 2801 1830 aliter
2832 1754 3388 1853 praedicaverit,
3425 1756 3839 1830 anathema
3867 1755 3988 1829 sit.
4035 1756 4368 1853 Ideoque

1142 1893 1407 2000 ‚Graeci
1439 1916 1585 1969 nos
1615 1891 2297 1968 anathematizatos
2329 1890 2626 1986 dicunt,
2664 1891 2849 1989 quia
2888 1891 3216 1967 dicimus
3248 1891 3623 1990 Spiritum·
3660 1903 4020 1969 sanctum
4078 1918 4124 1967 a
4174 1892 4364 1968 Filio

1156 2029 1602 2130 procedere,
1651 2028 1857 2128 quod
1901 2026 2004 2102 ibi
2048 2051 2201 2102 non
2245 2026 2711 2103 continetur.
2751 2026 2969 2114 Quod
3012 2026 3218 2102 enim
3250 2027 3678 2103 secundum
3711 2051 3854 2104 nos
3902 2028 4006 2103 ibi
4052 2028 4356 2125 dicitur,

1156 2192 1194 2238 α
1240 2165 1390 2254 Qui
1422 2188 1469 2240 a
1513 2165 1738 2239 Patre
1773 2162 2120 2260 Filioque
2153 2160 2499 2260 procedit
2541 2185 2557 2236 ε
2601 2189 2638 2234 »
2682 2162 3010 2238 alterum
3050 2161 3414 2236 aLatinis
3469 2172 3584 2237 est
3635 2163 4007 2258 additum,
4068 2164 4360 2240 scilicet

1149 2301 1538 2402 Filioque.

2815 2642 2853 2687 a
2884 2619 3081 2701 Filio,
3117 2642 3240 2688 nec
3270 2641 3306 2688 e
3352 2642 3684 2689 converso
3731 2642 3770 2686 a
3817 2619 4074 2711 Spiritu
4120 2626 4354 2687 sancto

2811 2727 3044 2796 Filius.

2896 2839 2960 2904 2.
2996 2835 3193 2919 Item,
3226 2836 3596 2929 Dionysius
3634 2838 3703 2904 in
3733 2836 3905 2906 libro
3952 2836 4033 2906 de
4074 2836 4348 2905 Divinis

2804 2944 3197 3013 nominibus
3236 2944 3258 2978 ¹
3292 2968 3308 3012 ε
3345 2944 3547 3015 Pater
3588 2945 3861 3037 quidem
3918 2954 4018 3013 est
4071 2944 4345 3012 fontana

2805 3052 3042 3121 deitas.
3087 3052 3295 3122 Filius
3332 3063 3561 3122 autem
3601 3062 3667 3123 et
3722 3054 4014 3146 Spiritus
4069 3062 4341 3122 sanctus

1589 2940 2089 3010 ARTICULUS
2121 2940 2236 3011 Vl.

4256 367 4383 435 345
4488 435 4493 440 .

1147 3164 1499 3249 Quaeritur
1537 3163 1620 3230 de
1664 3164 2117 3231 controversia
2168 3164 2563 3234 Graecorum
2626 3175 2692 3234 et

1224 3272 1636 3338 Latinorum
1665 3269 1750 3337 de
1771 3272 2191 3361 processione
2203 3271 2512 3362 Spiritus
2528 3295 2690 3340 san·

1223 3378 1341 3456 cti,
1377 3388 1613 3447 utrum
1644 3402 1687 3444 a
1714 3380 1928 3447 Patre
1957 3378 2282 3470 procedat
2311 3388 2587 3447 tantum
2616 3388 2694 3447 ut

1225 3485 1468 3554 dicunt
1500 3486 1744 3571 Graeci,
1778 3485 1886 3553 vel
1922 3509 1966 3553 α
2004 3488 2217 3554 Patre
2244 3495 2307 3554 et
2337 3487 2527 3555 Filio
2554 3488 2693 3554 sic-

1226 3604 1304 3663 ut
1342 3594 1582 3662 dicunt
1610 3596 1849 3663 Latini
1871 3593 1913 3661 Ρ

1224 3913 1485 3982 Deinde
1533 3915 1857 4004 quaeritur
1901 3912 2143 3982 dehoc
2182 3915 2365 4005 quod
2396 3915 2682 3984 dicitur:

1135 4048 1168 4086 ι
1207 4023 1426 4092 Graeci
1455 4032 1708 4102 lamen,
1743 4032 1869 4091 etc.
1919 4053 1950 4085 ι»

1220 4127 1305 4195 Et
1355 4130 1682 4220 quaeritur
1711 4127 1820 4197 hic
1859 4129 1941 4198 de
1979 4133 2441 4199 controversia
2495 4132 2687 4202 Grae-

1128 4259 1368 4305 corum
1400 4245 1465 4305 et
1500 4237 1892 4306 Latinorum
1936 4238 2017 4307 de
2046 4240 2481 4330 processione
2522 4240 2686 4332 Spi-

1127 4342 1295 4410 ritus
1333 4345 1574 4413 sancti.
1613 4344 1691 4412 Et
1737 4367 2071 4435 ponemus
2123 4346 2343 4437 primo
2386 4348 2684 4416 rationes

1120 4458 1188 4516 et
1244 4452 1680 4520 auctoritates
1746 4475 1869 4542 pro
1928 4452 2201 4532 Graecis‚
2275 4463 2511 4546 postca
2557 4477 2681 4545 pro

1127 4553 1380 4625 Latinis
1410 4557 1758 4627 solvemus
1792 4560 2085 4628 rationes
2126 4569 2189 4628 et
2240 4563 2681 4631 auctoritates

1124 4662 1545 4732 Graecorum.

1221 4773 1280 4838 1.
1329 4772 1502 4840 Dicit
1540 4781 1771 4840 autem
1813 4770 2206 4863 Dionysius,
2263 4775 2450 4864 quod
2483 4775 2684 4845 Pater

1123 4886 1224 4945 est
1270 4878 1552 4945 fontana
1609 4878 1862 4946 deitas:
1927 4901 2088 4970 ergo
2147 4881 2442 4963 videtur,
2497 4883 2682 4973 quod

1138 4981 1346 5051 Filius
1376 4994 1442 5053 et
1474 4984 1770 5076 Spiritus
1799 4995 2074 5054 sanctus
2099 4997 2256 5055 sunt
2296 4989 2420 5056 rivi
2454 5008 2471 5057 z
2526 4989 2687 5058 nul-

1133 5090 1237 5157 lus
1268 5100 1495 5159 autem
1543 5094 1728 5159 rivus
1780 5091 1983 5160 simul
2033 5095 2249 5163 oritur
2302 5118 2341 5163 a
2390 5096 2577 5164 fonte
2618 5106 2684 5166 et

1134 5201 1279 5269 rivo
1315 5223 1330 5267 :
1375 5223 1539 5292 ergo
1571 5223 1695 5269 nec
1741 5202 2033 5293 Spiritus
2079 5214 2350 5272 sanctus
2383 5206 2688 5299 procedit

1205 5449 1220 5483 ¹
1252 5448 1386 5503 Haec
1417 5452 1556 5503 sunt
1598 5446 1777 5502 verba
1828 5446 2083 5520 symboli
2139 5448 2402 5505 Nicoeni:
2437 5472 2467 5499 ι(
2500 5451 2570 5505 Et
2617 5450 2681 5507 in

1131 5560 1159 5589 «
1194 5538 1481 5611 Spiritum
1549 5538 1853 5603 Sanctum,
1905 5538 2225 5613 Dominum
2270 5544 2330 5594 et
2384 5539 2680 5597 vivifican·

2803 3160 3104 3252 deigenae
3159 3161 3448 3241 deitatis,
3515 3162 3569 3230 si
3628 3162 3719 3230 ita
3776 3169 4040 3254 oportet
4091 3161 4338 3246 dicere,

2802 3268 3283 3359 pullulationes
3311 3269 3555 3337 divinae
3592 3280 3870 3349 naturoe,
3905 3279 3971 3338 et
4009 3271 4180 3338 sicut
4214 3272 4346 3339 sso-

2805 3402 2933 3457 res,
2978 3386 3044 3447 et
3071 3379 3244 3446 sicut
3280 3377 3955 3471 supersubstantialia
4000 3380 4256 3448 lumina
4307 3404 4348 3449 a

2805 3488 3054 3556 sanctis
3102 3486 3390 3578 eloquiis
3452 3490 3859 3580 accepimus.
3937 3486 4073 3556 Sed
4127 3510 4345 3580 neque

2805 3595 3288 3689 pullulationes
3318 3597 3620 3687 ejusdem
3654 3596 3915 3676 radicis,
3958 3619 4178 3687 neque
4220 3597 4344 3666 sso-

2803 3727 2911 3773 res
2940 3705 3141 3774 unius
3169 3706 3401 3797 virgas,
3443 3727 3661 3795 neque
3710 3703 3966 3772 lumina
4005 3705 4205 3771 unius
4233 3703 4347 3771 lu-

2801 3813 2896 3882 cis
2925 3812 3032 3880 vel
3069 3813 3389 3881 luminosi
3430 3811 3515 3880 ad
3544 3834 3616 3880 se
3647 3812 3935 3879 invicem
3967 3811 4340 3880 secundum

2799 3920 3129 4011 principia
3158 3920 3440 4011 originis
3472 3919 3901 3987 reducuntur.
3943 3918 4120 4009 Ergo
4157 3918 4342 3986 vide·

2800 4037 2933 4106 tur,
2977 4026 3155 4119 quod
3189 4051 3310 4096 nec
3354 4025 3559 4094 Filius
3579 4028 3665 4094 sit
3702 4050 3741 4094 a
3783 4025 4037 4117 Spiritu
4076 4036 4338 4107 sancte,

2798 4158 2921 4204 nec
2950 4156 2985 4202 e
3024 4156 3351 4203 converso
3396 4135 3690 4225 Spiritus
3728 4144 3999 4202 sanctus
4050 4157 4088 4201 a
4140 4132 4333 4202 Filio.

2888 4244 2953 4312 3.
2992 4242 3185 4325 ltem,
3219 4241 3614 4332 Dionysius,
3642 4244 3707 4308 in
3741 4240 3912 4309 libro
3934 4240 4016 4310 de
4046 4221 4341 4330 ,lly‘stica

2796 4353 3140 4442 theoloqia
3169 4359 3220 4419 ⁸:
3255 4349 3330 4418 ln
3363 4349 3761 4441 theologicis
3802 4349 4343 4441 hypotyposibus

2793 4457 3355 4551 principalissima
3374 4458 3797 4526 affirmativis
3821 4456 4180 4546 theologiis
4203 4456 4344 4524 lau-

2793 4566 3130 4646 davimus,
3174 4565 3464 4657 qualiter
3491 4566 3722 4633 divina
3750 4576 3816 4634 et
3861 4564 4040 4632 bona
4100 4573 4339 4633 natura

2795 4676 2995 4742 unica
3023 4673 3287 4750 dicitur,
3321 4672 3614 4763 qualiter
3670 4673 3842 4740 trina
3878 4673 4187 4763 quaedam
4225 4695 4339 4741 se-

2792 4781 3092 4851 cundum
3123 4782 3337 4872 ipsam
3381 4781 3554 4850 dicta
3585 4782 3949 4872 paternitas
3981 4790 4043 4849 et
4067 4780 4331 4862 filiatio,

2795 4888 3272 4981 quodcumque
3299 4899 3400 4958 est
3430 4888 3558 4957 hoc
3586 4889 3692 4957 vel
3733 4889 3916 4981 quod
3947 4888 4093 4957 vult
4132 4911 4336 4957 mon-

2792 5006 3003 5065 strare
3033 4997 3306 5088 spiritus
3338 4995 3704 5088 theologia,
3750 4996 4037 5088 qualiter
4073 5020 4157 5064 ex
4205 4998 4338 5064 im-

2795 5102 3122 5171 materiali
3179 5111 3244 5171 et
3311 5103 3702 5193 impartibili
3753 5104 3930 5171 bono
4000 5104 4066 5170 in
4135 5104 4335 5172 corde

2796 5209 3141 5277 manentia
3173 5206 3493 5276 bonitatis
3524 5208 4023 5300 pullulaverunt
4051 5207 4332 5289 lumina,

2799 5472 2828 5505 ι
2851 5459 3041 5521 catur,
3072 5458 3185 5510 etc.
3220 5475 3248 5501 v»

2861 5542 2882 5578 ²
2923 5543 2979 5598 S.
3016 5543 3332 5610 Dnourstus,
3369 5542 3489 5599 Lib.
3545 5541 3618 5597 de
3678 5543 3901 5600 Divinis
3956 5546 4321 5615 nominibus,

1132 5649 1160 5677 «
1205 5632 1359 5684 tem:
1385 5626 1580 5699 quiex
1612 5628 1784 5682 Patre
1814 5625 2080 5698 Filioque
2098 5626 2385 5699 procedit.
2409 5628 2674 5695 Quicum
2786 5647 2914 5703 cap.
2949 5633 3001 5688 2.

1131 5740 1158 5762 ·«
1192 5716 1364 5775 Patre
1394 5721 1457 5772 et
1487 5715 1631 5772 Filio
1664 5715 1842 5771 simul
1874 5714 2181 5787 adoratur,
2228 5723 2289 5773 et
2315 5717 2670 5792 conglorifi-

2854 5718 2878 5752 ³
2911 5721 3064 5787 luen,
3099 5717 3219 5773 Lib.
3251 5717 3322 5773 de
3368 5718 3608 5791 Mystica
3636 5720 3970 5797 Theologia,
4001 5739 4130 5797 cap.
4170 5727 4222 5782 3.
