4897 6388
1797 259 1891 382 ΙΝ
1938 301 2440 410 [sumum.
2496 301 2726 371 ms'r.
2783 301 2905 386 111,
2958 300 3043 385 ο,
3094 301 3295 369 An‘r.
3350 304 3458 369 33.

1036 474 1309 562 posita?
1333 475 1418 543 Et
1455 473 1688 542 habito
1720 473 1851 541 hoc
1880 472 2061 563 quod
2102 482 2202 541 est
2233 475 2588 566 composi-

1032 588 1121 658 ta,
1218 589 1715 672 consequenter
1754 580 2364 650 determinandum
2453 592 2580 665 est,

1026 690 1321 778 qualiter
1350 711 1490 757 suae
1530 690 1851 779 potentiae
1893 713 1961 758 se
1993 689 2245 759 habent
2274 691 2358 758 ad
2400 714 2578 759 eam.

1114 796 1415 863 Vnum-un
1473 795 1651 863 circa
1706 799 2036 887 primum,
2101 797 2283 888 quod
2353 799 2586 865 anima

1025 904 1111 969 sit
1150 903 1467 993 simplex.

1117 1013 1176 1077 1.
1197 1011 1416 1081 Omne
1438 1017 1894 1104 compositum
1928 1016 2068 1082 ines
2090 1037 2161 1082 se
2186 1024 2285 1082 est
2306 1014 2436 1084 hoc
2455 1014 2584 1083 ali-

1022 1118 1188 1207 quid
1226 1119 1297 1186 in
1337 1130 1577 1189 natura
1623 1143 1638 1187 :
1684 1122 1912 1189 anima
1960 1144 2099 1189 non
2141 1130 2239 1189 est
2268 1120 2407 1190 hoc
2456 1122 2587 1190 ali-

1027 1227 1192 1314 quid
1225 1228 1291 1295 in
1334 1240 1576 1297 natura
1616 1251 1631 1295 :
1669 1251 1831 1319 ergo
1866 1230 2011 1319 ipsa
2049 1253 2193 1298 non
2243 1239 2344 1298 est
2390 1253 2588 1298 com-

1021 1335 1270 1422 posita.
1344 1336 1677 1403 raom-no
1774 1338 2007 1427 primae
2096 1345 2162 1404 et
2269 1335 2583 1405 secundae

1025 1443 1346 1511 scribitur
1389 1444 1461 1510 in
1499 1445 1799 1513 secundo
1834 1445 1917 1515 de
1945 1448 2230 1528 Anima,
2263 1444 2380 1512 ubi
2411 1444 2587 1513 Phi-

1026 1549 1357 1641 losophus
1386 1552 1551 1621 dicit
1589 1555 1687 1621 sic
1730 1575 1745 1621 ε
1821 1554 2143 1622 Dicamus
2188 1556 2396 1645 igitur
2434 1576 2585 1622 esse

1025 1659 1370 1747 quoddam
1430 1683 1648 1752 genus
1708 1682 1944 1729 eorum
2010 1684 2163 1752 quae
2229 1672 2389 1729 sunt
2424 1661 2585 1728 sub-

1016 1770 1310 1835 stantia:
1371 1767 1575 1855 hujus
1615 1776 1846 1836 autem
1889 1768 2074 1836 aliud
2125 1769 2400 1859 quidem
2451 1770 2574 1837 sic·

1018 1884 1091 1943 ut
1124 1877 1432 1956 materia,
1467 1900 1620 1969 quae
1647 1879 2020 1947 secundum
2054 1902 2126 1946 se
2154 1901 2290 1946 non
2313 1887 2415 1947 est
2445 1877 2579 1946 hoc

1020 1983 1277 2075 aliquid
1313 2006 1328 2050 ε
1366 1982 1653 2051 alterum
1709 1994 1934 2053 autem
1992 1985 2276 2053 formam
2318 1993 2387 2054 et
2422 2007 2574 2075 spe-

1023 2093 1224 2170 ciem,
1258 2091 1633 2160 secundum
1684 2116 1888 2183 quam
1937 2093 2180 2161 dicitur
2226 2095 2372 2180 jam
2442 2093 2576 2161 hoc

1024 2198 1279 2291 aliquid
1316 2223 1331 2267 :
1369 2210 1435 2270 et
1468 2203 1743 2268 tertium
1777 2202 1957 2292 quod
1989 2211 2087 2270 est
2121 2225 2201 2269 ex
2235 2200 2363 2285 his,
2387 2202 2571 2293 quod

1016 2316 1113 2375 est
1148 2306 1278 2375 hoc
1306 2307 1586 2399 aliquid.
1634 2308 1714 2375 Et
1747 2308 1915 2375 infra
1959 2309 2299 2377 concludit
2335 2332 2574 2378 secun·

1011 2414 1199 2497 dam,
1244 2415 1480 2484 dicens
1511 2415 1695 2507 quod
1753 2417 1984 2484 anima
2035 2425 2136 2484 est
2182 2424 2372 2485 actus
2430 2419 2576 2508 pri-

1028 2549 1181 2593 mus
1221 2528 1528 2618 corporis
1560 2525 1820 2618 physici
1855 2530 2154 2617 potentia
2183 2529 2395 2594 vitam
2446 2525 2576 2594 ha-

1025 2635 1244 2703 bentis
1288 2657 1305 2702 :
1351 2658 1514 2726 ergo
1580 2658 1735 2703 cum
1776 2637 2032 2726 species
2082 2645 2145 2704 et
2211 2644 2401 2703 actus
2434 2657 2574 2702 non

1030 2746 1114 2813 sit
1145 2746 1275 2814 hoc
1305 2745 1587 2837 aliquid,
1623 2747 1851 2813 anima
1879 2769 2015 2813 non
2047 2755 2145 2813 est
2193 2745 2572 2814 substantia

1025 2855 1429 2945 composita.

1112 2963 1173 3029 2.
1207 2961 1401 3038 ltcm,
1455 2958 1696 3028 Omnis
1751 2961 2127 3028 substantia
2191 2964 2574 3054 composita

1021 3067 1395 3135 secundum
1427 3077 1650 3158 partes
1691 3067 2104 3147 essentiales,
2147 3078 2248 3137 est
2275 3069 2575 3160 perfecta

1024 3177 1091 3242 in
1123 3175 1383 3266 seipsa:
1458 3173 1643 3243 nulla
1702 3175 2072 3243 substantia
2140 3175 2431 3267 perfecta
2500 3176 2572 3244 in

1017 3284 1237 3375 seipsa
1278 3293 1377 3352 est
1417 3286 1676 3375 species
1706 3293 1771 3352 et
1812 3285 2025 3353 forma
2072 3284 2346 3353 alterius
2389 3309 2404 3353 :
2457 3308 2572 3353 er-

1014 3414 1104 3481 go
1144 3390 1333 3459 nulla
1371 3391 1751 3459 substantia
1782 3395 2158 3483 composita
2195 3402 2418 3483 potest
2456 3416 2570 3461 es·

1020 3518 1092 3563 se
1123 3496 1384 3586 species
1424 3506 1489 3565 et
1548 3496 1767 3565 forma
1835 3496 2133 3565 alterius,
2204 3497 2567 3565 Priona-run

1015 3614 1241 3672 autem
1284 3608 1504 3696 prima
1538 3630 1619 3673 ex
1662 3630 1743 3674 co
1794 3607 1975 3698 quod
2032 3610 2413 3698 composito
2446 3629 2569 3698 per

1014 3713 1378 3780 essentiam
1442 3736 1578 3780 non
1619 3723 1722 3782 est
1764 3715 1888 3781 nisi
1932 3723 2001 3781 ut
2040 3716 2427 3806 perficiatur
2458 3739 2565 3783 res

1011 3822 1078 3888 in
1112 3845 1258 3890 esse
1288 3822 1566 3914 proprio
1601 3825 1666 3890 in
1698 3824 1939 3915 seipsa.
1987 3824 2300 3892 Secunda
2329 3832 2561 3893 autem

1014 3929 1342 4019 proluatur
1370 3953 1453 3998 ex
1484 3952 1566 3997 eo
1593 3931 1774 4021 quod
1819 3930 2073 3999 habens
2103 3955 2248 3999 esse
2279 3934 2346 3999 in
2387 3934 2564 4024 seip-

1011 4060 1087 4103 so
1121 4061 1259 4105 non
1282 4039 1521 4128 quaerit
1554 4038 1737 4106 aliud
1770 4040 1836 4105 in
1869 4063 2004 4131 quo
2041 4041 2148 4107 sit.
2188 4039 2349 4110 lude
2389 4041 2563 4133 obji-

1009 4146 1184 4212 citur
1214 4145 1500 4213 ulterius
1550 4171 1587 4213 a
1636 4145 2089 4215 destructione
2139 4171 2560 4239 consequen·

1007 4253 1090 4319 tis
1124 4275 1139 4318 :
1180 4255 1429 4320 Anima
1469 4263 1565 4321 est
1600 4256 1856 4345 species
1895 4264 1958 4322 et
1993 4255 2206 4323 forma
2248 4256 2551 4335 alterius,

1003 4361 1162 4449 quia
1203 4362 1507 4450 corporis
1538 4359 1799 4452 physici
1836 4364 2133 4453 potentia
2165 4365 2375 4431 vitam
2426 4363 2557 4432 ha-

1002 4466 1221 4534 bentis
1259 4490 1273 4533 :
1309 4491 1472 4558 ergo
1513 4470 1742 4536 anima
1774 4493 1909 4537 non
1941 4480 2036 4538 est
2072 4475 2450 4562 composita
2484 4474 2556 4541 in

1003 4597 1251 4664 seipsa.

1089 4686 1152 4749 3.
1199 4682 1391 4761 ltem,
1436 4686 1657 4753 Omne
1689 4688 2142 4777 compositum
2181 4687 2556 4757 essentiali·

996 4800 1120 4873 ter,
1154 4794 1414 4882 primas
1464 4803 1687 4884 partes
1719 4793 1917 4862 habet
1949 4796 2341 4865 substantiae
2377 4820 2391 4864 ε
2430 4797 2549 4866 sed

999 4900 1230 4987 primae
1261 4910 1485 4989 partes
1522 4901 1917 4969 substantia*
1958 4912 2111 4970 sunt
2157 4907 2435 4973 materia
2481 4913 2547 4973 et

988 5008 1208 5074 forma
1259 5032 1472 5099 :ergo
1514 5033 1720 5077 omne
1776 5013 2227 5102 compositum
2282 5016 2348 5080 in
2398 5036 2545 5081 esse

989 5138 1146 5192 suo,
1180 5117 1638 5206 compositum
1671 5129 1769 5186 cst
1829 5142 1907 5186 ex
1964 5122 2244 5187 materia
2284 5129 2350 5190 ct
2399 5121 2547 5189 for-

988 5245 1101 5289 ma
1138 5245 1153 5291 z
1208 5224 1325 5291 sed
1366 5228 1592 5293 anima
1662 5250 1795 5295 non
1858 5238 1957 5295 est
2017 5232 2394 5319 composita
2457 5253 2544 5297 ex

990 5333 1278 5400 materia
1318 5342 1381 5400 et
1414 5334 1633 5403 forma
1667 5360 1684 5404 :
1735 5360 1896 5429 ergo
1948 5360 2082 5405 non
2124 5346 2225 5406 cst
2253 5362 2545 5431 compo-

982 5441 1144 5508 sita.
1181 5440 1411 5510 Prima
1480 5443 1811 5534 probatur
1872 5468 1955 5513 ex
1984 5446 2383 5515 auctoritate
2423 5469 2548 5515 su-

1052 5676 1074 5714 *
1103 5676 1186 5736 Cf.
1218 5677 1521 5735 Summam
1554 5676 1735 5734 theol.
1768 5679 1837 5737 11.
1866 5693 1991 5751 par.
2020 5697 2078 5751 q.
2112 5684 2199 5737 70.

4117 306 4240 372 13‘1

2692 475 2924 565 perius
2961 474 3260 554 inducta,
3292 477 3362 541 in
3393 497 3527 564 qua
3557 473 3715 541 dicit
3745 471 4233 563 Philosophus,

2694 581 2878 673 quod
2917 583 3296 650 substantia
3326 590 3426 649 est
3455 581 3796 671 quoddam
3834 602 4074 670 genuS,
4117 603 4243 647 cu-

2682 690 2798 777 jus
2851 688 2982 757 hoc
3023 688 3300 779 quidem
3346 691 3649 778 potentia
3689 697 3814 767 est,
3848 687 3980 755 hoc
4009 694 4237 754 autem

2692 805 2795 864 est
2825 798 3084 887 species
3115 805 3182 865 et
3211 805 3397 864 actus
3425 820 3441 861 :
3496 819 3655 886 crgo
3688 817 4129 886 quaecumque
4172 796 4241 860 iu

2690 927 2942 997 genere
2983 904 3382 972 substantiae
3421 904 3796 994 composita
3843 911 4024 984 sunt,
4058 925 4244 970 com·

2690 1015 2914 1104 posita
2944 1023 3105 1081 sunt
3133 1037 3216 1081 ex
3248 1014 3551 1104 potentia
3581 1020 3647 1080 et
3700 1019 3877 1080 actu.
3934 1009 4249 1078 Secunda

2689 1122 3023 1211 probatur
3088 1122 3157 1187 in
3224 1123 3444 1210 primo
3486 1121 3566 1188 de
3605 1121 3883 1202 Anima,
3926 1118 4042 1186 ubi
4079 1117 4241 1185 dicit

2691 1229 3181 1321 Phssosophm,
3217 1230 3399 1321 quod
3434 1229 3811 1297 intellectus
3857 1249 3995 1295 non
4038 1226 4241 1294 hahet

2690 1339 3040 1429 antiquius
3080 1362 3150 1406 se
3181 1338 3465 1428 aliquid,
3508 1362 3589 1407 ex
3617 1360 3750 1428 quo
3782 1337 3892 1415 sit,
3927 1337 4099 1403 sicut
4156 1358 4235 1404 ex

2691 1448 3004 1513 materia.
3903 1455 3908 1458 “

2782 1554 2846 1618 4.
2894 1551 3092 1631 Item,
3128 1551 3553 1643 Augustinus
3595 1554 3665 1618 in
3693 1549 3865 1617 libro
3890 1550 3972 1617 de
4008 1550 4242 1639 Spin·-

2688 1671 2766 1727 tu
2805 1671 2868 1728 et
2908 1662 3146 1728 anima
3178 1684 3201 1728 .·
3231 1662 3485 1729 Anima
3521 1658 3811 1749 simplex
3862 1655 4238 1725 substantia

2690 1778 2817 1854 est,
2860 1779 2928 1838 et
2967 1779 3068 1839 est
3094 1770 3427 1862 quidquid
3460 1769 3686 1837 habet.

2772 1880 2838 1946 5.
2875 1876 3076 1958 Item,
3141 1878 3605 1947 Damascenus
3665 1899 3680 1944 :
3778 1878 4028 1944 Anima
4094 1898 4233 1944 non

2683 1984 2891 2054 habet
2929 1986 3141 2053 alium
3172 1995 3421 2077 praeter
3446 2009 3519 2054 se
3552 1983 4006 2054 intellectum:
4044 1983 4236 2075 quid-

2685 2093 2850 2183 quid
2890 2103 3122 2162 autem
3163 2103 3265 2162 est
3313 2094 3381 2162 id
3422 2094 3606 2184 quod
3670 2093 3897 2171 habet,
3941 2090 4232 2183 simplex

2684 2212 2832 2271 est:
2871 2227 3034 2295 ergo
3071 2207 3302 2272 anima
3377 2213 3478 2272 est
3541 2204 3851 2295 simplex.
3924 2203 4008 2269 Et
4071 2205 4232 2294 quia

2682 2312 2845 2379 alibi
2885 2312 2968 2380 de
3024 2313 3157 2382 hoc
3222 2313 3417 2405 plura
3483 2314 3908 2404 posuimus¹,
3953 2313 4075 2378 ista
4116 2310 4226 2378 hic

2681 2418 3046 2488 sufficiant.

2775 2524 2911 2594 Sul>
2942 2551 3196 2595 cosma
3225 2550 3240 2597 t

2778 2637 2836 2702 ¹.
2875 2633 3272 2705 Secundum
3325 2634 3817 2726 Philosophum
3875 2632 4231 2724 dupliciter

2680 2753 2781 2812 est
2811 2743 3070 2836 aliquid
3090 2743 3556 2836 corruptibile,
3585 2742 3861 2821 scilicet,
3919 2744 4077 2832 quia
4130 2749 4230 2810 est

2678 2875 2762 2921 ex
2784 2854 3175 2921 contrariis:
3204 2852 3308 2922 vel
3331 2853 3490 2943 quia
3512 2850 3805 2920 delatum
3827 2860 3929 2919 est
3949 2873 4069 2941 per
4086 2871 4230 2918 esse

2679 2983 2887 3052 super
2952 2962 3410 3052 compositum
3475 2982 3555 3028 cx
3634 2958 4015 3041 contrariis,
4083 2957 4226 3024 sive

2679 3069 3123 3159 conjunctum
3168 3068 3262 3136 illi
3297 3067 3765 3152 essentialiter,
3791 3075 3857 3136 et
3886 3065 4050 3134 illud
4081 3088 4226 3133 cor-

2680 3177 3025 3267 rumpitur
3055 3201 3174 3268 per
3202 3175 3553 3245 accidens:
3598 3175 3826 3244 anima
3858 3182 4085 3243 autem
4126 3172 4222 3240 sic

2677 3285 2899 3353 delata
2942 3297 3040 3354 est
3082 3309 3286 3378 super
3331 3286 3784 3378 compositum
3834 3308 3914 3353 ex
3953 3292 4229 3353 contra-

2680 3394 2831 3460 riis:
2877 3416 3042 3484 crgo
3101 3403 3199 3463 est
3257 3391 3758 3496 corruptibilis:
3810 3413 3973 3483 ergo
4032 3413 4227 3459 com-

2675 3501 2946 3592 posita:
2993 3499 3160 3569 nihil
3231 3501 3415 3569 enim
3472 3499 3880 3592 simplicium
3912 3521 4226 3567 corrum-

2674 3614 2879 3703 pitur.

2761 3722 2829 3788 2.
2866 3716 3063 3800 Item,
3097 3719 3319 3788 Omne
3357 3719 3538 3811 quod
3574 3729 3800 3787 movet
3847 3718 4055 3795 aliud,
4115 3728 4216 3787 est

2670 3849 2793 3895 ens
2822 3827 2891 3895 in
2941 3850 3014 3895 se
3054 3828 3427 3919 perfectum
3473 3850 3488 3894 ε
3531 3830 3758 3895 anima
3796 3836 4023 3896 autem
4063 3848 4219 3895 mo·-
4260 3857 4273 3869 ·

2669 3943 2782 4002 vet
2807 3953 3098 4025 corpus:
3158 3957 3323 4026 ergo
3391 3935 3620 4002 anima
3676 3944 3776 4003 est
3832 3957 3952 4002 ens
4018 3937 4085 4002 in
4145 3958 4216 4002 se

2666 4044 3068 4135 perfectum.
3133 4044 3464 4113 Pnoaxno
3521 4045 3756 4136 primae
3825 4053 3951 4124 est,
4034 4045 4216 4135 quod

2666 4175 2874 4221 omne
2922 4152 3107 4244 quod
3167 4161 3422 4234 movet,
3483 4152 3679 4244 agit:
3752 4151 3921 4220 nihil
3990 4162 4215 4220 autem

2665 4261 2806 4352 agit
2848 4261 2974 4328 nisi
3018 4261 3199 4352 quod
3267 4271 3420 4329 actu
3479 4269 3577 4329 est
3643 4262 4040 4352 perfectum.
4087 4260 4218 4327 Se-

2663 4370 2886 4438 cunda
2918 4379 3147 4438 autem
3180 4379 3359 4461 patet
3394 4394 3514 4462 per
3551 4370 3679 4439 hoc
3736 4371 3918 4463 quod
3983 4370 4217 4437 anima

2664 4477 3016 4546 rationalis
3071 4488 3507 4570 comparatur
3578 4478 3661 4545 ad
3718 4501 3990 4570 corpus,
4041 4478 4211 4544 sicut

2659 4595 2868 4654 nauta
2900 4585 2985 4653 ad
3026 4610 3298 4655 navem.

2751 4694 2818 4761 3.
2871 4692 3073 4772 Item,
3139 4692 3385 4760 Forma
3452 4692 3739 4783 simplex
3808 4714 3946 4759 non
4006 4690 4209 4759 habet

2658 4825 2807 4870 esse
2839 4803 2967 4869 nisi
3001 4802 3069 4869 in
3104 4802 3383 4869 materia
3415 4804 3481 4870 in
3523 4825 3656 4893 qua
3695 4811 3818 4885 est,
3861 4799 3967 4869 vel
4010 4802 4076 4867 in
4111 4824 4213 4869 ra-

2656 4913 2844 4979 tione
2880 4933 2895 4978 :
2933 4911 2986 4977 si
3018 4913 3229 5002 igitur
3265 4912 3493 4979 anima
3519 4912 3731 4979 forma
3772 4910 4062 5001 simplex
4093 4911 4203 4991 sit,

2657 5040 2798 5086 non
2830 5016 3106 5086 habebit
3146 5042 3291 5087 esse
3324 5019 3451 5086 nisi
3499 5020 3567 5085 in
3618 5019 3897 5086 matoria
3944 5019 4012 5086 in
4070 5041 4207 5109 qua

2656 5136 2783 5207 est,
2817 5125 2927 5194 vel
2988 5128 3054 5194 in
3098 5129 3386 5196 ratione.
3445 5126 3759 5223 Conna:
3811 5125 4209 5195 Destruatur

2656 5256 2949 5325 corpus:
2992 5257 3156 5327 ergo
3187 5244 3351 5302 tunc
3389 5256 3525 5302 non
3557 5235 3682 5302 erit
3713 5236 3938 5302 anima
3969 5233 4094 5308 nisi
4137 5234 4207 5301 in

2655 5343 2921 5410 ratione
2955 5363 2971 5411 t
3009 5351 3074 5410 et
3105 5340 3236 5410 hoc
3274 5351 3376 5410 cst
3414 5364 3626 5412 error.

2745 5451 3047 5534 4.11em‚
3082 5449 3304 5521 Omne
3333 5451 3519 5545 quod
3574 5461 3676 5521 est
3737 5452 3868 5521 hoc
3932 5460 3998 5520 et
4044 5449 4199 5534 hoc,
