4897 6388
432 2859 512 2907 Ad
538 2857 581 2906 ⁸.

424 3610 493 3656 Ad
525 3618 564 3658 ⁸.

338 4339 417 4385 Ad
446 4347 617 4395 quest.

420 4397 488 4439 Ad
525 4398 559 4438 l.

413 4904 491 4949 Ad
524 4905 556 4949 ·'.

693 284 820 348 222

693 467 768 518 sa
802 449 885 516 ab
916 450 1063 538 ipsa
1105 470 1120 513 :
1166 456 1234 515 et
1269 446 1402 514 hoc
1443 444 1595 511 ideo
1631 420 1792 532 quia
1819 462 1976 507 cum
2015 439 2246 506 divina

694 560 986 626 essentia
1035 558 1122 625 sit
1168 564 1394 623 motor
1444 547 1845 619 universalis
1904 548 2240 630 omnium,

693 668 953 736 stabilis
1012 669 1079 734 in
1137 689 1211 733 se
1263 684 1581 742 manens,
1635 681 1773 726 non
1821 665 2042 747 potest
2099 678 2243 723 esse

694 786 927 845 mota:
966 774 1256 843 materia
1308 782 1540 839 autern
1598 788 1865 857 semper
1931 772 2244 850 motaxet

696 882 1040 950 mutabilis
1071 887 1197 948 est.
1237 878 1435 957 Item,
1479 875 1642 966 quia
1680 873 1907 940 divina
1955 872 2246 939 essentia

693 992 864 1080 regit
904 1011 1144 1056 omnes
1197 1009 1299 1054 res
1348 992 1597 1077 praeter
1637 1004 1840 1071 quam
1884 979 2067 1070 quod
2112 979 2246 1045 mi-

692 1106 959 1166 sceatur
998 1120 1154 1166 cum
1194 1096 1355 1176 illis,
1391 1103 1469 1160 ut
1508 1090 1669 1157 dicit
1719 1086 2182 1177 Philosophus
2225 1112 2239 1155 :

692 1207 810 1275 sed
869 1207 1153 1275 materia
1210 1202 1659 1293 permiscetur
1710 1196 2172 1264 materialibus
2223 1217 2237 1261 ε

693 1321 962 1404 oportet
1018 1333 1210 1401 erg0,
1284 1307 1471 1398 quod
1518 1305 1885 1393 accipiatur
1945 1303 2246 1393 potentia

693 1424 909 1489 active
954 1445 971 1489 ε
1016 1428 1081 1489 et
1134 1427 1292 1486 tunc
1329 1419 1478 1507 ipsa
1536 1421 1639 1480 est
1691 1411 1870 1480 idem
1923 1411 2243 1501 potentiae

693 1553 832 1598 suae
871 1553 886 1597 :
922 1537 987 1597 et
1033 1528 1187 1596 ideo
1246 1528 1499 1604 verior,
1543 1521 1705 1612 quia
1757 1519 1984 1587 verius
2039 1518 2247 1586 habet

694 1663 838 1709 esse
870 1662 1078 1730 agens
1109 1659 1314 1728 quam
1345 1635 1615 1726 patiens
1644 1653 1660 1698 :
1695 1637 1761 1697 et
1789 1630 1886 1696 sic
1914 1629 2087 1696 bene
2114 1627 2246 1695 ha-

691 1748 801 1816 bet
840 1749 1069 1815 divina
1108 1745 1403 1814 essentia
1448 1748 1678 1809 actum
1726 1746 1791 1805 et
1835 1738 2238 1827 potentiam,

690 1865 755 1924 et
786 1855 987 1924 habet
1017 1878 1096 1923 ea
1118 1853 1410 1921 indivisa
1444 1873 1459 1917 :
1495 1846 1658 1938 quia
1687 1853 1787 1913 est
1808 1845 2046 1913 eadem
2076 1867 2245 1934 prae-

688 1964 823 2031 eise
854 1960 1227 2031 secundum
1270 1945 1456 2050 quod
1495 1962 1685 2023 actus
1714 1962 1814 2021 est
1852 1954 1922 2021 in
1970 1960 2236 2042 agente,

690 2071 863 2139 sicut
890 2078 1050 2137 sunt
1079 2077 1270 2136 actus
1300 2064 1685 2140 interiores,
1719 2069 1795 2127 ut
1830 2058 2233 2150 intelligere,

688 2176 886 2257 velle,
919 2185 985 2244 et
1024 2172 1421 2263 hujusmodi
1458 2195 1476 2240 ε
1509 2175 1670 2237 sunt
1709 2168 1892 2236 enim
1923 2165 2239 2257 quaedam

688 2293 877 2353 extra
907 2285 1126 2373 ipsam
1156 2303 1309 2373 quae
1345 2284 1585 2349 tenent
1616 2298 1689 2343 se
1727 2296 1810 2341 ex
1839 2282 2030 2364 parte
2079 2272 2233 2352 acti,

687 2399 763 2459 ut
817 2392 1093 2469 creatio,
1146 2387 1503 2465 recreatio,
1564 2381 1966 2474 gubernatio
2032 2379 2238 2447 etiam

687 2499 915 2590 aliquo
956 2495 1164 2566 modo
1209 2516 1225 2564 t
1273 2505 1340 2564 et
1378 2492 1497 2561 illa
1530 2513 1671 2558 non
1700 2495 1857 2555 sunt
1898 2487 2075 2556 idem
2107 2485 2239 2577 ipsi

687 2606 1059 2676 secundum
1108 2603 1295 2695 quod
1342 2609 1507 2670 sunt
1552 2599 1623 2665 in
1670 2597 1937 2674 creatis,
1972 2617 2238 2664 recrea-

687 2719 796 2800 tis,
840 2714 1258 2808 gubernatis,
1304 2723 1371 2782 et
1400 2707 1821 2797 hujusmodi.

777 2826 879 2892 An
925 2847 990 2892 ιι)
1029 2821 1213 2915 quod
1242 2821 1325 2889 de
1363 2816 1695 2888 Anselmo
1744 2806 2085 2904 objicitur,
2127 2810 2237 2880 di-

687 2930 976 3001 cendum
1023 2928 1211 3021 quod
1240 2923 1780 2996 antonomastice
1812 2930 1878 2989 et
1904 2941 2065 2989 vere
2105 2918 2232 2986 sibi

681 3040 807 3108 soli
838 3039 1156 3107 convenit
1201 3059 1217 3106 ε
1260 3037 1422 3127 quia
1453 3034 1601 3123 ipsa
1628 3029 1769 3098 sola
1807 3050 1926 3120 per
1954 3051 2027 3096 se
2054 3036 2232 3096 recta

679 3156 802 3226 est,
846 3153 911 3214 et
939 3144 1173 3213 omnia
1213 3143 1346 3211 alia
1372 3148 1582 3219 recta,
1615 3137 1946 3206 curvitate
1984 3158 2233 3205 secun-

678 3252 841 3320 dum
872 3251 1250 3343 potentiam
1289 3249 1375 3318 ad
1407 3249 1638 3316 minus
1668 3254 1825 3313 sunt
1864 3245 2226 3334 permixta,

674 3371 739 3430 et
782 3362 934 3430 ideo
987 3384 1127 3430 non
1168 3356 1646 3429 omnimodam
1695 3354 1946 3423 habent
1985 3355 2253 3422 verita-'

675 3481 839 3552 tem,
875 3472 1047 3540 sicut
1086 3478 1332 3538 natura
1363 3468 1622 3536 divina.

763 3579 866 3646 An
911 3601 1109 3646 Αιιυυ
1166 3576 1562 3654 dicendum,
1616 3572 1799 3664 quod
1854 3595 2094 3640 verum
2162 3580 2228 3639 et

674 3688 914 3755 salsum
957 3709 1107 3777 quae
1148 3695 1307 3753 sunt
1347 3687 1418 3753 in
1458 3684 1715 3755 anima,
1748 3690 1908 3748 sunt
1946 3681 2031 3749 ab
2072 3688 2222 3748 actu

672 3797 915 3862 animm
955 3796 1069 3885 qui
1111 3803 1209 3861 est
1252 3812 1671 3883 componere
1708 3788 1815 3857 vel
1856 3789 2158 3856 dividere
2203 3810 2220 3856 2

671 3910 737 3969 et
782 3901 865 3969 de
923 3901 1037 3969 tali
1108 3900 1394 3968 veritate
1455 3919 1596 3966 non
1655 3897 1985 3987 quaeritur
2038 3894 2147 3963 hic
2200 3917 2217 3963 ε

671 4007 826 4097 quia
868 4006 976 4072 illa
1018 4006 1270 4072 veritas
1312 4012 1414 4072 est
1464 4005 1533 4070 in
1578 4001 1799 4091 signo,
1843 4004 1913 4069 et
1949 4011 2222 4069 causata

670 4112 753 4179 ab
794 4113 922 4180 ista
952 4114 1260 4180 veritate.

765 4325 864 4391 Au
911 4348 1109 4392 Λιιτυ
1158 4322 1553 4399 dicendum,
1606 4319 1785 4409 quod
1843 4323 2221 4410 proprietas

672 4432 844 4499 idem
873 4441 969 4500 est
1001 4431 1186 4523 quod
1216 4429 1575 4521 dispositio
1595 4428 1896 4494 veritatis
1918 4451 2070 4518 qua}
2094 4429 2216 4498 soli

666 4541 911 4608 ‹livinae
936 4542 1198 4609 entitati
1250 4536 1580 4607 convenit
1634 4535 2007 4603 secundum
2030 4535 2216 4606 illam

665 4650 1133 4718 omnimodam
1207 4644 1860 4738 impermixtionem,
1921 4644 2003 4712 de
2082 4669 2215 4736 qua

666 4763 917 4830 dietum
959 4768 1058 4829 est
1092 4783 1108 4828 :
1144 4760 1241 4826 sic
1275 4759 1463 4827 enim
1512 4751 1679 4821 nulli
1712 4753 1824 4820 alii
1866 4756 2211 4825 convenit.

754 4870 855 4935 An
914 4891 1112 4935 amru
1160 4864 1558 4938 dicendum,
1602 4859 1784 4951 quod
1817 4862 1882 4927 in
1931 4863 2213 4932 veritate

659 4977 902 5042 entitas
941 4984 1040 5042 est
1079 4973 1466 5061 subjectum
1508 4967 1809 5035 veritatis
1837 4970 2209 5038 secundum

664 5084 1019 5159 rationem,
1063 5080 1183 5147 sed
1222 5080 1291 5146 in
1340 5074 1594 5145 divinis
1653 5073 1718 5139 in
1776 5073 2023 5163 quibus
2069 5099 2211 5145 non

653 5200 754 5258 est
782 5188 1216 5280 compositio,
1261 5194 1361 5254 est
1394 5182 1579 5250 idem
1627 5179 1820 5247 aliter
1861 5182 2211 5272 signitica-

650 5308 797 5364 tum
846 5299 917 5363 in
956 5319 1096 5363 uno
1128 5304 1191 5362 et
1242 5294 1441 5362 aliter
1481 5289 1550 5356 in
1598 5287 1757 5356 alio,
1803 5287 1878 5356 In
1928 5292 2208 5361 entitate

651 5404 833 5471 enim
882 5402 1306 5493 significatur
1342 5403 1522 5467 sicut
1562 5398 1630 5462 in
1678 5409 2010 5488 conceptu
2039 5400 2210 5467 sim-

649 5510 831 5601 plici,
876 5518 1031 5577 ante
1084 5531 1290 5599 quem
1349 5503 1527 5575 nihil
1576 5511 1677 5570 est
1721 5506 2077 5597 concipere
2124 5506 2206 5575 de

651 5643 719 5687 re
756 5642 771 5686 ε
808 5617 966 5709 quia
999 5639 1121 5685 ens
1169 5625 1272 5685 est
1318 5615 1623 5706 primum
1667 5611 1915 5681 cadens
1968 5614 2036 5681 in
2076 5637 2208 5683 no-

1723 269 1808 336 D.
1861 268 2061 335 ALB.
2116 265 2334 338 MAG.
2387 266 2594 336 ORD.
2648 270 2943 341 PRAED.

2351 447 2569 506 strum
2622 442 3052 513 intellectum
3089 471 3105 514 t
3147 448 3265 516 sed
3303 451 3550 518 veritas
3593 453 3902 541 proprie-

2351 554 2560 617 tatem
2608 552 3180 642 impermixtionis
3248 562 3467 650 tangit
3535 583 3549 629 :
3620 569 3687 630 et
3742 561 3893 631 ideo

2351 652 2676 746 Magister
2727 663 3103 742 entitatem,
3157 668 3661 755 proprietatem,
3722 671 3896 737 veri-

2351 769 2586 844 tatem,
2620 778 2823 836 vocat
2858 770 3062 850 idem,
3110 772 3265 841 licet
3301 797 3440 842 non
3461 775 3701 843 eodem
3741 800 3897 844 mo-

2352 869 2437 937 do
2487 872 2943 963 significatum
3005 903 3021 947 :
3094 881 3251 970 quia
3302 884 3547 951 entitas
3598 894 3700 953 est
3752 885 3897 975 pri-

2351 1002 2568 1066 mum,
2605 992 2670 1051 et
2699 987 2952 1068 seniuS‚
2989 997 3063 1056 ut
3093 989 3257 1058 dicit
3303 990 3672 1082 Dionysius
3713 1015 3728 1059 ε
3773 1016 3898 1061 ve-

2350 1087 2512 1154 ritas
2570 1098 2799 1158 autem
2857 1103 2957 1161 est
3015 1095 3368 1185 dispositio
3427 1099 3572 1186 ejus
3628 1099 3711 1167 de
3761 1123 3895 1190 qua

2350 1193 2604 1263 dictum
2644 1205 2743 1266 est
2788 1222 2804 1266 :
2847 1204 3224 1292 proprietas
3262 1211 3487 1273 autem
3519 1215 3619 1274 est
3648 1229 3894 1275 secun-

2336 1300 2512 1367 ·dum
2546 1304 2730 1393 quod
2758 1316 2860 1375 est
2897 1330 3320 1400 consequens
3360 1334 3503 1379 esse
3547 1311 3881 1394 divinum,

2350 1417 2416 1476 et
2464 1412 2535 1476 in
2573 1422 2905 1502 quantum
2962 1415 3271 1485 divinum
3317 1426 3442 1500 est,
3491 1428 3557 1487 et
3605 1443 3743 1487 non
3793 1429 3896 1488 est

2349 1538 2772 1609 consequens
2819 1521 3004 1591 aliud
3049 1547 3195 1592 esse
3229 1549 3243 1592 :
3280 1527 3454 1596 sicut
3500 1528 3702 1595 etiam
3736 1529 3896 1596 dici-

2348 1645 2503 1691 mus
2542 1629 3022 1717 proprietatem
3054 1632 3374 1723 trianguli
3414 1634 3738 1703 rectilinei
3769 1633 3894 1703 ha·

2348 1728 2508 1800 bere
2554 1740 2689 1801 tres
2726 1757 2958 1825 aequos
3006 1737 3274 1807 duobus
3315 1744 3536 1821 rectis,
3581 1764 3663 1810 eo
3704 1741 3889 1832 quod

2348 1842 2656 1929 sequitur
2710 1845 3154 1937 triangulum,
3208 1849 3274 1915 in
3321 1860 3649 1939 quantum
3699 1853 3894 1918 recti-

2345 1946 2567 2017 lineus
2599 1960 2666 2020 et
2694 1954 3100 2046 triangulus.

2787 2390 3290 2460 ARTICULUS
3340 2391 3428 2461 11.

2341 2602 2554 2669 Penes
2597 2601 2774 2691 quid
2819 2603 3255 2694 accipiuntur
3301 2606 3573 2684 veritas,
3621 2606 3885 2672 incom-

2529 2708 3072 2790 munIcabe‘litaS,
3116 2718 3185 2777 et
3216 2711 3627 2801 simplicitas
3651 2708 3693 2779 ?

2429 3029 2745 3100 Secundo
2768 3033 3120 3123 quaeritur,
3154 3032 3375 3103 Penes
3403 3035 3568 3125 quid
3605 3035 3733 3103 ista
3763 3057 3882 3104 ac-

2333 3142 2735 3231 cipiuntur?

2425 3253 2485 3319 ί.
2526 3249 2603 3318 In
2641 3250 2888 3320 divinis
2917 3253 3099 3321 enim
3131 3262 3290 3323 suut
3319 3256 3469 3333 tria,
3501 3255 3753 3325 scilicet
3780 3278 3879 3324 es-

2331 3360 2573 3435 sentia,
2642 3380 2961 3448 persona,
3020 3362 3211 3430 notio
3291 3384 3308 3429 :
3386 3384 3548 3453 ergo
3612 3362 3880 3431 videtur

2332 3466 2515 3557 quod
2572 3463 2715 3534 haec
2772 3468 2896 3536 tria
2936 3468 3023 3536 ad
3075 3468 3187 3538 illa
3248 3470 3371 3539 tria
3430 3469 3716 3539 debeant
3766 3492 3880 3540 re-

2328 3573 2512 3642 duci.

2422 3675 2556 3743 San
2604 3702 2854 3747 coxraA
2914 3678 3044 3750 hoc
3084 3691 3185 3749 est
3242 3682 3424 3773 quod
3472 3686 3702 3752 onmia
3752 3686 3876 3754 ista

2327 3792 2484 3851 sunt
2513 3795 2773 3854 naturae
2812 3787 3058 3855 divinoe
3088 3790 3157 3855 in
3185 3812 3266 3858 eo
3298 3791 3481 3881 quod
3511 3801 3751 3861 natura
3779 3792 3876 3860 di-

2326 3891 2486 3958 vina
2516 3900 2619 3959 est
2661 3915 2677 3958 :
2722 3915 2888 3985 ergo
2920 3916 3058 3962 non
3090 3895 3495 3965 reducentur
3522 3898 3606 3965 ad
3640 3921 3874 3989 perso-

2327 4022 2487 4067 nam
2536 4008 2604 4069 et
2660 4004 3035 4070 notionem.
3083 4004 3219 4071 Sed
3273 4005 3644 4073 secundum
3713 4006 3867 4092 hoc,

2324 4128 2482 4173 cum
2538 4105 2607 4174 in
2665 4117 2907 4176 natura
2962 4108 3194 4176 divina
3233 4133 3370 4178 non
3429 4111 3515 4180 sit
3569 4113 3870 4202 accipere

2329 4213 2457 4280 nisi
2515 4213 2944 4284 divinitatem
3012 4215 3314 4285 habitam
3374 4228 3440 4285 et
3506 4217 3868 4288 habentem

2328 4323 2569 4410 ipsam,
2615 4319 2745 4390 hoc
2791 4331 2914 4399 est,
2953 4334 3265 4393 naturam
3306 4335 3372 4393 et
3409 4328 3865 4417 suppositum,

2325 4429 2593 4497 videtur
2622 4431 2808 4522 quod
2855 4433 2980 4500 ista
3029 4456 3167 4502 non
3216 4433 3503 4504 debeant
3544 4457 3689 4505 esse
3739 4438 3868 4506 nisi

2324 4536 2460 4604 duo
2502 4547 2568 4607 et
2607 4560 2748 4606 non
2776 4541 2928 4609 tria.

2411 4647 2478 4713 2.
2541 4645 2905 4728 Praeterea,
2965 4646 3110 4716 Nos
3159 4649 3478 4728 vidimus,
3547 4652 3728 4741 quod
3787 4674 3865 4721 ea

2322 4776 2472 4844 quae
2513 4765 2955 4846 opponuntur
3004 4761 3367 4841 contrarie,
3411 4768 3476 4827 et
3517 4769 3592 4828 ut
3647 4762 3865 4852 priva·

2319 4864 2413 4929 tio
2471 4875 2538 4932 et
2601 4862 2899 4944 habitus,
2957 4875 3022 4934 et
3079 4869 3618 4946 contradictorie,
3682 4869 3862 4937 idem

2318 4979 2418 5036 est
2483 4971 2862 5059 subjectum
2922 4975 3097 5042 circa
3169 4976 3352 5066 quod
3415 4984 3574 5045 sunt
3650 5000 3665 5044 ε
3745 4978 3858 5046 sed

2317 5082 2979 5151 communicabilitas
3017 5093 3084 5153 et
3135 5086 3862 5156 incommunicabilitas

2318 5198 2761 5278 opponuntur
2806 5193 3165 5270 contrarie,
3209 5201 3325 5260 aut
3353 5202 3428 5262 ut
3466 5197 3754 5285 privatio
3796 5205 3863 5265 et

2315 5297 2589 5366 habitus
2633 5321 2649 5370 ε
2692 5321 2856 5389 ergo
2887 5297 3136 5367 debent
3174 5301 3427 5369 attendi
3468 5302 3640 5371 circa
3682 5299 3861 5371 idem

2315 5402 2692 5472 secundum
2726 5404 3059 5471 rationem
3118 5405 3453 5496 subjecti:
3488 5406 3606 5475 sed
3654 5408 3722 5475 in
3754 5409 3852 5475 in·

2315 5509 2674 5577 serioribus
2749 5511 3481 5582 incommunicabilitas
3548 5537 3686 5582 non
3760 5525 3865 5583 est

2313 5620 2492 5687 circa
2522 5641 2657 5710 quo
2690 5627 2816 5705 est,
2850 5620 2969 5688 sed
2997 5622 3175 5690 circa
3205 5623 3390 5713 quod
3419 5631 3543 5706 est,
3578 5622 3685 5691 vel
3721 5646 3862 5691 ma·
