4897 6388
1922 219 2019 286 IN
2066 179 2098 287 Ι
2148 190 2575 318 SENTENT.
2624 217 2852 286 DlST.
2904 217 3026 296 ΙΧ,
3078 219 3133 299 1,
3188 222 3385 292 ΛΒΤ.
3444 226 3544 291 12.

1209 385 1275 452 4.
1313 383 1682 487 prester-,ea
1712 384 1897 455 Scire
1936 409 2080 454 rem
2111 387 2182 453 in
2235 409 2357 454 sua
2395 363 2670 477 propria

1121 501 1393 576 natura
1437 503 1540 562 est
1560 481 1731 564 scire
1767 518 1918 566 eam
1949 495 2325 565 secundum
2366 495 2674 564 differen-

1116 599 1247 667 tias
1280 600 1530 689 quibus
1560 600 1999 693 distinguitur
2037 602 2121 670 ab
2151 603 2303 670 aliis
2342 625 2493 693 quae
2516 609 2674 670 sunt

1118 691 1189 773 in
1220 705 1464 774 eodem
1496 730 1745 797 genere
1783 733 1940 779 cum
1993 712 2196 802 ipsa:
2230 710 2349 779 sed
2391 733 2517 779 nos
2545 710 2674 778 ha-

1110 802 1362 881 'bemus
1395 837 1434 884 a
1478 814 1746 885 Sanctis
1779 818 1975 887 nobis
2004 819 2279 887 traditas
2307 817 2673 909 hujusmo-

1116 920 1187 988 di
1227 907 1672 1019 differentieS,
1706 925 1960 995 scilicet
1998 926 2185 1018 quod
2212 933 2311 995 est
2350 928 2496 994 sine
2525 948 2673 994 v-er

1116 1028 1309 1100 sione
1356 1015 1774 1153 generentiS,
1820 1035 2004 1125 quod
2061 1058 2201 1103 non
2267 1042 2492 1104 estex
2540 1056 2671 1123 po-

1112 1139 1433 1207 tentiam
1485 1149 1741 1225 actum,
1792 1142 1976 1233 quod
2013 1150 2116 1211 est
2173 1141 2665 1224 immaterialiS,

1107 1246 1303 1345 quod
1334 1270 1478 1316 non
1498 1248 1742 1333 dividit
1759 1272 1906 1319 esse
1933 1251 2045 1322 vel
2073 1252 2468 1334 essentiam,
2510 1272 2672 1341 qua-

1112 1355 1207 1425 lia
1243 1337 1582 1428 habemus
1622 1359 1705 1427 ab
1745 1360 2159 1453 Augustino,
2193 1369 2262 1430 et
2300 1360 2672 1430 Damasce-

1113 1488 1231 1547 no,
1275 1473 1343 1534 et
1372 1466 1728 1539 aBoetio:
1710 1493 1926 1562 ergo
1960 1469 2259 1549 videtur,
2286 1468 2471 1560 quod
2501 1471 2667 1538 scita

1111 1575 1201 1642 sit
1236 1577 1590 1665 generatio
1631 1578 1703 1645 in
1731 1580 2007 1670 propria
2062 1587 2304 1648 natura
2338 1601 2352 1645 ε
2388 1578 2670 1647 scientia

1110 1691 1342 1753 autem
1367 1687 1465 1755 rei
1483 1687 1811 1777 simplicis
1833 1688 2280 1780 incomplexae
2301 1688 2371 1757 in
2392 1689 2668 1779 propria

1100 1800 1358 1888 ⁶nature
1388 1801 1491 1862 est
1520 1795 1804 1882 scientia
1830 1796 1992 1887 quid
2020 1804 2122 1865 est
2150 1795 2367 1886 resin
2392 1795 2669 1887 propria

1103 1909 1401 1994 ,naturm
1437 1905 1600 1996 ergo
1652 1904 2166 1998 videtur,.quod
2214 1927 2343 1975 nos
2371 1904 2669 1994 sciamus

971 2069 975 2074 ,
1106 2010 1278 2102 quid
1324 2019 1428 2081 est
1475 2013 1825 2103 generatio
1864 2012 2097 2084 divina
2139 2035 2353 2106 :ergo
2394 2036 2537 2083 non
2567 2020 2669 2082 est

752 2251 852 2299 Sed
878 2254 1066 2300 contra.

807 3221 1004 3270 solone.

760 4399 1032 4449 Adi-⁸2.

1098 2141 1357 2208 *verum
1398 2119 1585 2210 quod
1615 2119 2023 2208 Ambrosius
2051 2121 2215 2192 dicit
2252 2119 2389 2192 hic.

1203 2222 1338 2294 San
1384 2249 1687 2298 con-rna:
1734 2227 1920 2298 Scire
1971 2229 2136 2322 quid
2174 2237 2302 2309 est,
2357 2238 2460 2301 est
2495 2230 2667 2301 scire

1109 2334 1426 2425 proprios
1464 2336 1799 2405 terminos
1854 2338 1951 2408 rei
1992 2338 2169 2408 intra
2199 2359 2373 2431 quos
2402 2336 2669 2407 claudi-

1108 2447 1221 2510 tur
1245 2448 1392 2511 tota
1420 2441 1517 2512 rei
1548 2450 1791 2538 natura
1824 2467 1841 2515 z
1873 2445 1994 2516 sed
2021 2447 2119 2515 sic
2145 2468 2285 2515 non
2330 2446 2667 2538 contingit

1096 2548 1333 2626 ¹Deum
1362 2551 1585 2620 scire:
1639 2553 1802 2643 quia
1829 2553 1927 2621 sic
1973 2551 2667 2644 comprehenderetur

1102 2666 1215 2738 vel
1234 2666 1670 2739 clauderetur
1697 2670 1770 2740 in
1800 2677 2036 2740 nostro
2078 2669 2453 2752 intellectu,
2477 2670 2666 2762 quod

1102 2799 1312 2868 supra
1344 2785 1452 2847 est
1507 2777 1970 2868 improbatum
2005 2802 2023 2848 z
2084 2801 2243 2849 cum
2283 2780 2494 2871 igitur
2537 2803 2664 2871 ge-

1104 2885 1369 2952 neratio
1427 2884 1661 2953 divina
1707 2885 1892 2956 Deus
1928 2888 2041 2967 sit,
2087 2887 2306 2977 ipsam
2333 2909 2661 2957 noncon·

1104 2993 1309 3085 tingit
1346 2996 1521 3064 scire
1550 2994 1658 3063 vel
1689 2995 2074 3088 significare
2112 2996 2277 3089 quid
2304 3005 2431 3067 est.

1196 3208 1511 3280 Somno.
1589 3212 1996 3298 Dicendum,
2075 3215 2258 3307 quod
2312 3217 2491 3286 sicut
2555 3217 2660 3288 di-

1102 3316 1198 3387 cit
1247 3316 1719 3411 Philosophus
1772 3323 1841 3392 in
1880 3324 1909 3392 Ι
1949 3322 2034 3393 de
2084 3326 2366 3404 Anima,
2431 3328 2658 3396 omnis

1098 3424 1571 3518 intelligentiae
1600 3451 1756 3519 quae
1777 3437 1879 3499 est
1907 3430 1990 3500 de
2028 3430 2191 3523 quid
2221 3440 2347 3512 est,
2380 3433 2656 3502 termini

1098 3542 1259 3603 sunt
1309 3555 1326 3604 ε
1390 3536 1859 3626 praecticarum
1914 3538 2101 3608 enim
2167 3538 2658 3632 intelligentia-

1097 3663 1256 3710 rum
1298 3642 1576 3712 termini
1607 3651 1769 3713 sunt
1810 3666 2101 3715 :omnes
2148 3646 2333 3716 enim
2372 3647 2654 3719 alterius

1094 3770 1301 3818 causa
1355 3755 1543 3828 sunt,
1604 3750 1865 3821 scilicet
1926 3761 2206 3845 propter
2261 3754 2409 3844 ejus
2466 3756 2652 3846 quod

1094 3856 1569 3927 consideretur
1608 3879 1626 3926 ε
1684 3858 2117 3949 speculativoe
2154 3884 2320 3930 vero
2373 3864 2653 3933 rationi·

1091 3961 1221 4033 bus
1258 3965 1768 4035 terminantur:
1814 3976 1880 4035 et
1908 3968 2137 4038 omnis
2177 3971 2348 4039 ratio
2388 3981 2507 4040 aut
2527 3972 2651 4040 dis·

1092 4071 1314 4142 linitio
1368 4082 1495 4154 est,
1550 4082 1669 4145 aut
1714 4074 2205 4146 demonstratio
2239 4080 2308 4147 in
2341 4101 2479 4171 qua
2515 4089 2650 4150 stat

1092 4178 1575 4271 intelligentia,
1603 4191 1672 4251 et
1706 4182 2150 4254 diffinitiones
2189 4209 2431 4256 omnes
2461 4189 2648 4257 difli-

1092 4288 1257 4357 nitae
1285 4298 1449 4357 sunt
1476 4289 1563 4358 ad
1603 4289 2030 4362 diffinientia.

1185 4391 1269 4461 Et
1297 4393 1453 4463 ideo
1492 4394 1670 4475 dico,
1705 4397 1891 4488 quod
1928 4421 2068 4468 non
2096 4400 2433 4492 contingit
2473 4404 2647 4473 scire

1095 4502 1259 4593 quid
1309 4511 1413 4573 est
1457 4502 1646 4573 Deus
1686 4503 1791 4573 vel
1848 4505 2104 4596 aliquid
2170 4508 2509 4593 divinum,
2562 4535 2645 4581 eo

1093 4608 1279 4703 quod
1328 4610 1606 4682 diffiniri
1664 4635 1705 4679 a
1758 4613 1956 4681 nobis
2009 4638 2149 4684 non
2188 4624 2465 4706 potest:
2525 4620 2645 4688 sed

1090 4718 1218 4788 erit
1246 4740 1521 4810 semper
1565 4719 1939 4789 secundum
1971 4720 2229 4814 aliquid
2283 4725 2387 4792 sui
2451 4735 2644 4796 extra

1090 4849 1242 4906 noS,
1294 4834 1374 4896 ut
1415 4848 1624 4917 supra
1671 4826 1968 4898 diximus
2015 4829 2085 4897 in
2134 4832 2510 4921 quaestione
2558 4834 2643 4902 de

1085 4934 1373 5004 scientia
1419 4933 1548 5004 Dei
1590 4928 1652 5003 ’ἑ
1701 4944 1768 5005 et
1810 4934 1941 5007 hoc
1977 4936 2297 5030 intelligit
2338 4940 2640 5011 Ambro-

1085 5041 1227 5112 sius
1257 5041 1533 5134 quando
1566 5042 1753 5130 dicit,
1798 5044 1982 5136 quod
2020 5068 2159 5115 non
2198 5047 2408 5116 scitur
2435 5071 2475 5116 a
2506 5073 2643 5120 no-

1083 5151 1190 5221 bis
1246 5153 1602 5245 generatio
1641 5153 1897 5235 divina,
1959 5178 2084 5226 nec
2112 5157 2319 5226 etiam
2350 5158 2434 5226 ab
2486 5159 2643 5229 An-

1084 5258 1254 5351 gelis
1291 5281 1307 5328 :
1343 5262 1508 5352 quia
1553 5283 1675 5352 per
1733 5263 1899 5354 quid
1939 5272 2066 5350 est,
2107 5265 2274 5334 scita
2330 5289 2472 5335 non
2540 5276 2643 5336 est

1086 5367 1219 5437 nisi
1259 5366 1345 5437 ab
1393 5389 1479 5436 eo
1518 5369 1636 5460 qui
1677 5377 1778 5438 est
1822 5370 2006 5441 Deus
2045 5371 2336 5443 Trinitas
2371 5398 2388 5443 τ
2430 5373 2641 5445 habe-

1163 5608 1182 5645 ·
1211 5605 1297 5662 cr.
1331 5605 1542 5679 supra,
1576 5605 1721 5664 nist.
1754 5608 1827 5664 11.

4181 228 4317 333 2⁹2

2785 409 2933 453 mus
2987 397 3214 456 autem
3293 392 3645 459 scientiam
3704 393 3785 460 de
3842 337 4084 461 divinis
4150 396 4322 462 siout

2778 499 2877 559 est
2906 494 3182 562 scientia
3232 497 3442 587 quia:
3477 507 3542 565 et
3579 499 3751 567 hene
3783 501 4100 579 concede,
4137 502 4319 592 quod

2775 599 2927 689 plus
2957 603 3208 670 scimus
3265 604 3347 672 de
3389 628 3468 673 ea
3509 630 3714 697 quam
3792 608 3969 698 quod
4004 607 4318 675 ineffabi-

2776 708 2858 774 lis
2890 714 3014 778 est.

2865 816 2969 882 An
3017 817 3085 884 id
3142 820 3325 908 quod
3382 830 3615 890 contra
3674 824 4014 914 objicitur,
4085 825 4313 893 dicen·

2778 922 2941 990 dum
2999 927 3184 1015 quod
3251 950 3491 996 verum
3534 940 3633 999 est
3680 933 3863 1023 quod
3901 934 3981 1000 de
4037 934 4315 1001 scientia

2776 1032 2934 1121 quia
2966 1033 3034 1099 in
3075 1033 3796 1120 demonstrationibuS,
3832 1064 3978 1131 quae
4020 1050 4118 1109 est
4156 1035 4315 1110 con-

2777 1139 3104 1232 clusionis
3167 1145 3473 1228 scientia,
3535 1146 3820 1217 habetur
3863 1150 3992 1217 illis
4050 1149 4315 1218 duobus

2778 1248 3047 1316 modis:
3091 1252 3210 1319 sed
3249 1252 3344 1321 sic
3401 1277 3540 1323 non
3570 1259 3781 1324 scitur
3827 1259 4170 1349 generatio
4218 1258 4316 1327 di-

2774 1356 2956 1435 vina,
3011 1358 3128 1426 sed
3157 1361 3382 1449 potius
3412 1369 3488 1429 ut
3552 1364 4078 1456 incomplexum,
4121 1367 4315 1456 cujus

2774 1465 3054 1534 seientia
3121 1490 3260 1537 non
3299 1468 3588 1540 habetur
3632 1473 3922 1562 perfecte
3980 1498 4100 1566 per
4137 1475 4319 1544 disti-

2773 1571 3029 1640 nientia
3057 1574 3282 1664 ipsum
3311 1600 3326 1646 :
3361 1586 3428 1646 et
3465 1576 3610 1647 haec
3638 1588 3739 1648 est
3767 1582 4045 1651 scientia
4075 1581 4317 1652 similis

2773 1683 2836 1748 ei
2865 1706 3014 1774 quae
3081 1694 3183 1754 est
3219 1688 3504 1757 scientia
3544 1690 3727 1780 quia,
3772 1698 3837 1757 et
3866 1699 3966 1758 est
4018 1694 4184 1761 scire
4244 1695 4314 1761 in

2770 1792 3162 1872 universali,
3209 1803 3277 1863 et
3334 1818 3471 1865 non
3522 1797 3592 1865 in
3628 1798 3900 1888 propria
3941 1808 4179 1869 natura
4204 1824 4310 1871 se·

2770 1899 3070 1969 cundum
3103 1901 3286 1992 quod
3319 1904 3542 1994 ipsum
3575 1914 3699 1975 est.

2862 2005 2965 2073 An
3013 2030 3077 2075 m
3106 2013 3338 2080 autem
3383 2011 3570 2101 quod
3616 2013 3932 2103 objicitur
3972 2016 4054 2085 de
4110 2016 4309 2085 dille-

2773 2115 3006 2184 rentiis
3049 2117 3222 2205 ejus,
3282 2117 3645 2189 dicendum
3694 2122 3877 2212 quod
3918 2147 4055 2192 non
4100 2126 4308 2216 signi·

2776 2222 3014 2291 ficetur
3042 2223 3239 2292 nobis
3303 2226 3699 2303 differentiis
3757 2232 3883 2297 nisi
3929 2231 4302 2322 dupliciter,

2773 2331 3027 2401 scilicet
3075 2335 3409 2425 negativis
3473 2339 3615 2406 sive
3668 2339 4074 2428 privativis:
4135 2344 4309 2412 sieut

2773 2439 2958 2530 quod
3002 2449 3105 2510 est
3159 2442 3616 2533 impassibilis,
3662 2446 4148 2535 immaterialis,
4201 2453 4306 2519 in-

2771 2547 3126 2628 vertibilis,
3171 2559 3239 2619 et
3265 2549 3683 2643 hujusmodi.
3737 2553 3875 2623 lllae
3915 2556 4308 2629 diss'erentiae

2771 2678 2913 2725 non
2951 2658 3347 2738 certificant,
3382 2662 3510 2729 nisi
3535 2663 3689 2752 quie
3722 2663 4114 2735 ditl'erentiae
4143 2690 4307 2736 con-

2768 2765 3125 2837 stituentes
3155 2778 3315 2837 sunt
3342 2772 3677 2860 positivae.
3715 2772 3884 2841 Aliae
3915 2774 4306 2846 differentiae

2769 2896 2919 2966 quae
2973 2878 3281 2967 positivae
3326 2890 3507 2959 sunt,
3549 2891 3706 2950 sunt
3748 2895 4022 2954 remota:
4065 2908 4080 2953 ε
4133 2888 4306 2957 sicut

2671 3073 2692 3086 n
2769 2985 2954 3075 quod
2974 2987 3165 3056 estin
3192 2989 3430 3058 eadem
3462 2990 3859 3072 substantia,
3887 2994 3994 3063 vel
4016 2998 4303 3066 consub-

2765 3094 3099 3164 stantialis
3133 3118 3151 3165 ε
3186 3095 3315 3166 illoe
3354 3099 3534 3166 enirn
3568 3122 3704 3168 non
3735 3111 3890 3170 sunt
3925 3106 4245 3193 proxiinae
4280 3128 4296 3176 τ

2766 3201 2946 3272 unde
2966 3204 3034 3272 in
3064 3203 3312 3274 talibus
3349 3204 3572 3275 adhuc
3602 3220 3901 3278 remanet
3933 3212 4297 3295 occultum,

2764 3311 3138 3381 secundum
3191 3335 3394 3404 quem
3453 3314 3730 3384 moduni
3787 3321 3870 3387 sit
3933 3320 3998 3388 in
4066 3323 4299 3392 eadem

2762 3417 3142 3489 substantia
3173 3430 3283 3490 :et
3315 3421 3466 3491 ideo
3507 3422 3660 3494 licet
3692 3423 3824 3494 illis
3854 3427 4304 3498 dillerentiisn

2763 3524 3171 3616 quibusdam
3204 3528 3683 3622 distinguetur,
3727 3542 3954 3602 tamen
3984 3537 4142 3626 quia
4163 3558 4302 3606 non

2762 3643 3248 3705 convertuntur
3285 3658 3441 3705 cum
3483 3638 3626 3729 ipsa
3662 3642 4132 3711 constituendo
4162 3666 4300 3712 non

2759 3741 3157 3831 specificent
3192 3746 3702 3835 generationem
3741 3770 3757 3815 ε
3802 3758 3866 3817 et
3908 3749 4057 3817 ideo
4082 3749 4303 3822 adhuc

2762 3848 3118 3939 ignoratur
3198 3852 3359 3943 quid
3416 3856 3875 3946 generationis
3928 3882 3943 3926 :
4014 3869 4080 3928 et
4145 3860 4296 3930 ideo

2758 3957 2962 4024 etiam
2995 3981 3132 4027 non
3172 3958 3330 4028 dicit
3365 3961 3773 4032 Ambrosius
3819 3966 3999 4056 quod
4031 3967 4297 4059 simpli-

2759 4064 2925 4133 citer
2954 4065 3370 4156 impossibile
3429 4070 3515 4136 sit
3552 4071 3721 4139 scire
3759 4075 4290 4163 generationem,

2757 4172 2878 4243 sed
2908 4173 3091 4263 quod
3134 4175 3549 4266 impossibile
3582 4189 3685 4249 est
3711 4183 3880 4253 scire
3910 4186 4298 4273 generatio-

2758 4281 2865 4348 nis
2923 4290 3283 4361 secretum,
3344 4284 3502 4374 quia
3567 4298 3899 4359 secretum
3975 4293 4121 4381 ejus
4194 4302 4299 4364 est

2761 4391 2926 4483 quid
2946 4393 3031 4461 sit
3065 4411 3082 4464 ε
3125 4393 3243 4464 sed
3284 4418 3420 4464 non
3460 4406 3558 4465 est
3589 4410 3921 4469 secretum
3963 4404 4122 4494 quid
4155 4428 4294 4473 non

2757 4500 2845 4568 sit
2888 4523 2904 4569 ε
2938 4507 3005 4570 et
3029 4499 3159 4571 hoc
3195 4503 3406 4572 scitur
3431 4513 3499 4573 et
3527 4504 3769 4575 etl'atur
3800 4531 3816 4575 :
3847 4509 4022 4579 unde
4052 4510 4295 4580 effabi-

2757 4609 2841 4679 lis
2899 4619 2999 4679 est
3042 4611 3417 4680 secundum
3486 4613 3674 4703 quid,
3737 4623 3802 4685 et
3863 4642 3998 4687 non
4041 4621 4297 4712 simpli·

2761 4719 2951 4786 citer.

4421 835 4503 887 Ad
4530 842 4570 887 8.

4415 2051 4495 2098 Ad
4525 2053 4566 2098 4.
