4897 6388
714 1716 896 1770 Qunst.
927 1719 955 1763 2
972 1744 985 1757 .

777 2459 986 2509 solutio.

741 3745 813 3790 Ad
836 3750 1005 3803 qne-t.
1025 3746 1062 3789 Ι.

741 4633 811 4676 Διί
832 4640 1006 4690 quo-t.
1023 4636 1066 4685 2.

1862 337 1959 405 IN
2008 337 2039 405 1
2093 332 2517 403 SENTENT.
2574 331 2798 399 mss.
2852 333 3008 416 xv,
3063 333 3116 410 ι,
3169 336 3372 403 ART.
3419 335 3525 406 14.
3636 416 3641 422 ⁴

1072 510 1142 575 in
1194 511 1350 599 igne
1391 509 1687 574 ssammae
1729 506 1876 572 rubi
1931 515 1977 570 ¹.
2023 505 2173 571 Hoc
2221 502 2387 569 nihil
2450 508 2549 567 est
2606 522 2620 565 :

1074 618 1235 705 quia
1264 638 1474 704 supra
1504 620 1849 679 ostensum
1902 618 2026 691 est,
2071 609 2255 699 quod
2286 607 2427 674 baee
2473 630 2628 672 om-

1073 723 1186 788 nia
1218 723 1394 788 faeta
1442 729 1600 787 sunt
1652 742 1772 808 per
1819 718 2271 784 ministerium
2323 713 2629 804 Angelo-

1073 852 1226 895 rum
1282 830 1352 893 in
1410 848 1701 915 persona
1756 824 1882 891 Dei
1940 824 2434 914 apparentium.
2491 819 2628 887 Sed

1072 961 1200 1029 ego
1245 959 1476 1027 quaero
1510 935 1591 1003 de
1632 943 1938 1003 ereatura
1976 941 2347 1022 assumpta,
2385 933 2454 997 in
2494 952 2628 1020 qua

1072 1046 1307 1113 divina
1386 1066 1678 1134 persona
1746 1066 1866 1133 per
1930 1044 2223 1132 seipsam
2290 1040 2621 1130 apparuit,

1073 1158 1248 1223 sieut
1315 1155 1612 1244 Spiritus
1652 1153 1724 1221 in
1772 1153 2116 1233 columba,
2177 1160 2244 1219 et
2299 1151 2501 1217 Pater
2558 1151 2628 1216 in

1069 1286 1266 1338 voee,
1312 1270 1378 1329 et
1421 1261 1716 1351 Spiritus
1754 1261 1826 1327 in
1874 1259 2126 1350 linguis
2183 1266 2248 1326 et
2287 1259 2355 1325 in
2409 1259 2573 1324 ssatu
2609 1279 2624 1324 :

1072 1369 1169 1436 sie
1216 1369 1402 1436 enim
1454 1391 1592 1435 non
1641 1367 1891 1458 legitur
1947 1366 2158 1433 Filius
2210 1365 2626 1455 apparuisse,

1072 1475 1205 1542 nisi
1236 1497 1394 1543 eum
1412 1482 1690 1542 earnem
1732 1473 2119 1563 assumpsit.

1170 1681 1566 1760 Pamisum,
1613 1680 1838 1760 Quare
1888 1682 2091 1749 l’ater
2127 1704 2267 1747 non
2324 1680 2634 1770 apparuit

1075 1789 1205 1856 nisi
1243 1791 1310 1856 in
1358 1812 1524 1857 voce
1573 1788 1937 1880 loquente:
1976 1788 2182 1856 Filius
2213 1797 2440 1857 autem
2483 1797 2632 1855 tan-

1077 1906 1222 1964 tum
1277 1899 1344 1963 in
1387 1919 1589 1965 earne
1619 1906 1993 1988 assumpta,
2044 1905 2113 1966 et
2141 1895 2433 1986 Spiritus
2482 1918 2634 1963 san-

1077 2013 1225 2073 etus
1255 2006 1324 2071 in
1380 2004 1626 2094 triplici
1674 2013 1982 2074 ereatura
2029 2013 2426 2095 assumpta:
2462 2005 2636 2072 sieut

1077 2114 1148 2180 in
1176 2113 1524 2190 columba,
1576 2116 1791 2208 igneis
1840 2113 2117 2203 linguis,
2171 2120 2238 2180 et
2276 2113 2437 2179 ssatu
2497 2135 2633 2202 quo

1081 2222 1346 2289 inflavit
1382 2220 1595 2288 Filius
1627 2220 1697 2288 in
1735 2218 2150 2312 discipulos?

1175 2436 1486 2505 Somno.
1530 2434 1912 2503 Dicendum
1961 2434 2045 2502 ad
2095 2435 2416 2525 primum,
2453 2433 2636 2525 quod

1082 2544 1292 2611 Filius
1332 2543 1538 2612 habet
1584 2543 1757 2612 duos
1794 2542 2038 2612 modos
2087 2544 2429 2612 missionis
2468 2543 2637 2609 visi-

1081 2652 1335 2732 biliter,
1378 2653 1635 2721 scilieet
1674 2653 1740 2720 in
1794 2661 2103 2722 ereatura
2154 2653 2346 2720 unita
2374 2651 2531 2731 sibi,
2573 2658 2641 2719 et

1084 2760 1518 2829 invisibiliter
1566 2759 1840 2852 quando
1899 2761 2190 2828 mittitur
2233 2761 2301 2828 in
2351 2783 2469 2829 eor
2502 2782 2518 2827 ε
2553 2781 2635 2827 eo

1080 2867 1266 2960 quod
1307 2868 1450 2958 ipse
1479 2867 1669 2936 solus
1707 2866 1986 2935 unibilis
2034 2875 2138 2936 est
2165 2875 2494 2936 ereaturae
2525 2889 2640 2934 as-

1080 2982 1370 3064 sumptoe
1416 2998 1432 3042 ε
1477 2983 1544 3042 et
1572 2973 1705 3043 boe
1733 2975 1905 3043 infra
1932 2973 2335 3065 probabitur
2364 2980 2412 3039 ².

1175 3083 1278 3149 Λι)
1330 3105 1393 3148 to
1459 3079 1644 3173 quod
1701 3091 1939 3149 contra
2005 3080 2347 3170 objicitur,
2409 3079 2644 3148 dicen-

1084 3191 1248 3260 dum
1292 3191 1476 3283 quod
1508 3190 1866 3261 visibilitas
1913 3215 2052 3260 non
2093 3202 2232 3259 tam
2275 3190 2645 3259 attenditur

1086 3299 1200 3367 hie
1231 3300 1297 3365 in
1341 3298 1551 3366 modo
1593 3298 1937 3366 missionis
1985 3298 2136 3366 Filii
2167 3321 2371 3389 quam
2423 3297 2645 3365 unibi-

1091 3404 1249 3473 litas
1283 3423 1301 3473 ε
1336 3413 1408 3474 et
1454 3404 1570 3472 illa
1617 3403 1838 3473 delicit
1880 3405 1948 3472 in
1995 3405 2322 3473 missione
2353 3403 2646 3495 Spiritus

1089 3513 1332 3581 saneti.

1191 3726 1294 3791 An
1343 3746 1542 3790 ΑιιιἹι
1581 3721 1970 3800 dicendum,
2011 3722 2193 3814 quod
2247 3721 2452 3789 Filius
2509 3745 2645 3789 non

1097 3831 1330 3899 debuit
1381 3852 1706 3920 apparere
1750 3830 1814 3896 in
1865 3839 2171 3898 creatura
2221 3854 2356 3898 non
2397 3832 2582 3898 unita
2626 3853 2643 3897 ε

1094 3962 1177 4005 eo
1243 3936 1428 4028 quod
1499 3939 1639 4027 ipse
1690 3936 1926 4005 habuit
1993 3939 2505 4029 congruentiam
2565 3935 2647 4004 ad

1096 4051 1449 4128 unionem,
1508 4049 1656 4117 aliae
1705 4058 1931 4118 autem
1980 4073 2285 4141 persona·
2341 4073 2476 4117 non
2522 4073 2538 4117 τ
2583 4057 2651 4117 et

1096 4159 1249 4225 ideo
1280 4158 1432 4226 aliae
1473 4160 1929 4248 apparitiones
1975 4159 2163 4227 faetae
2190 4169 2347 4226 sunt
2375 4169 2652 4250 propter

1093 4290 1290 4333 suam
1335 4291 1350 4334 :
1397 4265 1582 4357 quod
1632 4269 1814 4336 enim
1857 4268 2116 4336 unibile
2156 4277 2258 4336 est
2295 4277 2642 4342 creaturae,

1094 4396 1231 4443 non
1276 4376 1545 4443 unitum
1587 4398 1722 4442 non
1755 4376 2070 4466 congruit
2108 4398 2454 4466 apparere.

1190 4585 1292 4649 An
1349 4605 1547 4649 Anien
1605 4581 1997 4665 dicendum,
2042 4582 2224 4673 quod
2296 4583 2496 4650 Pater
2549 4592 2648 4650 est

1096 4692 1203 4759 eui
1232 4690 1556 4757 convenit
1595 4690 1969 4758 seeundum
2018 4698 2339 4759 {eternam
2370 4713 2650 4781 genera-

1170 4964 1186 4998 ¹
1223 4961 1404 5016 Exod.
1439 4978 1515 5027 ιιι,
1549 4966 1568 5016 l
1605 4968 1666 5018 et
1703 4978 1830 5032 seq.

1171 5050 1192 5086 ¹
1222 5050 1307 5105 Cs.
1341 5050 1411 5105 Ν
1441 5050 1708 5107 Sentent.
1743 5050 1888 5107 Dist.
1921 5050 1966 5104 1.

2698 3543 2713 3557 ·
2755 3520 2855 3580 ret
2920 3513 2990 3578 in
3046 3509 3366 3580 columba
3429 3536 3445 3581 z

4155 334 4284 400 429

2745 501 2998 568 tionem
3042 500 3326 568 dic-endo
3375 525 3698 592 generare
3745 525 3758 567 :
3804 511 3869 568 et
3918 498 4065 566 ideo
4120 520 4291 564 con-

2739 610 3124 697 gruentiam
3184 608 3389 675 habet
3438 609 3522 675 ad
3579 607 3731 686 hoe,
3778 616 3852 674 ut
3895 605 4175 673 dicendo
4217 608 4287 672 in

2740 739 2901 784 voce
2932 739 3004 784 se
3055 718 3436 785 manifestet
3487 740 3501 783 :
3558 719 3717 807 quia
3761 718 3855 782 sie
3897 714 4293 782 manifesta-

2740 827 2946 892 turin
2988 835 3139 893 actu
3180 826 3519 915 personali
3555 848 3688 915 quo
3721 848 3790 891 se
3822 823 4023 891 habet
4063 823 4146 890 ad
4175 823 4293 890 Fi-

2737 930 2905 997 lium
2965 954 2979 997 :
3044 942 3107 999 et
3164 934 3504 1022 praeeipue
3563 934 3630 998 in
3691 955 3855 998 voce
3890 953 4056 1020 qua
4105 930 4288 1007 dicit,

2736 1040 2867 1106 llic
2895 1049 2990 1105 est
3027 1040 3276 1122 Filius,
3295 1062 3483 1107 meus
3512 1039 3823 1117 dilectem,
3870 1046 3995 1118 ete,
4027 1046 4088 1104 ⁸:
4125 1035 4293 1104 illud

2739 1149 2920 1215 enim
2977 1150 3045 1216 in
3095 1159 3429 1239 quantum
3470 1172 3606 1217 vox
3652 1150 3802 1227 fuit,
3838 1147 4298 1215 manifestavit

2738 1256 3075 1325 dicentem
3139 1281 3153 1325 :
3217 1265 3286 1325 et
3324 1281 3445 1348 per
3500 1258 3725 1347 ipsum
3794 1255 3980 1346 quod
4036 1256 4295 1324 dietum

2740 1371 2866 1442 est,
2901 1363 3196 1431 ostendit
3224 1364 3499 1431 Patrem
3530 1387 3544 1431 ε
3581 1372 3655 1431 ut
3684 1364 3780 1431 sie
3823 1370 4108 1453 utroque
4149 1386 4295 1430 mo-

2740 1469 2827 1537 do
2877 1471 3273 1539 ostendatur
3318 1494 3675 1563 generans,
3727 1479 3793 1538 et
3849 1470 4151 1537 Verbum
4230 1480 4297 1538 et

2742 1576 2953 1645 Filius
3019 1600 3035 1645 ε
3100 1602 3395 1669 quorum
3435 1602 3650 1645 unum
3699 1577 4044 1667 signifieat
4072 1580 4299 1644 mani-

2741 1684 3172 1753 festationem
3227 1685 3628 1768 intellectuS,
3678 1684 3963 1753 alterum
4003 1694 4287 1752 naturae.

2746 1792 3043 1883 Spiritus
3071 1801 3300 1861 autem
3331 1802 3604 1861 sanetus
3644 1801 3965 1882 operatur
4005 1792 4292 1882 triplici-

2748 1911 2875 1985 ter,
2908 1901 3165 1971 scilieet
3204 1903 3277 1969 in
3316 1901 3512 1970 donis
3551 1902 3638 1971 ad
3676 1910 3863 1970 aetus
3909 1903 4133 1992 operis
4177 1925 4296 1970 or-

2744 2007 3020 2089 dinatis,
3080 2017 3145 2076 et
3211 2008 3283 2075 in
3343 2009 3738 2078 remissione
3792 2008 4072 2098 peceati,
4138 2017 4205 2077 et
4255 2033 4298 2076 a

2745 2116 3034 2183 terrenis
3063 2115 3484 2184 removendo
3526 2114 3611 2182 ad
3640 2114 3936 2182 coelestia
3965 2137 3982 2182 t
4018 2124 4086 2184 et
4125 2139 4297 2208 quo·

2745 2223 2831 2292 ad
2870 2224 3170 2314 primum
3202 2224 3584 2293 ostenditur
3631 2226 3696 2291 in
3742 2222 4086 2302 columba,
4120 2246 4300 2314 quo-

2745 2330 2833 2399 ad
2871 2331 3252 2400 secundum
3287 2333 3358 2400 in
3397 2331 3553 2423 igne
3584 2331 3700 2422 qui
3739 2338 3841 2399 est
3867 2332 4298 2421 consumpti-

2744 2458 2847 2503 ναι
2887 2442 3170 2516 naturae,
3214 2443 3283 2504 et
3336 2435 3563 2526 quoad
3619 2435 3896 2503 tertium
3934 2435 4004 2502 in
4059 2434 4297 2525 spiritu

2748 2544 2947 2610 ssatus
3014 2543 3129 2634 qui
3196 2541 3568 2635 spiritualis
3623 2553 3726 2611 est
3793 2566 3810 2611 ε
3880 2543 4053 2612 sieut
4090 2544 4294 2611 etiam

2744 2658 3059 2719 cantatur
3113 2651 3195 2719 de
3263 2653 3530 2741 ipset«
3583 2652 3684 2719 Tu
3736 2650 4128 2743 inspirando
4176 2650 4297 2718 das

2745 2757 3132 2849 spirituales
3170 2782 3317 2828 esse
3355 2759 3693 2828 homines,
3742 2785 3777 2825 ι

2837 2865 2966 2934 vet
2996 2866 3280 2946 dicatur,
3315 2867 3504 2958 quod
3536 2867 3830 2959 Spiritus
3865 2865 4073 2936 habet
4099 2866 4299 2959 quid·

2748 2972 2906 3039 dam
2946 2994 3032 3040 ex
3059 2975 3341 3041 nomine
3370 2973 3558 3051 doni,
3603 2973 3786 3065 quod
3814 2975 4084 3065 proprie
4127 2973 4300 3066 diei·

2750 3088 2859 3146 tur
2889 3100 2906 3146 :
2944 3085 3010 3146 et
3038 3077 3361 3171 quiddam
3389 3102 3473 3149 ex
3503 3083 3777 3149 nomine
3808 3080 4085 3166 amoris,
4115 3079 4298 3170 quod

2751 3187 2997 3256 iterum
3056 3189 3327 3280 proprie
3376 3188 3622 3258 dicitur
3662 3213 3678 3257 ε
3724 3198 3790 3258 et
3854 3187 4175 3281 quiddam
4217 3210 4300 3256 ex

2754 3298 3033 3366 nomine
3120 3297 3416 3389 Spiritus
3493 3299 3731 3378 saneti,
3804 3297 3987 3389 quod
4052 3300 4300 3366 iterum

2752 3404 3024 3494 proprie
3061 3404 3310 3473 dieitur
3341 3426 3358 3475 ε
3392 3415 3458 3473 et
3487 3404 3712 3498 quoad
3743 3407 4039 3496 primum
4088 3428 4304 3496 appa-

3506 3511 3732 3603 quoad
3789 3511 4161 3581 secundum
4231 3511 4302 3578 in

2757 3621 2938 3708 igne.
2971 3622 3131 3711 quia
3162 3644 3359 3689 amor
3405 3620 3581 3711 ignis
3619 3629 3717 3688 est
3753 3643 3769 3689 τ
3805 3629 3872 3688 et
3902 3618 4127 3711 quoad
4177 3627 4307 3688 ter·

2755 3728 2928 3795 tium
2963 3729 3029 3794 in
3064 3729 3225 3795 ssatu
3259 3727 3597 3819 spirituali
3630 3751 3647 3795 t
3684 3738 3747 3797 et
3782 3728 3939 3818 quia
3973 3752 4109 3795 non
4148 3734 4308 3796 sunt

2754 3832 2953 3926 plura
3005 3835 3282 3925 propria
3366 3836 3645 3903 nomina
3703 3834 3996 3926 Spiritus
4060 3834 4301 3915 saneti,

2757 3940 2908 4010 ideo
2966 3965 3106 4010 non
3164 3951 3322 4011 sunt
3380 3944 3526 4033 ejus
3583 3941 3885 4011 visibiles
3943 3942 4303 4011 missiones

2755 4051 3007 4141 plures.
3045 4051 3256 4119 Filius
3283 4060 3513 4119 autem
3554 4051 3757 4119 babet
3786 4051 4303 4142 congruentiam

2754 4159 2839 4226 ad
2880 4160 3010 4228 boe
3050 4171 3122 4228 ut
3183 4161 3372 4228 uniat
3412 4162 3538 4227 sibi
3582 4171 3958 4229 creaturam
3998 4182 4304 4250 assump-

2754 4278 2921 4349 tam,
2955 4277 3021 4337 et
3052 4267 3203 4337 ideo
3235 4293 3372 4337 non
3412 4271 3723 4362 apparuit
3772 4270 3840 4337 in
3870 4292 4010 4338 non
4060 4270 4248 4336 unita
4284 4291 4300 4336 ε

2756 4375 3059 4444 humana
3087 4386 3315 4445 autem
3350 4387 3591 4446 natura
3638 4377 4157 4468 congruentiam
4188 4375 4308 4444 ba-

2758 4484 2869 4551 bet
2900 4494 2973 4551 ut
3016 4484 3287 4553 uniatur
3321 4495 3433 4553 :et
3475 4485 3623 4554 ideo
3672 4486 3741 4552 in
3781 4486 3924 4576 ipsa
3956 4483 4100 4553 sola
4138 4486 4308 4552 mis-

2756 4614 2872 4659 sus
2899 4600 3000 4660 est
3034 4591 3270 4661 Filius.

2832 4963 2857 4997 ³
2890 4964 3094 5019 naith.
3127 4978 3210 5033 ιιι,
3244 4966 3326 5019 ¹7.
