4897 6388
1617 299 1634 315 ι
1681 227 1772 294 ΙΝ
1822 227 1848 292 Ι
1902 223 2322 293 SENTENT.
2372 220 2600 288 DlST.
2656 222 2847 302 XIX,
2906 225 2985 308 E,
3038 230 3236 297 ΛΒΤ.
3293 234 3331 300 9
3376 233 3488 300 ΕΤ
3541 235 3647 303 10.
3732 313 3743 322 κ

1056 410 1158 470 est
1200 410 1265 468 et
1305 424 1442 492 quo
1475 409 1601 478 est,
1628 399 1778 467 ideo
1823 396 2211 487 praepositio
2243 393 2608 482 exponitur

1060 533 1178 600 per
1221 511 1312 578 rei
1385 509 1831 582 identitatem,
1887 514 1949 571 et
2023 503 2151 570 hoc
2209 524 2345 568 non
2383 507 2608 590 potest

1057 618 1143 685 ad
1187 618 1487 707 aliquem
1513 615 1868 682 modorum
1907 609 2300 700 Philosophi
2333 608 2555 676 reduci
2588 631 2601 673 :

1058 728 1218 816 quia
1259 748 1381 793 nec
1415 726 1559 814 ipse
1600 744 1835 789 omnes
1886 721 2130 810 posuit,
2191 718 2307 785 sed
2339 741 2456 784 eos
2490 717 2606 806 qui

1058 833 1407 902 habebant
1464 831 1979 898 similitudinem
2018 851 2171 896 cum
2222 825 2488 902 ultimo,
2525 824 2607 891 de

1057 964 1197 1032 quo
1249 939 1672 1016 intendedat,
1720 947 1792 1003 ut
1823 937 2075 1004 dictum
2116 945 2240 1002 est.

1146 1154 1410 1222 Deinde
1480 1153 1803 1243 quaeritur
1854 1151 1934 1218 de
1978 1149 2105 1216 hoc
2165 1147 2346 1238 quod
2393 1145 2604 1213 dicit:

1062 1292 1095 1329 α
1123 1267 1421 1333 Natura
1453 1263 1923 1352 iiztelliqeaezliae
1943 1260 2259 1326 humanae
2280 1257 2613 1324 rationem

1073 1374 1296 1461 hujus
1326 1373 1497 1440 dicti
1535 1395 1668 1439 non
1718 1371 1922 1461 capit,
1957 1377 2084 1436 etc.
2131 1395 2164 1430 n

1156 1477 1305 1545 lloc
1339 1478 1522 1544 enim
1552 1475 1818 1543 videtur
1845 1473 2082 1542 salsum
2123 1496 2135 1539 :
2164 1473 2321 1563 quia
2349 1493 2552 1559 supra
2592 1490 2610 1525 ¹

1063 1587 1219 1653 data
1279 1592 1441 1652 sunt
1505 1583 1778 1665 similia,
1830 1583 2213 1672 vestigium,
2253 1588 2319 1647 et
2383 1581 2612 1669 imago

1065 1690 1149 1760 ad
1179 1692 1312 1759 hoc
1343 1689 1990 1781 repraesentandum.

1154 1803 1262 1871 Ad
1295 1805 1428 1873 hoc
1467 1803 1854 1881 dicendum,
1890 1801 2068 1893 quod
2097 1800 2355 1868 nullum
2389 1799 2613 1865 simile

1067 1921 1513 2003 repraesentat
1571 1912 2008 1990 sufficienter,
2051 1917 2114 1978 et
2159 1910 2287 1977 hoc
2325 1907 2615 1976 intendit

1025 2075 1030 2080 .
1069 2020 1393 2088 Hilarius.

1520 2455 2012 2523 An‘rtctthus
2049 2454 2166 2524 lx.

1073 2677 1178 2740 An
1212 2673 1442 2740 Filius
1471 2670 1687 2738 adda!
1752 2669 2025 2760 aliquid
2062 2692 2264 2759 super
2319 2666 2396 2733 id
2435 2665 2624 2757 quod

1516 2782 1770 2872 accc-pi!
1812 2804 1853 2844 a
1898 2782 2105 2846 l’alre
2131 2778 2171 2845 ?

1163 3091 1423 3159 Deinde
1467 3092 1791 3181 qua-ritui·
1846 3089 1925 3157 de
1995 3088 2121 3155 hoc
2179 3087 2357 3179 quod
2398 3087 2603 3155 dicit:

1074 3229 1105 3265 ι
1135 3202 1317 3268 Nam
1383 3202 1447 3267 si
1504 3210 1768 3291 'mrtem
1837 3198 2140 3287 ejusdem
2208 3197 2327 3287 (μα’
2376 3198 2619 3286 {lenuit

1068 3311 1353 3399 accepit,
1389 3320 1626 3375 reeuler
1654 3332 1811 3396 erqo
1844 3310 2208 3399 perfec-111³,
2250 3316 2377 3373 etc.
2411 3334 2441 3367 ι»

1164 3417 1306 3483 lloc
1331 3417 1514 3483 enim
1548 3416 1814 3483 videtur
1853 3414 2092 3481 falsum
2129 3436 2144 3483 τ
2180 3416 2337 3504 quia
2368 3421 2481 3480 aut
2517 3412 2619 3480 Fi-

1073 3522 1201 3589 lius
1232 3521 1488 3612 aliquid
1521 3522 1701 3588 addit
1736 3545 1935 3610 super
1967 3519 2029 3586 id
2061 3520 2240 3610 quod
2299 3520 2541 3609 accipit
2579 3541 2619 3585 a

1077 3633 1302 3708 l’atre,
1375 3642 1491 3699 aut
1549 3632 1739 3699 nihil.
1815 3632 1884 3697 Si
1954 3630 2159 3707 addit,
2204 3651 2337 3696 non
2398 3638 2614 3696 totum

1076 3741 1278 3808 l‘ater
1306 3740 1711 3830 habetquod
1747 3738 2203 3826 hahet-Filius,
2249 3736 2426 3829 quod
2471 3736 2615 3803 hae-

1080 3852 1360 3918 retii-um
1405 3859 1531 3915 est.
1581 3851 1650 3914 Si
1690 3848 1849 3916 nihil
1880 3846 2058 3914 addit
2092 3871 2106 3915 :
2158 3856 2270 3913 aut
2312 3871 2475 3937 ergo
2510 3854 2620 3913 to-

1079 3967 1322 4025 tumet
1365 3958 1541 4025 idem
1585 3958 1810 4031 hahet,
1872 3966 1984 4022 aut
2053 3979 2185 4023 non
2256 3964 2501 4033 totum,
2553 3965 2618 4021 et

1075 4068 1284 4135 aliud.
1331 4067 1402 4133 Si
1442 4069 1658 4157 prinu·
1694 4065 1935 4133 modo:
1981 4091 2141 4153 ergo
2177 4064 2373 4131 Pater
2410 4076 2470 4129 et
2521 4063 2620 4130 Fi-

1075 4174 1207 4241 lius
1239 4185 1397 4241 sunt
1432 4175 1499 4241 iu
1530 4185 1674 4241 toto
1716 4174 1916 4249 idem,
1964 4171 2145 4263 quod
2204 4170 2444 4238 falsum
2490 4180 2615 4247 est,

1076 4305 1231 4348 cuni
1316 4305 1520 4372 supra
1584 4292 1901 4371 negatum
1990 4281 2102 4360 sit,
2171 4278 2349 4370 quod
2419 4279 2625 4345 etiam

1079 4413 1217 4458 non
1262 4400 1419 4457 sunt
1462 4390 1637 4457 idem
1677 4390 1851 4455 Deus
1885 4409 1928 4455 2.
1967 4390 2035 4454 Si
2076 4398 2301 4455 autem
2355 4410 2489 4453 non
2523 4396 2623 4452 to-

1078 4508 1222 4565 tum
1257 4507 1320 4566 et
1359 4497 1542 4564 aliud
1575 4497 1835 4587 accipit,
1874 4507 2026 4562 tune
2068 4518 2202 4562 non
2243 4505 2339 4561 est
2382 4516 2622 4584 (equa-

1077 4607 1159 4674 lis
1198 4617 1261 4674 et
1305 4608 1374 4673 iu
1406 4607 1695 4674 essentia
1727 4605 1959 4672 eadem
1992 4627 2143 4673 cum
2176 4603 2399 4683 Patre,
2436 4600 2620 4693 quod

1080 4717 1321 4783 iteruin
1393 4714 1761 4780 absurdum
1839 4724 1934 4779 est
1982 4735 1997 4778 ε
2071 4735 2229 4801 ergo
2324 4709 2618 4791 videtur,

1077 4825 1260 4915 quod
1305 4823 1414 4891 ille
1467 4848 1688 4890 sermo
1739 4824 1851 4914 qui
1893 4821 2001 4888 hie
2048 4822 2314 4901 dicitur,
2360 4822 2445 4887 sit
2493 4819 2623 4888 fal-

1077 4954 1219 4999 sus.

1173 5040 1243 5104 Si
1279 5039 1450 5106 forte
1482 5038 1689 5114 dicaS,
1726 5037 1904 5127 quod
1955 5034 2159 5103 Filius
2214 5034 2392 5101 addit
2472 5058 2625 5125 pro·

1083 5149 1440 5238 prietatem
1477 5171 1625 5238 quxe
1688 5170 1820 5213 non
1864 5154 1959 5211 est
2004 5142 2282 5234 aliquid,
2361 5142 2478 5209 sed
2539 5143 2621 5210 ad

1083 5253 1367 5344 aliquid.
1417 5256 1727 5321 (josram
1784 5252 1854 5318 Si
1907 5251 2087 5318 illam
2150 5249 2330 5318 addit
2384 5248 2619 5329 Filius,

1080 5385 1221 5428 non
1255 5361 1437 5427 addit
1477 5362 1604 5427 nisi
1639 5363 1695 5427 ei
1764 5358 1941 5449 quod
1998 5359 2235 5447 accipit
2285 5380 2322 5424 a
2366 5356 2565 5424 l’atre
2604 5378 2618 5422 :

1160 5592 1175 5626 ¹
1210 5589 1294 5645 cf.
1330 5589 1540 5662 Supra,
1575 5586 1714 5641 nist.
1749 5587 1842 5641 ΙΙΙ.

2722 399 3088 467 essentiam
3114 411 3342 470 autem
3378 407 3623 495 accipit
3664 428 3679 471 ε
3730 429 3893 497 ergo
3927 406 4113 474 addit
4168 430 4282 474 es-

2721 507 3008 576 sentiae:
3060 534 3224 601 ergo
3292 517 3673 604 proprietas
3731 514 4137 582 determinat
4170 538 4282 582 es-

2720 619 3037 696 sentiam,
3093 621 3273 708 quod
3315 621 3559 689 salsum
3610 631 3760 690 est:
3810 623 3970 712 quia
4035 626 4130 690 sic
4169 646 4282 690 es-

2722 725 2939 789 sentia
2962 724 3195 792 divina
3234 727 3385 795 Filii
3417 751 3556 796 non
3587 736 3764 797 esset
3794 729 4017 796 Patris
4059 751 4279 797 essen·

2722 829 2837 906 tia,
2899 831 3072 898 sicut
3130 855 3253 900 nec
3319 857 3610 923 persona
3676 835 3828 902 Filii
3899 844 4002 902 est
4060 835 4279 903 Patris

2723 960 3013 1027 persona
3052 965 3064 1008 :
3112 967 3273 1034 ergo
3325 946 3616 1028 videtur,
3667 946 3851 1036 quod
3909 970 4035 1014 neo
4079 946 4282 1013 addat

2722 1047 3004 1138 aliquid,
3050 1075 3173 1120 nec
3230 1054 3314 1120 ad
3372 1052 3652 1144 aliquid,
3698 1064 3764 1121 et
3823 1056 3915 1121 ita
3974 1063 4279 1122 remanet

2723 1157 2994 1245 penitus
3029 1159 3230 1226 idem.

2815 1367 3125 1439 Soumo.
3173 1370 3574 1450 Dicendum,
3611 1374 3795 1463 quod
3854 1374 4065 1442 Filius
4105 1374 4274 1441 nihil

2725 1477 2909 1544 addit
2948 1479 3231 1546 omnino
3287 1482 3347 1547 ei
3424 1482 3606 1572 quod
3656 1483 3901 1572 accipit
3946 1506 3987 1550 a
4045 1484 4269 1562 Patre,

2725 1607 2848 1652 nec
2880 1594 3110 1652 tamen
3139 1588 3472 1678 sequitur,
3523 1589 3706 1680 quod
3762 1591 3974 1657 Filius
4020 1592 4273 1682 simpli·

2723 1692 2891 1760 citer
2910 1695 2997 1760 sit
3035 1694 3214 1760 idem
3257 1695 3441 1764 Patri
3479 1719 3496 1765 ε
3540 1697 3659 1764 sed
3699 1701 4030 1789 sequitur,
4093 1700 4279 1791 quod

2724 1798 2938 1867 Filius
2989 1802 3055 1868 in
3115 1812 3389 1893 accepto
3447 1805 3533 1873 sit
3572 1805 3751 1873 idern
3791 1807 4000 1884 Patri,
4046 1816 4113 1876 et
4148 1807 4280 1875 hoc

2722 1929 2963 1975 verum
3004 1908 3480 1999 estlabsolute.

2816 2137 2889 2205 Si
2922 2150 3151 2207 autem
3183 2144 3453 2232 quaeriS,
3489 2142 3564 2210 ln
3620 2166 3759 2235 quo
3819 2167 3982 2235 ergo
4040 2147 4277 2214 distin-

2723 2258 3030 2337 guuntur
3060 2249 3261 2317 Pater
3289 2260 3356 2317 ct
3379 2250 3587 2319 Filius
3607 2254 3642 2319 ⁴?

2814 2353 3223 2437 Dicendum,
3307 2359 3490 2450 quod
3542 2362 3608 2428 in
3649 2383 3730 2429 eo
3790 2363 3976 2452 quod
4025 2363 4136 2433 ille
4176 2373 4279 2433 est

2724 2467 3064 2555 accipiens
3121 2490 3240 2556 per
3293 2472 3835 2560 generationem,
3899 2473 4012 2543 ille
4052 2485 4281 2544 autem

2724 2566 2894 2635 daus
2940 2592 2955 2638 :
3000 2580 3065 2638 et
3096 2572 3241 2640 haec
3281 2595 3421 2643 non
3461 2575 3890 2667 distinguunt
3928 2589 4281 2670 acceptum

2725 2674 2808 2741 ab
2840 2700 2922 2743 eo
2953 2701 2991 2743 a
3034 2701 3170 2768 quo
3206 2682 3472 2771 accipit,
3521 2684 3637 2752 sed
3670 2686 3897 2775 potius
3943 2687 4286 2778 accipien-

2725 2791 2861 2850 tem
2896 2808 2933 2851 a
2973 2786 3221 2854 dante:
3273 2798 3339 2856 et
3382 2789 3534 2858 ideo
3592 2801 3805 2882 patet,
3877 2795 4063 2885 quod
4126 2798 4285 2887 quia

2724 2900 2989 2960 tantum
3024 2896 3267 2987 accipit
3299 2907 3594 2988 quantus
3634 2910 3761 2981 est,
3793 2902 3946 2971 ideo
3977 2907 4287 2995 sequitur

2725 3000 2908 3089 quod
2965 3005 3305 3094 accipiens
3359 3016 3422 3074 et
3471 3007 3639 3077 dans
3712 3013 3848 3078 sint
3915 3012 4210 3104 aequales
4262 3037 4278 3081 :

2724 3111 2884 3200 quia
2916 3134 3077 3180 vero
3151 3114 3260 3183 ille
3300 3115 3491 3197 danS,
3547 3118 3672 3186 iste
3702 3121 4069 3213 accipiens,
4132 3124 4284 3193 ideo

2722 3221 3035 3310 sequitur
3073 3222 3254 3313 quod
3287 3248 3425 3293 non
3472 3237 3632 3295 sunt
3681 3228 3887 3309 idem,
3936 3231 4054 3299 sed
4108 3232 4283 3300 alius

2724 3337 2786 3394 et
2827 3328 3001 3395 alius
3047 3351 3063 3398 ε
3090 3341 3156 3399 et
3181 3355 3304 3422 per
3332 3332 3463 3402 hoc
3494 3345 3675 3426 patet
3706 3336 3984 3407 solutio.

3194 3773 3695 3843 ,tRTthLt'S
3746 3777 3832 3847 X.

2726 3989 2830 4052 Λιι
2863 4010 3061 4051 omne
3090 3988 3280 4076 quod
3304 3991 3634 4067 eeascilur,
3672 3994 3982 4060 nascitur
4031 4019 4117 4061 ea·
4158 3995 4288 4062 det·

2806 4093 2990 4183 plici
3039 4120 3305 4182 (seuere,
3356 4097 3614 4164 scilice!
3671 4101 3979 4168 masculo
4035 4111 4098 4168 e!
4147 4106 4286 4191 [ω-

2816 4204 3077 4276 mina?

2820 4527 3079 4594 Deinde
3113 4528 3440 4617 quaeritur
3467 4526 3701 4594 dehoc
3732 4526 3914 4616 quud
3941 4526 4128 4610 dicit,
4163 4526 4281 4603 ihi,

2730 4664 2762 4695 «ι
2809 4637 2962 4702 Non
3018 4659 3144 4727 per
3197 4634 3542 4726 duplicem
3593 4635 4137 4702 cotwenientium
4164 4659 4288 4725 ye-

2727 4768 2969 4810 ηιϊηηι
3003 4744 3585 4833 emejtmcliouem,
3630 4753 3758 4813 etc.
3798 4773 3830 4805 υ

2819 4851 2973 4919 Non
3016 4854 3197 4919 enim
3258 4874 3462 4919 omne
3515 4851 3697 4941 quod
3751 4862 4144 4942 generatur,
4176 4876 4290 4944 ge-

2728 4968 3007 5027 neratur
3040 4959 3308 5026 insitive
3349 4957 3456 5024 vel
3491 4981 3612 5048 per
3651 4958 3992 5050 duplicem
4033 4982 4285 5027 conve·

2729 5064 3064 5132 nientium
3099 5087 3426 5155 generum
3454 5065 4034 5153 conjunctionem.
4074 5112 4077 5117 >

2821 5283 2916 5349 tir
2953 5307 3039 5350 Λυ
3100 5282 3225 5350 hoc
3294 5282 3681 5366 dicendum,
3740 5284 3924 5375 quod
3987 5284 4284 5353 Hilarius

2730 5389 3035 5480 loquitur
3074 5391 3181 5458 hic
3248 5391 3329 5459 de
3385 5395 3825 5481 generatione
3881 5395 4049 5474 vivi,
4111 5395 4284 5461 sicut

2805 5585 2829 5619 ¹
2857 5585 2942 5640 Cf.
2977 5585 3186 5657 Supra,
3219 5584 3362 5641 nist.
3396 5584 3485 5639 ΙΥ.

4149 238 4299 303 325

4367 1380 4567 1427 Solutio.

4373 2350 4574 2400 solutio.

4373 5361 4575 5409 Salutio.
