4897 6388
1863 322 2074 392 ,1N„1'
2111 321 2542 407 SENTENT.
2593 316 2820 385 DIST.
2875 316 2998 394 XI,
3064 320 3148 396 A,
3202 317 3519 406 ARTsss„

1087 512 1247 557 men
1308 495 1425 583 qui
1467 493 1722 579 dicunt,
1766 494 1950 585 quod
1987 495 2213 560 minus
2261 492 2447 560 addit
2486 490 2632 579 spi-

1085 600 1258 666 ratio
1292 623 1432 668 suae
1489 602 1905 691 processioni
1953 625 2158 692 quam
2223 599 2625 692 generatio:

1085 716 1248 803 quia
1264 712 1544 800 spiratio
1577 709 1946 778 secundum
1978 732 2175 777 suum
2204 730 2459 776 nomen
2491 727 2632 773 non

1086 821 1251 889 dicit
1314 818 1829 886 substantialem
1899 818 2159 884 ssuxu'm
2225 837 2534 907 personae
2594 837 2634 881 a

1084 949 1378 1019 persona
1413 946 1428 995 :
1464 935 1533 993 et
1571 926 1722 993 ideo
1763 927 2004 993 retinet
2032 947 2284 993 nomen
2306 923 2575 1014 generis
2610 943 2626 988 ε

1081 1037 1260 1104 sicut
1296 1036 1648 1125 proprium
1692 1034 1936 1103 dicitur
1972 1033 2416 1125 praedicatum
2474 1054 2635 1099 con-

1080 1142 1394 1212 vertibile
1430 1166 1444 1212 :
1489 1152 1720 1211 tamen
1757 1166 1910 1211 cum
1950 1142 2200 1233 duplex
2256 1143 2345 1209 sit
2381 1140 2635 1232 praedi-

991 1281 998 1287 ·
1078 1260 1309 1321 catum
1378 1251 1847 1331 convertibile,
1932 1251 2185 1320 scilicet
2272 1249 2633 1317 essentiale

1084 1369 1159 1429 ut
1190 1360 1531 1440 diffinitio,
1583 1368 1649 1428 et
1689 1358 2098 1428 accidentale
2153 1356 2628 1438 convertibile,

1083 1468 1501 1537 accidentale
1532 1491 1782 1536 nomen
1822 1469 2075 1559 proprii
2106 1467 2352 1535 retinet
2384 1486 2401 1533 t
2439 1472 2508 1533 et
2536 1465 2635 1532 sic

1084 1575 1158 1643 in
1188 1575 1425 1643 multis
1459 1576 1554 1642 [it.

1515 1994 2029 2068 ARTICULUS
2078 1994 2198 2061 Ill.

1095 2215 1343 2283 Utrum
1382 2213 1687 2303 Spiritus
1714 2220 1990 2278 sanctus
2005 2207 2320 2301 procedit
2351 2231 2394 2275 a
2424 2208 2640 2276 Patre

1174 2332 1240 2389 et
1270 2322 1457 2390 Filio
1491 2323 1562 2387 in
1591 2329 1931 2412 quantum
1962 2341 2138 2387 unus
2157 2326 2318 2386 sunt
2344 2316 2459 2384 vel
2476 2316 2640 2406 plu·

1181 2451 1285 2495 res
1302 2426 1345 2496 P

1176 2742 1407 2814 Tertio
1441 2823 1442 2826 Ἴ
1520 2746 1847 2836 quaeritur
1937 2746 2219 2836 quaestio
2312 2744 2635 2825 difficilis,

1093 2849 1363 2930 Utrum,
1396 2852 1648 2920 scilicet
1681 2851 1973 2942 Spiritus
2001 2860 2273 2920 sanctus
2316 2849 2642 2942 procedat

1087 2984 1127 3030 a
1166 2960 1370 3030 Patre
1410 2971 1476 3030 et
1526 2961 1694 3030 Filio
1750 2963 1820 3028 in
1884 2970 2216 3053 quantum
2271 2984 2484 3029 unum
2526 2959 2637 3029 vel

1088 3091 1267 3136 unus
1297 3076 1481 3148 sunt,
1516 3068 1624 3136 vel
1655 3069 1725 3136 in
1755 3077 2082 3160 quantum
2116 3067 2342 3160 plures
2379 3070 2415 3137 ⁴?

1179 3178 1492 3272 Videtur,
1527 3179 1709 3272 quod
1742 3179 2056 3271 procedat
2085 3178 2170 3248 ab
2194 3182 2292 3248 eis
2319 3179 2392 3248 in
2423 3202 2639 3270 quan-

1090 3297 1238 3357 tum
1269 3297 1429 3357 sunt
1459 3288 1711 3381 plures.

1183 3398 1244 3466 l.
1300 3396 1438 3464 Aut
1467 3396 1649 3465 enim
1692 3396 1892 3465 Pater
1932 3406 1997 3466 et
2031 3394 2238 3464 Filius
2268 3402 2426 3463 sunt
2457 3416 2636 3462 unus

1081 3505 1349 3596 spirans
1418 3504 1749 3596 Spiritum
1797 3513 2132 3585 sanctum,
2192 3512 2309 3571 aut
2372 3502 2631 3592 plures.

1088 3612 1161 3679 Si
1197 3613 1383 3682 dicas
1423 3614 1608 3705 quod
1664 3613 1917 3704 plures.
1951 3613 2217 3680 Comum
2261 3633 2278 3679 ε
2329 3608 2437 3677 Ad
2468 3610 2635 3701 plu-

1086 3721 1423 3792 ralitatem
1456 3725 1964 3814 suppositorum
1994 3721 2299 3811 sequitur
2352 3716 2631 3809 plurali-

1081 3837 1187 3898 tas
1225 3840 1417 3899 actus
1448 3833 1650 3899 etiam
1683 3832 1750 3897 in
1791 3830 2080 3898 divinis:
2126 3828 2286 3918 quia
2353 3848 2494 3894 non
2523 3825 2633 3892 di-

1084 3943 1285 4023 citur,
1318 3964 1444 4032 ego
1473 3948 1539 4008 et
1578 3940 1779 4008 Pater
1808 3962 2020 4007 unum
2058 3960 2207 4005 sum
2254 3959 2270 4003 :
2314 3935 2432 4004 sed
2463 3935 2636 4004 dici-

1083 4055 1219 4129 tur,
1263 4050 1416 4139 qu
1465 4058 1528 4115 e!
1583 4050 1795 4116 Pater
1860 4069 2072 4115 unum
2107 4068 2349 4113 ,ereneus
2382 4062 2444 4113 ¹:
2516 4043 2637 4113 sed

1081 4178 1241 4224 cum
1275 4156 1525 4224 dicitur
1570 4158 1858 4247 spirans,
1900 4154 2327 4246 participium
2376 4152 2639 4243 signiti-

1082 4274 1190 4332 cat
1238 4273 1468 4334 actum
1505 4286 1520 4331 :
1593 4289 1754 4356 ergo
1798 4261 2252 4354 pluralitatem
2293 4261 2540 4350 accipit
2596 4282 2637 4327 a

1082 4371 1468 4464 pluralitate
1526 4373 2032 4464 suppositorum
2078 4394 2094 4439 ε
2156 4367 2275 4437 sed
2329 4368 2531 4436 Pater
2567 4374 2635 4436 et

1084 4481 1294 4549 Filius
1335 4490 1495 4548 sunt
1522 4480 1716 4573 plura
1746 4482 2092 4572 supposita
2125 4501 2141 4547 :
2210 4499 2375 4567 ergo
2429 4475 2637 4544 Pater

1081 4596 1146 4656 et
1182 4587 1390 4656 Filius
1421 4598 1578 4657 sunt
1610 4589 1965 4679 spiranteS‚
1998 4597 2061 4655 et
2103 4609 2239 4654 non
2271 4607 2452 4653 unus
2489 4585 2638 4676 spi-

1084 4718 1273 4765 rans.

1173 4810 1238 4874 2.
1276 4808 1475 4887 Item,
1505 4807 1803 4898 Spiratio
1832 4808 2047 4875 activa
2073 4806 2454 4897 proprietas
2493 4811 2627 4873 est:

1084 4940 1245 5007 ergo
1316 4939 1457 4984 non
1525 4918 1699 4984 inest
1765 4914 2069 4983 essentiae
2118 4921 2193 4980 ut
2229 4911 2636 4980 determinet

1081 5046 1260 5107 eam,
1327 5024 1489 5116 quia
1554 5022 1742 5091 nulla
1799 5023 2171 5114 proprietas
2227 5018 2639 5088 determinat

1082 5133 1448 5200 essentiam
1486 5154 1501 5199 :
1547 5155 1709 5223 ergo
1743 5133 1916 5198 inest
1977 5129 2161 5197 Patri
2219 5136 2284 5196 et
2325 5126 2496 5194 Filio
2562 5126 2637 5192 in

1083 5245 1421 5328 quantum
1453 5259 1755 5328 personae
1786 5244 1943 5304 sunt
1986 5257 2000 5301 :
2056 5256 2195 5303 non
2234 5240 2465 5300 autem
2507 5229 2638 5298 Pa·-

1083 5353 1183 5413 ter
1212 5352 1278 5412 et
1312 5343 1523 5413 Filius
1554 5354 1710 5412 sunt
1741 5368 1875 5413 una
1899 5364 2186 5435 persona
2213 5363 2227 5407 :
2260 5362 2426 5431 ergo
2457 5338 2638 5406 inest

1086 5453 1183 5521 eis
1228 5454 1301 5521 in
1342 5476 1423 5522 eo
1457 5454 1640 5545 quod
1677 5453 1906 5544 plures
1935 5461 2092 5521 sunt
2127 5475 2142 5520 :
2206 5449 2324 5519 sed
2376 5449 2639 5538 spirant

1159 5684 1177 5722 ¹
1209 5682 1376 5755 Joan,
1408 5700 1466 5757 x,
1499 5683 1588 5738 30.

4168 319 4293 386 339

2740 488 2810 552 in
2844 494 3178 575 quantum
3219 484 3476 554 habent
3512 487 3992 574 proprietatem
4041 489 4295 574 spiran-

2738 592 2855 660 di:
2895 615 3059 683 ergo
3105 593 3367 682 spirant
3436 591 3769 683 Spiritum
3841 596 3906 660 in
3965 602 4293 683 quantum

2738 702 2967 790 plures
2998 711 3182 785 sunt,
3218 710 3286 769 et
3316 724 3458 769 non
3488 702 3558 767 in
3590 710 3918 792 quantum
3957 725 4154 769 unus.

2828 813 2894 878 3.
2936 810 3301 891 Praeterea,
3363 809 3534 878 Cum
3591 810 3739 878 haec
3806 811 4032 892 dictio,
4091 834 4288 892 unm,

2740 916 3138 1007 adjungitur
3178 917 3488 985 terminis
3520 919 3990 1006 personalibus
4022 918 4127 985 vel
4175 942 4296 987 no-

2739 1025 3136 1105 tionalibuS,
3171 1026 3538 1117 significat·
3567 1030 3900 1095 unitatem
3939 1051 4242 1117 personae
4275 1052 4290 1096 :

2738 1135 2857 1203 sed
2880 1136 3084 1203 Pater
3115 1144 3182 1203 et
3211 1135 3425 1204 Filius
3449 1159 3589 1204 non
3618 1145 3776 1204 sunt
3805 1161 3941 1204 una
3970 1161 4290 1226 persona:

2739 1266 2901 1333 ergo
2936 1266 3075 1311 non
3107 1250 3268 1310 sunt
3330 1266 3507 1311 unus
3577 1243 3824 1335 aliquis
3862 1265 3877 1312 :
3941 1245 4057 1312 sed
4121 1267 4297 1312 unus

2739 1350 3004 1438 spirans
3042 1355 3147 1416 est
3183 1371 3361 1416 unus
3410 1348 3658 1440 aliquis
3725 1349 3807 1416 ab
3865 1349 4297 1440 aequipollen·

2738 1457 2838 1524 ti:
2901 1479 3064 1548 ergo
3117 1455 3323 1526 Pater
3389 1464 3455 1526 et
3511 1456 3725 1525 Filius
3764 1481 3903 1526 non
3969 1468 4123 1525 sunt
4155 1459 4299 1549 spi—

2740 1589 2923 1634 rans.

2827 1675 2895 1743 4.
2930 1675 3129 1755 Item,
3166 1675 3335 1744 Duae
3364 1699 3680 1767 personae
3714 1702 3852 1747 non
3881 1690 4166 1770 possunt
4192 1681 4298 1748 in·

2738 1783 2959 1874 telligi
2990 1784 3171 1852 uniri
3203 1784 3278 1852 in
3321 1793 3477 1854 actu
3510 1787 3877 1876 personali.
3912 1787 4243 1857 Paonxrio
4277 1812 4293 1857 z

2740 1891 2921 1958 Duae
2951 1913 3264 1981 personae
3296 1915 3438 1961 non
3470 1902 3765 1983 possunt
3801 1894 4082 1987 intelligi
4123 1898 4299 1964 uniri

2740 1999 2924 2067 unde
3000 1999 3551 2069 diversificantur
3603 2012 3668 2071 et
3729 2004 4293 2095 distinguuntur:

2742 2106 2861 2174 sed
2891 2107 2961 2174 in
2996 2107 3262 2176 actibus
3290 2109 3769 2198 personalibus
3790 2110 4300 2203 distinguuntur

2743 2215 2827 2282 ab
2850 2216 3144 2284 invicem
3182 2239 3197 2285 :
3232 2238 3397 2307 ergo
3423 2218 3583 2314 'duae
3616 2242 3922 2308 personae
3961 2244 4096 2288 non
4138 2229 4298 2289 sunt

2743 2347 2962 2392 unum
2998 2325 3072 2392 in
3102 2334 3254 2394 actu
3283 2327 3628 2417 personali
3663 2349 3680 2396 ε
3716 2330 3837 2398 sed
3881 2332 4134 2421 spirare
4192 2339 4295 2400 est

2745 2440 2935 2500 actus
2982 2431 3407 2523 personalis:
3488 2458 3652 2526 ergo
3712 2435 3916 2505 Pater
3971 2446 4035 2504 et
4090 2437 4299 2506 Filius

2744 2560 2887 2607 non
2919 2545 3082 2606 sunt
3121 2540 3330 2608 etiarn
3379 2564 3623 2621 unum,
3691 2543 3939 2610 nedum
3989 2567 4162 2611 unus
4230 2545 4299 2612 in

2748 2654 2901 2714 actu
2935 2646 3280 2737 personali
3312 2649 3570 2740 aliquo.

2835 2757 2900 2823 ὃ.
2940 2755 3014 2822 Si
3071 2757 3429 2839 diceretur,
3494 2760 3678 2850 quod
3734 2762 4062 2829 uniuntur
4127 2764 4299 2833 sicut

2743 2863 2962 2930 virtus
3006 2874 3376 2956 aggregata
3443 2866 3526 2935 de
3613 2866 3921 2959 pluribus
3980 2873 4299 2960 potentiis

2743 2972 2976 3038 unitur
3004 2970 3091 3037 ad
3120 2980 3363 3052 actum,
3400 2974 3575 3042 sicut
3607 2984 3710 3043 est
3738 2975 4044 3044 intractu
4078 2978 4297 3061 navis,

2743 3083 2810 3142 et
2868 3075 2937 3142 in
2993 3075 3375 3146 elevatione
3432 3077 3731 3169 lapidis:
3783 3078 3911 3149 hoc
3942 3080 4109 3148 nihil
4149 3092 4245 3150 est
4282 3105 4299 3150 :

2743 3183 2904 3272 quia
2966 3184 3345 3253 secundum
3416 3184 3553 3255 boc
3626 3199 4043 3279 sequeretur,
4119 3191 4301 3280 quod

2742 3299 2985 3359 neuter
3011 3314 3252 3361 eorum
3286 3304 3519 3384 posset
3549 3318 3669 3386 per
3697 3320 3769 3366 se
3802 3298 4080 3387 spirare,
4117 3298 4302 3389 quod

2743 3395 3018 3467 liaeresis
3057 3399 3551 3471 absurdissima
3590 3413 3693 3472 est
3739 3426 3754 3471 ε
3790 3427 3950 3495 ergo
4000 3404 4292 3489 videtur,

2741 3504 2929 3595 quod
2982 3506 3243 3595 spirent
3301 3530 3462 3576 eum
3530 3531 3651 3598 per
3706 3531 3776 3577 se
3825 3511 3893 3577 in
3958 3520 4300 3600 quantum

2743 3610 2975 3702 plures
3020 3622 3208 3682 sunt.

2831 3722 2897 3788 6.
2972 3720 3170 3803 Item,
3214 3721 3466 3793 Nonne
3537 3726 3830 3817 Spiritus
3876 3736 4145 3795 sanctus
4202 3737 4301 3797 est

2743 3849 2939 3895 amor
2968 3850 3107 3919 quo
3138 3838 3327 3898 amat
3368 3830 3575 3900 Pater
3602 3832 3881 3917 Filium,
3924 3842 3989 3902 et
4052 3859 4088 3903 e
4145 3858 4302 3903 con-

2740 3957 2939 4004 verso
2979 3935 3192 4005 Filius
3220 3938 3495 4008 Patrem
3537 3942 3572 4008 ⁴?
3603 3941 3908 4025 Constat,
3951 3943 4129 4034 quod
4175 3944 4294 4011 sic.

2742 4042 2961 4111 Amor
2996 4054 3227 4114 autem
3261 4055 3360 4115 est
3401 4071 3642 4117 eorum
3676 4050 3744 4117 in
3776 4060 4106 4140 quantum
4138 4074 4295 4142 per-

2742 4175 2930 4220 sonae
2991 4153 3326 4225 distinctae
3391 4167 3577 4237 sunt,
3640 4162 3803 4250 quia
3877 4159 4069 4228 aliter
4122 4170 4294 4229 esset

2742 4282 2940 4328 amor
2977 4259 3358 4328 essentialis
3396 4284 3411 4329 :
3452 4284 3616 4352 ergo
3658 4262 3727 4330 in
3769 4273 4098 4355 quantum
4140 4264 4297 4356 plu·

2742 4389 2852 4434 res
2882 4374 3085 4434 sunt:
3116 4366 3236 4435 sed
3267 4365 3399 4435 hoc
3437 4377 3540 4436 est
3572 4391 3719 4437 esse
3750 4371 4062 4461 spiritum
4097 4395 4301 4439 amo-

2742 4497 2889 4542 rem
2919 4496 3187 4553 eorum,
3232 4475 3417 4565 quod
3457 4498 3604 4544 esse
3665 4499 3970 4547 amorem
4011 4480 4094 4548 ab
4137 4481 4235 4547 eis
4281 4502 4296 4548 ε

2743 4606 2908 4674 ergo
2947 4583 3255 4673 procedit
3313 4582 3399 4651 ab
3430 4586 3526 4652 eis
3568 4587 3637 4653 in
3679 4596 4010 4677 quantum
4077 4588 4303 4679 plures

2743 4697 2928 4767 sunt,
2974 4698 3040 4758 et
3080 4712 3213 4759 non
3246 4692 3318 4758 in
3359 4701 3695 4781 quantum
3728 4715 3966 4761 unum.

2839 4796 2973 4864 San
3004 4820 3257 4865 cosma
3292 4821 3306 4865 ε

2841 4906 2901 4971 1.
2931 4903 3120 4972 Nihil
3152 4928 3367 4973 unum
3402 4914 3476 4977 ut
3507 4929 3720 4974 unum
3760 4907 4041 4999 simplex
4073 4932 4306 4977 causa·

2742 5021 2857 5079 tur
2895 5036 2934 5080 a
2973 5012 3243 5081 duobus
3287 5015 3705 5084 immediatis
3753 5016 3879 5083 sibi
3936 5019 4309 5086 secundum

2748 5143 2965 5189 unum
3007 5123 3291 5191 modum
3315 5126 3683 5207 causantis,
3719 5124 3879 5217 quia
3933 5126 4125 5195 aliter
4155 5151 4310 5196 cau-

2746 5236 2973 5296 satum
3004 5238 3182 5300 esset
3236 5232 3616 5323 simplicius
3656 5256 3883 5316 causa,
3936 5234 4113 5327 quod
4153 5259 4306 5305 esse

2748 5359 2884 5404 non
2919 5345 3141 5427 potest
3174 5360 3190 5407 ε
3238 5363 3401 5430 ergo
3435 5363 3562 5409 nec
3596 5343 3670 5410 in
3708 5341 3957 5411 divinis
3996 5343 4123 5411 hoc
4154 5367 4305 5412 esse

2748 5452 2976 5536 potest
3003 5468 3124 5536 per
3154 5447 3491 5516 rationem
3531 5451 3847 5542 principii
3882 5475 3897 5519 ε
3935 5475 4088 5521 cum
4144 5475 4309 5543 ergo

4332 4819 4429 4865 sod
4462 4824 4649 4865 contra.
