4897 6388
353 2595 550 2646 Soluuo.

587 471 592 476 ι
657 368 783 436 350

993 711 998 716 ’
1050 746 1549 816 Ammonos
1607 747 1788 816 vm.

653 956 762 1022 An
795 955 973 1023 idem
1009 956 1100 1022 sit
1129 955 1346 1021 dicere
1365 955 1707 1044 Spiritum
1735 977 1869 1022 esse
1890 955 2087 1040 Filii,
2122 965 2185 1021 et

987 1063 1326 1152 Spiritum
1366 1084 1500 1128 esse
1529 1085 1569 1127 α
1600 1062 1784 1129 Filio
1808 1061 1849 1129 ‚9

739 1380 1000 1449 Deinde
1056 1381 1376 1471 quaeritur
1413 1381 1495 1449 de
1549 1381 1681 1451 hoc
1718 1384 1898 1474 quod
1954 1384 2114 1452 dicit
2161 1407 2177 1452 :

651 1512 685 1554 α
723 1488 896 1556 Cum
937 1511 1074 1555 non
1100 1490 1191 1555 sit
1249 1489 1454 1556 aliud
1487 1490 1828 1581 Spiritum
1871 1502 2184 1560 sanctum

646 1617 780 1662 esse
815 1596 1052 1663 Patris
1080 1605 1144 1662 et
1173 1595 1369 1676 Filii,
1401 1619 1611 1687 quam
1640 1621 1774 1665 esse
1811 1623 1851 1666 α
1889 1603 2099 1668 Patre
2122 1609 2184 1668 el

640 1702 850 1772 Filio.
888 1726 921 1767 ιι
970 1702 1155 1772 Licet
1183 1704 1365 1773 enim
1422 1704 1502 1771 ad
1543 1705 1675 1774 hoc
1708 1708 1921 1797 possit
1949 1706 2182 1775 haberi

644 1812 814 1880 ratio
874 1836 958 1880 ex
1016 1821 1253 1880 natura
1305 1813 1589 1903 genitivi
1636 1815 1751 1904 qui
1808 1816 2179 1883 secundum

642 1942 844 1988 suum
866 1942 1116 1989 nomen
1149 1923 1481 2013 originem
1504 1930 1735 1990 notat:
1771 1930 1995 1990 tamen
2024 1929 2183 1989 sunt

642 2022 790 2094 aliae
822 2024 1259 2118 quamplures
1298 2026 1726 2095 habitudines
1756 2049 1922 2118 quas
1959 2033 2175 2110 notat,

639 2134 814 2202 sicut
852 2156 1007 2202 cum
1047 2135 1222 2217 dico,
1257 2157 1468 2226 cappa
1523 2132 1841 2215 Socratis,
1885 2133 1991 2203 vel
2039 2135 2181 2203 for-

639 2263 751 2308 ma
816 2241 1158 2332 imaginis,
1216 2240 1326 2309 vel
1392 2249 1632 2309 natura
1689 2239 1984 2309 hominis
2025 2263 2041 2310 ε
2112 2242 2180 2308 in

638 2371 931 2440 quorum
970 2349 1158 2417 nullo
1208 2357 1400 2418 notat
1452 2350 1780 2441 originem
1836 2348 2174 2440 principii.

735 2562 1040 2633 Some-rio.
1100 2561 1504 2649 Dicendum,
1548 2562 1728 2653 quod
1785 2563 1851 2629 in
1899 2562 2178 2630 veritate

644 2672 712 2739 in
742 2672 990 2740 divinis
1026 2695 1163 2740 non
1206 2679 1424 2763 potest
1475 2693 1620 2740 esse
1668 2670 1848 2739 aliud
1892 2693 1905 2737 ε
1951 2669 2070 2739 sed
2106 2671 2177 2737 in

640 2783 964 2851 creaturis
993 2804 1129 2849 non
1169 2788 1432 2872 oportet
1462 2780 1643 2872 quod
1674 2780 2009 2871 genitivus
2048 2801 2181 2847 no-

640 2897 735 2957 tet
772 2912 1040 2980 semper
1075 2886 1541 2956 habitudinem
1571 2886 1875 2979 originiS‚
1907 2886 2062 2955 licet
2090 2885 2178 2953 il-

638 2995 773 3064 lam
813 2994 1272 3088 principaliter
1325 3002 1514 3063 notet
1569 3017 1585 3062 :
1647 3003 1712 3062 et
1765 2993 1915 3063 ideo
1972 2992 2056 3061 ab
2096 3014 2175 3062 ea

638 3104 1134 3200 denominatur.
1169 3103 1367 3172 Ratio
1406 3110 1631 3171 autem
1664 3124 1869 3194 quare
1897 3101 1963 3169 in
1995 3099 2174 3168 divi-

636 3213 739 3281 nis
765 3222 1028 3306 oportet
1050 3212 1233 3304 quod
1260 3213 1345 3280 sit
1367 3210 1571 3290 idem,
1605 3210 1778 3279 dicta
1799 3218 1897 3278 est
1925 3231 2165 3301 supra:

633 3322 793 3414 quia
829 3322 1054 3391 divina
1107 3344 1243 3389 non
1291 3328 1571 3413 possunt
1602 3317 1844 3387 habere
1883 3317 2170 3386 diversi·

632 3438 840 3499 tatem
871 3439 937 3499 et
964 3429 1468 3499 distinctionem
1510 3451 1713 3520 quam
1744 3435 1979 3496 notant
2008 3448 2169 3495 con·

631 3542 1034 3610 structiones
1090 3539 1551 3630 obliquorum,
1585 3539 1710 3606 nisi
1747 3543 2006 3605 tantum
2054 3558 2167 3603 se-

629 3648 923 3718 cundum
983 3648 1339 3717 relationes
1397 3648 1701 3738 originis.
1764 3645 1836 3714 Si
1893 3667 2054 3736 ergo
2097 3646 2163 3711 in

626 3760 753 3827 ista
792 3757 1158 3836 locutione,
1230 3759 1534 3849 Spiritus
1594 3755 1786 3835 Filii,
1847 3754 2165 3846 obliquus

627 3872 813 3934 notet
883 3865 1385 3933 distinctionem
1461 3863 1637 3930 inter
1707 3860 2034 3952 Spiritum
2097 3868 2165 3928 et

623 3971 896 4051 Filium,
942 3970 1055 4040 illa
1094 3973 1220 4040 erit
1257 3969 1628 4039 secundum
1670 3970 1947 4060 originis
1986 3968 2163 4036 rela-

621 4081 877 4148 tionem
932 4102 947 4147 ε
992 4081 1186 4148 etita
1243 4079 1568 4170 sequitur,
1622 4077 1801 4169 quod
1852 4077 2027 4147 idem
2077 4078 2162 4144 sit

624 4184 952 4277 Spiritum
978 4209 1122 4255 esse
1166 4185 1339 4265 Filii,
1374 4193 1436 4253 et
1468 4207 1507 4252 a
1548 4184 1738 4252 Filio.

1049 4513 1550 4583 An'rlct'LOE
1602 4512 1718 4581 lx.

618 4734 845 4815 Quare
881 4731 1116 4799 Latini
1143 4731 1299 4797 ausi
1315 4729 1580 4819 luerint
1608 4726 1852 4795 addere
1875 4727 2154 4817 symbo-

702 4836 770 4903 lo
800 4834 979 4903 edito
1039 4836 1106 4901 in
1147 4833 1458 4910 concilia,
1505 4831 1633 4912 Qui
1665 4855 1746 4900 ex
1795 4831 1992 4900 l‘atre
2045 4831 2092 4898 1³
2097 4834 2156 4899 i-

703 4944 933 5035 lioque
960 4944 1445 5035 procedit,cum
1480 4942 1712 5011 Groeci
1748 4938 1844 5007 ad
1867 4940 1991 5008 hoc
2019 4964 2154 5009 non

701 5053 966 5141 suerint
1023 5051 1264 5128 vocali,
1355 5072 1471 5116 nec
1550 5047 1909 5116 concilium
1983 5046 2156 5114 indi-

703 5170 889 5226 ctum
906 5164 943 5229 ?

704 5491 840 5559 Sed
872 5499 1183 5583 quaerunt
1226 5490 1463 5568 Graeci,
1499 5487 1800 5568 Qualiter
1827 5489 1970 5554 ausi
2011 5487 2150 5554 fue-

1655 367 1732 439 D.
1785 371 1981 484 Ape.
2031 371 2249 441 MAG.

2301 372 2509 441 ORD.
2562 370 2860 439 PRAED.
2990 477 2995 482 ᾖ

2304 548 2517 614 rimus
2565 531 3261 637 apponet-&symbolo
3302 543 3486 612 edito
3519 544 3590 610 in
3629 544 3864 610 conci-

2302 651 2521 733 lio‚-et
2554 676 2760 744 quare
2793 656 2862 720 in
2893 652 3239 721 additione
3271 650 3587 743 Episcopi
3621 671 3877 717 eorum

2304 784 2440 830 non
2472 765 2607 830 sint
2635 762 2883 842 vocati,
2926 761 3035 829 vel
3077 783 3288 852 quare
3321 758 3685 828 concilium
3718 779 3856 825 non

2299 870 2498 937 fuerit
2532 869 2913 937 indictum?

2385 1086 2489 1151 An
2538 1107 2748 1152 omma
2802 1084 2946 1152 haec
3003 1082 3370 1173 respondet
3424 1080 3851 1172 Augustinus

2297 1194 2480 1283 quod
2511 1216 2650 1261 non
2690 1199 2789 1261 est
2847 1192 3155 1261 additum
3205 1190 3391 1283 quod
3431 1190 3502 1257 in
3553 1188 3669 1256 illo
3709 1195 3855 1256 erat

2296 1299 2712 1369 intellectum
2748 1322 2763 1366 ε
2801 1300 2961 1391 quia
2992 1298 3178 1391 quod
3221 1299 3293 1365 in
3334 1297 3469 1365 alio
3510 1303 3613 1365 est
3650 1293 3854 1362 intel-

2293 1403 2542 1473 lectum
2585 1412 2652 1472 et
2701 1403 3065 1484 inclusum,
3119 1405 3177 1471 si
3223 1402 3357 1471 hoc
3405 1401 3848 1493 exprimatur,

2293 1535 2432 1581 non
2473 1513 2672 1581 debet
2697 1513 2826 1581 dici
2859 1512 3170 1580 additum
3212 1535 3229 1579 ε
3268 1509 3388 1580 'sed
3437 1510 3621 1601 quod
3658 1503 3855 1575 latuit

2294 1622 2659 1704 inclusum,
2692 1622 2779 1690 sit
2816 1622 3330 1689 manifestatum
3365 1637 3383 1688 ε
3427 1620 3603 1687 sicut
3648 1617 3853 1685 etiam

2293 1728 2374 1796 de
2405 1728 2734 1797 descensu
2794 1726 2879 1795 ad
2932 1727 3187 1795 inferos
3226 1725 3399 1794 nihil
3438 1726 3511 1793 in
3554 1723 3849 1793 secundo

2292 1837 2605 1928 symbolo
2663 1838 3083 1917 continetur,
3145 1845 3213 1906 et
3265 1836 3423 1905 licet
3491 1835 3737 1904 addere
3784 1840 3852 1902 et

2293 1948 2490 2016 nobis
2520 1957 2586 2016 et
2624 1950 2745 2017 eis.
2779 1948 3258 2017 Necessarium
3298 1954 3530 2015 autem
3561 1946 3689 2014 fuit
3724 1944 3851 2013 ad-

2293 2053 2450 2122 dere
2490 2056 2994 2146 processionem
3038 2054 3336 2146 Spiritus
3394 2053 3608 2122 sancti
3647 2074 3687 2120 a
3744 2049 3851 2117 Fi-

2291 2160 2431 2229 lio:
2477 2163 2652 2230 sicut
2706 2160 3040 2231 dubitatio
3099 2160 3493 2230 Graecorum
3541 2161 3844 2251 ipsorum

2289 2269 2508 2338 adhuc
2538 2269 2805 2360 probat.

2376 2377 2733 2456 Praeterea,
2769 2378 2926 2446 Non
2957 2379 3264 2469 oportuit
3290 2377 3379 2446 ad
3407 2375 3541 2445 hoc
3572 2398 3690 2445 eos
3726 2398 3848 2444 vo-

2286 2507 2464 2566 care,
2523 2508 2677 2554 cum
2736 2487 3102 2554 auctoritas
3175 2485 3380 2554 fuerit
3453 2481 3842 2574 publicandi

2284 2592 2464 2682 apud
2520 2591 2891 2660 Ecclesiam
2951 2593 3338 2661 Romanam
3414 2615 3429 2661 ε
3505 2591 3840 2682 praecipue

2284 2723 2438 2768 cum
2471 2700 2838 2792 unicuique
2876 2702 3081 2769 etiam
3103 2700 3496 2792 particulari
3525 2698 3840 2768 Ecclesiae

2281 2808 2480 2877 liceat
2520 2810 2585 2878 id
2615 2809 2800 2900 quod
2831 2807 3265 2878 Catholicum
3306 2815 3409 2879 est
3448 2806 3839 2899 promulga-

2283 2941 2376 2996 re,
2447 2926 2727 3008 propter
2792 2917 3095 3010 aliquam
3161 2918 3634 2987 necessitatem
3719 2938 3840 3005 per

2278 3036 2553 3096 cantum
2584 3038 2652 3096 et
2681 3025 3005 3119 legendas
3046 3026 3377 3120 publicas.

2365 3247 2462 3315 ΕΤ
2506 3270 2701 3327 κου,
2745 3246 2927 3339 quod
2960 3255 3116 3317 octo
3166 3246 3458 3316 concilia
3494 3243 3836 3337 generalia

2277 3357 2347 3422 in
2369 3355 2714 3446 primitiva
2746 3355 3044 3424 Ecclesia
3069 3352 3410 3424 celebrata
3439 3362 3600 3422 sunt
3630 3375 3646 3422 ε
3675 3374 3838 3445 qua-

2273 3473 2430 3534 tuor
2467 3465 2551 3534 ab
2590 3465 2966 3557 Apostolis,
3001 3474 3069 3535 et
3098 3476 3398 3557 quatuor
3424 3487 3464 3533 a
3490 3462 3830 3533 Patribus,

2273 3575 2378 3642 Ab
2420 3574 2769 3666 Apostolis
2808 3577 3108 3666 primum
3142 3599 3265 3667 pro
3325 3574 3655 3644 electione
3695 3573 3835 3641 Ma·

2270 3682 2428 3751 thim
2470 3684 2619 3753 loco
2649 3683 2873 3752 Judae.
2911 3682 3333 3762 Secundum,
3379 3684 3463 3753 de
3503 3682 3829 3753 election'e

2268 3800 2525 3882 septem
2557 3790 3379 3873 diaconorum.Tertium‚
3413 3790 3497 3859 de
3536 3793 3830 3860 circum-

2266 3897 2519 3964 cisione
2551 3920 2689 3965 non
2733 3896 3150 3988 imponenda
3179 3895 3314 3965 illis
3359 3897 3475 3988 qui
3517 3895 3825 3966 credide-

2267 4012 2445 4073 runt.
2490 4002 2850 4084 Quartum,
2885 4003 2968 4072 de
2998 4026 3140 4073 non
3171 4000 3615 4096 prohibendis
3635 4002 3826 4093 lega-

2265 4111 2438 4179 libus
2492 4111 2605 4179 illo
2648 4119 2951 4203 tempore
2994 4111 3253 4180 Judaeis
3300 4119 3580 4203 propter
3624 4133 3826 4180 scan-

2262 4220 2519 4299 dalum,
2565 4244 2649 4290 ne
2713 4221 3100 4291 crederetur
3158 4220 3375 4291 Vetus
3420 4220 3823 4289 Testamen-

2261 4336 2403 4396 tum
2465 4339 2815 4421 tamquam
2876 4330 3285 4421 sacrilegum
3365 4329 3820 4421 abjiciendum

2261 4461 2429 4506 esse.
2496 4438 2577 4508 Et
2632 4438 2777 4508 haec
2834 4448 3132 4530 quatuor
3190 4448 3681 4509 enumerantur
3751 4439 3819 4506 in

2262 4546 2556 4637 quadam
2589 4546 2829 4615 Glossa
2860 4570 3067 4639 super
3103 4548 3316 4616 Actus
3348 4550 3598 4639 primo.
3642 4547 3819 4627 Qua·

2258 4662 2414 4722 tuor
2460 4654 2664 4722 etiam
2717 4653 2988 4723 fuerunt
3033 4655 3345 4736 Patrum,
3388 4655 3641 4725 scilicet
3692 4654 3820 4724 Ni-

2258 4762 3043 4854 omnum,l·]pl1esinum,
3100 4764 3682 4842 chalcedonense,
3752 4772 3819 4832 et

2259 4870 3117 4964 Constantinopolitanum.
