4897 6388
1651 169 1743 238 IN
1792 171 1823 238 Ι
1874 169 2298 239 SENTENT.
2343 166 2570 235 DIST.
2633 165 2816 244 vm,
2871 165 2947 248 F,
3000 165 3199 232 ΛΒΤ.
3254 167 3337 232 27
3388 167 3500 234 ΕΤ
3546 169 3654 235 28.
4153 151 4275 237 261

1073 360 1212 405 non
1255 346 1356 407 est
1384 336 1620 425 hom0,
1662 339 1940 412 cum?.in
1996 339 2276 406 homine
2314 321 2455 403 n'on
2486 335 2622 401 sint
2725 333 2912 422 quod
2951 334 3182 401 anima
3212 342 3315 402 est
3361 335 3745 424 subJectum
3769 339 4278 418 ²‘accidentium‚

962 475 967 479 ·
1068 449 1199 515 nisi
1234 447 1440 516 ,sicut
1483 449 1826 537 potentiae‚
1880 456 1946 516 et
1999 469 2139 513 non
2195 445 2370 512 sicut
2424 433 2617 509 'actus

1069 557 1394 644 corporis.
1435 553 1507 622 Si
1531 564 1753 621 autem
1778 555 2100 644 accipitur
2130 550 2312 643 quod
2335 549 2617 617 rationis

722 1323 802 1369 Ad
819 1325 1045 1382 qnae-m.

1071 671 1174 731 est
1238 661 1488 742 solum,
1570 671 1726 728 tunc
1807 661 2057 729 nullius
2132 659 2433 749 corporis
2518 664 2620 723 esi

1069 778 1282 852 actuS‚
1325 769 1394 837 id
1421 776 1546 847 est,
1569 769 1820 836 nullius
1841 772 2048 860 partis
2077 767 2382 857 corporis
2413 789 2426 831 z
2457 767 2617 855 quia

1068 875 1205 944 illae
1253 900 1393 945 suae
1421 880 1735 968 potentiae
1775 902 1912 946 non
1943 888 2101 945 sunt
2138 875 2359 944 afsixae
2409 895 2617 964 orga-

1069 985 1200 1070 niS‚
1243 984 1401 1053 licet
1428 987 1760 1076 accipiant
1779 1009 1897 1076 per
1933 982 2544 1075 apprehensionem
2576 1003 2616 1047 a

1069 1094 1374 1182 potentia
1402 1093 1602 1161 affixa
1632 1116 1917 1184 organ0‚
1949 1101 2025 1159 ut
2062 1100 2163 1159 est
2227 1088 2609 1181 phantasia,

1071 1197 1182 1267 vel
1212 1201 1565 1284 memoria,
1606 1200 1713 1268 vel
1753 1200 2134 1268 aestimatio.

1164 1308 1268 1374 An
1315 1331 1511 1375 Arion
1549 1307 1933 1388 dicendum,
1976 1305 2156 1399 quod
2188 1305 2417 1372 anima
2473 1310 2614 1370 non

1073 1418 1274 1484 estin
1328 1438 1609 1507 corpore
1676 1419 1850 1484 sicut
1911 1418 1980 1483 in
2036 1415 2224 1483 loco:
2291 1413 2453 1502 quia
2516 1412 2612 1477 sic

1066 1524 1298 1590 anima
1325 1545 1465 1591 non
1492 1532 1667 1592 esset
1696 1525 1765 1590 in
1795 1544 2074 1613 corpore
2113 1521 2244 1588 nisi
2281 1541 2405 1610 per
2430 1519 2614 1586 acci-

1064 1630 1256 1699 denS.

1150 1737 1269 1836 Ad·
1290 1737 1629 1828 objectum
1670 1746 1897 1807 autem
1945 1720 2200 1816 contra,
2244 1733 2608 1802 dicendum

1063 1845 1250 1937 quod
1279 1868 1418 1914 non
1457 1844 1783 1914 diffinitur
1819 1848 1888 1912 in
1941 1866 2222 1935 corpore
2285 1844 2460 1910 sicut
2515 1840 2610 1908 lo·

1059 1961 1288 2021 catum
1330 1954 1399 2023 in
1429 1953 1622 2023 loco:
1657 1952 2013 2045 quiaillud
2060 1950 2244 2043 quod
2289 1956 2609 2041 operatur

1059 2062 1130 2129 in
1187 2060 1418 2154 aliquo
1475 2061 1861 2130 distinctum
1927 2082 2050 2152 per
2112 2059 2475 2128 essentiam
2518 2055 2603 2124 ab

1057 2170 1203 2249 illo,
1246 2169 1491 2238 dicitur
1519 2170 1818 2251 diffiniri,
1878 2178 1945 2237 et
1999 2191 2138 2237 non
2186 2166 2356 2235 illud
2420 2165 2603 2257 quod

1060 2287 1381 2368 operatur
1408 2286 1483 2346 ut
1519 2278 1809 2356 unitum,
1854 2279 2025 2344 sicut
2088 2274 2379 2366 probant
2408 2274 2606 2362 obje-

1059 2385 1317 2453 ctiones
1348 2385 1538 2452 factae
1570 2386 1639 2451 in
1668 2385 2105 2452 contrarium.

1407 2809 1905 2879 ARTlCULUS
1954 2808 2243 2878 xxvn.

1045 3036 1151 3102 An
1187 3034 1424 3100 anima
1465 3042 1749 3124 propter
1810 3029 2191 3097 accidentia
2245 3050 2376 3095 sua
2429 3026 2593 3094 bene

1306 3135 1647 3229 probatur
1695 3159 1831 3204 esse
1872 3135 2242 3225 composita
2279 3130 2320 3200 ?

1130 3460 1390 3531 Deinde
1438 3461 1758 3552 quaeritur
1802 3459 1883 3527 de
1942 3456 2073 3526 hoc
2141 3455 2325 3547 quod
2381 3454 2583 3524 dicit:

1049 3599 1082 3635 α
1129 3572 1303 3642 Cum
1336 3572 1511 3638 enim
1545 3569 1751 3637 aliud
1781 3570 1870 3636 sit
1924 3567 2371 3656 artificiosum
2421 3586 2585 3646 esse,

1043 3688 1172 3750 etc.
1208 3704 1241 3744 »

1135 3789 1422 3858 Videtur
1458 3789 1668 3866 enim,
1706 3785 1891 3877 quod
1926 3785 2053 3854 hoc
2102 3807 2239 3852 non
2317 3783 2589 3852 inducat

1044 3897 1656 3988 compositionem:
1704 3897 1860 3986 quia
1889 3893 2196 3962 accidens
2237 3915 2375 3959 non
2417 3893 2589 3959 inest

1045 4014 1120 4074 ut
1148 4027 1305 4096 pars
1352 4004 1471 4081 rei,
1536 4012 1607 4070 ut
1657 4001 1815 4070 dicit
1868 3997 2366 4091 Philosophus:
2418 3998 2589 4067 nihil

1045 4121 1275 4182 autem
1318 4112 1663 4203 componit
1708 4110 1832 4178 nisi
1872 4127 2076 4200 pars:
2124 4131 2286 4199 ergo
2326 4130 2411 4177 ex
2457 4106 2590 4177 hoc

1046 4244 1183 4291 non
1225 4221 1553 4312 probatur
1579 4219 1874 4286 animam
1926 4240 2069 4286 esse
2109 4218 2582 4308 compositam.

1135 4329 1238 4395 An
1287 4350 1412 4395 noc
1448 4325 1834 4405 dicendum,
1896 4324 2075 4416 quod
2160 4325 2588 4414 Augustinus

1044 4435 1216 4504 bene
1291 4433 1530 4524 prohat
1600 4456 1615 4500 :
1686 4432 1845 4523 quia
1907 4455 1989 4499 ex
2057 4430 2187 4499 hoc
2233 4431 2583 4522 accipitur,

1044 4541 1229 4633 quod
1269 4541 1627 4633 dupliciter
1681 4551 1779 4608 est
1855 4539 2255 4630 composita,
2333 4538 2586 4607 scilicet

1046 4650 1115 4717 in
1144 4670 1269 4716 sua
1298 4648 1613 4725 essentia,
1664 4655 1731 4715 et
1768 4647 2260 4738 compositione
2308 4667 2584 4714 concre-

1041 4757 1276 4826 tionis.
1320 4754 1395 4823 ln
1427 4778 1547 4823 sua
1604 4754 1879 4846 quidem
1945 4752 2323 4821 substantia
2363 4773 2381 4823 ε
2424 4755 2587 4845 quia

1045 4862 1213 4933 nihil
1280 4871 1501 4954 potest
1566 4886 1708 4930 esse
1777 4861 2153 4952 subjectum
2220 4860 2586 4929 accidentis

1046 4974 1176 5040 nisi
1207 4972 1390 5064 quod
1431 4974 1493 5040 in
1546 4994 1617 5040 se
1665 4981 1763 5040 est
1801 4971 2254 5062 compositum
2298 4993 2314 5038 ε
2359 4979 2428 5040 et
2456 4969 2587 5041 hoc

1043 5078 1371 5170 probatur
1400 5103 1518 5171 per
1566 5080 1878 5148 Boetium
1921 5080 1987 5145 in
2027 5078 2201 5146 libro
2233 5078 2315 5147 de
2357 5081 2588 5148 Trini-

1049 5196 1213 5270 tate,
1249 5186 1361 5254 ubi
1404 5185 1566 5255 dicit
1592 5187 1687 5255 sic
1738 5209 1754 5254 ι
1816 5186 2057 5254 Forma
2086 5185 2376 5277 simplex
2419 5186 2589 5254 sub-

1042 5294 1301 5383 jeetum
1352 5315 1500 5361 esse
1555 5316 1695 5361 non
1768 5302 2009 5384 potest.
2072 5293 2170 5360 Ex
2228 5291 2356 5360 hoc
2422 5315 2588 5382 ergo

1133 5530 1150 5563 ¹
1182 5525 1484 5597 Cs.Supra,
1525 5522 1673 5579 Dist.
1716 5524 1809 5579 111.

2723 450 2799 508 ut
2836 443 3114 523 artium,
3150 444 3617 521 scientiarum,
3652 454 3721 512 et
3749 445 4104 525 virtutum,
4141 449 4285 537 ipsa

2725 544 3138 636 relinquitur
3166 569 3313 614 esse
3344 549 3751 637 composita.

2745 751 2748 754 .
2815 652 3163 720 Dicas-num
3244 675 3409 744 ergo
3491 653 3577 720 ad
3642 653 4009 743 objectum,
4100 658 4283 747 quod

2718 762 3150 850 Augustinus
3217 762 3527 846 intendit,
3619 764 3805 853 quod
3906 765 4278 833 accidentia

2721 867 2906 935 illam
2940 872 3508 961 compositionem
3551 870 4019 941 demonstrant
4044 896 4280 942 essen-

2721 978 2951 1046 tialem
3002 989 3121 1047 :et
3171 982 3448 1071 insuper
3486 983 4055 1072 compositionem
4111 1005 4279 1050 con·
4329 1015 4333 1020 Δ

2719 1089 3042 1157 cretionis
3093 1089 3378 1174 faciunt,
3455 1091 3525 1157 in
3585 1113 3719 1181 qua
3786 1113 3925 1158 non
3985 1093 4280 1182 exigitur

2721 1196 2906 1287 quod
2936 1219 3358 1289 componens
3389 1201 3476 1266 sit
3504 1222 3685 1289 pars,

3027 1627 3535 1697 ARTICULUS
3627 1628 3949 1696 xxvnl.

2711 1847 2822 1913 An
2872 1844 3036 1912 bene
3105 1845 3445 1935 sequitur,
3516 1843 3776 1911 Divina
3843 1845 4129 1911 essemia
4177 1853 4272 1911 est

2869 1955 3174 2046 simplex
3203 1978 3227 2022 .·
3256 1977 3419 2045 erqo
3461 1953 4046 2022 incommutabilis
4080 1952 4121 2021 ?

2803 2274 3066 2343 Deinde
3099 2274 3433 2365 quaeritur
3476 2271 3557 2340 de
3616 2269 3749 2339 hoc
3805 2271 3988 2363 quod
4054 2272 4265 2340 dicit:

2713 2411 2747 2450 α
2782 2385 2988 2454 Nihil
3014 2384 3199 2451 enim
3225 2382 3530 2474 simple-t
3553 2380 3891 2448 mutabile
3919 2391 4038 2458 est,
4073 2389 4200 2451 etc.
4232 2406 4265 2446 »

2801 2491 2938 2561 lsta
2980 2499 3085 2560 est
3117 2492 3266 2580 jam
3298 2489 3499 2557 tertia
3571 2488 3745 2557 ratio
3811 2487 4268 2579 simplicitatis

2707 2623 2860 2694 quae
2908 2597 3290 2669 extrahitur
3335 2596 3421 2665 de
3458 2599 3748 2665 Littera.
3794 2597 4024 2665 Prima
4080 2597 4264 2665 enim

2707 2709 2834 2778 fuit
2878 2730 3089 2799 penes
3149 2704 3674 2774 indifferentiam
3734 2704 3881 2794 ejus
3917 2702 4104 2795 quod
4167 2711 4270 2772 est

2704 2826 2771 2885 et
2799 2838 2973 2893 esse,
3007 2835 3090 2884 eo
3133 2812 3317 2905 quod
3365 2810 3553 2880 nulla
3612 2833 3767 2902 pars
3804 2818 3907 2880 est
3959 2809 4078 2877 ibi.
4136 2809 4265 2879 Se-

2701 2922 2924 2992 cunda
2963 2929 3222 2999 autem,
3264 2917 3451 3010 quod
3479 2938 3639 3012 2non
3696 2924 3839 2986 erat
3876 2917 4259 3007 subjectum

2699 3029 3184 3099 accidentium.
3215 3027 3444 3096 Tertia
3481 3048 3646 3094 vero
3686 3035 3789 3095 est
3848 3026 3974 3093 ista
4033 3049 4050 3094 ε
4096 3025 4258 3117 quia

2660 3189 2668 3199 .
2700 3136 3286 3209 incommutabilis
3307 3142 3410 3205 est
3429 3133 3661 3204 divina
3685 3134 3974 3203 essentia
4000 3155 4016 3201 ε
4044 3141 4109 3202 et
4129 3131 4260 3203 hoc

2698 3248 3031 3343 probatur
3065 3248 3165 3315 sic
3206 3270 3222 3314 ;

2789 3355 3011 3425 Omne
3046 3354 3232 3447 quod
3279 3361 3608 3432 mutatur,
3660 3360 3777 3421 aut
3808 3360 4108 3421 mutatur
4142 3373 4256 3420 se-

2696 3466 3004 3537 cundum
3042 3472 3265 3532 totum
3327 3462 3396 3530 in
3426 3462 3585 3539 situ.
3621 3469 3740 3530 aut
3789 3460 3873 3529 ad
3930 3461 4247 3530 formam.

2700 3574 2778 3644 Si
2832 3581 3139 3642 mutatur
3194 3571 3264 3638 in
3330 3570 3464 3638 situ
3524 3568 3630 3637 vel
3691 3568 3760 3636 in
3808 3567 3984 3646 loco,
4026 3569 4250 3659 ipsum

2698 3693 2800 3751 est
2826 3679 3292 3773 compositum
3331 3701 3417 3747 ex
3460 3687 3724 3745 motore
3755 3686 3820 3745 et
3877 3676 4138 3759 mobili,
4180 3685 4253 3744 ut

2697 3797 2903 3880 supra
2935 3788 2953 3823 ¹
2996 3795 3309 3856 notatum
3349 3789 3475 3853 est.
3517 3783 3589 3850 Si
3659 3793 3886 3852 autem
3954 3790 4254 3852 mutatur

2698 3895 2784 3965 ad
2827 3895 3144 3977 formam,
3182 3894 3402 3985 ipsum
3440 3893 3567 3959 erit
3633 3890 4013 3981 subjectum
4072 3890 4252 3958 illius

2697 4005 2961 4075 formae.
3004 4004 3196 4071 etsie
3230 4002 3474 4069 iterum
3519 4002 4005 4089 compositum.
4069 3998 4249 4090 Ergo

2698 4121 2910 4205 patet,
2943 4110 3128 4202 quod
3170 4109 3461 4199 simplex
3501 4109 3785 4176 omnino
3837 4128 3974 4174 non
4030 4115 4249 4196 potest

2699 4223 2975 4289 mutari.
3047 4218 3249 4299 Quod
3297 4241 3461 4310 ergo
3526 4218 3621 4285 sic
3695 4215 4248 4285 incommutabile

2697 4338 2799 4397 est
2827 4328 3142 4408 omnino,
3187 4325 3435 4393 «licitur
3462 4324 3669 4393 etiam
3709 4333 3778 4393 et
3800 4323 4115 4415 simplex.

2789 4435 3156 4517 Praeterea,
3229 4431 3428 4513 Quod
3498 4440 3822 4515 mutatur,
3863 4454 3984 4523 per
4030 4433 4252 4521 priva-

2695 4546 2957 4613 tionem
2992 4549 3295 4610 mutatur
3333 4563 3485 4632 qua!
3519 4548 3620 4607 est
3642 4540 3710 4607 in
3746 4540 3893 4631 ipso
3922 4538 4078 4608 :sed
4108 4538 4250 4630 pri-

2693 4652 2880 4719 vatio
2914 4673 3054 4719 non
3093 4658 3195 4717 est
3253 4649 3384 4716 nisi
3439 4648 3506 4714 in
3565 4647 3950 4737 composito
4008 4667 4090 4713 ex
4120 4643 4250 4713 ha-

2695 4759 2900 4828 bente
2940 4758 3397 4850 privationem
3438 4763 3502 4823 et
3531 4755 3912 4845 privatione
3941 4753 4083 4820 sive
4120 4775 4250 4843 po-

2697 4868 2911 4934 tentia
2953 4884 2971 4935 2
3012 4888 3178 4956 ergo
3206 4863 3390 4955 quod
3430 4872 3533 4932 est
3558 4862 3844 4930 omnino
3874 4861 4252 4928 incommu-

2699 4973 2932 5055 tabile,
2974 4974 3103 5042 erit
3134 4973 3420 5040 omnino
3451 4970 3744 5060 simplex
3780 4990 3797 5037 z
3842 4976 3905 5035 et
3953 4965 4100 5036 haec
4146 4974 4248 5034 est

2698 5082 2989 5150 intentio
3024 5080 3416 5173 Augustini.
