4897 6388
1861 350 1955 414 lN
2004 347 2033 413 1
2087 318 2515 413 SENTENT.
2575 345 2794 413 ms‘r.
2847 345 2934 424 11,
2990 348 3072 424 A,
3125 346 3324 413 ART.
3376 348 3440 413 5.

1035 526 1141 584 cet
1174 507 1321 586 esse
1360 518 1443 585 de
1482 524 1728 584 natura
1765 515 1961 596 luciS‚
2006 514 2115 584 vel
2177 515 2371 583 lincae
2412 539 2426 583 :
2487 517 2604 584 sed

1037 624 1197 712 quia
1224 623 1497 690 videtur
1535 644 1676 689 non
1707 629 1928 690 totum
1991 625 2056 691 in
2099 646 2169 691 se
2212 622 2460 700 claudi,
2487 625 2605 691 sed

1036 733 1362 801 excedere
1393 754 1489 815 se,
1535 754 1676 799 non
1738 742 1966 823 potest
2017 738 2160 825 ipse
2220 733 2605 823 significare

1036 837 1262 926 ipsum
1322 839 1701 907 secundum
1734 863 1975 909 ornnes
2006 839 2422 908 differentias
2462 860 2604 906 suae

1037 954 1323 1029 naturae,
1362 954 1427 1014 et
1467 948 1842 1016 secundum
1875 956 2125 1023 totum,
2179 948 2304 1013 nisi
2357 969 2606 1014 secun-

1039 1053 1201 1142 dum
1236 1054 1427 1146 quid,
1474 1055 1758 1135 scilicet,
1821 1054 2198 1123 secundum
2255 1054 2438 1144 quod
2505 1063 2605 1122 est

934 1202 946 1237 3
1038 1160 1303 1230 infinite
1344 1161 1680 1232 excedens
1712 1163 1936 1252 ipsum
1977 1185 1991 1229 ε
2027 1169 2093 1229 ct
2123 1162 2297 1230 dicet
2333 1181 2347 1230 t
2393 1163 2445 1229 A
2494 1186 2604 1231 me

691 2255 771 2302 Ad
784 2252 1007 2315 quo-23.

1039 1268 1471 1360 apprehensa
1498 1276 1604 1337 est
1634 1269 1780 1350 lux,
1812 1270 1921 1338 vel
1959 1269 2141 1337 linea
2175 1270 2438 1337 infinite
2495 1292 2603 1339 me

1039 1375 1398 1445 excedens.
1440 1375 1777 1445 Similiter
1810 1386 1913 1445 est
1949 1377 2034 1445 de
2062 1378 2204 1445 acie
2246 1385 2473 1444 creata
2519 1375 2604 1444 ad

1036 1482 1493 1551 substantiam
1529 1484 1903 1552 increatam
1932 1505 1947 1552 ε
1982 1485 2141 1574 quia
2183 1481 2250 1550 id
2284 1482 2469 1573 quod
2500 1505 2606 1551 ac-

1034 1591 1197 1680 cipit
1236 1600 1341 1658 est
1380 1590 1764 1659 substantia
1825 1590 2082 1669 divina,
2144 1598 2208 1657 et
2268 1591 2477 1674 Deus,
2538 1597 2606 1658 et

1033 1699 1257 1790 prima
1283 1699 1562 1778 veritaS,
1584 1707 1650 1767 et
1674 1697 1830 1767 lux:
1866 1697 1986 1766 sed
2005 1696 2382 1766 secundum
2416 1697 2604 1788 quod

1037 1812 1139 1873 cst
1167 1804 1509 1874 excellens
1533 1806 1779 1890 aciem,
1818 1828 1956 1873 non
1985 1806 2195 1874 scitur
2215 1806 2343 1872 nisi
2365 1827 2604 1874 secun-

1035 1915 1200 1982 dum
1231 1913 1423 2006 quid,
1456 1914 1717 1985 scilicet
1746 1915 2125 1984 secundum
2149 1916 2604 2006 significatio-

1035 2043 1196 2089 nem
1246 2021 1609 2090 infinitam.

1128 2247 1231 2313 An
1280 2268 1410 2314 noc
1439 2247 1623 2338 quod
1663 2245 1948 2315 ulterius
1987 2246 2315 2338 quaeritur
2354 2243 2435 2313 de
2477 2246 2603 2334 ju-

1038 2352 1221 2420 stitia
1261 2349 1443 2432 (idei,
1504 2350 1869 2420 dicendum
1928 2350 2116 2442 quod
2165 2350 2429 2440 justitia
2469 2358 2604 2418 stat

1037 2479 1161 2547 pro
1183 2458 1450 2547 justitia
1481 2456 1809 2549 generali,
1843 2458 2038 2547 cujus
2077 2456 2454 2525 secundum
2498 2478 2603 2522 ra-

1038 2566 1298 2632 tionem
1355 2566 1619 2655 primus
1657 2573 1848 2633 actus
1875 2573 1979 2633 est
2020 2564 2175 2632 {idei
2210 2586 2226 2632 t
2289 2565 2451 2655 quia
2484 2565 2600 2654 qui

1036 2670 1178 2739 vult
1220 2671 1609 2760 justificari,
1654 2694 1932 2741 necesse
1991 2680 2088 2740 est
2151 2672 2335 2762 quod
2376 2672 2599 2762 primo

1035 2781 1389 2848 convertat
1419 2801 1492 2847 se
1550 2779 1632 2847 ad
1686 2779 1907 2848 Deum
1946 2802 2069 2872 per
2133 2780 2376 2849 iidem:
2440 2781 2599 2872 quia

1039 2885 1236 2956 aliter
1276 2890 1345 2955 in
1389 2910 1471 2956 eo
1505 2911 1645 2963 non
1681 2888 1796 2955 liet
1832 2887 2066 2968 timor,
2111 2911 2233 2955 nec
2264 2910 2418 2978 spes
2448 2911 2599 2979 quw

1033 3005 1315 3064 movent
1345 2995 1428 3064 ad
1465 2997 1940 3086 poenitentiam
1978 3019 1993 3065 ε
2037 3005 2098 3065 et
2152 2996 2234 3063 «lc
2268 2995 2395 3065 lioc
2436 2996 2598 3064 alibi

1036 3103 1457 3196 expedietur.

1483 3534 1990 3606 ARTlCULUS
2043 3535 2126 3603 V.

1025 3761 1138 3829 An
1195 3779 1397 3827 omne
1452 3778 1689 3825 verum
1764 3757 2013 3824 scitum
2063 3757 2157 3823 si!
2213 3780 2254 3821 a
2311 3755 2591 3846 Spiritu

1428 3872 1664 3932 sonclo
1697 3864 2116 3956 inspiratum
2146 3860 2186 3928 ?

1117 4185 1376 4256 Deinde
1407 4187 1739 4278 quaeritur
1774 4185 1856 4252 de
1914 4184 2042 4254 hoc
2101 4184 2285 4277 quod
2340 4183 2593 4253 dicitur

1027 4301 1095 4367 in
1128 4295 1367 4366 notula
1399 4295 1784 4364 incidente:
1826 4322 1855 4358 α
1884 4296 2037 4363 Non
2068 4293 2373 4387 approbo
2402 4294 2595 4387 quod

1023 4410 1093 4476 in
1152 4407 1464 4475 oratione
1499 4403 1655 4472 dixi
1695 4406 1741 4481 ⁸,
1776 4413 1904 4472 etc.
1942 4429 1978 4466 n

1119 4521 1179 4588 ¹.
1220 4515 1513 4584 Videtur
1540 4515 1753 4593 enim,
1796 4512 1979 4604 quod
1998 4535 2205 4582 omne
2233 4535 2473 4581 verum
2503 4515 2589 4582 sit

1022 4648 1060 4693 a
1110 4623 1370 4714 Spiritu
1435 4628 1672 4689 sancto
1712 4620 1957 4688 scitum
1998 4629 2062 4687 et
2106 4619 2361 4687 ‹lictuin
2400 4643 2416 4687 :
2479 4643 2590 4687 su·

1021 4752 1141 4821 per
1181 4727 1347 4796 illud
1380 4726 1562 4794 enim
1596 4725 1778 4817 quod
1821 4723 1978 4792 dicit
2013 4723 2409 4815 Apostolus.
2440 4723 2462 4791 l
2508 4725 2590 4793 ad

1019 4838 1329 4910 Corinth.
1363 4860 1484 4919 xn,
1524 4839 1595 4906 3:
1638 4838 1852 4906 Nemo
1884 4846 2108 4928 petest
2147 4837 2407 4904 dice-rc:
2439 4840 2591 4906 Do-

1018 4950 1247 5016 minus
1283 4949 1506 5026 Ιεειιε,
1540 4947 1677 5013 nisi
1717 4948 1786 5012 in
1826 4945 2095 5036 Spiritu
2125 4954 2382 5025 sancte,
2428 4943 2588 5012 dicit

1020 5056 1269 5125 Glossa
1319 5053 1662 5122 Ambrosii
1713 5075 1727 5119 :
1775 5053 2285 5135 Omne-verunt
2334 5075 2374 5119 a
2421 5075 2590 5143 quo·

1017 5185 1313 5255 cunique
1344 5162 1632 5239 dicatur,
1670 5169 1770 5229 est
1803 5184 1842 5227 a
1885 5158 2145 5250 Spiritu
2186 5167 2444 5228 sancto,

1052 5341 1064 5352 ‚
1112 5274 1174 5338 2.
1201 5270 1413 5349 ltenn,
1457 5267 1766 5347 Constat,
1828 5267 2015 5358 quod
2084 5267 2376 5357 Caiplias
2443 5289 2584 5334 non

1091 5535 1107 5570 ¹
1142 5536 1212 5591 Et
1239 5539 1378 5590 sunt
1407 5529 1585 5587 verba
1644 5528 1983 5603 Augustini,
2020 5529 2079 5584 in
2131 5528 2250 5583 Lib.
2287 5530 2586 5584 Retracto·

1021 5628 1278 5693 tionum,
1311 5637 1443 5694 cap.
1477 5621 1531 5676 4.

1090 5715 1292 5791 ²,Joan
1345 5728 1423 5780 ιι,
1448 5713 1510 5766 51
1541 5727 1556 5769 ε
1588 5711 1706 5767 Hoc
1737 5727 1770 5765 α
1808 5713 2098 5781 semetipso
2122 5726 2231 5766 non
2263 5708 2453 5764 dizit:
2484 5712 2582 5767 sed

4174 345 4257 414 39

2713 540 2796 585 ex
2838 520 3212 586 intentione
3245 515 3691 608 prophetabat
3725 537 3740 584 :
3785 521 3850 581 et
3889 521 4114 581 tamen
4148 511 4256 581 ‹ii-2

2711 627 2801 695 cit
2855 626 3290 717 Evangelista
3321 627 3365 701 ²,
3411 625 3591 716 quod
3643 630 3913 713 propter
3968 621 4254 710 dignita·

2713 742 2846 800 tem
2883 734 3088 801 officii
3122 733 3414 822 Spiritus
3444 732 3627 800 dedit
3657 734 3975 798 eiverum
4004 728 4250 805 dicere,

2712 842 2873 932 quia
2908 840 3107 909 Jcsus
3146 848 3318 908 esset
3361 842 3725 906 moriturus
3774 861 3893 929 pro
3933 846 4159 928 gente.

2802 950 2863 1016 3.
2903 948 3097 1026 Item,
3142 949 3565 1039 Augustinus
3617 948 3682 1012 in
3729 946 3902 1012 libro
3943 943 4025 1011 de
4090 946 4254 1011 Ma-

2707 1059 2948 1147 yiscro,
3010 1057 3252 1147 prohat
3319 1056 3548 1123 multis
3602 1052 3996 1133 rationibus»,
4068 1052 4247 1142 quod

2711 1164 2953 1230 frustra
2995 1163 3256 1231 laborat
3296 1164 3601 1230 exterior·
3625 1162 3945 1252 magister
3980 1160 4106 1226 nisi
4139 1158 4253 1226 ad-

2709 1272 2794 1337 sit
2835 1271 3116 1338 interius
3169 1269 3456 1337 docens:
3503 1291 3661 1359 crgo
3719 1265 4005 1344 videtur,
4068 1264 4248 1356 quod

2711 1400 2915 1445 omne
2948 1400 3183 1445 verum
3221 1380 3305 1443 sit
3337 1400 3376 1445 a
3418 1376 3668 1466 Spiritu
3701 1385 3957 1443 sancto,

2802 1484 2934 1552 Seu
2980 1507 3266 1552 cosma:
3313 1484 3430 1550 Est
3466 1505 3700 1549 verum
3733 1483 3798 1548 in
3839 1481 4249 1571 propositio-

2708 1592 2911 1660 nibus
2940 1594 3175 1682 primis
3205 1602 3271 1659 et
3319 1593 3385 1658 in
3434 1590 3687 1657 artibus
3727 1588 4114 1656 liberalibus
4162 1588 4246 1654 ad

2710 1702 2894 1792 quod
2935 1700 3143 1768 homo
3176 1700 3423 1768 suflicit
3461 1722 3543 1766 ex
3585 1698 3888 1766 doctrina
3921 1696 4243 1777 hominis,

2710 1818 2776 1877 et
2814 1809 3087 1900 propria
3119 1809 3510 1876 inventione
3546 1828 3560 1873 :
3611 1827 3770 1896 crgo
3819 1826 3957 1872 non
3998 1811 4097 1871 est
4136 1825 4249 1870 ne-

2709 1939 2893 1985 cesse
2923 1916 3242 1985 advenire
3282 1916 3374 1984 ibi
3416 1937 3663 1983 novam
3693 1914 3976 2005 gratiam
4008 1912 4250 1981 docen-

2711 2033 2872 2093 tem.

2802 2238 3109 2306 Somno.
3144 2237 3548 2313 Dicendum,
3583 2236 3762 2326 quod
3797 2236 3916 2302 ista
3951 2233 4246 2324 disputa-

2708 2350 2802 2417 tio
2844 2371 2983 2417 non
3040 2356 3140 2415 est
3196 2356 3432 2415 contra
3499 2345 3847 2412 notulam:
3894 2345 4050 2434 quia
4100 2345 4245 2409 Au-

2707 2460 3021 2550 gustinus
3085 2457 3270 2539 dicit,
3341 2454 3522 2547 quod
3563 2453 3719 2521 mali
3780 2452 3944 2520 nibil
4009 2475 4246 2521 verum

2708 2567 2983 2634 vident:
3046 2574 3115 2633 et
3186 2562 3316 2633 hoc
3382 2564 3784 2640 retractavit,
3856 2563 4012 2652 quia
4089 2561 4248 2629 mali

2710 2674 2927 2743 multa
2967 2672 3283 2741 habenta
3332 2672 3494 2740 Deo.
3551 2672 3622 2737 si
3673 2681 3898 2738 tannen
3943 2694 4076 2738 uon
4138 2671 4248 2736 liat

2707 2784 2811 2850 vis
2871 2783 2938 2850 in
2982 2782 3133 2861 hoc,
3176 2780 3462 2848 dicimus
3519 2778 3698 2869 quod
3740 2779 3805 2845 in
3873 2779 4096 2845 anima
4164 2776 4249 2845 ad

2709 2889 2837 2958 hoc
2876 2888 3059 2982 quod
3089 2888 3371 2978 accipiat
3404 2888 3753 2955 scientiam
3785 2886 4084 2953 veritatis
4114 2886 4252 2953 exi-

2708 3014 2964 3098 guntur
2992 3013 3326 3097 quatuor:
3357 3001 3731 3070 intellectus
3762 3001 4101 3092 possibilis
4131 3002 4247 3091 qui

2708 3123 2982 3206 paratus
3012 3116 3095 3181 sit
3129 3114 3422 3204 recipcre
3458 3136 3473 3179 :
3515 3120 3576 3176 nt
3619 3108 3939 3186 secundo,
3995 3107 4251 3176 intelle-

2707 3231 2853 3292 ctus
2892 3245 3104 3316 agens
3166 3224 3357 3311 cujus
3418 3219 3670 3287 lumine
3725 3220 3839 3285 liat
3886 3217 4246 3287 abstractio

2705 3334 3082 3423 specierum
3117 3330 3183 3398 in
3224 3329 3472 3420 quibus
3510 3338 3605 3395 cst
3647 3329 3917 3405 veritas,
3959 3325 4066 3394 vcl
4123 3346 4249 3395 vc-

2708 3464 2856 3508 rum
2898 3439 3065 3507 illud
3102 3461 3118 3507 2
3153 3447 3219 3506 et
3249 3441 3469 3512 tertio,
3498 3459 3602 3503 res
3634 3435 3897 3525 objecta
3930 3459 4044 3525 per
4074 3438 4249 3503 iina-

2704 3551 2963 3640 ginem‚
3015 3545 3123 3614 vel
3163 3548 3487 3637 seipsam.
3539 3544 3618 3612 de
3677 3566 3809 3634 qua
3860 3553 3957 3612 est
3999 3545 4248 3612 veritas

2704 3656 2868 3727 illa:
2926 3665 2990 3725 et
3049 3665 3317 3748 quarto,
3381 3654 3704 3743 principia
3762 3664 3820 3719 et
3883 3651 4247 3742 dignitates

2703 3789 2854 3857 quce
2912 3772 3070 3832 sunt
3138 3764 3327 3854 quasi
3417 3761 3720 3852 qua-«lam
3800 3763 4244 3828 instrumenta

2703 3872 3286 3965 proportionantia
3308 3870 3834 3959 compositiones
3864 3877 3926 3937 et
3959 3868 4245 3937 divisio-

2701 4004 2821 4049 nes
2851 3978 3206 4072 possibilcs
3245 3989 3309 4044 ct
3356 3977 3805 4067 impossibiles
3845 3987 3905 4044 et
3936 4000 4246 4045 neccssa-

2702 4090 2834 4155 rias
2857 4110 2940 4156 ex
2970 4088 3218 4179 quibus
3239 4108 3474 4152 verum
3509 4085 3852 4175 accipitur.
3889 4083 4071 4152 luter
4098 4084 4241 4152 boec

2703 4204 3020 4286 quatuor,
3063 4195 3361 4284 primum
3395 4201 3491 4258 est
3539 4192 3864 4281 recipiens
3922 4200 4183 4259 tantum
4221 4217 4238 4259 t

2700 4303 3075 4373 seeundum
3114 4313 3340 4369 autem
3399 4309 3497 4367 cst
3556 4300 3721 4366 datis
3772 4298 3997 4368 lumen
4041 4325 4240 4369 suum

2701 4422 2966 4481 tantuin
3001 4435 3016 4480 :
3052 4411 3323 4478 tertium
3366 4418 3464 4476 cst
3507 4408 3829 4494 recipiens
3875 4408 3959 4474 ab
3999 4417 4238 4498 agente

2702 4521 3073 4599 intellectu,
3115 4527 3179 4588 et
3220 4517 3386 4585 dans
3418 4516 3633 4585 lnccm
3678 4517 3974 4583 veritatis
4004 4517 4237 4585 distin-

2701 4639 2823 4696 cta·
2860 4625 3159 4718 possibili
3189 4649 3203 4692 t
3241 4634 3554 4717 quartum
3588 4634 3811 4690 autem
3845 4634 3938 4690 cst
3973 4633 4234 4691 motum

2702 4749 2774 4806 ut
2814 4740 3368 4813 instrumentum,
3429 4746 3487 4801 ct
3560 4758 3840 4802 movens
3895 4735 4239 4824 composi-

2702 4849 2955 4915 tionem
2988 4853 3050 4912 ct
3083 4843 3487 4910 divisium-in
3523 4844 3666 4930 cjns
3698 4843 3763 4910 in
3807 4865 3940 4933 quo
3981 4851 4079 4909 est
4117 4865 4241 4911 ve-

2702 4976 2851 5022 rum
2883 4953 3126 5020 scituin
3155 4951 3258 5018 vel
3301 4951 3688 5040 qnwsituni.
3736 4948 3926 5016 L'ndc
3959 4949 4234 5039 quidam

2692 5056 3102 5149 Philosophi
3159 5057 3496 5138 dixerunt,
3538 5054 3717 5146 qnod
3781 5058 3901 5123 ista
3963 5055 4235 5124 suilice-

2701 5178 2847 5235 rent
2890 5164 2973 5234 ad
3030 5164 3489 5256 coguitionem
3538 5163 3678 5229 'veri
3728 5161 3906 5252 quotl
3965 5173 4061 5229 cst
4108 5160 4234 5229 sub

2700 5277 2983 5344 ratione.
3049 5272 3183 5341 Sed
3247 5271 3441 5338 aliter
3505 5271 3888 5349 (licendum,
3955 5270 4230 5352 scilicet,

2697 5545 2818 5582 cum
2849 5533 2980 5583 essct
3011 5526 3271 5597 pontifex
3313 5521 3452 5578 anni
3501 5521 3672 5591 illius,
3697 5523 4060 5594 prophetati!
4088 5519 4238 5594 qnod

2695 5620 2849 5675 Iesus
2879 5620 3178 5674 moriturus
3205 5622 3322 5670 crat
3346 5630 3454 5686 pro
3482 5617 3695 5685 gyrante,
3731 5619 3844 5669 etc.

4337 1484 4532 1531 Contra.

4327 2262 4529 2311 solutio.
