4897 6388
356 318 673 400 “30

268 3534 548 3637 ame..

346 3750 487 3799 Mt.

591 498 815 566 omnis
878 500 1095 568 virtus
1149 490 1504 590 conjungit
1567 500 1764 565 Deo:
1834 495 1951 563 sed
2018 518 2138 585 per

589 612 978 676 contactum
1019 608 1374 698 tripliciter
1420 604 1663 672 accidit
1718 604 2158 692 c‘onjuncti0,'

589 716 843 785 scilicet
884 716 1258 785 secundum
1304 713 1757 803 praesentiam,
1801 720 1868 778 et
1894 710 2004 779 hic
2034 719 2134 778 est

589 846 745 891 cum
775 824 1158 892 intellectus
1187 820 1460 910 attingit
1490 843 1632 888 rem
1662 821 1731 887 in
1763 842 1883 888 sua
1914 841 2137 887 essen-

590 933 706 1011 tia,
768 932 886 1001 sed
933 954 1072 999 non
1125 929 1507 997 necessario
1555 937 1741 997 tenet
1805 936 1870 996 et
1932 926 2138 995 habet

589 1060 739 1106 eam
775 1060 791 1107 ε
834 1038 1015 1104 unde
1044 1037 1461 1105 assimilatur
1498 1038 1691 1126 quasi
1748 1035 1954 1103 tactui
1985 1056 2138 1100 ma·-

588 1145 981 1227 thematico,
1016 1147 1085 1212 in
1115 1168 1250 1235 quo
1283 1146 1525 1213 ultima
1559 1144 1925 1234 gtangentia
1979 1148 2138 1208 sunt

588 1254 791 1322 simul
856 1264 1148 1325 tantum.
1221 1253 1538 1323 Secunda
1610 1260 1712 1320 est
1767 1251 1960 1341 quasi
2016 1270 2137 1340 per

588 1360 1075 1430 adhaerentiam
1105 1370 1173 1430 et
1226 1363 1602 1429 tentionem
1642 1367 1709 1426 et
1762 1356 2035 1436 habere,
2069 1365 2137 1425 et

587 1466 699 1536 hic
744 1477 963 1537 tactus
1009 1475 1112 1537 est
1161 1468 1307 1557 ejus
1351 1465 1538 1556 quod
1593 1464 1890 1533 succedit
1960 1464 2130 1554 spei,

587 1583 656 1645 ct
734 1576 1148 1645 assimilatur
1225 1575 1424 1665 quasi
1475 1574 1683 1641 tactui
1751 1580 2136 1663 compacto-

584 1707 762 1752 rum.
794 1683 1019 1753 Tertia
1048 1690 1149 1751 est
1175 1705 1296 1774 per
1324 1681 1824 1764 inhaerentiam,
1859 1680 2130 1771 quando

584 1812 800 1859 unum
832 1791 1024 1882 quasi
1057 1788 1439 1879 ingreditur
1468 1788 1782 1866 alterum,
1843 1794 1910 1854 et
1964 1808 2135 1854 con-

585 1900 791 1968 trahit
817 1900 1303 1990 impressiones
1343 1907 1408 1966 et
1445 1897 1835 1966 affectiones
1865 1918 1904 1963 a
1941 1904 2134 1964 natu·

586 2031 659 2077 ra
690 2010 836 2099 ejus
868 2030 884 2075 :
921 2006 1126 2076 ethic
1155 2016 1257 2074 est
1286 2014 1505 2076 tactus
1535 2008 1812 2084 amoris,
1847 2012 1910 2072 et
1967 2003 2133 2071 assi-

584 2116 863 2183 milatur
890 2115 1100 2183 tactui
1153 2114 1473 2194 naturali,
1518 2114 1588 2180 in
1620 2134 1753 2201 quo
1785 2109 2130 2202 tangentia

584 2230 797 2314 agunt
826 2231 895 2292 et
928 2224 1281 2314 patiuntur
1318 2222 1405 2289 ad
1434 2222 1752 2298 invicem,
1788 2227 1855 2286 et
1894 2219 2131 2309 impri-

585 2336 783 2397 munt
836 2327 967 2397 sibi
1013 2338 1254 2396 mutuo
1319 2349 1481 2395 suas
1531 2325 1996 2417 proprietates.
2048 2322 2134 2390 Et

582 2437 846 2527 primus
893 2435 1139 2504 modus
1167 2434 1669 2525 conjunctionis
1697 2440 1801 2501 est
1853 2441 1930 2501 ut
1983 2453 2134 2499 ma-

585 2542 911 2612 terialiter
969 2543 1325 2635 dispositio
1392 2542 1480 2611 ad
1535 2541 1948 2610 fruitionem.
2004 2538 2135 2607 Se-

587 2651 848 2721 cundus
904 2660 1131 2721 autem
1189 2660 1257 2720 et
1323 2653 1560 2721 tertius
1624 2651 2005 2741 propinque
2060 2670 2134 2718 se

586 2758 882 2831 habent:
914 2761 1033 2831 sed
1073 2768 1357 2853 quartus
1396 2769 1499 2829 est
1536 2759 1983 2850 completivus
2017 2780 2035 2827 ε
2068 2766 2137 2827 et

586 2872 717 2943 hoc
747 2877 930 2962 patet
957 2891 1044 2937 ex
1086 2868 1369 2935 nomine
1418 2868 1567 2957 ejus
1613 2864 1798 2956 quod
1848 2873 1949 2933 est
1982 2865 2137 2955 sru-

588 2989 757 3061 ctuS,
791 2978 951 3070 quia
978 2975 1091 3044 hic
1129 2984 1233 3045 est
1259 2984 1502 3067 gustus
1531 2973 1907 3043 dulcedinis
1937 2974 2135 3063 quie-

587 3086 818 3164 tantis,
850 3091 918 3153 et
944 3092 1185 3174 gustus
1213 3082 1326 3149 ille
1367 3102 1509 3150 non
1565 3079 1828 3148 elicitur
1873 3079 2003 3146 nisi
2048 3101 2133 3146 ex

590 3187 1024 3260 interioribus
1070 3188 1167 3258 rei
1230 3209 1383 3278 qua·
1441 3193 1600 3254 sunt
1646 3184 1729 3252 de
1785 3191 2027 3252 natura
2070 3191 2137 3252 et

591 3300 1064 3393 complexione
1093 3300 1240 3389 ejus
1278 3321 1418 3390 quo
1450 3297 1762 3366 fruimur.

682 3523 787 3593 An
812 3544 1013 3591 Αιιυυ
1088 3517 1275 3613 quod
1329 3518 1615 3587 ulterius
1669 3517 2020 3607 quoeritur,
2052 3513 2135 3582 de

593 3633 725 3704 hoc
751 3631 936 3725 quod
971 3630 1130 3699 dicit
1164 3649 1180 3699 ε
1219 3655 1253 3692 α
1311 3627 1551 3697 Alieni
1612 3625 1733 3703 rei,
1769 3651 1805 3688 ιι
1884 3624 2138 3692 Dicen-

590 3741 782 3820 dum,
811 3736 998 3831 quod
1050 3743 1244 3804 notat
1272 3733 1699 3825 Augustinus
1753 3729 2136 3799 communi·

588 3857 798 3917 tatem
827 3847 974 3936 ejus
1004 3841 1187 3935 quod
1217 3849 1321 3910 est
1350 3841 1480 3909 frui
1515 3861 1531 3908 ε
1569 3840 1730 3930 quia
1784 3837 1915 3906 hoc
1968 3859 2138 3906 con-

591 3955 791 4046 tingit
825 3958 929 4022 tot
988 3949 1236 4034 modis,
1297 3957 1467 4041 quot
1530 3947 1867 4037 contingit
1929 3944 2134 4013 finem

590 4060 972 4131 dilectionis
1001 4059 1073 4126 in
1103 4055 1335 4147 aliquo
1367 4077 1618 4147 ponere
1654 4074 1670 4121 ε
1716 4061 1781 4122 ct
1810 4051 1939 4121 lioc
1967 4073 2138 4121 con-

589 4168 790 4259 tingit
816 4188 956 4234 uno
1005 4163 1212 4233 modo
1269 4160 1645 4231 secundum
1702 4182 2003 4238 sensum,
2061 4169 2137 4228 ut

587 4274 786 4343 bruta
817 4273 1130 4341 fruuntur
1156 4269 1351 4349 cibis,
1380 4278 1456 4337 ut
1495 4267 1655 4336 dicit
1686 4267 2132 4358 Augustinus,

590 4382 707 4451 sed
738 4380 1133 4472 improprie,
1169 4400 1292 4470 pro
1342 4384 1534 4445 tanto
1602 4376 1761 4466 quia
1819 4373 1972 4441 licet
2025 4372 2138 4442 de·

590 4490 860 4560 lectatio
897 4488 1084 4555 sitin
1122 4486 1222 4553 eis
1259 4493 1337 4553 ut
1386 4484 1458 4552 in
1516 4484 1674 4562 fine,
1727 4489 1951 4550 tamen
1998 4503 2133 4549 non

591 4594 1109 4690 apprehendunt
1130 4591 1543 4661 sufficienter
1563 4592 1893 4659 rationem
1927 4590 2079 4657 finis
2109 4608 2129 4659 ε

592 4708 663 4775 in
691 4704 796 4774 his
835 4711 1065 4773 autem
1121 4723 1276 4792 quae
1344 4707 1503 4767 nata
1550 4698 2134 4767 suntdiscernere

593 4814 797 4880 finem
847 4833 971 4901 per
1030 4830 1103 4876 se
1177 4804 1661 4897 appetendum,
1718 4813 1834 4872 aut
1887 4827 2009 4894 per
2062 4826 2133 4872 se

591 4915 998 5009 appetendo,
1031 4914 1369 5004 contingit
1424 4911 1553 4980 frui
1622 4913 2033 5003 quicumque
2066 4935 2134 4980 re

592 5023 809 5114 magis
838 5023 1109 5114 proprie
1146 5042 1164 5085 ε
1197 5017 1315 5088 scd
1347 5020 1418 5086 in
1457 5016 1566 5085 his
1595 5040 1745 5109 quoe
1795 5027 1947 5085 nata
1979 5028 2138 5086 sunt

591 5129 969 5198 discernere
1033 5127 1237 5193 finem
1312 5122 1804 5202 delectationis,
1863 5131 1930 5191 et
1983 5132 2135 5191 actu

592 5236 984 5305 discernunt
1017 5231 1393 5316 secundum
1462 5238 1711 5299 rectam
1777 5230 2131 5306 rationem,

596 5350 695 5412 est
720 5340 1235 5432 propriissime:
1287 5346 1355 5407 et
1430 5337 1581 5406 ideo
1648 5360 1786 5405 non
1850 5336 2140 5406 fruimur

596 5452 724 5520 nisi
791 5449 937 5517 Deo
1001 5448 1322 5538 proprie:
1403 5447 1857 5515 communiter
1911 5455 2136 5515 autem

594 5555 927 5647 contingit
956 5564 1021 5623 et
1050 5554 1200 5622 aliis
1231 5555 1384 5631 frui,
1421 5563 1485 5622 et
1516 5553 1646 5622 alia
1678 5576 1883 5645 quam
1930 5555 2142 5622 ratio-

570 5666 817 5738 ·nalem
841 5672 1246 5735 creaturam.

1595 331 1673 425 n,
1708 316 1925 397 Ata
1976 326 2195 398 MAG.
2226 274 2455 399 om).
2508 330 2807 405 PRAED.

2338 484 2669 566 Anauon
2710 504 3093 585 dicendum,
3131 502 3520 597 quod²‘'nihil
3557 488 3792 583 natum

2251 611 2350 671 est
2391 606 2695 694 quietare
2754 612 3154 679 rationalem
3228 614 3604 703 appetitum
3664 607 3792 675 nisi

2248 709 2459 793 DeuS,
2493 722 2698 804 prout
2742 718 3170 807 progreditur
3234 718 3605 797 secundum
3684 737 3806 781 ra-·

2246 820 2505 890 tionem
2554 832 2868 892 rectam:
2929 825 3045 892 sed
3112 829 3383 916 quando
3443 813 3789 905 avertitur,

2248 930 2490 1020 accipit
2516 952 2655 998 non
2685 932 2994 1022 quietans
3028 940 3101 999 ut
3141 934 3475 1022 quietam,
3518 941 3794 1024 propter

2247 1034 2507 1104 bonum
2566 1046 2641 1107 ut
2705 1062 2888 1109 nunc
2969 1040 3152 1132 quod
3210 1040 3656 1131 apprehendit
3722 1044 3792 1107 in

2248 1161 2421 1228 ipso·

2330 1355 2437 1421 An
2487 1379 2553 1422 ιι)
2606 1355 2793 1448 quod
2843 1356 3128 1425 ulterius
3183 1360 3534 1451 quaeritur,
3578 1360 3661 1428 de
3709 1382 3789 1427 eo

2244 1460 2430 1552 quod
2467 1462 2629 1530 dicit
2662 1485 2678 1528 :
2713 1488 2748 1529 α
2789 1466 3083 1556 Propter
3111 1466 3430 1556 seipsam,
3473 1493 3506 1529 n
3547 1466 3791 1534 Dicen-

2243 1568 2432 1649 dum,
2503 1571 2689 1661 quod
2755 1594 2894 1641 non
2962 1574 3278 1664 sequitur.
3298 1575 3356 1641 si
3386 1573 3791 1644 inhaeremus

2241 1700 2500 1759 amore,
2535 1679 2723 1769 quod
2749 1702 2891 1749 non
2929 1691 3205 1772 propter
3241 1684 3536 1775 seipsam
3572 1705 3589 1749 z
3634 1684 3793 1776 quia

2238 1787 2311 1879 ly
2341 1796 2623 1880 propter
2677 1789 2746 1857 in
2785 1789 3192 1859 diffinitione
3255 1793 3404 1882 ejus
3459 1792 3643 1883 quod
3696 1799 3797 1860 est

2239 1893 2395 1974 frui,
2429 1893 2591 1963 dicit
2617 1893 2958 1986 duplicem
3006 1920 3308 1977 causam,
3359 1898 3615 1967 scilicet
3641 1898 3795 1967 effi-

2238 2003 2553 2083 cientem,
2597 2009 2666 2073 et
2694 2004 3012 2074 finalem:
3058 2005 3130 2097 ly
3169 2008 3269 2074 rei
3315 2015 3543 2075 autem
3590 2008 3794 2075 etiam

2239 2111 2433 2201 ponit
2460 2113 2819 2181 materiam
2851 2115 2920 2182 in
2970 2136 3104 2204 qua
3155 2114 3469 2195 fruimur,
3512 2136 3666 2205 quae
3696 2122 3796 2183 est

2239 2217 2582 2307 objectum
2621 2228 2810 2289 actus
2860 2219 3199 2291 fruitionis
3242 2223 3410 2292 :sed
3440 2221 3512 2314 ly
3566 2244 3796 2290 amore

2240 2324 2400 2394 dicit
2429 2350 2706 2396 causam
2739 2340 3131 2400 moventem
3160 2340 3229 2401 et
3282 2332 3677 2400 incitantem
3710 2354 3796 2400 ex

2238 2444 2428 2527 parte
2459 2435 2740 2506 affectus
2778 2438 3087 2522 fruentis,
3130 2441 3304 2510 sicut
3351 2439 3629 2509 habitus
3664 2438 3793 2508 ha-

2239 2544 2354 2612 bet
2426 2546 2722 2614 excitare
2781 2555 2847 2615 et
2905 2570 3182 2618 movere
3261 2549 3643 2640 potentiam
3707 2547 3792 2616 ad

2239 2659 2465 2722 actum
2530 2675 2546 2722 :
2598 2663 2666 2723 et
2703 2653 2815 2724 hio
2859 2657 3088 2746 potius
3136 2665 3239 2726 est
3285 2665 3514 2727 motus
3559 2656 3792 2725 formae

2239 2780 2447 2850 quam
2486 2760 2864 2831 efficientis.
3131 2784 3136 2787 ·
3276 2778 3285 2787 '
3709 2838 3712 2843 ⁴

2331 2870 2433 2937 An
2460 2891 2660 2938 Amun
2689 2869 3078 2951 dicendum,
3113 2870 3297 2964 quod
3324 2893 3481 2940 cum
3519 2871 3787 2954 dicitur,

2239 2977 2563 3046 Creatura
2599 2978 2917 3060 fruimur,
2960 2979 3298 3049 ablativus
3335 2988 3562 3072 potest
3620 3003 3792 3049 con-

2240 3086 2404 3153 strui
2446 3108 2602 3154 cum
2641 3087 2852 3156 verbo
2884 3088 2953 3156 in
2996 3090 3258 3156 ratione
3288 3087 3548 3168 formoe,
3581 3087 3688 3157 vel
3721 3088 3790 3156 in

2242 3197 2502 3264 ratione
2549 3194 2900 3264 efficientis
2965 3206 3031 3265 et
3080 3194 3351 3287 objecti.
3422 3194 3508 3265 Et
3564 3197 3790 3287 primo

2241 3302 2447 3370 modo
2492 3301 2743 3372 locutio
2808 3311 2908 3372 est
2973 3326 3161 3385 vera,
3220 3304 3523 3372 secundo
3581 3302 3788 3375 modo

2239 3408 2438 3478 ta1sa.
2951 3396 2957 3400 ”
3447 3487 3454 3490 ,

2328 3517 2434 3583 An
2471 3537 2670 3584 amm)
2698 3515 3085 3602 dicendum,
3141 3518 3325 3610 quod
3363 3526 3673 3588 creatura
3717 3520 3785 3586 in

2241 3632 2575 3714 quantum
2606 3631 2704 3691 est
2726 3622 2809 3691 de
2840 3623 3082 3703 nihilo,
3135 3625 3396 3694 infinite
3453 3625 3682 3706 distat,
3722 3633 3789 3694 et

2242 3753 2380 3800 non
2439 3733 2703 3823 perficit
2766 3734 3314 3823 conjunctionem
3373 3757 3528 3803 cum
3575 3735 3779 3804 Deo:

2239 3837 2358 3906 sed
2387 3836 2700 3928 quaedam
2738 3847 2896 3907 sunt
2933 3850 3255 3909 creaturae
3310 3863 3462 3933 quae
3514 3850 3790 3933 propter

2239 3943 2758 4014 similitudinem
2816 3944 3136 4014 bonitatis
3230 3947 3480 4016 divinae
3548 3969 3590 4015 a
3651 3969 3786 4038 qua

2239 4057 2484 4118 creatoe
2524 4059 2709 4131 sunt,
2746 4072 3124 4141 numquam
3156 4062 3315 4120 sunt
3344 4076 3386 4122 a
3410 4052 3556 4121 Deo
3585 4075 3789 4144 sepa-

2240 4168 2432 4246 ratze,
2477 4158 2597 4227 sed
2645 4180 2915 4249 semper
2966 4160 3131 4250 ipsis
3189 4158 3440 4228 habitis
3502 4158 3791 4229 habetur

2239 4265 2448 4345 Deus,
2528 4266 2704 4333 sicut
2760 4273 2862 4332 est
2918 4267 3137 4356 gratia
3201 4275 3470 4357 gratum
3509 4265 3786 4348 faciens,

2238 4384 2305 4443 et
2342 4374 2760 4465 praecipuum
2795 4372 2971 4440 inter
3001 4372 3114 4440 illa
3159 4381 3257 4442 est
3307 4396 3501 4442 amor
3562 4372 3790 4442 chari-

2238 4482 2420 4565 tatis,
2454 4488 2521 4548 et
2550 4478 2665 4548 illa
2710 4479 3128 4572 conjungere
3158 4489 3468 4571 possunt.

2325 4587 2431 4655 An
2462 4608 2757 4656 υιτηιωι
2833 4585 3219 4668 dicendum,
3272 4587 3455 4679 quod
3490 4610 3649 4658 cum
3677 4587 3787 4656 di-

2236 4695 2434 4777 citur,
2504 4694 2725 4763 Amor
2787 4693 3093 4786 diligitur
3164 4719 3424 4780 amore,
3483 4718 3622 4765 non
3685 4703 3788 4765 est

2237 4805 2546 4874 diversus
2583 4827 2782 4874 amor
2827 4806 2895 4873 in
2938 4817 3091 4875 actu
3140 4808 3356 4890 verbi,
3410 4815 3478 4876 et
3533 4808 3603 4875 in
3651 4830 3791 4876 ma-

2235 4915 2408 4982 teria
2463 4921 2679 4998 actus,
2725 4921 2791 4983 et
2842 4914 2910 4980 in
2964 4913 3200 4982 habitu
3247 4937 3286 4982 a
3334 4936 3470 5006 quo
3532 4914 3792 5008 egredi-

2237 5030 2348 5090 tur
2384 5028 2575 5089 actus
2604 5021 2715 5090 ille
2752 5044 2768 5089 :
2805 5021 2922 5089 scd
2953 5044 3131 5088 unus
3170 5032 3236 5090 et
3265 5021 3446 5091 idem
3495 5022 3691 5091 aliter
3724 5031 3789 5092 et

2239 5129 2435 5198 aliter
2499 5129 2941 5221 significatus.
3004 5129 3197 5200 Unde
3253 5133 3427 5200 sicut
3489 5153 3628 5199 non
3692 5142 3793 5201 est

2240 5236 2508 5309 diversa
2535 5240 2712 5307 visio
2745 5259 2876 5328 qua
2908 5238 3108 5306 video
3141 5240 3494 5329 parietem,
3563 5247 3658 5319 et,
3683 5241 3793 5307 vi-

2241 5345 2368 5415 deo
2408 5369 2518 5414 me
2559 5345 2788 5414 videre
2831 5368 2847 5412 :
2893 5354 2956 5413 et
2986 5347 3156 5414 sicut
3189 5370 3324 5414 non
3357 5356 3457 5414 est
3485 5347 3791 5415 diversus

2243 5454 2625 5524 intellectus
2686 5478 2824 5546 quo
2899 5455 3205 5547 intelligo
3282 5455 3658 5537 hominem,
3726 5466 3791 5527 et

2242 5562 2553 5655 intelligo
2593 5583 2704 5630 me
2735 5561 3155 5653 intelligere:
3192 5564 3287 5631 sic
3335 5586 3471 5632 non
3528 5574 3628 5633 est
3679 5564 3790 5633 di-

2244 5692 2483 5738 versus
2538 5692 2737 5738 amor
2791 5691 2926 5761 quo
2984 5692 3140 5739 amo
3204 5669 3451 5754 Deum,
3511 5681 3579 5741 et
3633 5693 3790 5741 amo

3921 527 3989 572 Ad
4015 522 4059 569 2.
4133 507 4138 511 ’

3875 1378 3954 1424 Διί
3971 1388 4103 1434 qute-

3962 1448 3988 1477 e

3836 1433 3962 1479 otton
3990 1434 4119 1478 utam

3920 1523 4005 1586 ω’
4025 1545 4059 1588 ι.
4161 1521 4171 1529 '

3912 2908 3984 2953 Ad
4012 2908 4056 2957 ί.
4167 2946 4176 2953 ,

3912 3546 3983 3596 Ad
4008 3547 4050 3594 ⁸.
