4897 6388
286 1161 291 1164 “
414 1156 565 1203 Adi.

432 1800 570 1849 Ad&

689 317 815 383 194

678 488 868 578 'quod
900 492 1253 582 praecedat,
1297 488 1758 585 ponitu'r‘ordo
1783 512 1927 567 es'se
1948 500 2032 567 ad
2052 500 2219 566 nihil

682 600 1092 688 praecedens,
1139 603 1206 670 id
1236 614 1358 686 est,
1409 607 1590 695 quod
1623 629 1766 674 esse
1831 607 1975 693 ejus
2042 607 2222 696 quod

686 705 931 776 dicitur
960 732 1103 777 esse
1134 712 1216 778 de
1243 710 1480 791 nihile,
1516 719 1835 802 sequatur
1854 735 1994 778 non
2021 735 2164 780 esse
2201 739 2215 779 :

686 821 753 880 et
781 812 912 881 hoc
950 816 1223 905 quidem
1264 819 1575 884 convenit
1603 817 1919 883 omnibus
1950 819 2215 903 creati5‚

685 919 804 988 sed
842 923 1149 1010 personis
1180 923 1425 990 divinis
1452 926 1595 991 'non
1621 925 1958 992 convenit.

779 1131 882 1197 An
922 1155 1173 1200 ramum
1196 1158 1354 1226 ergo
1397 1136 1783 1222 dicendum,
1844 1139 2028 1229 quod
2081 1138 2225 1208 haec

650 1279 657 1285 -
688 1243 791 1325 est
827 1264 1010 1323 vera,
1044 1243 1252 1312 Filius
1274 1244 1356 1313 de
1377 1246 1561 1314 nulla
1580 1251 1859 1315 materia
1890 1258 1991 1317 est
2022 1270 2038 1317 :
2067 1251 2226 1340 quia

688 1348 781 1425 ibi
812 1359 1086 1419 notatur
1125 1356 1395 1443 negatio
1444 1357 1755 1451 principii
1807 1357 2169 1425 materialis
2205 1380 2219 1424 ε

687 1456 805 1525 sed
835 1481 972 1526 non
996 1462 1322 1549 sequitur,
1360 1484 1521 1553 ergo
1554 1462 1636 1531 de
1667 1462 1906 1543 nihilo,
1948 1472 2223 1555 propter

686 1561 1154 1634 habitudinem
1241 1570 1737 1659 praepositionis
1847 1595 1998 1663 quae
2082 1595 2225 1640 ma-

686 1680 824 1740 net.

774 1780 879 1846 An
926 1805 1120 1850 Amen
1172 1784 1556 1864 dicendum,
1619 1788 1801 1877 quod
1876 1791 2020 1856 istae
2071 1789 2222 1858 duae

683 1912 825 1957 non
860 1892 1295 1980 aequipollent
1341 1915 1355 1960 :
1404 1893 1608 1961 Filius
1662 1918 1799 1964 non
1830 1906 1932 1965 est
1974 1896 2056 1966 de
2095 1896 2224 1965 ali-

684 2020 821 2088 quo
860 2022 873 2065 :
921 2022 1078 2090 ergo
1111 1999 1191 2068 de
1232 2000 1471 2070 nihilo.
1508 2000 1682 2082 Quia
1711 2005 1779 2072 in
1799 2007 2016 2094 prima
2039 2029 2222 2097 prae-

685 2105 859 2174 cedit
890 2109 1160 2198 negatio
1192 2111 1735 2201 praepositionem
1767 2134 1782 2180 :
1818 2122 1882 2181 et
1923 2113 2073 2182 ideo
2115 2137 2219 2183 ex·

682 2215 967 2312 stinguit
1030 2214 1492 2285 habitudinem
1557 2220 1724 2307 ejus,
1798 2220 1872 2287 ln
1929 2222 2222 2291 secunda

684 2330 912 2390 autem
945 2327 1250 2414 sequitur
1282 2349 1296 2391 ε
1331 2326 1563 2395 etideo
1595 2326 1919 2397 habitudo
1952 2353 2221 2421 praepo-

683 2432 949 2502 sitionis
990 2445 1243 2504 manet.
1317 2437 1387 2505 Si
1460 2447 1687 2509 autem
1745 2440 2072 2510 inferatur
2134 2444 2227 2512 ab-

681 2541 1167 2632 aequipollenti,
1204 2544 1358 2612 Non
1388 2556 1488 2615 est
1516 2546 1596 2616 de
1629 2547 1840 2617 nihilo
1869 2572 1883 2618 ε
1918 2572 2079 2642 ergo
2137 2552 2220 2619 de

1656 322 1740 392 D.
1788 324 1989 393 ΑΕΒ.
2043 319 2259 394 MAG.
2314 325 2519 394 ORD.
2574 326 2845 395 PRAED

2333 504 2560 593 aliquo
2592 500 3028 571 neutraliter:
3075 469 3218 569 no'n
3247 497 3429 567 valet
3470 497 3719 563 iterum
3740 514 3891 584 pro·

2331 621 2480 699 pter
2512 608 2983 676 habitudinem
3015 606 3554 700 praepositioniS.

2421 820 2523 885 An
2565 842 2627 885 in
2668 815 2851 908 quod
2883 814 3167 882 ulterius
3199 816 3524 904 quaeritur
3544 812 3626 879 de
3655 812 3879 887 Patre,
3942 829 4021 874 Ad
4074 836 4211 924 οἵω.

2332 925 2694 994 dicendum
2727 924 2908 1016 quod
2946 924 3092 1014 ipse
3133 942 3275 988 non
3306 928 3408 988 est
3437 919 3518 987 de
3550 919 3792 987 nihilo.
3995 887 4038 929 Α
4133 916 4147 930 “

2420 1036 2523 1102 An
2571 1056 2898 1103 OBJECTUM
2954 1040 3221 1108 contra,
3283 1027 3644 1096 dicendum
3700 1025 3884 1118 quod
3939 1045 4012 1090 Ad
4039 1046 4211 1104 obJeet.

2331 1144 2403 1209 in
2424 1140 2594 1210 Filio
2628 1141 2959 1231 sequitur,
2987 1137 3151 1229 quia
3173 1134 3288 1203 ille
3309 1134 3517 1202 habet
3547 1133 3891 1202 habitudi-

2332 1272 2489 1316 nem
2523 1247 2607 1314 ad
2628 1246 3041 1337 principium
3082 1251 3292 1311 ante:
3338 1251 3404 1310 et
3462 1263 3600 1308 non
3656 1239 3884 1320 Pater,

2334 1366 2399 1424 et
2427 1355 2576 1422 ideo
2609 1355 2680 1421 in
2713 1354 2910 1420 Patre
2971 1375 3112 1420 non
3169 1357 3380 1421 tenet.

2421 1465 2523 1533 An
2570 1488 2769 1533 Amun
2816 1462 3209 1541 dicendum,
3244 1458 3431 1551 quod
3479 1481 3618 1526 non
3665 1457 3885 1546 sequi·

2333 1585 2464 1655 tur,
2496 1575 2694 1643 Pater
2723 1581 2825 1642 est
2853 1572 2936 1640 de
2957 1570 3177 1655 nu110,
3214 1577 3371 1651 eto„
3399 1567 3557 1657 quia
3595 1564 3744 1633 haee
3779 1563 3887 1630 di-

2332 1685 2489 1761 ctio,
2531 1681 2758 1761 null0‚
2793 1687 2925 1749 stat
2959 1700 3090 1770 pro
3130 1697 3426 1767 persona
3460 1698 3474 1742 :
3518 1682 3751 1764 postea
3772 1695 3887 1740 au·
3975 1727 3982 1732 .

2333 1802 2468 1860 tem
2510 1790 2795 1859 infertur
2839 1786 3265 1871 neutraliter,
3307 1782 3639 1875 privando
3696 1782 3883 1872 prin·

3993 1490 4144 1536 Adz.

2302 1902 2583 1994 'cipium
2642 1897 3018 1967 existentiae
3074 1917 3234 1964 cum
3286 1892 3525 1962 ordine
3580 1891 3664 1959 ad
3714 1888 3883 1957 nihil

2334 2032 2535 2101 quem
2575 2007 2770 2098 ponit
2798 2008 3216 2099 praepositio:

2422 2119 2523 2185 An
2568 2141 2767 2186 mun
2797 2115 3191 2195 dicendum,
3244 2111 3431 2204 quod
3469 2133 3609 2207 non
3650 2107 3882 2200 sequi-
4005 2128 4086 2176 Ad
4111 2127 4154 2175 ι.

2331 2236 2465 2312 tur,
2507 2226 2659 2294 Non
2687 2233 2789 2294 est
2818 2224 2900 2292 de
2939 2223 3172 2313 aliquo
3208 2242 3224 2288 ε
3280 2241 3441 2311 ergo
3492 2218 3574 2286 de
3621 2215 3876 2284 nihilo:

2334 2335 2585 2424 quiain
2633 2333 2857 2423 prima
2886 2331 3198 2421 privatur
3236 2324 3567 2394 habitudo
3619 2344 3888 2415 pra-zpo-

2331 2442 2619 2525 sitioniS,
2656 2442 2726 2509 in
2764 2440 3063 2510 secunda
3103 2443 3335 2506 autem
3361 2457 3501 2503 non
3542 2435 3883 2526 privatur:

2332 2552 2562 2642 igitur,
2605 2557 2737 2618 eto.
