4897 6388
598 319 722 385 112

596 484 918 553 convenit
973 484 1034 551 ei
1112 481 1182 549 id
1268 478 1456 570 quod
1538 467 1805 549 dicitur,
1893 491 1931 535 a
2024 486 2158 555 quo

598 597 830 664 omnia
884 615 901 662 :
973 600 1041 660 et
1104 589 1237 658 hoc
1291 587 1493 676 plane
1559 604 1630 650 se
1697 579 1893 648 offert
1946 575 2160 645 consi·

600 704 865 774 deranti
941 699 1303 768 nominum
1370 694 1690 761 rationes.
1776 688 1849 756 Si
1926 694 2152 754 autem

595 811 1067 882 consideratur
1144 807 1211 871 in
1288 801 1701 893 proprietate
1778 791 2149 886 personali,

602 931 762 990 tunc
790 913 1112 986 convenit
1138 913 1198 978 ei
1231 934 1351 1001 per
1382 907 2006 1000 appropriationem
2038 923 2152 968 es-

600 1051 670 1098 se
703 1046 919 1093 unum
948 1044 964 1089 :
1010 1022 1171 1113 quia
1210 1041 1427 1086 unum
1458 1024 1562 1083 est
1591 1011 2048 1080 indivisivum.
2081 1009 2148 1074 in

598 1154 694 1209 se,
728 1137 796 1197 et
833 1126 1222 1196 extenditur
1260 1120 1705 1189 indivisivum
1761 1114 1846 1182 ad
1885 1135 2022 1180 non
2055 1111 2150 1179 di·

597 1238 852 1329 stingui
890 1258 1011 1327 per
1037 1233 1168 1302 hoc
1206 1228 1391 1323 quod
1420 1249 1562 1295 non
1594 1223 1677 1292 ab
1713 1222 1844 1291 alio
1875 1223 1984 1302 sit,
2017 1223 2146 1289 sic-

600 1356 675 1416 ut
708 1368 927 1416 unum
994 1365 1134 1411 non
1202 1346 1303 1407 est
1340 1336 1425 1406 ab
1483 1335 1618 1403 alio
1660 1357 1699 1402 a
1747 1355 1883 1424 quo
1925 1331 2145 1400 omnis

598 1476 946 1525 numerus.
1000 1449 1075 1518 Si
1130 1471 1295 1517 vero
1325 1445 1800 1514 consideratur
1845 1448 1920 1507 ut
1962 1439 2140 1518 finis,

599 1575 760 1634 tunc
797 1560 1119 1632 convenit
1175 1559 1238 1625 ei
1293 1555 1380 1624 ad
1450 1554 1638 1645 quod
1676 1553 1906 1620 omnia
1955 1548 2146 1617 redu-

597 1679 842 1743 cuntur
870 1670 1013 1738 sive
1069 1671 1526 1735 revertuntur.
1575 1661 1731 1728 Duo
1770 1680 1933 1727 vero
1991 1679 2143 1749 quae

598 1781 817 1871 tangit
846 1777 1197 1869 Magister,
1240 1773 1496 1843 scilicet
1543 1776 1782 1838 auctor
1818 1765 2148 1835 conditio-

596 1890 727 1973 nis»,
761 1895 829 1956 et
856 1885 1026 1954 dixit
1049 1884 1205 1972 fiat,
1239 1879 1660 1951 conveniunt
1689 1876 1750 1945 ei
1771 1873 2140 1944 secundum

596 1995 781 2090 quod
818 1999 1128 2063 creatura
1156 1997 1259 2060 est
1288 1987 1372 2056 ab
1405 1988 1556 2079 ipso
1586 1988 1658 2054 in
1688 1993 1843 2054 actu
1884 2003 1901 2053 ε
1946 1983 2064 2052 sed
2100 2005 2140 2051 a

598 2126 734 2196 quo
765 2101 1087 2171 convenit
1124 2097 1186 2167 ei
1241 2119 1365 2189 per
1400 2103 1630 2165 actum
1670 2094 1895 2185 ipsum
1939 2114 1956 2160 ε
2017 2114 2145 2158 au-

595 2211 871 2279 ctoritas
899 2214 1129 2275 autem
1167 2204 1492 2272 convenit
1550 2201 1615 2271 ei
1680 2201 1751 2268 in
1814 2205 2142 2290 quantum

594 2338 715 2408 per
742 2337 814 2383 se
840 2319 1201 2405 operatur:
1223 2319 1291 2379 et
1319 2308 1546 2377 dicere
1562 2308 1695 2398 fiat
1723 2307 1794 2373 in
1814 2313 2142 2395 quantum

595 2423 849 2493 relucet
880 2423 951 2490 in
991 2442 1197 2512 opere
1226 2417 1741 2510 appropriatum
1780 2436 2007 2483 suum.

682 2532 735 2600 F
739 2554 867 2600 imo
913 2551 1138 2599 Aurum
1175 2527 1295 2596 dat
1349 2525 1676 2618 Magister
1731 2523 1935 2592 etiam
1987 2544 2145 2612 sep-

593 2648 760 2719 tem,
802 2638 1057 2707 scilicet
1093 2636 1478 2717 veritatem,
1540 2627 2138 2724 pulchritudinem,

592 2748 910 2827 formam,
980 2766 1104 2837 per
1157 2764 1365 2836 quem
1403 2740 1521 2809 fiat
1588 2762 1787 2831 opuS,
1852 2737 2140 2807 formam

594 2877 802 2948 quam
831 2853 1212 2945 sequimur,
1244 2847 1767 2919 similitudinem
1825 2847 2146 2915 reforma-

593 2960 824 3040 tionis,
866 2967 933 3028 et
962 2957 1250 3027 verbum
1287 2978 1303 3024 ε
1347 2964 1414 3025 et
1444 2953 1595 3023 haec
1618 2961 1937 3045 aptantur
1974 2951 2143 3021 Filio

595 3066 970 3139 secundum
1005 3073 1301 3157 quatuor
1335 3061 1917 3133 considerationes
1972 3060 2140 3150 ejus,

595 3176 1045 3268 Comparatur
1063 3173 1248 3243 enim
1278 3170 1363 3240 ad
1381 3169 1718 3241 dicentem
1750 3166 2048 3248 Patrem,
2079 3176 2145 3237 et

599 3285 697 3354 sic
724 3291 826 3353 est
863 3283 1007 3374 ipse
1038 3278 1348 3349 Verbum
1391 3300 1409 3347 ε
1466 3284 1903 3369 comparatur
1938 3275 2143 3345 etiam

595 3392 683 3462 ad
712 3392 974 3462 exitum
1011 3396 1483 3483 creaturarum
1549 3408 1591 3453 a
1654 3385 1827 3465 Deo,
1895 3393 1963 3453 et
2015 3382 2146 3452 hoc

593 3499 978 3591 dupliciter,
1011 3496 1272 3567 scilicet
1309 3503 1387 3564 ut
1424 3493 1577 3563 idea
1620 3491 1740 3570 rei,
1773 3501 1843 3561 et
1877 3491 1975 3561 sic
2002 3492 2144 3583 ipse

597 3609 844 3678 dicitur
868 3606 1091 3675 forma
1128 3627 1145 3674 ε
1178 3613 1248 3674 et
1321 3612 1396 3672 ut
1454 3624 1577 3671 ens
1630 3609 1823 3670 extra
1868 3598 2144 3667 umbras

592 3712 1060 3806 privationum
1093 3732 1335 3778 eorum
1378 3727 1675 3800 quorum
1704 3713 1805 3774 est
1846 3704 2022 3783 idea,
2078 3711 2144 3772 et

591 3822 690 3891 sic
726 3821 870 3917 ipse
900 3826 1003 3887 est
1033 3813 1472 3909 pulchritudo
1501 3837 1518 3884 ε
1550 3822 1617 3883 et
1645 3821 1719 3881 ut
1746 3821 1965 3882 totum
1988 3833 2144 3881 con·

590 3931 816 3998 tineus
847 3923 1182 4020 quidquid
1213 3924 1283 3991 in
1314 3944 1385 3991 re
1415 3922 1721 3990 futurum
1753 3928 1878 3999 est,
1920 3927 1986 3989 et
2025 3920 2149 3987 im·

592 4030 1038 4103 materialiter
1065 4039 1135 4100 et
1163 4026 1709 4108 immutabiliter,
1755 4034 1822 4095 et
1860 4027 1956 4094 sic
2005 4027 2146 4117 ipse

593 4149 695 4210 est
729 4139 1025 4209 veritas:
1077 4137 1241 4230 quia
1307 4137 1559 4205 veritas
1607 4131 1979 4203 immobilis
2017 4142 2145 4217 est,

593 4256 659 4317 et
714 4243 1212 4315 immaterialis,
1276 4242 1352 4312 Si
1420 4252 1650 4312 autem
1727 4242 2143 4332 comparatio

595 4358 700 4425 sui
761 4355 878 4425 fiat
935 4355 1024 4424 ad
1098 4361 1483 4423 creaturam
1548 4361 1753 4444 prout
1842 4352 1980 4421 exit
2060 4350 2145 4419 ab

594 4472 945 4557 operante,
978 4463 1076 4531 sic
1103 4460 1500 4529 attribuitur
1544 4461 1606 4528 ei
1671 4482 1794 4552 per
1830 4480 2032 4550 quem
2073 4460 2144 4527 tit

594 4596 793 4665 opus,
823 4571 1048 4641 Tertia
1079 4569 1535 4640 consideratio
1563 4568 1716 4637 Filii
1758 4577 1857 4637 est
1904 4590 2143 4637 secun·

595 4682 759 4750 dum
789 4680 974 4774 quod
1005 4680 1149 4771 ipse
1187 4687 1292 4748 est
1319 4676 1649 4746 reducens
1700 4699 1826 4745 nos
1875 4674 1959 4745 ad
2008 4674 2147 4744 Pa-

595 4799 799 4869 trem,
842 4790 1014 4858 sicut
1058 4787 1221 4857 dicit
1263 4784 1663 4878 ApostoluS,
1721 4786 1806 4854 ad
1853 4784 2141 4852 Roman.

596 4918 665 4975 v,
691 4898 760 4976 2,
794 4895 957 4986 quia
985 4916 1108 4985 per
1168 4894 1393 4984 ipsum
1442 4912 1788 4961 accessum
1818 4889 2149 4959 habemus

598 5003 682 5072 ad
723 5002 999 5072 Patrem
1034 5004 1093 5070 ⁸:
1144 5009 1308 5070 tunc
1356 4998 1716 5092 dupliciter
1760 4998 2151 5068 considera·

597 5120 733 5192 tur,
760 5108 1025 5178 scilicet
1063 5115 1140 5176 ut
1178 5109 1410 5201 imago
1449 5107 1537 5176 ad
1602 5129 1809 5199 quam
1848 5113 2145 5174 nostram

593 5218 1090 5311 imaginamur,
1133 5224 1210 5285 ut
1284 5215 1538 5286 scilicet
1596 5212 1970 5283 secundum
2009 5235 2153 5281 mo-

598 5326 765 5396 dum
840 5322 1244 5418 possibilem
1310 5324 1513 5394 nobis
1569 5324 1939 5407 imitemur,
1981 5323 2155 5392 sicut

669 5580 686 5616 ¹
722 5580 810 5637 Ad
842 5582 1091 5636 Roman.
1125 5594 1179 5647 v,
1215 5581 1235 5632 ¹
1272 5582 1333 5634 et
1364 5579 1398 5632 2
1424 5594 1439 5633 ε
1468 5576 1770 5647 ludificati
1798 5591 1868 5631 ea:
1893 5573 2021 5645 fide,
2046 5590 2153 5646 pa·

597 5688 714 5729 cem
746 5670 1043 5728 habeamus
1066 5668 1143 5725 ad
1170 5668 1339 5726 Deum
1355 5685 1465 5741 per
1494 5667 1783 5726 Dominum
1800 5672 2044 5724 nostrum
2064 5666 2152 5720 Je-

1466 339 1473 344 =
1587 304 1671 370 D.
1725 301 1923 369 ALB.
1975 297 2191 364 MAG.

2244 296 2448 390 om).
2503 299 2798 367 PRAEn.

2265 468 2406 557 ipse
2441 488 2564 557 per
2602 449 3191 560 omniaimitatur
3241 470 3541 550 Patrem,
3584 477 3649 536 et
3702 470 3797 538 sic

2262 583 2363 642 est
2400 573 2620 643 forma
2649 598 2852 666 quam
2885 579 3234 667 sequimur
3266 602 3282 646 :
3318 586 3386 646 et
3430 584 3633 667 prout
3686 598 3797 642 re-

2259 693 2462 764 creat,
2499 694 2574 752 ut
2638 686 2968 753 mediator
3012 686 3135 753 Dei
3191 697 3257 755 et
3304 688 3686 765 hominum,
3731 694 3796 753 et

2257 795 2351 862 sic
2382 805 2484 863 est
2511 797 2882 865 similitudo
2922 800 3377 866 recreationis

2346 902 2639 972 Smmrm
2685 929 2922 974 sancto
2972 906 3293 996 Magister
3339 910 3545 975 etiam
3597 909 3793 976 attri-

2255 1011 2400 1079 buit
2426 1035 2547 1079 scx
2594 1013 2663 1080 in
2721 1016 2848 1081 isto
2905 1013 3227 1104 capitu10,
3288 1015 3564 1097 scilicet,
3609 1017 3791 1105 quod

2251 1119 2394 1209 ipse
2432 1128 2536 1187 est
2574 1119 2951 1198 delectatiO,
2987 1121 3255 1189 bonitas
3285 1122 3355 1189 in
3385 1144 3517 1212 qua
3558 1125 3790 1190 omnia

2251 1227 2705 1308 continentur,
2776 1229 2992 1318 gratia
3041 1251 3174 1319 qua
3244 1230 3783 1307 reconciliamur,

2248 1357 2382 1426 pax
2411 1357 2546 1427 qua
2594 1334 3014 1403 adhaeremus
3069 1336 3339 1419 unitati,
3401 1346 3466 1406 et
3532 1337 3785 1406 donum

2248 1443 2709 1533 benignitatiS,
2780 1466 2929 1534 quae
3002 1446 3421 1513 conveniunt
3507 1445 3785 1537 Spiritui

2247 1559 2481 1619 sancto
2510 1550 2883 1619 secundum
2913 1551 3247 1641 triplicem
3293 1552 3508 1642 ipsius
3553 1555 3784 1622 consi-

2229 1658 2691 1727 derationem.
2787 1657 2859 1725 Si
2928 1660 3111 1726 enim
3167 1658 3636 1729 consideratur
3714 1661 3783 1730 in

2244 1766 2749 1857 comparatione
2776 1765 2861 1834 ad
2890 1765 3162 1835 Patrem
3192 1775 3259 1834 et
3287 1767 3534 1836 Filium
3564 1792 3606 1836 a
3642 1771 3786 1861 qui·

2244 1874 2371 1942 bus
2400 1873 2726 1965 procedit,
2760 1872 2890 1942 hoc
2921 1874 2996 1941 tit
3031 1873 3299 1942 duobus
3330 1876 3576 1956 modis,
3611 1876 3785 1945 scili·

2244 1991 2370 2060 cet,
2414 1980 2788 2051 secundum
2829 1982 3159 2050 rationem
3206 2005 3346 2053 suae
3403 1986 3784 2074 processio-

2246 2094 2376 2176 niS,
2431 2100 2503 2162 et
2539 2091 2684 2160 haec
2738 2092 2910 2160 ratio
2978 2100 3080 2161 est
3142 2093 3304 2183 quia
3361 2093 3662 2185 procedit
3707 2101 3784 2162 ut

2244 2201 2513 2270 bonitas
2542 2208 2610 2269 et
2645 2222 2880 2269 amor:
2923 2210 3084 2270 tunc
3111 2203 3432 2271 convenit
3469 2204 3530 2271 ei
3582 2202 3781 2272 boni·

2245 2318 2371 2378 tas,
2463 2307 2538 2375 Si
2601 2316 2825 2376 autem
2891 2307 3358 2377 consideratur
3410 2311 3780 2379 secundum

2245 2413 2527 2484 modum
2577 2437 2712 2506 quo
2768 2438 2840 2484 se
2878 2413 3082 2483 habet
3112 2414 3197 2482 ad
3240 2416 3517 2487 Patrem
3576 2428 3640 2488 et
3672 2419 3784 2488 Fi-

2245 2522 2440 2608 lium,
2484 2531 2646 2592 tunc
2680 2524 3000 2592 convenit
3048 2525 3112 2590 ei
3150 2523 3558 2595 delectatio:
3625 2529 3784 2618 quia

2245 2633 2387 2722 ipse
2469 2640 2571 2700 est
2625 2630 2979 2700 delectatio
3045 2630 3335 2700 duorum
3413 2634 3782 2704 secundum

2248 2740 2892 2831 appropriationem.
2930 2741 3004 2810 Si
3045 2749 3271 2810 autem
3322 2744 3787 2812 consideratur

2248 2850 2317 2916 in
2354 2848 2861 2937 comparatione
2899 2847 2981 2916 ad
3012 2857 3389 2917 creaturam
3429 2851 3788 2919 universa-

2246 2953 2422 3034 liter,
2456 2961 2618 3023 tunc
2653 2955 2975 3024 convenit
3000 2957 3061 3024 ei
3091 2979 3236 3025 esse
3278 2956 3345 3024 id
3378 2959 3445 3025 in
3477 2980 3613 3049 quo
3645 2983 3790 3026 om-

2247 3062 2361 3132 nia
2385 3063 2842 3132 continentur.
2899 3063 3124 3133 Tertia
3187 3064 3637 3134 consideratio
3687 3077 3785 3135 est

2250 3171 2318 3240 in
2339 3172 2843 3263 comparatione
2862 3170 2948 3240 ad
2975 3181 3355 3241 creaturam
3388 3173 3784 3244 rationalem

2248 3282 2317 3349 in
2347 3303 2555 3373 quam
2581 3280 2906 3372 procedit,
2969 3291 3043 3350 ut
3099 3283 3315 3373 ipsam
3363 3286 3731 3354 sanctificet
3765 3309 3780 3353 :

2248 3395 2314 3455 et
2379 3397 2541 3455 tunc
2574 3387 3040 3457 consideratur
3104 3389 3478 3479 tripliciter,
3538 3390 3788 3461 scilicet

2250 3497 2319 3564 in
2348 3518 2446 3575 se,
2488 3496 2660 3564 sicut
2691 3495 2916 3587 ipsum
2955 3497 3250 3588 primum
3292 3497 3550 3567 donum
3591 3507 3690 3567 est
3719 3501 3790 3568 in

2249 3627 2383 3695 quo
2414 3602 2650 3671 omnia
2708 3602 3072 3683 donantur,
3124 3612 3191 3674 et
3227 3605 3326 3674 sic
3380 3608 3700 3676 convenit
3729 3608 3787 3674 ei

2248 3711 2508 3781 donum
2568 3711 3005 3805 benignitatis
3040 3734 3057 3780 ε
3128 3722 3191 3781 et
3261 3714 3330 3781 in
3396 3714 3791 3782 muneribus

2248 3824 2647 3914 gratiarum,
2669 3822 2851 3890 etsie
2877 3823 3196 3890 convenit
3225 3822 3287 3891 ei
3326 3844 3473 3891 esse
3503 3823 3788 3913 gratiam

2251 3931 2317 3997 in
2358 3951 2494 4020 qua
2525 3927 3094 3998 reconciliamur:
3156 3938 3222 3997 et
3281 3931 3350 3998 in
3408 3930 3646 3998 ellectu
3695 3952 3791 3999 se·

2250 4046 2497 4129 quente
2537 4036 2970 4106 collationem
3028 4038 3132 4105 sui
3172 4047 3239 4106 et
3282 4040 3680 4129 gratiarum,
3725 4046 3791 4105 et

2248 4146 2343 4213 sic
2373 4145 2692 4213 convenit
2753 4146 2815 4212 ei
2862 4167 3008 4213 esse
3066 4165 3298 4235 pacem
3359 4167 3492 4237 qua
3550 4145 3788 4213 unitati

2250 4251 2696 4321 adhaeremus.

2341 4360 2440 4428 Ex
2472 4357 2862 4450 praehabitis
2919 4368 3099 4450 patet
3137 4358 3526 4451 explanatio
3585 4362 3790 4429 totius

2250 4464 2528 4557 capituli
2558 4487 2772 4557 usque
2803 4463 2968 4534 illuc
3001 4488 3017 4535 ε
3076 4493 3106 4529 α
3147 4465 3429 4534 Verbum
3456 4490 3583 4559 per
3609 4468 3796 4559 quod

2249 4578 2518 4667 sactum
2555 4584 2652 4644 est
2681 4597 2877 4643 omne
2917 4575 3106 4667 quod
3145 4575 3696 4645 substantialiter
3731 4588 3792 4643 c!

2250 4682 2670 4751 natea-aliter
2704 4692 2823 4750 est.
2870 4683 3030 4752 naec
3059 4685 3292 4751 omnia
3321 4684 3481 4752 dicit
3520 4692 3793 4775 propter

2252 4799 2633 4883 peccatum,
2656 4791 2833 4883 quud
2868 4815 2992 4860 nec
3020 4790 3440 4876 naturaliter,
3478 4814 3598 4861 nec
3629 4792 3795 4859 sub-

2254 4899 2658 4970 stantialiter
2703 4910 2828 4981 est,
2892 4901 3008 4970 sed
3039 4901 3338 4970 delectus
3380 4900 3682 4970 incidens
3712 4925 3792 4970 ex

2252 5008 2515 5078 delectu
2557 5008 2716 5078 boni
2762 5034 2779 5079 τ
2814 5009 2992 5079 unde
3032 5033 3168 5078 non
3212 5010 3420 5079 habet
3457 5034 3601 5080 esse
3641 5035 3797 5102 per-

2255 5115 2503 5185 fectum
2543 5118 2914 5186 secundum
2964 5117 3147 5208 quod
3204 5117 3496 5185 Boetius
3552 5117 3797 5186 diffinit

2256 5246 2427 5305 esse,
2464 5247 2618 5294 cum
2657 5225 2864 5295 dicit:
2918 5224 3082 5292 Esse
3137 5232 3239 5293 est
3283 5226 3465 5316 quod
3489 5226 3794 5301 ordinem

2256 5333 2500 5401 retinet
2529 5342 2887 5425 servatque
2918 5340 3254 5402 naturam.

2255 5592 2373 5633 tum
2404 5575 2705 5643 Christum,
2731 5595 2838 5651 per
2861 5597 3022 5651 quem
3052 5588 3103 5636 et
3133 5582 3390 5636 habemus
3421 5597 3685 5637 accessum
3705 5600 3804 5653 per

2255 5668 2439 5741 fidem,
2475 5673 2588 5725 etc.
