4897 6388
1693 300 1790 367 IN
1836 298 1864 363 1
1917 251 2628 394 sanmurins'r.
2680 292 2804 374 111,
2858 295 2946 374 x,
2999 297 3370 400 ART.737.

936 470 1069 538 nisi
1124 471 1449 561 potentiae
1488 468 1991 555 distinguantur
2047 462 2133 530 ad
2199 464 2486 531 modum

936 600 1384 669 personarum
1431 599 1445 642 :
1491 597 1677 664 erg0‚
1712 583 1837 641 etc.

1030 686 1094 751 4.
1155 684 1518 763 Praeterea‚
1582 680 1911 748 Potentiae
1979 690 2494 773 cognoscuntur

938 815 1060 882 per
1089 801 1279 858 actus
1313 813 1327 855 ;
1366 791 1433 856 in
1474 788 1733 856 actibus
1780 798 2005 857 autem
2048 793 2333 857 istarum
2364 813 2497 879 po-

941 899 1308 966 tentiarum
1350 919 1524 963 unus
1556 905 1871 964 causatur
1915 897 2000 963 ab
2040 896 2205 979 alio,
2248 896 2496 963 volun-

938 1013 1042 1072 tas
1072 1006 1257 1072 enim
1297 1026 1438 1070 non
1476 1013 1576 1071 est
1605 1004 1731 1070 nisi
1773 1004 2051 1093 cogniti,
2086 1026 2211 1071 nec
2253 1005 2499 1071 notitia

944 1122 1046 1180 est
1074 1112 1205 1179 nisi
1242 1112 1389 1201 ejus
1418 1113 1609 1201 cujus
1641 1121 1740 1178 est
1778 1111 2015 1179 notitia
2072 1112 2254 1202 apud
2296 1135 2500 1180 men-

944 1230 1134 1288 tem:
1172 1241 1327 1286 cum
1385 1219 1593 1307 igitur
1650 1219 1745 1284 sic
1782 1218 1866 1284 sit
1905 1218 1974 1284 in
2032 1219 2319 1299 actibuS,
2374 1220 2502 1287 erit

947 1328 1186 1397 eodem
1221 1326 1425 1394 modo
1466 1328 1534 1393 in
1575 1328 1914 1416 potentiis.
1970 1326 2044 1395 Si
2092 1328 2265 1397 forte
2315 1329 2504 1397 dica-

947 1447 1084 1518 tur,
1121 1436 1303 1529 quad
1348 1436 1476 1504 iste
1522 1435 1688 1503 ordo
1743 1445 2018 1505 actuum
2066 1445 2168 1505 est
2223 1446 2506 1528 propter

951 1547 1253 1614 rationes
1296 1544 1542 1634 objecti
1597 1553 1663 1612 et
1708 1548 2195 1634 potentiarum,
2249 1547 2508 1616 scilicet

953 1652 1139 1746 quod
1168 1652 1427 1721 bonum
1461 1653 1645 1743 quod
1682 1662 1784 1720 est
1813 1653 2154 1742 objectum
2193 1656 2511 1733 volunta-

954 1763 1043 1829 tis
1073 1759 1281 1829 habet
1308 1769 1465 1829 ante
1495 1784 1566 1829 se
1604 1783 1844 1828 verum
1882 1762 2074 1851 cujus
2106 1771 2210 1830 est
2239 1762 2513 1831 intelle-

957 1879 1132 1950 ctuS,
1177 1879 1240 1938 et
1278 1869 1428 1938 ideo
1469 1869 1637 1937 illud
1666 1892 1904 1937 verum
1940 1871 2099 1940 facit
2125 1872 2514 1963 praecedere

959 1978 1426 2069 cognitionem
1456 1979 1599 2044 veri
1634 1999 1650 2044 ε
1684 1974 1817 2045 hoc
1842 1977 2011 2046 nihil
2040 1987 2143 2047 est
2175 2001 2192 2048 ε
2223 1982 2386 2071 quia
2415 2002 2516 2048 se·

962 2083 1266 2153 cundum
1321 2082 1455 2151 hoc
1492 2084 1694 2152 etiam
1757 2107 1996 2153 verum
2053 2085 2331 2156 deberet
2385 2086 2520 2156 ali-

4028 299 4148 369 147

2601 465 2776 533 alius
2840 468 3214 536 secundum
3278 470 3813 559 generationem,
3881 481 3942 538 et
3985 470 4156 537 alius

2601 576 2976 642 secundum
3000 587 3250 644 actum.
3282 576 3672 647 Secundum
3698 587 4003 646 naturam
4035 600 4152 644 vo-

2602 706 2681 750 co
2716 683 3053 765 ordinem,
3090 685 3362 774 quando
3405 686 3631 776 aliqua
3665 711 3766 754 res
3799 688 3865 753 in
3899 687 4154 752 ratione

2603 814 2728 858 sua
2756 795 2949 882 ponit
2997 817 3209 861 unum
3250 818 3395 863 esse
3427 805 3578 887 post
3607 796 3816 880 aliud,
3852 798 4022 864 sicut
4053 819 4156 861 ra-

2602 901 2698 966 tio
2731 903 2925 988 ponit
2955 923 3257 986 sensum,
3301 914 3367 972 et
3421 927 3657 971 sensus
3717 909 3904 994 ponit
3946 929 4159 997 vege-

2605 1007 2833 1085 tabile,
2870 1016 2938 1075 et
2963 1030 3101 1075 non
3144 1013 3564 1079 convertitur
3596 1036 3610 1078 :
3658 1021 3724 1080 et
3780 1014 4153 1091 secundum

2609 1113 2792 1182 hunc
2823 1115 3104 1183 modum
3138 1117 3282 1184 vult
3326 1120 3776 1209 AugustinuS‚
3810 1121 3991 1210 quod
4033 1145 4150 1188 vo·

2612 1220 2836 1288 luntas
2891 1224 3081 1311 ponit
3147 1223 3589 1302 intellectum,
3643 1234 3710 1293 et
3777 1226 4154 1294 intellectus

2613 1331 2808 1419 ponit
2864 1332 3292 1397 memoriam.
3345 1331 3533 1401 Unde
3572 1334 3630 1398 si
3691 1334 3844 1423 quis
3873 1333 4159 1403 diffiniat

2613 1437 3062 1518 voluntatem,
3107 1436 3283 1505 dicet
3311 1439 3494 1529 quod
3525 1440 3670 1527 ipsa
3702 1449 3802 1507 est
3830 1442 4167 1529 appetitus

2613 1542 2777 1611 boni
2811 1544 3064 1633 cogniti
3111 1566 3126 1610 :
3161 1552 3228 1612 et
3268 1546 3358 1612 ita
3389 1547 3456 1612 in
3479 1546 3879 1614 diffinitione
3917 1546 4170 1614 volun-

2614 1654 2775 1722 tatis
2805 1653 2984 1721 cadit
3038 1653 3417 1724 intellectus
3460 1682 3476 1723 ε
3520 1665 3586 1723 61
3638 1678 3778 1724 non
3835 1658 4178 1725 converti-

2620 1769 2755 1830 tur.
2801 1760 3130 1829 Similiter
3167 1763 3223 1829 si
3249 1765 3400 1854 quis
3441 1764 3727 1832 diffiniat
3759 1764 4171 1833 intellectum

2621 1868 2706 1936 de
2745 1890 2882 1959 quo
2925 1868 3225 1958 loquitur
3271 1871 3723 1960 AugustinuS,
3778 1870 3951 1940 dicet
3992 1871 4176 1963 quod

2626 1977 2769 2066 ipse
2801 1984 2905 2044 est
2931 1976 3201 2045 intuitio
3232 1979 3338 2045 sui
3384 1980 3453 2046 in
3494 1980 3733 2046 notitia
3790 1982 4033 2047 mentis
4067 2002 4082 2047 ε
4117 1986 4183 2046 et

2626 2085 2723 2152 sic
2773 2084 2844 2151 in
2906 2084 3315 2154 diffinitione
3383 2088 3487 2154 sui
3553 2089 3732 2156 cadit
3787 2090 4118 2156 memoria
4167 2111 4182 2156 :

963 2192 1130 2283 quid
1186 2198 1342 2260 ante
1399 2213 1471 2260 se
1536 2190 1787 2260 habere
1845 2193 2029 2282 quod
2079 2194 2523 2285 responderet
2632 2193 2969 2259 memoria
3020 2201 3250 2262 autem
3291 2216 3429 2261 non
3479 2193 3683 2263 habet
3729 2204 3881 2263 ante
3937 2219 4006 2264 se
4058 2196 4189 2263 nisi

969 2285 1318 2367 metfioriae
1357 2319 1508 2390 quae
1543 2298 1766 2387 prima
1802 2307 1904 2367 est
1945 2300 2323 2370 secundum
2375 2303 2523 2369 Au·
2635 2309 2937 2371 mentem
2989 2310 3063 2369 ut
3106 2301 3517 2392 subjectum.
3565 2303 3645 2372 Et
3684 2305 3809 2372 iste
3838 2326 4193 2394 processus

968 2408 1348 2500 gustinum.
2638 2407 2967 2477 naturalis
3023 2408 3282 2477 ordinis
3343 2411 3702 2501 respondet
3776 2410 4193 2480 distinctioni

1061 2519 1127 2586 5.
1161 2514 1529 2596 Praeterea,
1558 2514 1632 2582 Si
1664 2514 1860 2584 detur
1897 2515 2028 2587 hoc
2063 2541 2212 2587 esse
2249 2527 2532 2609 propter
2642 2535 3117 2602 personarum.
3188 2512 3535 2594 Quantum
3591 2518 3802 2606 igitur
3865 2517 3948 2584 ad
4017 2515 4195 2583 hunc

972 2625 1240 2716 objecta
1288 2647 1305 2691 ε
1355 2632 1587 2692 tamen
1643 2625 1801 2715 quia
1857 2634 2044 2695 actus
2099 2627 2535 2695 diffiniuntur
2645 2618 2958 2688 ordinem
2988 2620 3425 2689 concedimus
3471 2625 3767 2691 rationes
3814 2626 4032 2713 primo
4091 2623 4202 2689 in-

974 2756 1095 2825 per
1124 2730 1416 2823 objecta,
1462 2740 1528 2800 et
1573 2733 1894 2823 potentiae
1930 2757 2052 2823 per
2097 2744 2314 2818 actus,
2348 2735 2536 2804 redi·
2643 2726 2906 2804 ductas,
2942 2749 3092 2817 quae
3139 2726 3397 2819 absque
3444 2729 3652 2798 dubio
3692 2730 4063 2798 secundum
4093 2730 4201 2796 in-

973 2842 1078 2910 bit
1114 2838 1248 2909 hoc
1283 2840 1530 2909 iterum
1562 2838 1646 2907 ad
1706 2840 2008 2912 ordinem
2043 2844 2532 2936 potentiarum.

1072 2950 1139 3017 6.
1182 2947 1548 3031 Praeterea,
1591 2945 1852 3037 objecta
1890 2953 2350 3041 potentiarum
2378 2951 2542 3019 ani-

986 3080 1118 3128 mae
1169 3056 1546 3126 secundum
1609 3055 2101 3150 Philosophum
2156 3068 2317 3128 nata
2380 3064 2545 3127 sunt

985 3167 1232 3238 inferre
1262 3163 1652 3256 passionem
1676 3165 1837 3259 ipsis
1875 3168 2197 3258 potentiis
2229 3189 2247 3237 ε
2282 3176 2350 3236 61
2375 3167 2543 3258 ipsae

991 3277 1311 3369 potentiae
1362 3283 1539 3345 natoe
1595 3284 1756 3345 sunt
1810 3277 1949 3366 pati
1986 3275 2073 3344 ab
2146 3275 2332 3344 illis:
2383 3298 2545 3345 cum

991 3387 1202 3478 igitur
1245 3406 1459 3476 agens
1517 3384 1863 3474 imprimat
1915 3385 2200 3474 patienti
2246 3384 2548 3475 speciem

996 3491 1184 3559 illam
1235 3512 1441 3583 quam
1501 3497 1723 3581 potest
1767 3491 2106 3580 suscipere
2155 3492 2420 3581 patiens
2464 3487 2550 3557 ab

995 3607 1269 3691 agente,
1327 3596 1597 3667 videtur
1638 3596 1819 3686 quod
1886 3596 2206 3686 perfectio
2264 3598 2552 3664 istarum

997 3707 1458 3798 potentiarum
1489 3704 1575 3772 sit
1603 3727 1641 3770 a
1671 3702 2024 3794 speciebus
2068 3702 2497 3794 objectorum
2534 3724 2551 3770 :

997 3813 1205 3904 igitur
1230 3812 1406 3880 sicut
1433 3808 1834 3878 ordinantur
1860 3809 2117 3899 species
2137 3809 2207 3876 in
2236 3808 2546 3898 objectis,

1000 3922 1090 3989 ita
1132 3918 1512 3988 necessario
1567 3913 2065 3985 ordinabuntur
2107 3917 2427 4005 potentiae
2482 3917 2554 3984 in

1005 4029 1237 4098 anima
1270 4049 1286 4093 :
1331 4024 1541 4117 igitur
1567 4024 1948 4092 necessario
1971 4022 2210 4092 ordine
2240 4047 2379 4092 una
2405 4047 2563 4114 pro-

1010 4134 1184 4204 cedit
1206 4133 1291 4202 ab
1314 4132 1469 4211 alia,
1488 4139 1558 4198 ut
1580 4131 1845 4199 videtur
1863 4131 2084 4200 dicere
2107 4133 2561 4223 Augustinus.

662 4284 759 4334 54
797 4288 986 4329 eontra.
1108 4245 1242 4311 San
1277 4265 1528 4311 comui
1562 4264 1577 4309 ε

742 5444 949 5496 wuito.

1110 4352 1171 4417 1.
1206 4347 1358 4417 lstae
1387 4348 1702 4440 potentiae
1723 4347 1927 4414 simul
1947 4346 2287 4417 habentur
2305 4371 2345 4417 a
2374 4370 2573 4417 crea-

1015 4461 1202 4528 tione
1234 4457 1481 4526 animae
1515 4479 1531 4523 :
1566 4478 1730 4546 ergo
1788 4478 1921 4524 una
1961 4479 2101 4525 non
2132 4456 2438 4546 procedit
2486 4455 2572 4524 ab

1017 4565 1174 4634 alia.

1108 4678 1174 4744 2.
1209 4672 1572 4750 Praeterea.
1633 4669 1966 4740 Voluntas
2025 4670 2235 4739 etiam
2301 4671 2373 4738 in
2418 4678 2578 4740 actu

1023 4807 1162 4855 non
1202 4782 1584 4852 necessario
1633 4780 1936 4873 sequitur
1979 4782 2379 4871 cognitum:
2417 4781 2581 4872 quia

1025 4900 1183 4961 sunt
1238 4888 1518 4982 quidam
1576 4887 1830 4980 optime
1881 4895 2398 4978 cognoscenteS,
2448 4893 2582 4955 ete

1023 4999 1366 5068 contrario
1414 5004 1689 5088 agentes
1748 5018 1765 5063 z
1819 5016 1979 5083 ergo
2022 4993 2316 5074 videtur,
2396 4992 2587 5084 quod

1026 5105 1346 5175 voluntas
1371 5126 1512 5173 non
1543 5102 1919 5173 necessario
1960 5103 2220 5170 oriatur
2255 5124 2343 5170 ex
2377 5100 2589 5170 intel-

1028 5213 1233 5283 lectu.

1128 5426 1441 5496 Somno.
1504 5423 1667 5492 Sine
1725 5420 2113 5514 praejudicio
2173 5420 2353 5505 dicu,
2406 5418 2595 5512 quod

1039 5543 1140 5605 est
1179 5533 1347 5604 ordo
1380 5529 1776 5600 naturaliter
1805 5530 1979 5597 inter
2022 5528 2187 5597 istas
2223 5526 2591 5620 potentias.

1042 5644 1159 5713 Est
1190 5652 1418 5713 autem
1448 5638 1620 5709 alius
1658 5638 1825 5708 ordo
1847 5637 2221 5710 secundum
2249 5645 2596 5721 naturam,

2648 2836 3024 2904 tentionem
3077 2837 3442 2926 Augustini
3482 2839 3552 2906 in
3594 2837 3764 2906 libro
3809 2836 3899 2906 ΙΧ
3932 2837 4012 2906 de
4057 2839 4205 2905 m-

2647 2943 2867 3011 nitate
2894 2949 3055 3009 sunt
3082 2941 3414 3011 adductae.
3462 2944 3644 3013 Ordo
3691 2954 3915 3013 autem
3957 2968 4204 3012 sccun-

2651 3048 2815 3117 dum
2881 3049 3393 3139 generationem
3441 3061 3540 3119 cst
3606 3051 3771 3120 ordo
3829 3050 4200 3120 secundum

2656 3167 2953 3248 tempus,
2996 3165 3062 3225 ct
3116 3157 3271 3226 talis
3327 3181 3464 3228 non
3521 3170 3621 3230 est
3677 3161 3796 3231 ibi.
3847 3160 4028 3229 Ordo
4076 3184 4203 3228 au-

2657 3276 2799 3337 tem
2848 3277 3124 3336 actuum
3172 3277 3398 3360 potest
3443 3293 3590 3340 csse
3635 3270 3902 3339 duobus
3955 3271 4198 3350 modis,

2658 3375 2983 3447 sciliceta
3015 3377 3434 3467 praecedente
3489 3379 3571 3447 ad
3620 3402 3934 3470 sequens,
3984 3390 4046 3448 et
4097 3380 4209 3448 ille

2661 3509 2805 3555 non
2833 3494 2935 3553 est
2966 3488 3386 3556 necessarius
3430 3510 3445 3555 ε
3489 3511 3625 3557 non
3671 3489 3851 3558 enim
3910 3491 4215 3581 sequitur

2662 3595 2719 3663 si
2750 3595 3066 3663 notitiam
3107 3595 3201 3662 rei
3242 3595 3420 3686 apud
3468 3596 3799 3678 sehabet,
3850 3598 4028 3689 quod
4062 3622 4215 3687 pro-

2666 3709 2815 3793 pter
2878 3698 3010 3768 hoc
3052 3703 3433 3769 necessario
3492 3702 3822 3794 intelligat
3863 3722 3881 3773 t
3935 3727 4054 3770 nec
4102 3728 4216 3770 sc-

2671 3807 2907 3897 quitur
2933 3806 2991 3874 si
3024 3804 3364 3896 intelligit,
3419 3808 3602 3897 quod
3643 3817 3917 3898 propter
3945 3807 4071 3876 hoc
4100 3831 4226 3875 nc-

2672 3915 2968 3983 cessario
2998 3912 3187 3994 velit,
3230 3915 3362 3981 nisi
3408 3914 3475 3982 in
3534 3938 3670 3984 uno
3731 3938 3915 3995 casu,
3975 3916 4225 3984 scilicet

2674 4021 2950 4114 quando
2993 4021 3232 4089 notitia
3264 4023 3575 4090 meminit
3620 4026 3750 4102 sui,
3783 4023 4093 4113 intelligit
4127 4048 4226 4106 56,

2674 4138 2743 4198 61
2773 4128 2922 4195 vult
2960 4151 3030 4195 se
3062 4150 3077 4194 :
3113 4127 3230 4195 sed
3262 4150 3400 4196 non
3439 4131 3747 4220 sequitur
3796 4129 3923 4197 hoc
3954 4154 4235 4221 genera-

2679 4238 2853 4306 liter.
2892 4234 3115 4302 Sede
3172 4258 3502 4304 converso
3551 4247 3650 4304 cst
3707 4237 3875 4306 ordo
3934 4261 4233 4306 neccssa-

2683 4349 2848 4423 rius,
2909 4344 3188 4422 scilicet,
3258 4345 3313 4412 si
3372 4343 3543 4427 vult,
3603 4346 3787 4436 quod
3853 4349 4230 4415 necessario

2683 4455 3034 4547 cognoscit
3078 4475 3094 4519 ε
3130 4461 3198 4521 61
3227 4453 3280 4520 si
3320 4456 3694 4545 cognoscit.
3730 4454 3911 4545 quod
3932 4476 4234 4523 neccssa-

2687 4566 2789 4632 rio
2827 4562 3139 4630 notitiam
3180 4562 3361 4654 apud
3391 4584 3461 4629 se
3492 4561 3736 4631 habeat
3771 4570 3877 4630 :ct
3921 4560 4061 4630 haec
4080 4585 4240 4630 con-

2688 4672 3041 4763 sequentia
3081 4670 3324 4760 probat
3361 4671 3667 4739 ordinem
3708 4680 3966 4740 naturae
4011 4672 4077 4738 in
4108 4693 4239 4763 po-

2691 4779 2923 4848 tentiis
2960 4800 3163 4869 quem
3196 4775 3519 4845 diximus.

2787 4887 2861 4954 Si
2908 4894 3139 4953 autem
3198 4885 3517 4976 objicitur
3563 4885 3742 4976 quod
3820 4887 4239 4975 Augustinus

2696 4993 2861 5063 dicit
2888 4993 2959 5059 in
2988 4990 3160 5059 libro
3192 4990 3287 5058 lx
3318 4991 3402 5059 de
3429 4993 3780 5069 Trinitale,
3824 4992 4004 5083 quod
4047 4994 4239 5085 igno·

2699 5112 2846 5171 tum
2913 5107 3136 5188 potest
3191 5097 3383 5187 diligi
3465 5097 3838 5189 dummodo
3903 5101 4239 5185 credatur,

2702 5204 3068 5277 dicendum
3102 5204 3286 5296 quod
3315 5206 3525 5273 sumit
3562 5207 3872 5297 ignotum
3913 5209 4097 5298 quod
4133 5232 4247 5277 ra-

2703 5317 2891 5385 tione
2930 5321 3157 5383 creata
3193 5335 3335 5381 non
3364 5323 3465 5382 est
3520 5325 3786 5395 notum.
3836 5338 3976 5385 non
4004 5339 4126 5407 pro
4164 5340 4246 5386 eo

2708 5421 2895 5516 quod
2933 5418 3124 5493 nullo
3173 5420 3380 5489 modo
3434 5431 3535 5491 cst
3582 5432 3822 5492 notum
3859 5446 3875 5493 ε
3924 5424 4250 5494 creditum

2710 5532 2893 5602 enim
2926 5529 3157 5622 aliquo
3187 5529 3395 5598 modo
3435 5540 3536 5600 est
3573 5540 3840 5601 notum.

2802 5639 2891 5708 Et
2924 5661 3049 5731 per
3083 5636 3217 5708 hoc
3251 5646 3437 5731 patet
3464 5638 3711 5710 solutio
3745 5640 3825 5709 ad
3861 5650 4100 5711 totum.
