4897 6388
740 5154 836 5199 Smt
860 5159 1050 5201 contre.

1881 413 1974 478 JN
2023 412 2048 477 1
2101 354 2543 478 smer'ssu‘r.
2584 403 2804 476 ulsT.
2860 405 3075 483 xvu,
3135 408 3210 483 Β,
3268 407 3461 474 Au'r.
3516 408 3579 472 2.
4167 403 4293 469 467

1090 578 1528 674 proximum
1569 605 1583 654 :
1624 605 1801 679 qua·
1845 580 2177 655 charitas
2220 601 2394 653 cum
2426 576 2531 651 ita
2561 587 2677 651 est
2715 576 3072 668 innubis,
3115 585 3193 648 ut
3224 600 3364 649 nos
3421 575 3644 648 saciat
3686 573 4006 668 diligere
4046 571 4294 644 Deum

1090 726 1160 789 et
1200 716 1671 813 proximum,
1719 726 1902 790 tunc
1945 715 2277 812 Spiritus
2310 721 2621 788 sauctus
2656 711 2936 785 dicitur
2978 709 3165 783 mitti
3213 711 3328 783 vel
3372 707 3531 783 dari
3569 706 3789 781 nobis
3834 733 3853 776 .·
3897 715 3971 780 et
4010 703 4141 801 qui
4184 704 4300 776 di-

1090 851 1257 946 tigit
1296 853 1544 950 ipsam
1586 851 2073 925 dilectionem
2110 873 2266 947 qua
2306 848 2551 944 diligit
2586 846 3046 945 proximum,
3085 846 3158 917 iu
3196 869 3285 918 eo
3320 844 3484 941 ipso
3528 843 3770 915 Deum
3806 839 4080 936 diligit,
4118 838 4302 936 quia

1090 986 1254 1083 ipsa
1297 987 1610 1063 dilectio
1652 987 1863 1063 Deus
1905 997 2042 1074 est,
2105 986 2176 1058 id
2220 995 2360 1078 est,
2408 982 2740 1081 Spiritus
2781 991 3117 1057 sauctus.

1547 1555 2051 1626 An‘rtcums
2094 1556 2180 1624 11.
2250 1521 2300 1588 -ἵ-
2466 1555 2473 1564 ·

1093 1769 1342 1836 Utrum
1384 1771 1578 1836 mitti
1596 1779 1824 1860 posset
1854 1768 2105 1847 Filius,
2143 1770 2240 1835 ita
2271 1769 2461 1859 quod
2509 1793 2642 1835 non

1349 1878 1677 1944 mittatur
1705 1877 2015 1968 Spiritus
2042 1887 2318 1944 sanctus
2342 1879 2379 1942 ?

1171 2192 1435 2262 Deinde
1476 2194 1803 2286 quaeritur
1834 2194 1914 2262 de
1955 2194 2085 2263 hoc
2124 2195 2308 2287 quod
2368 2196 2523 2265 dicit
2571 2197 2639 2264 in

1080 2301 1343 2369 Littera
1376 2301 1443 2369 in
1486 2300 1785 2370 secundo
1827 2302 2121 2393 capitulo
2147 2303 2380 2393 primae
2402 2305 2632 2393 partis,

1083 2409 1199 2486 ibi,
1249 2435 1283 2475 α
1323 2412 1491 2496 Qum
1519 2409 1825 2477 charitas
1853 2434 2008 2479 cum
2051 2413 2148 2478 ita
2178 2423 2277 2480 est
2315 2415 2384 2480 1'11
2414 2412 2632 2493 nobe‘S,

1082 2527 1157 2585 ut
1189 2540 1313 2585 nos
1335 2521 1562 2608 sacia!
1590 2519 1883 2610 dilae'yere
1910 2523 2154 2600 Deum,
2190 2529 2315 2590 etc,
2350 2547 2381 2586 u

1171 2624 1475 2692 Dubium
1508 2626 1691 2692 enim
1732 2625 1955 2695 adhuc
1994 2636 2090 2695 est
2121 2637 2396 2719 propter
2425 2652 2637 2719 quos-

1078 2732 1260 2804 dam.
1306 2741 1537 2800 ulrum
1591 2736 1803 2825 possit
1840 2737 2009 2803 mitti
2061 2735 2292 2814 Filius,
2330 2737 2420 2805 ita
2452 2736 2634 2828 quod

1082 2863 1216 2906 uon
1269 2842 1582 2907 mittatur
1639 2841 1934 2930 Spiritus
1989 2847 2314 2911 sanctus?
2354 2843 2637 2912 Videtur

1079 2947 1289 3023 enim,
1323 2947 1505 3037 quod
1549 2948 1645 3015 sic
1693 2971 1707 3015 :

1179 3058 1232 3120 l.
1293 3054 1472 3121 Mitti
1551 3057 1737 3123 enim
1790 3066 1890 3124 est
1940 3062 2255 3146 cognosci
2311 3061 2491 3150 quod
2551 3060 2634 3127 ab

1082 3161 1216 3229 alio
1259 3163 1398 3231 sit:
1463 3163 1578 3230 sed
1643 3162 1852 3232 Filius
1908 3175 2129 3256 potest
2182 3170 2501 3259 cognosci
2552 3169 2636 3237 ab

1078 3271 1212 3337 alio
1254 3295 1429 3351 esse,
1476 3273 1567 3338 ita
1628 3273 1815 3362 quod
1864 3297 2001 3341 non
2050 3286 2499 3361 cognoscatur
2552 3278 2637 3345 ab

1077 3376 1212 3444 alio
1269 3402 1416 3445 esse
1482 3379 1785 3469 Spiritus
1841 3390 2113 3449 sanctus
2161 3404 2176 3449 τ
2231 3407 2394 3473 ergo
2464 3385 2639 3453 mitti

1081 3494 1301 3575 potest
1349 3485 1581 3563 Filius,
1621 3487 1713 3554 ita
1745 3487 1926 3578 quod
1963 3512 2095 3556 non
2140 3491 2450 3559 mittatur
2491 3492 2641 3583 spi-

1084 3592 1251 3658 ritus
1271 3602 1569 3661 sanctus.

1172 3705 1238 3767 2.
1285 3700 1486 3785 ltem,
1540 3701 1772 3770 Multa·
1823 3715 1980 3771 sunt
2032 3704 2480 3775 revelationes
2519 3729 2641 3774 oc-

1084 3808 1427 3877 cultorum
1490 3810 1875 3878 insomniis
1914 3822 1975 3878 ct
2009 3814 2409 3894 visionibus,
2470 3817 2643 3883 sicut

1094 3918 1156 3984 in
1190 3916 1593 4008 prophetiis,
1624 3920 1689 3986 in
1723 3920 1970 4009 quibus
1994 3944 2126 3988 uon
2150 3931 2248 3990 est
2281 3923 2641 4008 conjuncta

1088 4028 1304 4115 gratia
1336 4037 1607 4116 gratum
1642 4028 1892 4095 l'aciens
1937 4052 1951 4097 :
1995 4054 2158 4122 ergo
2189 4054 2343 4099 cum
2379 4032 2446 4099 in
2487 4055 2640 4123 gra·

1088 4136 1179 4201 tia
1239 4135 1676 4225 perfectionis
1718 4137 2100 4207 intellectus
2147 4140 2411 4209 dicatur
2464 4141 2638 4208 mitti

1092 4243 1329 4321 Filius,
1368 4244 1579 4312 Filius
1617 4246 1931 4324 mittitur,
1968 4250 2055 4314 ita
2107 4250 2290 4340 quod
2339 4273 2474 4316 nou
2530 4248 2644 4317 ha·

1090 4352 1292 4420 betur
1331 4356 1549 4443 gratia
1579 4364 1852 4445 gratum
1887 4357 2157 4424 faciens.

1178 4466 1241 4532 23.
1282 4464 1481 4543 ltem,
1523 4465 1597 4532 ln
1632 4465 1908 4534 Psalmo
1938 4493 2043 4539 cx.
2089 4471 2162 4535 tu
2199 4493 2212 4535 :
2252 4470 2645 4538 Intellectus

1094 4569 1310 4636 homes
1358 4570 1682 4638 omnibus
1730 4573 2147 4661 sarientibus
2196 4599 2346 4642 eum
2408 4600 2430 4643 .·
2481 4599 2643 4666 ergo

1088 4674 1387 4755 videtur,
1431 4677 1612 4766 quod
1648 4699 1786 4744 non
1841 4679 2236 4747 iacientibus
2281 4681 2502 4748 malus
2532 4683 2639 4757 sit,

1090 4795 1155 4853 et
1186 4794 1416 4853 tamen
1447 4797 1548 4853 est
1579 4786 1958 4855 intellectus
1991 4813 2007 4857 ε
2044 4813 2209 4881 ergo
2238 4815 2392 4859 cum
2426 4793 2642 4881 gratia

1093 4891 1476 4960 intellectus
1515 4894 1829 4961 mittatur
1880 4895 2110 4975 Filius,
2166 4897 2375 4966 Filius
2426 4901 2647 4966 mitti-

1094 5007 1203 5065 tur
1230 4999 1376 5065 sine
1403 5000 1621 5089 gratia
1660 5010 1930 5091 gratum
1962 5001 2270 5072 faciente.

1186 5107 1321 5173 Suu
1369 5129 1663 5176 cosma:

1187 5218 1245 5285 l.
1294 5214 1529 5284 Primo
1570 5225 1912 5307 quaeratur
1949 5218 2034 5285 ab
2076 5220 2220 5286 istis
2265 5222 2381 5310 qui
2441 5220 2649 5287 ratio-

1095 5347 1214 5390 nes
1256 5322 1379 5391 has
1441 5323 1796 5402 inducunt,
1859 5328 1973 5394 ubi
2023 5353 2059 5395 a
2111 5351 2459 5419 quoquam
2498 5352 2649 5396 san·

1094 5438 1360 5497 ctorum
1390 5429 1705 5520 legerint,
1740 5433 1923 5521 quod
1957 5435 2261 5501 mittatur
2307 5456 2443 5502 nou
2493 5457 2648 5501 san-

1172 5697 1186 5730 ¹
1226 5692 1283 5749 S.
1319 5697 1701 5764 Anat-smus,
1728 5694 1847 5751 Lib.
1882 5695 1951 5750 lv
1973 5695 2045 5751 tle
2064 5696 2368 5764 Trinitate,
2401 5714 2528 5769 cap.
2562 5700 2652 5753 20.

1167 5783 1186 5817 ²
1218 5784 1303 5839 Ct‘.
1338 5784 1549 5857 Supra,
1585 5785 1727 5841 Dist.
1763 5786 1856 5842 XV
1889 5785 1948 5841 in
1978 5788 2202 5854 Littera,
2235 5805 2363 5860 cap.
2391 5789 2447 5843 Ι..

2758 1323 2935 1391 ctis?
2965 1330 3030 1389 et
3060 1344 3198 1388 non
3229 1321 3651 1388 estinvenire
3681 1322 4152 1390 auctoritatem
4179 1340 4302 1388 nec

2755 1452 2965 1497 unam
3003 1452 3017 1496 :
3053 1438 3119 1497 et
3148 1452 3299 1498 ecce
3332 1431 3579 1498 multas
3606 1452 3965 1521 ponemuS,
4010 1428 4193 1520 quod
4229 1430 4299 1495 in

2755 1538 2973 1628 gratia
3001 1545 3269 1627 gratum
3301 1536 3607 1605 faciente.
3646 1538 4067 1628 Augustinus
4107 1537 4175 1603 in
4216 1536 4303 1602 li-

2756 1643 2876 1711 bro
2917 1645 3011 1711 lv
3044 1644 3126 1713 de
3159 1646 3493 1713 Trinitate
3524 1648 3539 1681 ¹
3580 1669 3594 1712 :
3627 1645 3845 1713 Aliter
3872 1647 4163 1713 mittitur
4190 1667 4302 1712 sa-

2752 1754 3008 1843 pientia
3060 1761 3136 1820 ut
3192 1755 3278 1819 sit
3316 1776 3469 1820 cum
3505 1752 3807 1832 homine,
3860 1752 4055 1821 aliter
4096 1754 4300 1820 missa

2754 1868 2955 1928 estut
2984 1863 3072 1927 sit
3109 1860 3342 1927 homo.
3378 1861 3455 1928 ln
3504 1863 3766 1930 animas
3804 1861 3988 1930 enim
4034 1870 4302 1929 sanctas

2752 1989 2825 2036 se
2857 1969 3195 2046 transfert,
3240 1976 3305 2035 et
3333 1970 3591 2037 amicos
3641 1968 3761 2037 Dei
3803 1979 3867 2038 et
3920 1967 4301 2058 Prophetas

2752 2077 3125 2154 constituit,
3150 2076 3324 2143 sicut
3351 2077 3554 2144 etiam
3587 2076 3828 2166 implet
3853 2084 4122 2145 sanctos
4153 2077 4302 2142 Au-

2755 2182 2949 2275 gelos
2986 2180 3031 2248 ¹.
3067 2181 3347 2249 Constat
3376 2190 3627 2262 autem,
3672 2182 3855 2273 quod
3887 2185 4144 2252 amicos
4177 2182 4299 2248 Dei

2752 2313 2888 2359 non
2919 2293 3270 2359 constituit
3310 2293 3436 2358 nisi
3475 2292 3690 2380 gratia
3736 2300 4008 2381 gratum
4057 2290 4303 2358 facien-

2749 2406 2837 2466 te.
2874 2396 3054 2488 Ergo
3097 2418 3179 2465 ex
3237 2395 3461 2463 verbis
3504 2398 3873 2488 Augustini
3928 2397 4299 2488 colligitur,

2747 2507 2928 2598 quod
2989 2510 3056 2575 in
3088 2511 3303 2597 gratia
3343 2514 3613 2597 gratum
3663 2506 3950 2575 faciente
4008 2508 4301 2573 mittitur

2748 2613 2982 2681 Filius.

2836 2725 2899 2787 2.
2947 2719 3140 2797 ltem,
3170 2721 3602 2811 Augustinus
3641 2721 3930 2812 loquens
3957 2721 4040 2789 de
4081 2722 4299 2788 missi·

2748 2853 2877 2897 one
2901 2828 3231 2920 spirituali
3279 2829 3425 2896 Filii
3466 2828 3622 2898 dicit
3652 2831 3747 2897 sic
3780 2831 3845 2896 in
3879 2829 4050 2898 libro
4093 2829 4183 2896 lx·
4211 2830 4294 2897 de

2755 2938 3117 3006 Trinitate:
3179 2936 3349 3005 Cum
3407 2961 3489 3005 ex
3539 2946 3840 3028 tempore
3889 2940 4289 3028 cujusquam

2750 3056 2973 3113 mente
3038 3048 3422 3138 percipitur,
3467 3047 3638 3114 mitti
3689 3046 3962 3138 quidem
4022 3047 4289 3124 dicitur,

2747 3154 2865 3222 sed
2908 3157 3151 3223 nonin
3211 3153 3390 3223 hunc
3450 3154 3839 3223 mundum:
3914 3179 4048 3224 non
4107 3156 4289 3222 euim

2749 3266 3157 3333 sensibiliter
3194 3273 3496 3356 apparet,
3532 3266 3595 3333 id
3626 3275 3747 3341 est,
3802 3265 4111 3333 sensibus
4150 3289 4294 3332 cor·

2751 3375 2974 3465 porcis
3006 3383 3245 3463 przesto
3285 3383 3409 3441 est.
3454 3372 3627 3440 Nam
3668 3383 3731 3440 et
3764 3397 3887 3441 uos
3918 3374 4291 3442 secundum

2753 3478 2933 3569 quod
2977 3487 3197 3546 mente
3254 3479 3507 3569 aliquid
3563 3490 3890 3547 aeternum
3958 3481 4292 3570 capimus,

2755 3609 2894 3655 non
2934 3588 3001 3654 in
3033 3586 3162 3655 hoc
3203 3587 3460 3654 mundo
3512 3610 3795 3654 sumus:
3870 3595 3937 3656 et
3984 3588 4294 3655 «ninnium

2743 3694 3087 3783 justorum
3128 3696 3404 3785 spiritus
3442 3695 3645 3762 etiam
3692 3695 3756 3761 iu
3798 3693 3925 3762 hac
3963 3718 4161 3761 carne
4202 3694 4300 3759 vi·

2752 3804 3084 3884 ventiuut,
3160 3806 3227 3869 in
3285 3811 3617 3894 quantum
3693 3803 3922 3870 diviua
3994 3803 4293 3894 sapiunt,

2755 3935 2889 3979 non
2923 3919 3078 3979 sunt
3122 3911 3187 3978 in
3218 3910 3348 3980 hoc
3379 3911 3636 3979 mundo
3668 3909 3712 3978 ³.
3757 3911 3876 3979 ttic
3912 3912 4154 3980 iterum
4188 3932 4299 4002 pa·

2755 4029 2845 4088 tet
2878 4020 3058 4111 quod
3090 4019 3272 4097 dicit,
3303 4020 3485 4111 quod
3520 4019 3727 4087 Filius
3759 4022 4050 4087 mittitur
4078 4021 4144 4086 in
4178 4019 4301 4085 du·

2754 4130 2861 4197 nis
2897 4132 3128 4219 gratim
3158 4138 3425 4218 gratum
3468 4128 3794 4196 facientis.

2844 4240 2908 4305 3.
2974 4236 3164 4310 item,
3236 4238 3657 4328 Augustinus
3725 4238 3792 4304 iu
3852 4235 4024 4305 libro
4083 4235 4137 4303 lt
4214 4236 4295 4303 de

2761 4346 3087 4413 Trinitate
3124 4345 3306 4423 dicit,
3350 4344 3532 4436 quod
3572 4343 3780 4412 homo
3831 4358 4222 4437 assumptus
4260 4369 4300 4411 a

2752 4452 2985 4521 Verbo
3027 4477 3158 4520 non
3208 4452 3439 4520 habuit
3487 4451 3811 4531 Verbum,
3856 4462 3926 4521 ut
3987 4453 4098 4521 alii
4150 4477 4304 4520 san·

2754 4560 2841 4628 cti
2882 4563 3219 4652 sapientes
3256 4572 3303 4629 ⁴.
3344 4560 3511 4628 Ecce
3550 4569 3612 4628 et
3655 4560 3764 4630 hic
3803 4561 3964 4629 dicit
4014 4561 4302 4629 Sanctus

2755 4671 2872 4759 qui
2907 4668 3209 4737 Verbum
3249 4667 3332 4736 ad
3372 4693 3443 4737 se
3477 4671 3759 4737 missum
3793 4668 4209 4739 habuerunt.

2847 4779 2910 4844 4.
2957 4777 3152 4858 Item,
3197 4777 3271 4844 ln
3315 4779 3445 4846 tine
3478 4778 3669 4846 istius
3701 4777 3851 4845 lihri
3889 4778 4304 4847 determina-

2758 4894 2891 4963 tur,
2925 4884 3104 4976 quod
3154 4884 3337 4952 Deus
3396 4907 3532 4952 non
3591 4892 3688 4951 est
3727 4908 3884 4953 cum
3928 4885 4123 4953 malis
4169 4908 4183 4952 :
4246 4887 4300 4954 si

2758 5015 2920 5083 ergo
2955 4992 3241 5059 mittitur
3283 4988 3489 5057 Filius
3520 4991 3586 5057 in
3616 4990 3947 5081 spirituali
3982 4993 4301 5059 missione

2760 5109 2830 5168 ut
2863 5101 2948 5167 sit
2987 5121 3140 5166 cum
3190 5096 3496 5177 homine,
3533 5108 3606 5166 ut
3650 5099 3809 5166 dicit
3850 5101 4300 5190 Augustinus,

2760 5230 2897 5276 non
2939 5210 3228 5275 mittitur
3264 5207 3349 5275 ad
3390 5206 3630 5275 malos.

2852 5423 3156 5490 Somno.
3212 5420 3386 5487 Leve
3444 5429 3542 5487 est
3582 5419 3912 5489 adducere
3964 5421 4171 5490 multa
4217 5420 4303 5489 ad

2834 5697 2857 5733 ³
2885 5697 2941 5753 S.
2975 5702 3347 5766 Accusnxus,
3381 5695 3500 5753 Lib.
3528 5696 3602 5751 u·
3624 5694 3696 5752 de
3723 5696 4029 5768 Trinitate,
4052 5717 4179 5772 cap.
4212 5702 4297 5757 20.

2834 5787 2856 5821 ⁴
2886 5787 3034 5851 lusu,
3069 5786 3188 5843 Lib.
3224 5788 3268 5841 ll
3302 5786 3375 5843 de
3394 5784 3701 5857 Trinitate,
3733 5803 3859 5859 cap.
3895 5791 3948 5845 3.

4398 5487 4603 5534 Solotte-
