4897 6388
494 345 503 352 ’
563 376 694 444 334
935 438 939 442 ,
1571 380 1656 449 n.
1701 379 1902 446 ALB.
1949 375 2161 447 MAG.
2206 371 2420 480 onn.
2464 365 2760 436 PRAED.
2802 367 2807 373 ·
2884 399 2887 406 ι

1712 900 2405 1098 nISTINeTio
2476 962 2634 1057 xl.

1055 1381 1145 1453 A.
1197 1339 1421 1468 Quod
1458 1376 1802 1475 Spiritus
1838 1380 2141 1450 sanctus
2173 1376 2521 1470 procedit
2557 1401 2604 1450 a
2640 1374 2876 1473 Ratre
2917 1383 2992 1451 et
3029 1370 3264 1448 Filio.

2992 1635 3020 1646 ,Α
3106 1611 3189 1644 ξ’.
3263 1622 3267 1630 ·

651 1818 798 1894 Hie
836 1816 1253 1891 dicendum
1284 1824 1402 1889 est
1427 1809 1799 1911 Spiritum
1841 1821 2190 1888 sanctum
2221 1838 2266 1887 a
2299 1811 2520 1888 Patre
2560 1835 2729 1888 esse
2767 1822 2844 1887 et
2884 1811 3116 1905 Filio,
3145 1823 3221 1888 et
3258 1805 3687 1938 procedere
3712 1845 3757 1897 a

551 1956 780 2030 Patre
821 1962 895 2029 et
935 1951 1191 2026 Filio:
1239 1949 1446 2047 quod
1506 1948 1722 2023 multi
1766 1948 2101 2024 haeletici
2155 1957 2658 2058 negaverunt.
2716 1947 2934 2066 Quod
2977 1955 3233 2024 autem
3276 1949 3369 2025 de
3424 1960 3754 2080 utroque

552 2086 946 2190 procedat,
1022 2086 1285 2160 multis
1325 2082 1765 2159 divinorum
1826 2083 2303 2184 eloquiorum
2383 2055 2877 2162 testimoniis
2879 2049 3479 2191 comprobatur.
3551 2069 3761 2192 Dicit,

553 2224 761 2302 enim
792 2224 1260 2321 Apostolus:
1295 2185 1525 2296 Misit
1556 2219 1775 2295 Deus
1815 2218 2195 2317 Spiritum
2235 2220 2434 2296 Filii
2456 2220 2585 2296 sui
2631 2221 2711 2296 iu
2753 2219 2988 2296 corda
3011 2222 3350 2299 ,NJvestra
3396 2223 3592 2302 Eece
3630 2226 3754 2304 hic

556 2359 840 2435 dicitur
878 2358 1214 2457 Spiritus
1253 2355 1451 2432 Filii.
1490 2357 1582 2431 Et
1610 2354 1822 2449 alibi,
1883 2354 1984 2431 Si
2006 2356 2174 2454 quis
2206 2355 2609 2454 Spiritum·
2637 2355 2931 2431 Christi
2952 2379 3110 2431 11011
3155 2355 3403 2451 habet,
3438 2357 3563 2433 1110
3599 2386 3753 2439 11011

555 2501 669 2572 est
696 2497 861 2599 ejus
901 2492 949 2567 ².
987 2495 1160 2594 Ipse
1193 2493 1422 2568 etiam
1458 2490 1698 2604 Filius
1737 2491 1830 2567 de
1858 2487 2142 2590 Spiritu
2178 2501 2440 2567 sancto
2470 2488 2653 2568 dicit
2691 2489 2765 2567 in
2811 2491 3234 2607 Eran'gelio
3272 2517 3288 2567 :
3342 2490 3580 2606 Quem
3619 2487 3753 2601 eqo

557 2629 860 2707 mittam
902 2627 1116 2707 vobis
1165 2653 1212 2705 α
1240 2627 1482 2704 Patre
1545 2617 1594 2700 ³.
1657 2625 1905 2702 Patris
1944 2638 2195 2704 autem
2266 2626 2599 2727 Spiritus
2638 2615 2888 2703 dictus
2927 2638 3067 2719 est,
3113 2629 3243 2704 ubi
3276 2629 3580 2727 legitur,
3660 2615 3767 2710 Siw

558 2764 905 2864 Spiritus
935 2767 1102 2866 ejus
1142 2764 1279 2863 qui
1300 2762 1700 2839 suscitavit
1721 2762 1985 2839 lesum
2018 2786 2066 2838 α
2094 2762 2414 2837 mortuis
2439 2761 2734 2838 habitat
2769 2762 2854 2837 in
2882 2761 3159 2840 vobis⁴.
3207 2766 3300 2841 Et
3336 2764 3501 2863 ipse
3541 2768 3749 2844 Chri·

550 2911 715 2975 stus
755 2898 996 2975 dicit:
1043 2895 1228 2975 Non
1295 2921 1502 2972 emm
1534 2920 1666 2972 vos
1714 2896 1894 2972 estis
1957 2898 2093 2997 qni
2129 2896 2566 2997 loquimini,
2609 2898 2748 2974 sed
2786 2896 3133 2996 Spiritus
3207 2899 3470 2975 Patris
3519 2907 3759 2982 vestri

552 3029 690 3134 qni
715 3033 1112 3133 loquitnr⁶
1080 3056 1162 3108 111
1189 3030 1488 3107 vobis.
1436 3026 1464 3063 ⁸
1536 3034 1595 3106 Ε
1603 3041 1627 3104 t
1667 3029 1740 3105 in
1776 3031 1927 3144 alio
1960 3032 2153 3126 loco,
2203 3029 2441 3122 Quem
2475 3032 2722 3108 mittet
2750 3031 3055 3110 Pater⁶
3023 3060 3103 3110 111
3144 3034 3459 3111 nomine
3498 3030 3718 3116 11100·

552 3171 644 3247 Et
678 3166 922 3246 alihi‘
903 3193 1066 3270 ipse
1100 3165 1341 3244 Fitius
1379 3166 1474 3243 de
1506 3143 1793 3267 Spiritu
1836 3141 2100 3243 sancto
2140 3167 2268 3259 ait,
2314 3166 2436 3244 De
2477 3175 2705 3268 patre
2749 3168 3192 3268 procedit.
3145 3163 3166 3199 ²
3262 3169 3404 3246 llis
3469 3182 3544 3249 et
3581 3174 3748 3253 aliis

518 3322 522 3327 ’
556 3301 1145 3383 auctoritatibus
1176 3301 1533 3402 pluribus
1571 3300 2025 3389 ostenditur,
2068 3302 2273 3400 quod
2336 3302 2667 3401 Spiritus
2727 3314 3043 3380 sanc-tus
3099 3326 3146 3379 a
3187 3304 3409 3380 Patre
3450 3317 3523 3381 et
3564 3308 3748 3387 Fitio

557 3438 930 3542 procedit.

2222 3770 2294 3842 ln
2325 3775 2620 3844 secunda
2649 3784 2877 3846 autem
2909 3776 3176 3868 probat,
3221 3778 3402 3869 quod
3443 3801 3576 3846 non
3608 3779 3755 3871 ple-

2217 3886 2370 3952 nius
2401 3886 2485 3952 ab
2517 3909 2652 3954 uno
2696 3910 2900 3978 quam
2967 3886 3052 3955 ab
3108 3887 3269 3967 alio,
3330 3897 3394 3956 et
3469 3887 3610 3957 11ωο
3647 3891 3755 3959 in-

1053 4019 1294 4065 mvnsio
1349 4020 1618 4066 τεκτυε.
2216 3994 2372 4082 cipit
2415 3996 2482 4060 in
2514 3994 2945 4064 distinetione
3002 3994 3156 4077 xll,
3210 3995 3328 4075 ibi,
3381 3997 3464 4075 A,
3520 4023 3551 4060 ι
3586 3999 3753 4066 Item

2217 4104 2572 4193 quaeritur,
2611 4105 2780 4173 Cum
2803 4105 3109 4195 Spiritus
3133 4114 3411 4173 sanctus
3434 4108 3755 4196 procedat

649 4236 682 4274 α
710 4211 842 4277 llic
859 4211 1222 4277 dicendum
1245 4222 1343 4277 es!
1362 4212 1702 4301 Spiritum
1725 4220 2034 4278 sanctum
2067 4235 2108 4278 a
2220 4233 2261 4275 α
2283 4213 2496 4277 Patre
2513 4220 2576 4278 el
2606 4211 2828 4293 Falto,
2864 4221 2990 4280 etc.
3022 4240 3052 4274 ιι

557 4319 772 4385 Patre
808 4342 949 4386 esse
971 4330 1031 4385 el
1064 4320 1284 4399 Filio,
1328 4329 1457 4388 etc.
1497 4347 1528 4385 ιι

648 4425 774 4494 liic
806 4425 1040 4517 incipit
1098 4450 1253 4517 pars
1295 4428 1408 4495 itta
1468 4430 1535 4495 in
1586 4449 1718 4519 qua
1775 4430 1999 4517 agitur
2028 4427 2107 4493 ‹le

560 4533 858 4624 Spiritus
897 4538 1109 4603 sancti
1142 4539 1575 4626 processione
1606 4559 1727 4627 per
1762 4557 2109 4626 compara-

559 4642 817 4710 tionem
849 4642 934 4709 nd
975 4645 1345 4711 terminum
1378 4667 1415 4710 a
1446 4667 1609 4734 que,
1636 4645 1777 4710 sive
1807 4643 1892 4711 ad
1923 4643 2109 4733 prin-

558 4749 811 4839 cipium
854 4774 892 4817 a
930 4774 1068 4841 quo
1127 4751 1456 4842 procedit.
1519 4751 1598 4818 Et
1667 4750 1990 4819 dividitur
2043 4752 2106 4817 in

557 4856 728 4924 duas
768 4868 1033 4948 partes:
1099 4862 1166 4927 in
1245 4884 1533 4951 quarum
1587 4863 1803 4951 prima
1842 4859 2105 4950 probat,

559 4966 741 5055 quod
784 4968 1084 5055 procedit
1117 4977 1255 5035 tam
1287 4991 1324 5036 a
1363 4968 1561 5036 Patre
1603 4991 1807 5058 quam
1839 4991 1876 5035 a
1911 4965 2101 5034 Filio.

632 5266 648 5301 ¹
693 5264 780 5320 Ad
814 5265 999 5322 Galat.
1034 5282 1108 5331 w,
1150 5268 1202 5322 6.

632 5354 655 5388 ²
677 5353 766 5408 Ad
800 5355 1051 5410 Roman.
1088 5372 1202 5420 vm,
1233 5359 1287 5411 9.

628 5443 651 5477 ³
677 5444 845 5499 Joan.
878 5461 966 5511 xv,
1011 5449 1100 5498 20.
1134 5444 1217 5500 Cf.
1252 5446 1419 5500 Jonn.
1446 5461 1561 5515 xm,
1590 5449 1617 5497 ἶ
1644 5462 1656 5498 :
1684 5444 1748 5500 Si
1767 5462 1876 5500 11011
1903 5446 2105 5516 abiero,

565 5532 878 5588 Paracmus
907 5551 1018 5590 11011
1053 5537 1228 5590 reniet
1287 5535 1362 5589 ad
1393 5550 1520 5589 ros:
1565 5535 1611 5588 si
1661 5542 1840 5590 malem
1897 5536 2104 5603 abiero,

559 5624 782 5677 mittam
812 5640 931 5678 eum
960 5626 1035 5679 ad
1073 5640 1182 5680 coS.

632 5710 655 5745 ⁸
683 5712 771 5768 Ad
803 5714 1052 5771 Roman.
1079 5732 1200 5780 vm,
1239 5718 1320 5771 Η.

2310 4316 2440 4384 ista
2496 4318 2835 4387 distinctio
2904 4341 3056 4408 quae
3119 4318 3410 4409 primam
3494 4329 3746 4409 partem

2217 4427 2539 4508 continet,
2573 4427 2895 4495 dividitur
2935 4430 3003 4495 in
3040 4438 3333 4518 quatuor
3379 4436 3638 4517 partes:
3683 4430 3750 4497 in

2217 4555 2501 4622 quarum
2545 4535 2761 4625 prima
2791 4533 3086 4604 ostendit
3126 4533 3454 4625 Spiritum
3488 4557 3526 4600 a
3558 4533 3754 4605 Patre

2217 4646 2281 4705 et
2312 4637 2481 4707 Filio
2525 4640 2909 4730 procedere.
2957 4640 3034 4709 ln
3075 4642 3369 4710 secunda
3409 4642 3598 4732 ponit
3635 4668 3755 4735 op·

2218 4747 2588 4836 positiones
2621 4748 3012 4817 Graecorum
3043 4749 3108 4815 in
3157 4749 3597 4830 contrarium,
3631 4751 3747 4830 ibi,

2223 4853 2298 4936 R,
2337 4881 2367 4918 α
2408 4858 2625 4923 Graeci
2655 4867 2879 4923 lamen
2912 4856 3152 4923 dicunt
3190 4858 3529 4947 Spiritum
3587 4882 3755 4926 san-

2215 4971 2422 5036 emm,
2469 4972 2594 5031 etc.
2624 4988 2656 5027 n
2696 4962 2768 5030 ln
2810 4965 3009 5031 tertia
3040 4962 3267 5041 solvit,
3303 4962 3421 5039 ibi,
3453 4960 3527 5039 C,
3556 4992 3587 5023 «
3613 4966 3752 5033 Nos

2286 5262 2307 5296 ⁸
2339 5262 2536 5318 Matth.
2576 5281 2631 5333 x,
2661 5267 2748 5322 20.

2286 5354 2310 5387 ⁶
2339 5356 2501 5410 Jonn.
2529 5372 2639 5423 xiv,
2674 5360 2763 5411 26.

2283 5446 2490 5503 ‘'Jonn.
2526 5465 2618 5517 xv,
2650 5450 2754 5503 ⁶26:
2793 5447 2924 5503 Cum
2958 5448 3164 5503 venerit
3215 5448 3545 5515 Parae-litus,
3599 5468 3754 5521 quem

2215 5552 2311 5606 eqo
2342 5536 2556 5592 mittam
2584 5538 2731 5594 vobis
2761 5555 2796 5593 a
2842 5540 3027 5606 Patre,
3059 5536 3332 5609 Spiritum
3362 5539 3629 5611 veritalis,
3658 5544 3757 5612 qui

2216 5644 2249 5681 a
2279 5628 2442 5682 Patre
2466 5630 2737 5698 procedit,
2770 5634 2882 5687 ete.
