4897 6388
408 4587 602 4637 §mmmm

642 381 728 447 72

526 551 537 560 '
644 550 1079 623 inscrutabile
1107 557 1336 639 simul,
1382 568 1448 626 et
1485 581 1624 625 non
1662 556 2131 647 investigabile
2164 578 2180 627 ε

647 664 819 731 sicut
856 688 994 734 non
1034 669 1360 735 existente
1414 667 1704 757 vestigio
1754 666 1891 735 ullo
1951 691 2187 737 eorum

649 794 799 862 quae
828 772 913 839 ad
943 773 1273 841 occultam
1305 775 1516 863 ipsius
1546 774 1947 845 infinitatem
1979 786 2191 844 trans·

650 882 873 947 ierunt
899 902 1095 970 :ergo
1126 881 1301 948 sisic
1330 881 1877 974 incognoscibilis
1916 893 2040 961 est,
2083 882 2192 948 vi-

652 984 850 1053 detur
895 985 1077 1076 quod
1115 988 1201 1053 sit
1248 989 1802 1058 innominabilis:
1847 992 2004 1080 quia
2051 1010 2191 1056 non

650 1094 726 1159 fit
752 1094 1127 1163 nominatio
1168 1098 1297 1165 nisi
1337 1101 1614 1190 cogniti,

744 1201 806 1268 3.
832 1200 1029 1283 Item,
1072 1203 1151 1270 In
1215 1206 1481 1285 eodem,
1560 1229 1778 1296 neque
1827 1206 2036 1296 ipsius
2095 1212 2195 1272 est

619 1399 626 1405 .
656 1310 914 1401 opinio,
946 1335 1167 1404 neque
1198 1336 1474 1394 nomen,
1510 1338 1730 1406 neque
1760 1338 2007 1384 sermo,
2050 1402 2065 1414 ·

744 1423 810 1488 4.
854 1422 1047 1501 Item,
1115 1423 1187 1491 In
1245 1448 1391 1516 cap.
1429 1427 1493 1505 7,
1556 1427 1716 1495 dicit
1759 1426 2097 1495 ineffabile
2130 1433 2196 1494 et

659 1530 1147 1600 innominabile
1181 1554 1196 1599 τ
1234 1541 1300 1601 et
1329 1534 1526 1617 infra,
1560 1535 1714 1603 Non
1770 1534 2191 1626 intelligitur,

658 1659 879 1726 neque
918 1637 1187 1721 dicitur,
1230 1663 1453 1731 neque
1490 1646 1908 1710 nominatur.

746 1746 811 1812 5.
847 1742 932 1812 Et
968 1746 1036 1813 in
1093 1745 1340 1816 ultimo
1404 1751 1716 1839 Mysticae
1769 1748 2147 1837 Tleeoloqiae
2175 1769 2197 1814 .·

657 1851 895 1943 Neque
949 1855 1120 1922 ratio
1179 1857 1390 1946 ipsius
1447 1865 1570 1934 est,
1650 1879 1869 1947 neque
1919 1877 2195 1939 nomen,

658 1981 879 2051 neque
930 1964 1275 2053 cognitio:
1321 1987 1482 2055 ergo
1557 1965 1823 2033 videtur
1878 1963 2061 2054 quod
2116 1964 2203 2029 sit

660 2070 1196 2141 innominabilis.

752 2180 818 2248 6.
860 2177 1057 2266 Item,
1103 2180 1565 2273 Philosophus
1597 2183 1665 2250 in
1703 2182 1876 2250 libro
1908 2180 1988 2249 de
2019 2180 2205 2250 Cau-

661 2286 755 2353 sis
785 2309 809 2353 .·
839 2284 1056 2356 Causa
1085 2288 1304 2380 prima
1332 2291 1642 2381 superior
1665 2299 1766 2360 est
1792 2289 2203 2370 narratione,

665 2400 734 2461 et
770 2415 909 2461 non
940 2393 1258 2464 deficiunt
1288 2396 1538 2489 linguae
1580 2420 1620 2465 a
1650 2398 2033 2465 narratione
2062 2396 2209 2486 ejus

667 2502 797 2571 nisi
855 2513 1130 2595 propter
1209 2505 1637 2576 nobilitatem
1710 2531 1856 2576 esse
1938 2507 2147 2596 ipsius
2188 2528 2204 2571 x

671 2610 997 2701 quoniam
1037 2612 1182 2703 ipsa
1218 2622 1552 2707 estsuper
1579 2637 1854 2683 omnem
1908 2633 2209 2692 causam,

672 2725 740 2786 et
768 2744 907 2794 non
938 2730 1247 2789 narratur
1276 2722 1405 2789 nisi
1436 2745 1556 2813 per
1586 2743 1823 2790 causas
1856 2719 2211 2798 secundas.

678 2856 829 2925 quae
867 2830 1393 2898 illuminantura
1422 2829 1679 2898 lumine
1704 2852 1924 2899 causae
1951 2829 2209 2921 primae.

330 2969 636 3019 Menneu.
771 2936 904 3004 Ssn
948 2957 1198 3003 com-aa
1236 2956 1257 3003 ι

779 3045 838 3110 1.
874 3041 1241 3132 Dionysius
1270 3042 1339 3109 in
1378 3041 1554 3111 libro
1594 3042 1676 3110 de
1713 3039 2221 3111 Dieinisnomi-

682 3150 885 3221 nibus
912 3174 939 3222 .·
970 3147 1315 3218 Invisibile
1343 3147 1578 3218 dicunt
1606 3149 1903 3241 eloquia.
1935 3147 2221 3217 clarissi-

684 3287 874 3332 mum
924 3261 1153 3330 lumen
1206 3284 1221 3329 z
1264 3269 1331 3328 et
1370 3260 1660 3329 multum
1708 3258 2117 3328 laudabilem
2156 3265 2223 3327 et

685 3371 974 3442 multum
1014 3369 1529 3452 nominabilem,
1563 3368 1975 3438 ineffabilem
2009 3376 2076 3436 et
2115 3368 2225 3436 in-

686 3475 1173 3549 nominabilem
1200 3479 1247 3545 ¹.

775 3590 840 3656 2.
875 3584 1071 3667 Item,
1125 3586 1199 3653 In
1230 3585 1471 3654 eodem
1512 3585 1807 3675 capitulo
1847 3593 1910 3652 et
1939 3583 2162 3675 primo
2202 3604 2220 3650 t

684 3696 1013 3788 Theologi
1047 3695 1365 3763 deitatem
1397 3693 1701 3770 laudant,
1735 3694 1906 3761 sicut
1934 3702 2000 3760 et
2039 3694 2228 3760 inno·

689 3801 1107 3879 minabilem,
1152 3809 1217 3870 et
1254 3824 1337 3870 ex
1370 3801 1558 3868 omni
1592 3801 1890 3870 nomine.

779 3913 843 3980 3.
871 3910 1066 3994 Item,
1106 3907 1283 3977 Dicit
1316 3908 1501 4000 quod
1532 3915 1635 3977 est
1664 3909 1874 3998 ipsius
1904 3908 2101 3988 ratio,
2136 3908 2234 3975 in-

690 4018 1024 4095 tellectus,
1059 4025 1122 4086 et
1156 4039 1434 4085 nomen.

781 4125 846 4192 4.
892 4124 1088 4202 Item,
1142 4122 1359 4190 Exod.
1396 4145 1492 4198 ιιι,
1566 4123 1639 4188 13
1699 4146 1716 4188 :
1789 4121 1930 4189 lIoc
1993 4141 2234 4186 nomen

696 4232 869 4298 milei
895 4243 994 4300 est
1023 4234 1090 4298 in
1119 4241 1448 4298 eternum
1484 4251 1498 4296 :
1535 4251 1698 4318 ergo
1728 4228 2019 4307 videtur,
2054 4226 2236 4319 quod

698 4341 783 4407 sit
824 4338 1285 4408 nominabilis.

794 4557 1097 4627 Soccrro.
1142 4557 1523 4627 Dicendum
1569 4557 1653 4626 ad
1704 4556 1832 4625 hoc
1870 4555 2241 4624 secundum

701 4666 1161 4758 Augustinum
1204 4667 1271 4733 in
1301 4666 1523 4756 primo
1561 4664 1644 4731 de
1683 4666 2013 4732 Doctrina
2046 4664 2243 4733 Cleri-

700 4776 954 4853 sliana,
1009 4772 1123 4840 ubi
1163 4772 1324 4841 dicit
1360 4774 1456 4840 sic
1505 4793 1524 4842 ι
1576 4771 1758 4840 Deus
1796 4795 1950 4840 cum
2000 4771 2080 4838 de
2129 4769 2242 4838 illo

703 4879 873 4950 nihil
914 4881 1115 4972 digne
1164 4880 1293 4949 dici
1341 4880 1579 4971 possit,
1622 4878 1892 4947 admisit
1928 4878 2246 4947 humanae

704 4989 891 5058 vocis
919 4987 1349 5080 obsequium,
1410 4995 1477 5054 et
1512 4984 1737 5055 verbis
1782 4986 1922 5053 suis
1952 4984 2246 5077 gaudere

707 5119 833 5165 nos
859 5094 1098 5164 voluit.
1156 5094 1348 5164 Unde
1388 5093 1775 5173 dicendum,
1832 5092 2015 5183 quod
2065 5091 2247 5161 Deus

711 5201 1218 5272 innominabilis
1257 5213 1356 5270 est
1405 5204 1681 5270 nomine
1731 5210 2247 5291 repraesentante

709 5311 997 5403 perfecte
1030 5312 1089 5378 id
1126 5312 1308 5402 qnod
1347 5320 1447 5378 est
1481 5313 1645 5401 ipse,
1679 5312 1819 5376 sive
1847 5309 1909 5374 id
1940 5310 2249 5399 signante

709 5416 1064 5505 complete.
1139 5416 1273 5483 Sed
1343 5426 1620 5506 propter
1684 5416 2036 5482 nominum
2097 5415 2251 5481 ino-

709 5526 896 5616 piam
930 5524 1406 5594 condescendit
1460 5525 1658 5592 nobis
1700 5534 1770 5591 ut
1817 5523 2250 5592 nominemus

791 5761 897 5821 ¹8.
941 5760 1259 5827 bross-snus,
1316 5761 1437 5817 Lib.
1478 5761 1549 5817 de
1610 5761 1828 5817 Divinis
1888 5762 2248 5833 nominibus,

1595 389 1712 457 ι).
1768 388 1961 454 Am.
2013 384 2232 452 MAG.
2285 383 2493 491 ean?
2546 383 2848 499 PaAEn.

2296 559 2521 651 ipsum
2589 548 2886 627 dictione
2954 559 3346 649 imperfecte
3402 558 3850 649 significante,

2296 664 2674 733 dummodo
2715 663 2906 733 illam
2950 665 3536 756 imperfectionem
3584 666 3653 733 in
3693 686 3849 734 eum

2298 797 2433 841 non
2468 796 2833 864 ponamus,
2870 774 2988 841 sed
3018 777 3523 864 supereminere
3553 797 3710 842 eum
3744 774 3857 840 in-

2296 881 2687 972 telligamus
2749 905 2764 949 :
2827 884 3026 950 etsie
3092 880 3568 974 intelliguntur
3624 881 3856 951 omnia

2299 1014 2452 1082 quae
2501 991 2794 1060 adducta
2850 1000 3010 1059 sunt
3064 992 3146 1060 de
3205 991 3535 1083 Dionysio
3584 990 3670 1059 ad
3725 988 3857 1058 hoc

2299 1098 2484 1190 quod
2530 1100 2617 1166 sit
2653 1099 3121 1169 nominabilis.
3176 1098 3263 1168 Et
3316 1099 3503 1191 quod
3557 1096 3691 1167 hoc
3732 1119 3858 1165 ve-

2299 1231 2452 1276 rum
2511 1210 2598 1276 sit
2635 1216 2822 1299 patet
2860 1231 2979 1299 per
3015 1208 3435 1299 Dionysium
3485 1207 3582 1276 sic
3622 1205 3858 1274 dicen-

2301 1318 2466 1385 dum
2492 1318 2565 1385 in
2593 1315 2771 1385 libro
2802 1317 2886 1385 de
2937 1319 3217 1387 Divinis
3251 1315 3673 1400 nominibus,
3706 1337 3852 1404 cap.

2300 1423 2545 1492 ultimo
2590 1447 2606 1491 ε
2657 1424 2744 1493 Et
2791 1446 3013 1515 neque
3055 1424 3402 1493 ass'erimus
3459 1425 3683 1516 ipsum
3731 1443 3856 1489 no-

2303 1556 2463 1601 men
2516 1531 2842 1600 bonitatis
2891 1536 3069 1602 sicut
3117 1532 3607 1602 concordantes
3659 1529 3786 1621 ipsi
3836 1548 3854 1597 z

2303 1638 2420 1709 sed
2464 1638 2801 1709 desiderio
2854 1639 3275 1731 intelligendi
3333 1638 3590 1731 aliquid
3640 1646 3706 1706 et
3755 1635 3862 1705 di·

2302 1747 2500 1818 cendi
2541 1747 2622 1816 de
2655 1747 2983 1817 ineffabili
3033 1757 3282 1818 natura
3327 1747 3466 1828 illa,
3501 1746 3860 1815 nominum

2305 1856 2787 1946 dignissimum
2813 1856 3320 1925 sanctificamus
3358 1856 3490 1947 ipsi
3536 1855 3858 1947 primum.

2305 1964 2392 2032 Et
2454 1964 3026 2034 concordabimus
3101 1965 3380 2057 quidem
3446 1972 3512 2033 et
3574 1966 3647 2031 in
3734 1960 3867 2031 hoc

2305 2071 2701 2164 Theologis,
2744 2097 2784 2142 a
2814 2096 3041 2143 rerum
3072 2082 3300 2141 autem
3331 2073 3614 2141 veritate
3643 2068 3868 2139 delici-

2310 2203 2489 2250 mus.

2397 2289 2505 2358 An
2553 2313 2619 2358 m
2648 2298 2878 2360 autem
2920 2290 3107 2382 quod
3136 2291 3456 2382 oincitur
3491 2288 3576 2359 de
3618 2310 3865 2382 propo·

2312 2400 2556 2468 sitione
2595 2397 3029 2489 Philosophi,
3072 2398 3455 2468 Dicendum
3512 2398 3696 2490 quod
3726 2399 3868 2488 ipse

2311 2530 2556 2578 verum
2603 2506 2788 2586 dicit,
2851 2516 2919 2575 et
2971 2506 3176 2597 hujus
3233 2506 3607 2577 secundum
3664 2505 3867 2574 Com-

2316 2623 2627 2683 mentum
2658 2622 2760 2682 est
2790 2613 2942 2683 talis
2983 2616 3159 2683 ratio
3197 2636 3215 2682 t
3255 2615 3415 2706 quia
3451 2615 3751 2705 primum
3788 2610 3873 2680 de

2317 2747 2390 2792 se
2436 2726 2766 2815 importat
2811 2722 2979 2807 due,
3029 2723 3312 2803 scilicet,
3366 2722 3551 2814 quod
3590 2730 3693 2789 est
3728 2743 3876 2812 per-

2318 2828 2570 2897 fectum
2631 2828 2698 2896 in
2756 2850 2855 2910 se,
2898 2838 2965 2895 et
3033 2827 3334 2920 largiens
3391 2826 3875 2919 perfectionem

2320 2935 2646 3005 omnibus
2710 2935 2863 3003 aliis
2941 2958 2958 3005 ι
3028 2936 3445 3004 diminutum
3509 2944 3740 3003 autem
3805 2932 3877 2999 in

2323 3053 2657 3137 quantum
2709 3044 3124 3113 diminutum
3174 3043 3258 3112 de
3288 3044 3549 3112 ratione
3586 3063 3712 3110 sua
3750 3039 3880 3109 ha-

2322 3154 2436 3223 bet
2475 3153 2612 3223 duo
2651 3151 2761 3222 his
2785 3154 3148 3236 contraria,
3189 3154 3469 3233 scilicet.
3498 3151 3684 3244 quod
3721 3151 3882 3244 quia

2333 3272 2434 3333 est
2489 3264 2558 3331 in
2623 3284 2697 3332 se
2747 3262 3067 3332 deficiens
3122 3285 3162 3330 a
3226 3260 3664 3353 perfectione,
3731 3259 3884 3329 ideo

2332 3369 2501 3441 nulli
2552 3368 2840 3462 largitur
2882 3370 3182 3461 aliquam
3238 3367 3747 3460 perfectionem.
3800 3357 3887 3433 Et

2327 3479 2510 3558 ideo,
2543 3478 2705 3568 quia
2735 3498 2940 3547 omne
2969 3498 3225 3544 nomen
3254 3474 3591 3544 diminute
3623 3472 3787 3543 dicit
3817 3470 3887 3540 id

2330 3587 2513 3680 quod
2547 3596 2646 3657 est
2697 3587 2907 3667 Deus.
2951 3586 3102 3656 ideo
3145 3587 3365 3679 magis
3396 3608 3534 3655 non
3563 3584 3888 3654 convenit

2333 3720 2540 3789 quam
2589 3698 2953 3767 conveniat
3013 3718 3030 3766 t
3074 3698 3236 3789 quia
3281 3697 3355 3765 in
3408 3704 3740 3788 quantum
3780 3692 3889 3760 di-

2337 3809 2680 3876 minutum
2742 3807 2938 3898 ponit
3008 3808 3349 3875 contraria
3415 3803 3685 3873 duobus
3738 3824 3889 3894 quae

2337 3914 2565 3982 omnis
2593 3913 2710 4005 qui
2750 3914 2946 4004 ponit
2968 3912 3218 3995 Deum,
3250 3912 3410 3981 dicit
3438 3933 3586 3981 esse
3616 3912 3688 3979 in
3717 3909 3886 3978 Deo.

2337 4019 2710 4087 verissime
2750 4027 2981 4087 autem
3020 4018 3268 4087 dicitur
3313 4040 3461 4086 esse
3508 4039 3714 4107 supra
3768 4036 3894 4083 no-

2341 4149 2524 4205 men,
2569 4133 2637 4195 et
2689 4149 2895 4218 supra
2933 4127 3394 4195 narrationem
3456 4148 3473 4194 τ
3527 4124 3689 4215 quia
3740 4145 3894 4193 cum

2342 4258 2481 4303 non
2510 4234 2786 4303 finiatur
2826 4234 3199 4317 intellectu,
3249 4233 3675 4323 significatur
3708 4253 3900 4299 exce·

2343 4341 2501 4411 dere
2541 4365 2747 4411 omne
2790 4364 3069 4423 nomen,
3111 4349 3177 4411 et
3208 4363 3488 4410 omnem
3534 4340 3891 4409 rationem.

2736 4765 3239 4838 ARTICULUS
3289 4765 3511 4835 xvn.

2348 4989 2402 5055 A
2465 4984 2719 5077 quibus
2754 4984 3159 5052 nominatur
3201 4983 3416 5061 Deus,
3467 5004 3559 5049 an
3600 4980 3688 5050 ab
3718 4983 3904 5050 omni

2439 5116 2515 5160 eo
2581 5092 2775 5185 quod
2833 5089 3085 5159 melius
3139 5098 3236 5156 est
3297 5112 3434 5156 esse
3493 5111 3705 5180 quom
3768 5112 3904 5156 non

2438 5198 2644 5313 esse?

2446 5523 2746 5594 Ulterius
2796 5518 3147 5611 quaeritur,
3188 5539 3229 5586 a
3275 5539 3414 5610 quo
3462 5515 3907 5585 nominatur?

2356 5779 2486 5834 cap.
2518 5763 2572 5818 Ἰ.

3972 2314 4123 2365 Adfl.
