4897 6388
573 344 862 456 „m

732 516 832 582 sio
866 539 983 583 sex
1034 516 1523 601 membrorum,
1586 539 1742 584 cum
1782 510 1988 605 supra
2048 523 2282 582 osten-

458 1067 659 1114 solutio.

473 1122 551 1168 Ad
585 1126 619 1165 t.

735 645 886 689 sum
943 624 1053 706 sit,
1116 624 1298 714 quod
1342 625 1584 691 divisio
1627 623 2044 691 trimembris
2107 622 2282 688 Am-

736 729 942 798 brosii
974 732 1384 801 sufficienter
1413 734 1642 801 omnia
1676 732 1956 797 nomina
1993 730 2168 797 dicta
2199 729 2281 796 de

736 838 882 923 Deo
917 838 1449 929 comprehendat
1476 844 1506 904 ’ἓ

831 1053 1140 1121 Sammo.
1176 1053 1285 1119 Ad
1328 1051 1459 1119 hoc
1490 1051 1878 1130 dicendum,
1915 1049 2099 1139 quod
2137 1049 2284 1137 pri-

740 1152 970 1229 vativa
1000 1163 1140 1228 non
1186 1168 1341 1228 sunt
1391 1160 1473 1228 de
1524 1160 1897 1228 intentione
1947 1157 2276 1247 Magistri,

738 1270 913 1337 sicut
951 1270 1172 1336 innuit
1203 1267 1535 1357 objectio:
1591 1268 1751 1357 quia
1815 1265 1986 1333 nihil
2043 1263 2284 1354 praedi-

736 1383 891 1453 aaut
920 1377 990 1448 in
1028 1375 1199 1455 Dea,
1234 1375 1354 1451 sed
1397 1377 1626 1464 potius
1671 1373 1834 1464 quid
1875 1395 2014 1451 nnn
2043 1381 2148 1458 ast
2175 1394 2282 1450 as-

733 1484 1062 1551 tendunt:
1097 1483 1206 1552 vel
1243 1485 1298 1551 si
1355 1491 1538 1564 sunt,
1584 1482 1999 1574 reducuntur
2037 1480 2120 1564 ad
2169 1503 2279 1558 es.-

733 1593 1022 1674 sentiam
1082 1589 1456 1671 secundum
1499 1588 1680 1684 quod
1723 1579 1996 1709 negatio
2044 1586 2273 1677 aliquo

734 1697 941 1766 modo
982 1696 1328 1775 certificat,
1366 1705 1431 1764 et
1460 1697 1678 1762 innuit
1709 1694 1869 1785 quid
1909 1702 2012 1762 est
2040 1680 2177 1776 res:
2204 1702 2289 1793 ut.

735 1806 1155 1875 ostendimus
1185 1828 1389 1895 supra
1412 1806 1457 1873 ¹.

824 1912 929 1978 An
1001 1933 1197 1979 Aeiun
1253 1909 1640 1988 dicendum,
1701 1907 1885 1998 quod
1953 1907 2275 1995 Magister

737 2042 876 2088 non
917 2019 1240 2110 supponit
1278 2017 1388 2086 hic
1415 2015 1814 2108 symbolica,
1848 2015 1975 2081 nisi
2010 2020 2272 2081 tantum

733 2150 813 2202 ea
853 2150 1004 2220 quae
1042 2126 1272 2218 aliquo
1315 2125 1523 2205 modo
1577 2124 1948 2205 ostendunt
2002 2123 2274 2213 prumia

731 2258 1211 2327 personarum,
1262 2242 1337 2313 ut
1373 2233 1749 2332 characem
1800 2231 2148 2323 splendor.
2207 2238 2276 2306 et

730 2342 1168 2434 hujusmodis
1205 2352 1274 2416 et
1303 2366 1442 2421 uon
1473 2340 1761 2421 intendit
1798 2338 1908 2421 hic
1935 2338 2020 2424 de
2050 2340 2275 2420 saiw

729 2453 824 2529 tia
851 2450 1385 2545 symbolicarum
1421 2474 1436 2520 ε
1487 2451 1650 2542 quia
1687 2448 1802 2528 illa
1841 2450 2068 2540 potius
2117 2469 2275 2539 por·-

641 2587 642 2590 κ
730 2562 901 2629 tinet
943 2559 1026 2627 ad
1089 2560 1443 2639 scientiam
1491 2557 2001 2650 allegoriarum.
2067 2579 2272 2648 quam

461 2818 540 2865 Ad
580 2819 623 2867 8.

730 2666 1204 2758 disputationis
1234 2688 1386 2757 quae
1422 2672 1748 2734 tractatur
1775 2665 1847 2732 in
1893 2661 2025 2732 hoc
2070 2662 2267 2732 libro.

821 2777 925 2843 An
955 2798 1250 2843 uenatum
1291 2774 1678 2850 dicendum,
1721 2772 1908 2865 quod
1946 2778 2083 2841 tres
2128 2794 2273 2839 mo·

731 2883 796 2950 (li
829 2882 1035 2951 additi
1069 2883 1152 2951 ad
1185 2882 1592 2951 divisionem
1648 2879 1993 2948 Ambrosii
2049 2879 2271 2948 conti-

727 2999 976 3061 nentur
1002 2990 1127 3058 sul)
1167 2989 1542 3059 trimembri
1576 2987 1951 3060 divisione:
1985 3010 2065 3055 ea
2087 2987 2267 3054 enim

725 3121 880 3190 quae-
920 3099 1403 3190 proprietatem
1444 3097 1854 3188 significant,
1886 3101 2007 3163 aut
2060 3094 2270 3185 signi-

725 3209 951 3288 ficant,
988 3216 1059 3276 ut
1089 3207 1643 3299 distinguentem,
1683 3213 1799 3292 eut
1829 3212 1906 3274 ut
1945 3203 2268 3295 supposi-

724 3325 872 3385 tum
904 3316 1321 3395 distinctum.
1365 3315 1451 3389 Et
1495 3316 1715 3407 primo
1754 3313 1964 3382 modo
2001 3312 2269 3404 signiti-

727 3432 835 3494 cat
873 3427 1264 3516 paternitas,
1316 3425 1616 3493 seeundo
1654 3421 1862 3492 modo
1915 3430 2132 3514 pater.
2191 3419 2267 3488 Si

728 3542 957 3603 autem
990 3541 1062 3601 ut
1099 3535 1526 3625 suppositum
1565 3532 1985 3609 distinctum,
2030 3537 2145 3597 aut
2180 3528 2264 3596 ab

726 3651 1007 3726 aeterno,
1038 3650 1154 3709 aut
1192 3664 1271 3709 ex
1331 3647 1659 3730 tempore.
1715 3638 1788 3706 Si
1836 3637 1921 3706 ab
1978 3645 2258 3715 aetern0,

1727 344 1810 414 1).
1861 341 2061 424 Ab&
2115 338 2331 423 MAG.
2386 338 2593 413 Onu.
2650 337 2943 417 DRAED÷

3030 446 3065 466 Ι

2393 510 2568 577 ctive
2591 508 2671 577 de
2711 509 3056 576 omnibus.
3094 489 3197 575 ΕΞ(
3253 517 3558 598 tempore
3633 511 3934 599 quidem,

2389 624 2464 682 ut
2526 618 2943 698 incarnatuS,
3007 615 3474 684 humanatus:
3537 616 3622 683 ab
3687 626 3934 684 aeterno

2392 733 2620 793 autem
2689 725 2961 814 proprie
3020 733 3215 816 pater
3264 747 3278 791 ε
3342 727 3798 793 communiter
3851 727 3932 794 de

2392 830 2680 921 singulis
2707 854 2999 920 persona
3037 854 3052 900 z
3106 835 3558 920 communiter
3589 833 3932 914 collective

2392 933 2680 1018 trinitas
2741 937 3149 1030 Hypostasis
3202 949 3453 1023 autem,
3532 941 3929 1019 substantia,

2392 1058 2460 1117 et
2497 1047 2914 1137 hujusmodi,
2950 1047 3340 1138 significant
3371 1058 3443 1116 ut
3471 1072 3782 1139 persona.
3830 1048 3935 1117 Si·

2396 1158 2647 1226 militer
2686 1181 2764 1226 ea
2792 1180 2945 1248 quae
2993 1160 3386 1239 essentiam,
3441 1167 3557 1226 aut
3618 1160 3701 1226 ab
3741 1170 3939 1227 aeter-

2390 1287 2506 1341 110,
2539 1273 2657 1332 aut
2696 1287 2781 1332 ex
2821 1272 3154 1355 tempore.
3222 1263 3295 1332 Si
3361 1265 3445 1333 ab
3485 1274 3762 1343 aeternO,
3824 1272 3941 1332 aut

2389 1372 2819 1462 affirmative.
2855 1382 2975 1451 aut
3002 1374 3344 1464 negative,
3390 1372 3464 1452 si
3503 1373 3928 1452 affirmative,

2388 1489 2506 1568 flul
2535 1503 2656 1586 Per
2685 1480 2966 1572 randum
3007 1479 3429 1567 substantiae,
3480 1490 3597 1566 aut
3636 1505 3755 1587 par
3794 1504 3936 1562 mo-

2388 1587 2551 1655 dum
2583 1586 3007 1676 advenientis
3036 1587 3457 1666 substantiae.
3512 1587 3583 1654 Si
3641 1611 3762 1677 per
3791 1612 3936 1670 ¹1¹0·

2389 1694 2555 1762 dum
2585 1694 3039 1779 advenientlS,
3101 1703 3220 1762 aut
3264 1701 3342 1762 ut
3395 1689 3737 1786 quantitas
3799 1696 3938 1762 vir-

2389 1804 2618 1884 tualis,
2650 1812 2769 1873 aut
2798 1813 2875 1873 ut
2910 1791 3232 1896 qualitas,
3266 1813 3331 1873 et
3369 1807 3473 1873 sic·
3524 1805 3605 1871 de
3645 1805 3817 1873 aliis.
3860 1804 3932 1871 Si

2387 1921 2619 1980 autem
2674 1913 3154 1996 substantiam,
3224 1921 3342 1981 aut
3382 1921 3455 1980 ut
3492 1912 3924 1988 abstractum,

2387 2029 2506 2088 aut
2542 2027 2618 2088 ut
2673 2027 3095 2103 concretum,
3163 2028 3283 2088 aut
3338 2028 3414 2088 ut
3478 2019 3793 2088 substans
3858 2022 3923 2087 in

2388 2134 2730 2196 concreto.
2823 2126 3183 2196 Abstracte
3275 2128 3546 2219 quidem
3624 2127 3930 2196 substan·

2388 2236 2580 2319 tiam,
2623 2245 2698 2305 ut
2727 2237 3048 2317 essentia,
3081 2237 3424 2313 divinitas,
3461 2245 3527 2305 et
3573 2236 3933 2326 hujusmo-

2389 2346 2453 2414 di
2515 2369 2531 2415 :
2592 2353 2907 2416 concrete
2984 2353 3213 2415 autem
3304 2347 3482 2415 Deus
3520 2370 3535 2415 :
3614 2347 3934 2415 substans

2384 2462 2702 2525 concreto
2731 2455 3189 2524 substantiam
3245 2478 3639 2547 assequens,
3682 2465 3755 2523 ut
3803 2481 3928 2546 po-

2385 2572 2562 2651 tens,
2590 2572 2708 2632 aut
2744 2565 3042 2656 sapiens,
3088 2585 3407 2655 magnus,
3459 2573 3525 2632 et
3575 2565 3818 2643 bonuS,
3860 2572 3927 2632 et

2384 2671 2777 2763 hujusmodi
2819 2689 2838 2740 t
2873 2673 3194 2764 negative
3236 2681 3490 2753 autem,
3526 2680 3599 2740 ut
3637 2673 3924 2740 immen-

2380 2801 2523 2860 suS,
2569 2780 2931 2860 increatus,
2982 2786 3050 2847 et
3096 2778 3517 2868 hujusmodi.
3582 2778 3653 2846 Si
3697 2788 3922 2848 autem

2379 2911 2465 2956 ex
2502 2896 2835 2986 tempore,
2889 2894 3008 2955 aut
3047 2887 3422 2956 secundum
3452 2910 3726 2955 causam
3770 2896 3919 2955 actu

2378 3000 2799 3076 causantem,
2842 3002 2963 3063 aut
2999 2997 3493 3077 continentem,
3526 3001 3644 3061 aut
3681 2991 3927 3085 guber-

2376 3110 2684 3185 nantem,
2745 3110 2863 3170 aut
2901 3102 3282 3171 secundum
3323 3100 3787 3171 habitudinem
3840 3102 3923 3170 ad

2377 3233 2458 3278 ea
2499 3232 2651 3302 quae
2691 3217 2965 3279 causata
3007 3219 3189 3279 sunt.
3228 3207 3461 3277 Primo
3503 3210 3707 3278 modo
3745 3232 3928 3279 crea·

2376 3323 2508 3382 tor.
2548 3313 2867 3383 Secundo
2894 3321 2966 3382 et
3002 3316 3204 3383 tertio
3235 3314 3444 3382 modo
3481 3314 3924 3405 gubernator,

2375 3423 2714 3515 provisor,
2746 3421 2959 3503 salus,
2992 3431 3062 3492 et
3090 3421 3439 3503 liberator,
3474 3433 3540 3493 et
3580 3423 3928 3513 hujusmo-

2373 3531 2468 3603 di.
2498 3532 2724 3601 Tertio
2767 3531 3133 3614 Dominus,
3178 3555 3323 3613 rex,
3380 3541 3447 3602 et
3501 3533 3922 3623 hujusmodi.

2374 3639 2456 3709 Et
2494 3642 2591 3712 sic
2630 3641 2830 3733 plane
2867 3650 3079 3734 patet,
3112 3664 3247 3734 qua
3286 3652 3429 3711 arte
3467 3641 3928 3733 multiplican-

727 3758 841 3819 aut
874 3751 1167 3849 proprie,
1231 3757 1348 3817 aut
1384 3749 1861 3817 communiter.
1925 3745 1999 3813 Si
2065 3769 2262 3813 com·
2370 3757 2484 3816 tur
2519 3749 2647 3818 ista
2676 3749 2983 3828 nomina,

723 3858 1043 3940 maniter,
1077 3864 1191 3923 aut
1221 3864 1294 3923 ut
1331 3854 1414 3925 de
1442 3854 1753 3947 singulis,
1786 3862 1902 3922 aut
1934 3860 2011 3922 ut
2045 3852 2259 3921 eolle-

726 4297 811 4373 Ε.
856 4298 1079 4388 Quod
1112 4299 1251 4374 illa
1278 4301 1594 4376 uomina
1631 4326 1804 4402 quse
1842 4301 1949 4378 ad
1978 4302 2323 4401 siuyulas
2363 4306 2762 4404 pertinent
2786 4331 3191 4406 personas,
3244 4309 3567 4407 proprie
3606 4309 3919 4387 relale‘re

820 4432 1237 4508 dicamur:
1261 4460 1350 4509 ea
1383 4458 1556 4510 rero
1594 4461 1766 4536 quae
1807 4436 2174 4527 unitatem
2217 4440 2568 4515 essentia?
2614 4412 3086 4543 stffiii‘le'caul,
3130 4443 3236 4518 ad
3275 4467 3357 4518 se
3411 4444 3795 4535 dicuutur,
3848 4454 3921 4522 el

819 4564 916 4649 de
941 4566 1297 4664 ειήωιίἰδ,
1340 4575 1413 4646 et
1447 4568 1542 4657 de
1570 4568 1925 4657 caninibus
1949 4571 2462 4660 οουιηιηηίὶει·
2488 4573 2854 4651 dicuutur
2877 4576 3272 4675 personia,
3307 4584 3381 4651 el
3422 4579 3922 4676 sinynlmw‘ler

822 4707 897 4777 el
932 4725 1083 4776 non
1106 4701 1526 4802 pluraliter
1552 4704 1635 4779 in
1662 4728 1965 4782 summa
1992 4706 2505 4805 accipiuntur.

812 5041 1227 5119 Sciendum
1264 5055 1613 5142 estergO‚
1649 5046 1852 5145 quod
1887 5048 2014 5123 illa
2049 5072 2224 5148 qum
2257 5050 2565 5150 proprie
2596 5051 2691 5126 ad
2725 5053 3079 5151 singulas
3101 5078 3479 5152 personas
3506 5054 3911 5153 pertinent,

725 5178 1035 5269 relative
1075 5180 1166 5255 ad
1212 5179 1539 5258 invicem
1574 5181 1937 5271 dicuntur
1978 5208 1995 5277 ς
2041 5184 2243 5278 sicut
2283 5186 2538 5287 Pater,
2602 5198 2676 5264 et
2731 5188 3000 5285 FiliuS,
3046 5199 3122 5277 et
3165 5190 3567 5290 utriusque
3632 5190 3915 5267 donum

717 5312 1048 5413 Spiritus
1078 5328 1417 5407 sanctus.
1464 5320 1573 5407 Ea
1601 5342 1785 5407 vero
1815 5343 1992 5419 quae
2037 5320 2406 5409 unitatem
2460 5323 2820 5414 essentioe
2860 5323 3335 5421 significant,
3366 5327 3462 5401 ad
3507 5352 3591 5403 se
3647 5326 3921 5403 dicun-

717 5457 844 5534 tur
876 5471 894 5523 ε
938 5460 1012 5525 et
1040 5474 1132 5527 ea
1160 5474 1337 5549 quoe
1377 5452 1468 5527 ad
1511 5476 1594 5529 se
1634 5452 2026 5549 dicuntur,
2059 5455 2672 5532 substantialiter
2702 5456 2971 5556 utique
3010 5458 3404 5552 dicuntur,
3448 5469 3522 5537 et
3549 5461 3644 5537 de
3682 5463 3923 5537 onini-

793 5695 816 5730 Ι
845 5695 931 5751 Gr.
961 5696 1166 5769 Supra,
1189 5697 1335 5754 niet.
1369 5698 1439 5752 11.
1511 5737 1516 5742 .
