4897 6388
666 331 798 400 544

1653 329 1735 397 D.
1791 329 1988 398 ALB.
2039 329 2257 397 MAG.
2309 326 2515 396 ORD.
2568 325 2863 395 PRAED.

1805 926 2493 1021 DISTINCTIO
2563 926 2756 1019 XX.

900 1246 1018 1308 De
1066 1247 1315 1306 trium
1362 1258 1927 1321 personarum
1970 1242 2459 1320 aequalitate
2502 1244 2908 1321 quantum
2952 1243 3063 1304 aul
3107 1246 3641 1321 potestatem.

817 1582 906 1653 A.
957 1578 1268 1654 Ostenso
1301 1579 1513 1678 quod
1537 1578 1801 1678 aliqua
1818 1603 2332 1678 personarum
2378 1581 2619 1657 aliam
2651 1606 2806 1657 non
2833 1590 3147 1681 superat
3173 1585 3729 1682 maqnitudine,

1137 1718 1345 1790 imno
1388 1715 1725 1791 ostendit
1751 1716 1959 1814 quod
1991 1717 2148 1824 ᾳίἰα
2186 1741 2341 1793 uon
2394 1718 2695 1793 excedit
2723 1721 2740 1756 ¹
2774 1717 3009 1794 aliam
3040 1721 3427 1817 potentia.

777 2167 1005 2243 Nunc
1062 2166 1469 2243 ostendere
1504 2177 1766 2263 restat,
1804 2168 2188 2267 quomodo
2243 2168 2504 2267 aliqua
2554 2167 2824 2242 harum
2887 2190 3392 2265 personarum
3445 2168 3676 2244 aliam
3726 2192 3878 2246 non

684 2305 1008 2381 excellat
1038 2304 1427 2403 potentia:
1469 2313 1551 2379 ut
1588 2304 1789 2380 sicut
1832 2328 1984 2379 una
2022 2314 2097 2380 et
2146 2303 2586 2380 indifferens
2617 2312 2733 2378 est
2788 2303 3234 2401 magnitudo
3272 2305 3530 2401 trium,
3580 2306 3682 2381 ita
3732 2329 3886 2382 una

679 2451 754 2518 et
795 2440 1245 2517 indifferens
1273 2450 1747 2518 monstretur
1786 2441 2127 2541 potentia
2152 2441 2408 2517 trium.
2457 2440 2871 2518 Sciendum
2914 2451 3028 2516 est
3094 2465 3307 2538 ergo,
3343 2442 3527 2540 quia
3566 2467 3722 2518 non
3762 2454 3879 2519 est

676 2577 1061 2676 potentior
1090 2577 1319 2653 Pater
1350 2577 1569 2665 Filio,
1601 2601 1741 2653 nec
1784 2577 2023 2652 Filius
2051 2578 2174 2652 vel
2207 2577 2431 2652 Pater
2471 2575 2758 2675 Spiritu
2819 2587 3110 2670 sancte,
3155 2600 3299 2652 nec
3352 2577 3715 2675 majorem
3758 2602 3886 2677 po·

675 2713 990 2791 tentiam
1036 2713 1320 2791 habent
1354 2713 1511 2789 duo
1543 2714 1666 2790 vel
1717 2724 1872 2789 tres
1922 2712 2182 2807 simul,
2244 2735 2474 2811 quam
2517 2711 2872 2809 singulus
2910 2735 3176 2788 eorum
3224 2738 3241 2786 :
3287 2714 3473 2812 quia
3528 2738 3670 2791 nec
3710 2715 3883 2815 plus

677 2861 924 2951 potest
965 2850 1194 2927 Pater
1223 2860 1299 2926 et
1340 2849 1583 2925 Filius
1613 2849 1874 2945 simul,
1909 2872 2141 2948 quam
2182 2849 2394 2925 solus
2431 2847 2763 2947 Spiritus
2790 2859 3129 2923 sanctus.
3166 2849 3326 2924 Nec
3359 2849 3435 2923 bi
3461 2861 3612 2925 tres
3650 2849 3879 2925 simul

675 2990 853 3089 plus
903 2997 1255 3090 possunt.
1311 3010 1545 3086 quam
1610 2986 1968 3082 singulus
2016 3008 2280 3061 eorum
2356 3009 2373 3060 t
2437 2984 2620 3084 quia
2656 2985 3307 3085 omnipotentiam,
3352 3009 3584 3085 quam
3657 2987 3885 3063 babet

675 3126 931 3220 Pater,
964 3133 1041 3202 et
1090 3123 1331 3200 Filius
1387 3122 1685 3223 accepit
1744 3121 2157 3209 nascende,
2203 3132 2277 3197 et
2317 3120 2651 3221 Spiritus
2702 3130 3015 3198 sanctus
3071 3121 3555 3222 procedendo
3599 3146 3616 3199 ε
3675 3122 3883 3223 quod

670 3262 1152 3359 Augustinus
1206 3260 1640 3338 rationibus
1687 3271 1764 3336 et
1819 3259 2403 3335 auctoritatibus
2475 3259 2973 3359 probabiliter
3020 3260 3346 3335 adstruit
3390 3261 3466 3336 in
3530 3261 3722 3337 libro
3782 3263 3883 3337 ΙΙΙ

670 3410 937 3474 contra
965 3396 1513 3491 Maximinum,
1551 3394 1683 3494 qui
1726 3395 2025 3470 dicebat
2057 3394 2360 3470 Patrem
2409 3393 2803 3471 meliorem
2846 3417 2891 3470 a
2930 3395 3437 3494 potentiorem
3481 3397 3674 3473 Filio
3713 3397 3761 3471 ⁸.

1177 3960 1417 4005 DU'IStO
1455 3960 1727 4005 TBXTK'S.

764 4279 797 4316 ι
842 4253 1043 4321 Nunc
1068 4250 1412 4318 ostendere
1450 4261 1686 4330 restat,
1725 4253 2061 4341 quomodo
2090 4254 2224 4320 ali-

667 4384 804 4450 qua
838 4381 1322 4451 personarum,
1350 4367 1481 4428 etc.
1524 4384 1556 4424 n

757 4467 832 4534 ln
894 4466 1020 4534 hac
1068 4465 1505 4534 distinctione
1560 4466 1880 4557 Magister
1937 4468 2228 4535 ostendit

665 4574 1123 4665 aequalitatem
1155 4575 1362 4642 trium
1407 4598 1858 4665 personarum
1887 4576 1950 4642 in
1985 4585 2226 4665 poten·

666 4683 756 4748 tia
799 4680 1032 4749 divina
1070 4705 1222 4773 quse
1261 4680 1735 4749 substantiatis
1767 4691 1891 4752 est.
1932 4682 2005 4748 tit
2047 4683 2227 4749 divi-

668 4789 851 4857 ditur
899 4790 966 4856 in
1022 4798 1157 4857 tres
1207 4799 1432 4880 partes
1473 4811 1487 4856 ε
1555 4790 1621 4857 in
1656 4814 1940 4880 quarum
2013 4791 2229 4879 prima

668 4897 1056 4965 continente
1096 4897 1234 4964 duo
1282 4897 1608 4988 capitula,
1651 4897 1901 4964 scilicet
1953 4901 2005 4965 A
2042 4908 2105 4966 et
2149 4898 2224 4977 tt,

669 5026 788 5093 per
817 5007 1255 5072 auctoritates
1277 5004 1577 5072 ostendit
1604 5004 1898 5095 aequates
1921 5029 2064 5072 esse
2087 5029 2231 5096 per·

670 5132 897 5179 sonaS.

762 5218 839 5285 ln
870 5217 1169 5288 secunda
1198 5219 1596 5287 continente
1628 5227 1922 5309 quatuor
1939 5220 2228 5311 capitula

743 5525 758 5559 ¹
793 5521 947 5578 Edit.
977 5523 1147 5579 Joan.
1174 5522 1512 5591 Alleaume,
1544 5524 1785 5579 excellit.

734 5610 758 5647 ¹
788 5610 845 5669 S.
879 5613 1261 5682 Αυουετικυε,
1294 5610 1419 5669 Lib.
1452 5610 1528 5669 111
1581 5617 1793 5670 eontra
1827 5616 2226 5693 Maximinum,

2334 3736 2571 3797 contra
2602 3726 2988 3795 haereticum
3013 3727 3306 3795 ostendit
3338 3737 3626 3817 quatuor
3661 3727 3879 3797 modis

2339 3834 2584 3903 Filium
2615 3834 2945 3928 aequalem
2982 3834 3186 3903 l‘atri.
3215 3834 3299 3903 Et
3319 3836 3538 3928 prima
3566 3835 3875 3927 probatio

2334 3950 2432 4010 est
2473 3942 2553 4011 de
2596 3945 2852 4013 ratione
2900 3943 3358 4034 generationis
3403 3967 3420 4014 z
3472 3944 3632 4035 quia
3675 3967 3873 4036 gene·

2337 4073 2491 4118 rans
2520 4059 2584 4119 et
2612 4051 2880 4140 genitus
2925 4060 3078 4118 sunt
3138 4050 3435 4143 {equales
3483 4077 3605 4144 per
3649 4062 3878 4144 poten·

2337 4160 2500 4226 tiam
2532 4167 2815 4226 natura).
2851 4157 3157 4225 Secunda
3190 4167 3289 4227 est
3330 4159 3398 4228 in
3436 4159 3731 4229 secundo
3769 4182 3877 4228 ca·

2337 4264 2577 4356 pitulo,
2611 4264 2857 4334 scilicet
2895 4263 2972 4342 D,
3017 4289 3136 4356 per
3173 4267 3641 4336 auctoritatem
3671 4268 3880 4336 Joan·

2339 4376 2466 4452 nis,
2500 4397 2639 4451 xvi,
2702 4376 2776 4440 ¹33
2822 4396 2837 4443 :
2893 4375 3143 4441 Omnia
3201 4399 3635 4467 (senectuteque
3676 4376 3879 4444 habet

2338 4485 2571 4560 I'aler.
2631 4505 2782 4550 mea
2844 4494 3026 4550 sunl.
3075 4484 3300 4552 Tertia
3358 4495 3458 4553 est
3525 4485 3592 4552 in
3652 4489 3873 4566 tertio,

2337 4587 2586 4656 scilicet
2622 4588 2696 4668 tl,
2740 4612 2861 4679 per
2887 4592 3243 4669 rationem,
3298 4591 3478 4683 quod
3526 4592 3719 4661 aliter
3757 4594 3882 4661 im·

2339 4704 2579 4787 potens
2618 4705 2735 4766 aut
2764 4697 3035 4767 invidus
3084 4700 3342 4767 fuisset.
3386 4702 3641 4778 Quarta
3674 4709 3774 4769 est
3813 4702 3880 4768 in

2338 4813 2602 4895 quarte,
2637 4804 2886 4874 scilicet
2931 4806 3002 4886 F,
3058 4830 3174 4897 per
3212 4806 3723 4875 similitudinem
3756 4806 3881 4876 hu-

2338 4935 2633 4981 manant.

2426 5021 2503 5089 ln
2535 5024 2727 5091 tertia
2773 5034 2957 5114 parte
3012 5024 3373 5115 respondet
3426 5027 3705 5115 objectis
3750 5027 3880 5096 hae-

2341 5131 2524 5198 retici
2568 5133 2633 5198 in
2663 5132 2901 5201 ultima
2931 5143 3119 5224 parte
3167 5133 3617 5203 distinctionis
3659 5137 3873 5219 istiuS,

2340 5236 2455 5315 ibi,
2499 5241 2581 5316 (Β,
2633 5269 2664 5299 υ
2697 5241 2837 5309 Sed
2869 5244 3048 5330 sorte
3076 5243 3272 5322 (Ιὶςὶε,
3326 5268 3399 5309 eo
3446 5243 3613 5333 ipso,
3674 5254 3798 5314 etc.
3837 5272 3871 5311 »

2338 5558 2465 5611 cap.
2499 5548 2551 5596 2.
