4897 6388
691 282 822 348 488
1663 276 1747 345 D.
1802 275 1997 380 ΑΕΒ.
2051 256 2285 345 MAG(
2324 277 2528 349 ono.
2583 281 2882 351 PRAED.

694 439 1185 526 caturmotus
1219 449 1541 524 mentis:
1572 426 1992 523 cumetiam
2040 449 2110 548 in
2160 450 2351 525 libro
2393 450 2815 550 Sapientiae
2843 453 3149 528 dicatur
3187 450 3586 556 de‘spiri‘tu
3615 463 3915 561 sapien·
3987 500 3990 503 ’

693 586 841 673 tiae,
874 587 1007 684 qui
1041 583 1340 682 attingit
1380 611 1425 661 a
1466 585 1618 660 line
1662 608 1905 684 usque
1947 587 2036 660 ad
2086 586 2319 662 finem
2364 587 2410 682 ¹,
2446 590 2579 687 qui
2621 600 2738 664 est
2777 600 2994 666 actus
3026 594 3368 692 mobiliS,
3433 609 3714 693 certus,
3786 601 3910 673 in-

692 721 1262 819 coinquinatus.
1331 721 1548 809 Quod
1587 744 1742 795 non
1787 721 1957 795 ideo
1991 720 2298 816 dicitur,
2335 724 2542 819 quod
2576 723 2960 821 sapientia
2991 727 3090 802 sit
3131 728 3739 830 mobilealiquid
3783 736 3902 809 vel

695 867 911 932 actus
943 857 1248 955 aliquis,
1295 856 1429 931 sed
1469 856 1653 954 quia
1682 855 1801 929 sui
1844 855 2377 931 immobilitate
2418 859 2682 934 omnia
2739 860 3073 959 attingit,
3147 886 3306 938 non
3364 866 3585 941 locali
3666 879 3903 963 motu,

695 992 829 1066 sed
875 1003 956 1065 ut
987 992 1271 1088 ubique
1313 1014 1617 1089 semper
1654 990 1776 1079 sit,
1822 999 1893 1064 et
1934 1013 2317 1088 nusquam
2361 992 2664 1068 inclusa
2693 1003 3075 1071 teneatur.
3143 997 3272 1073 Sic
3330 1023 3515 1097 ergo
3575 1004 3908 1078 charitas

696 1125 975 1200 dicitur
1019 1137 1266 1200 motus
1298 1124 1559 1212 animi,
1600 1148 1753 1198 non
1796 1125 2000 1223 quod
2034 1126 2202 1223 ipsa
2241 1126 2338 1202 sit
2372 1138 2624 1203 motus
2653 1131 2775 1204 vel
2817 1129 3120 1207 affectio
3151 1135 3281 1209 vel
3332 1134 3582 1211 virtus
3640 1138 3904 1231 animi,

694 1261 831 1336 sed
871 1261 1055 1360 quia
1091 1283 1430 1360 peream
1499 1261 1719 1358 quasi
1796 1271 1998 1335 esset
2062 1260 2333 1355 virtuS,
2405 1260 2738 1337 afficitur
2778 1287 3000 1340 mens
3069 1275 3145 1342 et
3222 1279 3604 1345 movetur.
3651 1270 3798 1345 Sed
3844 1271 3909 1347 si

693 1395 1028 1470 charitas
1060 1395 1391 1493 Spiritus
1431 1404 1741 1470 sanctus
1781 1404 1921 1489 est,
1958 1395 2089 1493 qui
2131 1406 2497 1494 operatur
2527 1397 2603 1470 in
2647 1397 2979 1496 singulis
3018 1410 3254 1498 prout
3281 1403 3452 1477 vult
3477 1400 3527 1490 ²,
3564 1426 3738 1478 cum
3773 1427 3912 1503 per

700 1554 875 1606 eum
924 1554 1139 1606 mens
1181 1531 1519 1605 hominis
1548 1530 1929 1606 afficiatur
1967 1540 2042 1605 et
2083 1527 2488 1607 moveatur
2517 1532 2614 1606 ad
2641 1533 3149 1630 credendum,
3211 1538 3337 1612 vel
3404 1539 3907 1637 sperandum,

698 1673 773 1737 et
812 1662 1282 1760 hujusmodi,
1319 1664 1518 1738 sicut
1556 1665 1648 1740 ad
1690 1664 2165 1760 diligendum
2202 1663 2497 1765 :Jqu‘are
2529 1690 2685 1740 non
2728 1667 2839 1742 sie
2905 1667 3195 1744 dicitur
3268 1670 3912 1748 charitasmotus

695 1798 815 1872 vel
858 1795 1153 1874 affectio
1189 1797 1465 1872 mentis
1504 1799 1596 1871 ad
1630 1797 2126 1894 credendum,
2161 1801 2282 1874 vel
2326 1801 2824 1899 sperandum,
2858 1802 3062 1878 sicut
3085 1802 3183 1877 ad
3217 1803 3759 1902 diligendum?
3793 1805 3906 1880 Ad

695 1932 901 2029 quod
941 1956 1125 2009 sane
1158 1933 1303 2007 dici
1348 1942 1621 2031 potest,
1666 1935 1849 2031 quia
1887 1935 2189 2032 aliquos
2228 1946 2445 2010 actus
2486 1946 2714 2034 atque
2757 1946 3015 2012 motus
3089 1938 3469 2013 virtutum
3547 1951 3910 2038 operatur

695 2066 1054 2161 charitas,
1093 2066 1163 2140 id
1206 2078 1346 2155 est,
1379 2066 1710 2165 Spiritus
1748 2059 2061 2143 sanctus
2094 2064 2610 2145 mediantibus
2640 2070 3057 2146 virtutibus
3083 2094 3419 2170 quarum
3448 2083 3665 2148 actus
3695 2084 3902 2169 sunt,

699 2210 957 2300 utpote
989 2211 1238 2277 actum
1275 2201 1479 2297 fidei,
1509 2202 1580 2276 id
1612 2212 1752 2291 est,
1783 2203 2093 2280 credere
2125 2203 2273 2280 fide
2308 2205 2586 2299 media,
2613 2216 2688 2281 et
2710 2217 2733 2254 ⁸
2763 2214 3022 2282 actum
3063 2206 3261 2306 spei,
3299 2206 3373 2281 id
3404 2219 3548 2302 est,
3593 2231 3904 2308 sperare

701 2338 952 2413 media
991 2362 1151 2437 spe.
1200 2339 1346 2412 Per
1395 2337 1621 2415 fldem
1686 2338 1889 2414 enim
1942 2349 2017 2415 et
2076 2363 2290 2438 spem
2352 2340 2762 2437 praedictos
2822 2349 3193 2440 operatur
3232 2351 3452 2416 aetus
3486 2366 3502 2417 :
3540 2341 3906 2440 diligendi

695 2498 880 2550 vero
911 2485 1162 2549 actum
1206 2499 1344 2572 per
1373 2499 1454 2550 se
1498 2484 1822 2570 tantum,
1857 2475 2026 2552 sine
2065 2475 2398 2573 alicujus
2438 2476 2748 2552 virtutis
2787 2476 3044 2552 medio
3087 2485 3483 2576 operatur,
3521 2476 3593 2551 id
3634 2486 3775 2571 est,
3811 2476 3916 2550 di·

697 2609 962 2706 ligere.
992 2609 1232 2684 Aliter
1270 2633 1452 2706 ergo
1495 2612 1701 2684 hunc
1732 2618 1985 2683 actum
2029 2619 2393 2707 operatur
2422 2632 2656 2708 quam
2705 2610 2901 2686 alios
2940 2610 3316 2686 virtutum
3385 2618 3630 2686 actus.
3704 2611 3911 2686 Ideo·

699 2768 850 2843 que
890 2743 1328 2820 differenter
1354 2745 1446 2820 ‹le
1493 2746 1635 2819 hoc
1664 2755 1737 2819 et
1775 2745 1868 2820 de
1908 2743 2081 2819 aliis
2111 2744 2455 2843 loquitur
2512 2744 2933 2845 Scriptura,
2965 2769 3146 2845 quoe
3207 2745 3438 2822 istum
3472 2744 3906 2846 specialiter

701 2878 1052 2954 charitati
1098 2879 1382 2954 tribuit.
1432 2882 1554 2954 list
1588 2903 1772 2977 ergo
1802 2879 2135 2955 charitas
2166 2903 2346 2955 vere
2378 2880 2713 2980 Spiritus
2742 2891 3085 2956 sanctus.
3150 2879 3373 2956 Unde
3428 2878 3912 2978 Augustinus

703 3014 1187 3114 proemissum
1219 3015 1536 3090 verbum
1569 3014 1907 3114 Apostoli
1956 3024 2288 3090 tractans
2328 3014 2403 3089 in
2447 3014 2719 3091 eodem
2748 3014 2946 3091 libro
2974 3017 3022 3103 ⁴,
3054 3013 3509 3091 charitatem
3535 3013 3719 3089 dicit
3744 3036 3910 3089 esse

702 3148 1020 3244 bonum,
1064 3173 1218 3249 quo
1260 3150 1364 3225 nil
1410 3150 1686 3225 melius
1723 3161 1886 3226 est:
1931 3160 2003 3226 et
2046 3174 2183 3251 per
2223 3152 2367 3226 hoc
2400 3149 2642 3251 ipsam
2676 3172 2849 3228 esse
2879 3150 3134 3227 Deum
3166 3146 3555 3248 significat
3593 3146 3902 3225 dicens:

703 3283 782 3356 Si
855 3284 1067 3359 nulla
1103 3308 1221 3360 res
1260 3285 1356 3359 ab
1383 3286 1550 3383 ejus
1579 3284 1945 3360 charitate
1987 3309 2130 3360 nos
2194 3297 2502 3386 separat
2529 3279 2579 3379 ⁵,
2615 3285 2802 3384 quid
2871 3308 3042 3362 esse
3072 3308 3235 3361 non
3267 3284 3520 3360 solum
3601 3283 3901 3377 melius,

700 3402 1090 3494 sedetiam
1125 3419 1582 3495 certiushoc
1621 3419 1824 3495 bono
1853 3419 2163 3519 potest?
2191 3422 2380 3496 Ecce
2434 3420 2642 3515 dicit,
2703 3418 2889 3520 quia
2927 3417 3305 3495 charitate
3373 3416 3565 3492 nihil
3630 3418 3907 3494 melius

701 3563 842 3628 est.
878 3554 1225 3629 Charitas
1263 3580 1447 3651 ergo
1486 3553 1819 3654 Spiritus
1847 3564 1963 3629 est
2000 3555 2129 3655 qui
2173 3555 2385 3632 Deus
2415 3565 2558 3647 est,
2603 3565 2679 3630 et
2706 3554 3000 3630 donum
3032 3552 3173 3630 Dei
3216 3552 3382 3629 sive
3434 3552 3738 3629 datum:
3775 3553 3903 3653 qui

703 3689 975 3764 dividit
1014 3688 1341 3782 singulis
1376 3689 1731 3764 tidelihus
1762 3688 1989 3779 dona,
2025 3711 2166 3764 ner.
2211 3689 2370 3790 ipse
2429 3689 2827 3784 dividitur,
2907 3686 3040 3764 sed
3125 3685 3511 3762 indivisus
3583 3686 3911 3782 singulis

700 3826 949 3901 «latur.
986 3825 1201 3899 Unde
1243 3826 1721 3920 Augustinus
1764 3827 1888 3903 ubi
1928 3827 2272 3901 Jonnnes
2302 3826 2512 3920 dicit,
2550 3848 2701 3899 non
2736 3825 2830 3899 ad
2878 3847 3323 3898 mensuram
3377 3821 3681 3896 Christo
3742 3821 3903 3894 «lari

699 3960 1082 4060 spiritum,
1124 3960 1222 4034 nit
1263 3985 1279 4034 :
1314 3961 1628 4034 (In-teris
1669 3985 1849 4034 vero
1879 3960 2268 4043 dividitur,
2305 3985 2455 4034 non
2499 3959 2811 4058 quidem
2850 3956 3012 4056 ipse
3073 3956 3439 4056 Spiritus,
3501 3956 3632 4029 scd
3702 3956 3902 4030 dona

699 4097 868 4196 ejus
896 4123 946 4170 ο.

766 4434 782 4469 ¹
813 4433 1075 4506 Sapit-nt.
1111 4449 1225 4497 vm.
1264 4438 1280 4487 t
1320 4450 1333 4488 :
1376 4437 1615 4504 ,tttinqae't
1643 4451 1677 4488 α
1705 4438 1814 4502 fine
1852 4449 2021 4503 usque
2048 4433 2121 4486 aot
2141 4436 2300 4501 finem
2329 4434 2582 4503 sortiter.
2613 4441 2725 4490 rte.

764 4527 786 4561 ¹
817 4524 835 4580 l
865 4523 940 4580 ud
970 4524 1374 4596 t2‹›rintln.{xn,
1413 4530 1465 4579 lt
1500 4541 1513 4579 ε
1550 4526 1673 4579 tta-c
1691 4525 1879 4578 omnia
1908 4530 2167 4594 operatur
2196 4540 2338 4580 teneus
2357 4531 2527 4594 atque
2557 4523 2696 4579 ioh-m
2731 4524 2994 4597 Spiritus,
3025 4524 3282 4581 dit-idem
3310 4521 3548 4589 sinyutis
3573 4526 3741 4591 prout
3771 4519 3905 4575 vult.

768 4614 792 4649 ³
823 4612 973 4670 Edit.
1003 4613 1170 4670 lomi.
1203 4613 1529 4680 Allennme,
1561 4622 1619 4669 ut

766 4704 790 4739 ⁴
818 4705 875 4758 S.
918 4706 1290 4771 Acaunum-s,
1327 4704 1445 4758 hil».
1479 4702 1551 4758 d·-
1579 4701 1833 4758 Moribus
1865 4700 2139 4757 Ecclesia.-
2171 4700 2664 4775 catlnolieoe.sscap.
2697 4704 2752 4758 8.

765 4797 788 4832 ⁸
818 4794 902 4851 Ad
937 4796 1181 4850 Roman.
1216 4811 1330 4860 vm,
1363 4796 1463 4848 3:52
1504 4793 1794 4868 Quisjeruo
1822 4808 1920 4847 nos
1947 4792 2288 4867 separabit-'a
2316 4793 2592 4850 charitate
2619 4792 2826 4849 Christi
2854 4793 2884 4849 ‘2

758 4884 783 4919 ⁸
819 4886 875 4940 S,
910 4888 1280 4948 Acon-smus.
1312 4888 1500 4956 Super
1527 4885 1834 4951 suanm-m,
1866 4885 2057 4939 Tract.
2095 4885 2179 4938 tt.
