4897 6388
447 1068 519 1114 Ad
545 1070 588 1116 2.

694 341 825 408 634
950 356 956 363 ’

696 506 818 581 sed
874 506 1100 598 potius
1140 505 1460 580 deitatem
1519 509 1827 578 nominat
1881 492 1958 580 ‘in
1988 529 2066 578 eo
2126 505 2240 597 qui

701 613 907 684 habet
938 636 1090 683 eam
1134 632 1151 682 ε
1196 622 1260 682 et
1295 614 1446 682 ideo
1495 616 1680 697 dicit,
1724 624 1800 683 ut
1855 618 2007 708 quis
2036 623 2137 682 est
2170 615 2241 680 in

700 724 1054 792 communi
1096 745 1112 791 t
1178 732 1244 792 et
1282 724 1436 792 ideo
1476 747 1617 791 non
1679 723 1832 792 talis
1892 724 2241 791 diversitas

701 834 772 899 in
811 832 1093 901 nomine
1129 832 1200 899 in
1232 831 1437 899 modo
1468 831 1896 923 significandi
1927 832 2246 923 importa-

702 949 838 1007 tur.
1827 954 1832 958 ’

796 1049 902 1116 An
957 1049 1157 1116 amun
1243 1049 1627 1127 dicendum,
1708 1048 1889 1138 quod
1959 1069 2246 1137 persona

1691 332 1776 402 D.
1828 333 2024 401 ALB.
2077 330 2290 406 MAG.
2343 329 2548 399 ORD.
2599 330 2895 400 PRAED.

2349 503 2594 576 divinis
2620 526 2643 570 -:
2680 511 2746 572 et
2782 503 2932 572 ideo
2976 497 3207 575 dietio‘·
3226 497 3665 578 distributiva
3704 504 3903 576 inve-

2349 614 2451 680 nit
2489 612 2580 679 ibi
2610 613 2964 680 materiam
2995 635 3134 680 suae
3165 612 3693 684 distributionis,
3721 611 3902 679 Deus

2351 726 2578 786 autem
2609 719 2917 786 nominat
2934 719 3387 788 substantiam
3418 719 3904 796 concretive‚et

2352 847 2490 892 non
2544 824 2994 914 suppositum,
3054 826 3187 892 nisi
3238 825 3415 892 forte
3455 848 3542 893 ex
3581 825 3899 913 adjuncto

2351 932 2642 999 termino
2684 929 3012 998 notionali
3058 953 3074 999 :
3106 940 3172 999 et
3210 930 3362 998 ideo
3395 954 3535 999 non
3574 931 3738 999 sinit
3773 928 3901 996 sibi

2353 1041 2673 1131 conjungi
2715 1041 2987 1131 signum
3025 1039 3564 1108 distributivum.

707 1157 885 1225 dicit·
906 1156 1378 1247 suppositum:
1440 1166 1507 1223 et
1541 1155 1709 1224 illud
1735 1154 2151 1245 plurificatur
2177 1154 2247 1221 in

707 1595 797 1669 G.
860 1592 1297 1696 Objectioni
1329 1594 1646 1671 illorum
1676 1571 1800 1670 liic
1838 1595 2259 1696 respondet,
2300 1621 2451 1697 qua
2478 1596 2831 1671 nituntur
2846 1569 3184 1694 probare
3211 1589 3591 1694 personas
3627 1615 3908 1667 secun-

806 1729 992 1814 dum
1033 1729 1440 1804 essentiam
1471 1730 1724 1832 accipi
1744 1756 1771 1822 .-
1798 1731 1978 1829 quia
2017 1729 2559 1829 respondemus
2588 1728 3104 1828 quaerentibus
3128 1727 3323 1828 quid
3356 1734 3536 1821 tres,
3569 1724 3699 1804 vel
3721 1723 3912 1826 quid

807 1857 987 1931 tria.
3398 1851 3403 1854 ’
3436 1845 3439 1848 ’

801 2197 914 2273 Ad
948 2198 1098 2272 hoe
1127 2206 1384 2273 autem
1425 2199 1630 2297 quod
1683 2198 1789 2272 illi
1840 2197 2128 2289 dicunt,
2163 2222 2337 2274 eum
2389 2198 2793 2299 quaeritur,
2837 2197 3021 2297 quid
3063 2207 3220 2278 tres
3257 2170 3911 2293 velsstriasseees-

704 2335 956 2412 sentia
984 2335 1389 2435 quaeritur,
1425 2337 1608 2434 quia
1637 2361 1790 2412 non
1834 2337 2223 2413 invenitur
2246 2337 2429 2436 quid
2473 2337 2582 2412 ini
2621 2348 2769 2413 tres
2799 2337 2951 2412 sint
2981 2336 3129 2411 nisi
3163 2336 3506 2412 essentia
3539 2359 3557 2411 ε
3595 2358 3735 2435 per
3763 2336 3911 2410 hoc

703 2474 1055 2549 volentes
1103 2496 1252 2549 nos
1305 2471 1670 2549 inducere
1724 2485 1808 2548 ut
1864 2473 2170 2550 nomine
2228 2497 2583 2574 personoe
2642 2473 3055 2550 essentiam
3112 2472 3671 2571 intelligamus
3731 2494 3907 2546 eum

627 2673 632 2679 .
705 2606 1269 2707 respondemus
1325 2616 1482 2683 tres
1519 2630 1913 2707 personas.
1966 2608 2080 2683 Ita
2138 2607 2491 2705 dicimus,
2537 2607 3152 2684 Indubitabiliter
3187 2630 3465 2684 verum
3525 2615 3669 2703 est,
3727 2605 3915 2709 quia

709 2764 863 2815 non
919 2739 1318 2819 invenitur
1369 2766 1613 2820 unum
1657 2741 1944 2843 aliquid
1971 2833 1974 2836 ,
2003 2741 2207 2842 quod
2238 2742 2347 2820 illi
2388 2753 2543 2818 tres
2579 2743 2754 2830 sint,
2797 2743 2942 2818 nisi
2982 2742 3350 2822 essentia.
3396 2740 3663 2821 Unum
3700 2740 3912 2820 enim

708 2886 886 2953 sunt
929 2875 1040 2951 illi
1082 2884 1268 2970 tres,
1304 2876 1378 2952 id
1419 2886 1561 2969 est,
1605 2877 1940 2954 essentia
1968 2877 2252 2953 divina.
2289 2876 2509 2953 Unde
2540 2877 2842 2953 Veritas
2878 2877 3009 2970 ait,
3040 2878 3219 2976 qu
3273 2883 3350 2955 et
3384 2876 3634 2952 Pater
3666 2900 3909 2951 unum

704 3035 972 3087 sumus
1005 3015 1054 3086 ¹.
1096 3009 1649 3088 Verumtamen
1689 3036 1863 3088 cum
1891 3011 2285 3112 quoeritur,
2325 3011 2512 3112 quid
2543 3022 2697 3088 tres
2725 3013 2848 3088 vel
2878 3012 3062 3112 quid
3097 3011 3271 3106 tria,
3316 3034 3477 3086 non
3517 3010 3613 3086 de
3656 3033 3917 3087 essen·

706 3144 812 3221 tia
865 3143 1272 3245 quaeritur‚
1307 3168 1450 3222 nee
1482 3144 1585 3221 ibi
1618 3145 1799 3246 quid
1841 3147 1935 3223 ad
1983 3120 2791 3225 essentiam-refertur.
2827 3145 2977 3225 Sed
3042 3169 3221 3224 cum
3271 3143 3470 3242 fides
3516 3145 3917 3248 catholiea

709 3290 865 3357 tres
921 3301 1092 3356 esse
1151 3278 1667 3379 profiteretur,
1709 3279 1907 3358 sicut
1940 3281 2278 3359 Joannes
2328 3281 2406 3357 in
2446 3281 2771 3382 epistola
2833 3280 3210 3359 canoniea
3246 3280 3357 3359 ait
3422 3304 3440 3358 :
3512 3281 3699 3357 Tres
3733 3289 3918 3358 sunt

708 3415 847 3515 qui
877 3398 1400 3494 testimonium
1433 3413 1621 3491 dant
1656 3414 1735 3491 in
1764 3413 1952 3491 coelo
1992 3413 2045 3510 ²,
2101 3416 2596 3514 quaerebatur
2622 3415 2808 3516 quid
2848 3415 2958 3491 itli
2991 3426 3147 3494 tres
3185 3426 3476 3510 essent,
3514 3413 3589 3491 id
3629 3424 3772 3510 est,
3812 3438 3914 3490 an

709 3557 973 3625 essent
1002 3557 1158 3624 tres
1197 3570 1342 3635 reS,
1382 3558 1457 3623 et
1512 3573 1689 3649 qum
1733 3559 1883 3625 tres
1920 3573 2069 3646 res,
2112 3560 2188 3627 et
2238 3572 2392 3649 quo
2442 3550 2755 3626 nomine
2810 3551 2963 3626 infe
3004 3562 3160 3628 tres
3192 3572 3318 3627 res
3367 3546 3918 3647 significaren-

715 3693 864 3759 tur.
910 3683 1002 3769 Et
1055 3681 1231 3758 ideo
1271 3682 1638 3786 loquendi
1683 3684 2133 3761 necessitate
2191 3685 2601 3761 inventum·
2650 3696 2767 3762 est
2822 3687 2964 3761 hoc
3030 3708 3348 3781 nomen,
3397 3706 3768 3785 persona,
3820 3683 3915 3760 ad

718 3817 1370 3920 respondendum,
1410 3818 1793 3896 etdictutn
1837 3830 1977 3917 est,
2020 3830 2176 3898 tres
2202 3843 2583 3921 personoe.

2364 4170 2921 4264 supponebantur
2970 4192 3129 4237 eum
3186 4169 3330 4237 suis
3385 4165 3920 4259 proprietatibus

2366 4284 2434 4350 in
2490 4280 2699 4349 verbo
2743 4280 3054 4362 hannis,
3110 4301 3267 4347 eum
3323 4274 3620 4359 dicebat,
3679 4278 3916 4356 Pater,

2380 4391 2690 4469 Verbum,
2749 4401 2813 4459 el
2878 4390 3185 4482 Spiritus
3228 4397 3513 4456 sanctus
3542 4410 3568 4457 .·
3635 4409 3801 4479 ergo
3834 4386 3919 4455 de

2368 4497 2499 4566 illis
2564 4518 2701 4564 non
2740 4494 3221 4587 quaerebatur:
3280 4514 3442 4560 cum
3481 4492 3694 4584 igitur
3747 4490 3919 4560 nihil

2367 4603 2660 4697 amplius
2694 4604 2783 4672 sit
2810 4604 2881 4671 in
2908 4601 3246 4694 personis,
3279 4601 3413 4669 nisi
3452 4601 3777 4679 essentia,
3820 4601 3923 4668 vi·

2366 4713 2837 4808 detur‚·quod
2902 4711 3194 4782 essentia
3267 4710 3728 4803 quaerebatur.
3787 4709 3923 4779 San

2367 4845 2657 4892 con-rna:
2691 4821 2851 4890 liaee
2879 4821 3081 4889 etiam
3111 4827 3294 4888 certa
3314 4815 3833 4909 supponebatur
3854 4818 3923 4883 in

2368 4930 2577 5000 verbo
2642 4930 2949 5006 hannis,
3016 4950 3175 4998 eum
3243 4926 3439 5011 dixit,
3496 4928 3596 4994 Ee
3658 4926 3736 4994 ln·
3788 4936 3925 4994 tres

2371 5061 2588 5109 unum
2622 5049 2783 5107 sunt
2822 5061 2847 5107 :
2903 5060 3064 5129 ergo
3132 5034 3431 5117 videtur,
3499 5033 3688 5125 quod
3753 5031 3926 5101 nihil

2336 5148 2635 5239 'poterat
2694 5146 2927 5238 quoeri,
2986 5153 3054 5213 et
3129 5146 3228 5212 sie
3304 5143 3595 5234 quaestio
3663 5139 3925 5209 inutilis

2369 5255 2518 5324 suit.

1150 4401 1654 4471 ARTICL'LUS
1704 4402 1822 4472 vl.

725 4613 1073 4699 Quaeritur
1108 4613 1193 4684 de
1227 4613 1370 4681 laeaec
1412 4615 1802 4705 quaestione,
1849 4612 2039 4696 Quid
2089 4613 2252 4708 tria·

1167 4730 1233 4788 el
1261 4717 1440 4810 quid
1482 4728 1621 4789 tres
1651 4742 1755 4787 res
1778 4716 1819 4785 ἒ)

809 5045 1069 5116 Deinde
1103 5044 1427 5137 quoeritur
1456 5046 1538 5115 de
1564 5048 1760 5115 tertio
1799 5044 2119 5136 capitulo,
2173 5043 2259 5128 G,

719 5153 841 5233 ibi,
887 5183 921 5217 α
953 5152 1068 5224 Ad
1117 5152 1246 5221 laeoc
1308 5161 1534 5219 autem
1601 5152 1789 5244 quod
1843 5151 1956 5222 illi
1999 5150 2260 5239 dicunt,

722 5270 1100 5437 emisitletur
1140 5364 1350 5448 enim,
1394 5364 1578 5454 quod
1630 5362 1797 5432 nihil
1838 5360 2264 5454 quaerebatur

725 5470 853 5540 nisi
921 5473 1216 5540 essentia
1293 5494 1312 5540 z
1395 5471 1554 5562 quia
1618 5470 2014 5561 hypostases
2087 5479 2264 5539 certe
2464 5461 2768 5529 Soumo-
2822 5456 2985 5525 Sine
3050 5454 3442 5547 praejudicio
3499 5454 3677 5538 dico,
3737 5454 3925 5546 quod

800 5706 818 5741 ¹
843 5702 1011 5759 Joan.
1041 5718 1097 5772 x,
1127 5704 1218 5758 30.
2446 5698 2471 5735 ²
2499 5700 2522 5756 1
2549 5698 2715 5754 Joan.
2738 5714 2790 5769 v,
2820 5700 2873 5753 7.

4007 5508 4204 5557 Set-tio.
