4897 6388
2095 277 2189 343 lN
2237 275 2268 343 1
2319 275 2746 345 SENTENT.
2799 277 3025 363 msr.
3079 278 3133 361 1,
3187 279 3268 346 B.
3515 356 3522 363 ,
4200 270 4284 336 23
4378 352 4382 357 ,

2007 796 2092 867 Β.
2150 794 2273 867 De
2318 792 2544 867 rebus
2580 793 3091 867 communiter
3143 791 3323 887 assit.

1144 1164 1231 1238 Id
1276 1187 1462 1260 ergo
1504 1163 1584 1236 in
1628 1162 1861 1237 rebus
1902 1162 2556 1250 considerandum
2590 1175 2732 1259 est,
2781 1174 2863 1239 ut
2915 1167 2986 1238 in
3031 1165 3301 1240 eodem
3346 1163 3834 1260 Augustinus
3886 1160 4017 1254 ait,
4063 1159 4267 1259 quod

1042 1277 1167 1375 res
1208 1299 1384 1374 alioe
1424 1307 1607 1373 sunt
1673 1297 1959 1397 quibus
2028 1299 2440 1374 fruendum
2511 1309 2651 1387 est,
2735 1301 2906 1375 aliae
2961 1299 3245 1399 quihus
3289 1299 3665 1375 utendum
3699 1308 3840 1392 est,
3884 1296 4057 1371 aliae
4090 1317 4265 1394 quae

1043 1433 1414 1507 fruuntur
1488 1442 1561 1507 et
1631 1441 1961 1507 utuntur
2026 1445 2072 1505 ¹.
2136 1433 2298 1507 111ae
2362 1434 2656 1532 quibus
2722 1435 3135 1511 fruendum
3211 1446 3351 1526 est,
3425 1458 3572 1509 nos
3629 1434 3893 1508 beatos
3942 1432 4256 1507 faciunt.

1041 1567 1219 1643 Istis
1252 1568 1541 1666 quibus
1585 1568 1963 1644 utendum
2004 1577 2140 1653 est,
2182 1568 2587 1651 tendentes
2627 1570 2720 1645 ad
2765 1570 3344 1664 beatitudinem,
3389 1568 3879 1667 adjuvamur,
3924 1574 3999 1641 et
4037 1565 4256 1664 quasi

1038 1702 1725 1797 adminiculamur,
1773 1710 1856 1776 ut
1918 1702 2012 1776 ad
2061 1701 2230 1778 illas
2272 1726 2394 1779 res
2435 1726 2614 1803 qum
2655 1729 2798 1781 nos
2834 1705 3104 1781 beatos
3146 1704 3464 1799 faciunt,
3509 1701 3941 1804 pervenire,
3985 1700 4252 1798 eisque

1028 1837 1420 1912 inhoerere
1452 1808 1869 1935 possimus
1909 1838 2061 1911 Res
2114 1861 2299 1912 vero
2342 1861 2521 1938 quoe
2556 1840 2921 1915 fruuntur
2968 1850 3043 1915 et
3083 1850 3434 1928 utuntur,
3473 1862 3616 1915 nos
3654 1860 3927 1915 sumus
3969 1858 3987 1912 ε
4024 1832 4243 1933 quasi

1018 1970 1227 2047 inter
1298 1981 1666 2071 utrasque
1725 1972 2147 2063 constituti,
2228 1982 2304 2048 et
2362 1974 2670 2072 Angeli,
2713 1983 2790 2049 ct
2855 1975 3143 2051 Sancti.
3210 1974 3416 2050 Frui
3476 1983 3734 2049 autem
3797 1980 3913 2048 est
3975 1993 4238 2045 amore
4270 1977 4587 2089 {udffi‘ffi}·‚⁸‘

1019 2104 1251 2181 alicui
1295 2106 1408 2182 rei
1450 2106 1841 2181 inliceret-e
1882 2117 2200 2205 propter
2238 2108 2604 2207 seipsam.
2661 2109 2794 2185 Uli
2855 2133 3066 2201 vern,
3132 2109 3204 2182 id
3247 2108 3456 2208 quod
3512 2108 3591 2182 in
3655 2129 3880 2183 usum
3910 2102 4233 2179 venerit

1016 2242 1334 2338 referre,
1379 2242 1475 2317 ad
1518 2242 2027 2318 obtinendum
2073 2243 2262 2318 illud
2321 2268 2477 2342 quo
2517 2246 2930 2321 fruendum
2963 2255 3078 2321 est
3114 2269 3129 2321 ε
3176 2245 3366 2320 alias
3424 2243 3637 2320 abuti
3679 2254 3819 2337 est,
3859 2264 4012 2315 non
4057 2239 4165 2314 uti
4202 2262 4218 2315 ε

1017 2399 1199 2450 nam
1243 2400 1435 2453 usus
1473 2375 1818 2472 illicitus,
1862 2378 2154 2453 abusus
2183 2379 2307 2454 vel
2349 2379 2624 2455 abusio
2658 2379 3037 2455 nominari
3073 2381 3321 2457 debet.

1112 2511 1267 2586 Res
1307 2510 1549 2607 igitur
1601 2511 1888 2610 quibus
1933 2512 2343 2588 fruendum
2395 2525 2539 2605 est,
2602 2525 2784 2590 sunt
2817 2515 3071 2605 Pater,
3116 2523 3190 2589 et
3243 2514 3516 2608 Filius,
3551 2522 3627 2589 et
3678 2510 4009 2612 Spiritus
4057 2532 4228 2585 san-

1008 2655 1204 2720 ctus.
1254 2645 1545 2721 Eadem
1589 2654 1843 2721 tamen
1879 2646 2209 2721 Trinitas
2250 2648 2616 2746 quasdam
2657 2674 2964 2724 summa
3007 2672 3129 2725 res
3168 2660 3311 2744 est,
3355 2646 3950 2746 communisque
3990 2641 4233 2720 omni·

1007 2778 1155 2854 bus
1205 2778 1674 2871 fruentibus,
1736 2804 1829 2855 ca
1888 2780 1952 2855 si
2000 2791 2251 2857 tamen
2295 2805 2418 2856 res
2459 2781 2612 2857 (lici
2653 2784 2910 2879 debet,
2954 2796 3028 2859 et
3071 2808 3225 2858 non
3272 2806 3533 2859 rerum
3576 2782 3918 2856 oninium
3963 2801 4225 2872 causa,

1012 2913 1074 2987 si
1117 2923 1375 2990 tamen
1418 2923 1495 2989 et
1541 2938 1808 2990 causa.
1883 2915 2051 2989 Nou
2095 2915 2301 2990 enim
2349 2916 2569 2991 facile
2634 2927 2885 3016 potest
2947 2917 3276 2993 inveniri
3347 2939 3666 3012 nomen,
3724 2914 3930 3015 quod
3998 2922 4228 2989 tantze

1012 3048 1495 3124 excellentia}
1527 3049 1973 3143 conveniat,
2011 3049 2159 3125 nisi
2202 3050 2408 3149 quod
2474 3052 2753 3127 melius
2791 3051 3075 3127 dicitur
3114 3052 3447 3126 Trinitas
3509 3053 3673 3126 lunc
3725 3074 3930 3125 unus
3986 3048 4222 3124 Deus.

1010 3185 1167 3259 Res
1207 3194 1467 3263 autem
1535 3184 1830 3285 quibus
1893 3185 2263 3261 utendum
2326 3197 2469 3278 est,
2518 3187 2860 3263 mundus
2912 3199 3053 3283 est,
3099 3201 3174 3265 et
3217 3188 3290 3263 in
3352 3214 3447 3272 co
3498 3198 3775 3263 creata.
3824 3185 4044 3263 Unde
4082 3188 4230 3261 Au-

1007 3322 1373 3418 gustinus
1408 3320 1485 3394 in
1538 3320 1817 3396 eodem
1867 3344 1883 3397 ε
1923 3320 2310 3396 Utendum
2356 3332 2476 3397 est
2505 3324 2651 3397 hoc
2693 3323 3012 3417 munde,
3049 3349 3202 3397 nou
3246 3323 3691 3417 fruendum,
3737 3331 3818 3397 ut
3874 3319 4231 3397 invisibi-

1016 3455 1127 3531 lia
1186 3455 1343 3531 1)σὶ
1393 3479 1543 3554 pet·
1592 3480 1684 3530 ca
1739 3480 1914 3555 quie
1951 3455 2162 3555 sacta
2214 3464 2421 3547 sunt,
2479 3457 2885 3550 intellecta,
2931 3460 3511 3557 conspiciantur
3562 3469 3612 3552 ¹,
3657 3439 3757 3532 id‘
3806 3467 3948 3553 cst,
3993 3467 4075 3530 ut
4132 3454 4226 3531 de

1016 3591 1578 3691 temporalibus
1608 3601 1904 3666 {eterna
1934 3586 2391 3691 capiantur³
2422 3649 2438 3667 .
2481 3593 2700 3689 Item,
2760 3595 2837 3668 in
2880 3594 3149 3670 eodem
3196 3619 3213 3670 :
3261 3595 3344 3670 ln
3398 3594 3763 3668 ouuuhus
3804 3593 4034 3669 rebus
4074 3591 4224 3666 iltae

1017 3735 1315 3799 tantum
1357 3733 1541 3799 suut
1571 3723 1857 3822 quibus
1898 3724 2311 3800 fruendum
2353 3737 2498 3822 est,
2543 3749 2721 3826 qum
2763 3738 3075 3804 a‘terua=
3134 3738 3207 3803 et
3275 3727 3948 3803 incommutabiles
3986 3734 4218 3801 sunt:

1009 3858 1315 3933 certeris
1367 3868 1626 3932 autem
1691 3860 2061 3934 utendum
2131 3872 2275 3955 est,
2330 3871 2411 3936 ut
2451 3862 2544 3936 ad
2616 3862 2922 3937 illarum
2985 3862 3567 3962 perfruitionem
3639 3861 4133 3963 perveniatur
4166 3860 4215 3934 ⁴.

1010 3994 1219 4068 lcletu
1263 3993 1748 4090 Augustinus
1790 3994 1862 4069 in
1930 3995 2123 4069 libro
2169 3996 2233 4069 Χ
2304 3996 2398 4070 ‹le
2467 3995 2847 4072 Trinitate
2900 4022 2916 4073 :
2983 3999 3343 4073 Fruimur
3399 3998 3757 4092 cognitis,
3814 3995 4217 4095 inquibus

1005 4127 1195 4227 ipsis
1235 4138 1548 4227 propter
1577 4152 1660 4203 sc
1701 4129 2061 4203 voluutas
2100 4128 2475 4204 delectata
2517 4131 2991 4230 conquiescit
3039 4157 3056 4208 :
3108 4134 3400 4207 utinunr
3457 4159 3639 4209 vero
3705 4132 3818 4207 eis
3883 4157 4059 4231 qum
4120 4132 4212 4206 ad

1002 4262 1214 4337 aliud
1254 4263 1686 4353 referimuS,
1724 4286 1879 4362 quo
1906 4264 2314 4339 fruendum
2358 4277 2500 4341 cst.

2755 4640 2786 4670 «
2832 4612 2915 4678 Si
2961 4622 3186 4679 lamen
3226 4636 3332 4680 res
3381 4613 3522 4680 dici
3559 4611 3771 4680 debet.
3812 4641 3844 4676 a
3882 4613 4026 4683 Hoc
4060 4614 4209 4683 ideo

1395 4708 1795 4790 Expositio
1838 4710 2143 4775 Toxius·
2662 4720 3017 4809 contingit,
3053 4722 3212 4811 qnia
3242 4720 3638 4807 hujusmodi
3670 4723 3950 4791 nomina
3977 4747 4213 4792 secun-

2661 4826 2823 4893 dum
2882 4829 3062 4918 quod
3121 4828 3371 4896 cadunt
3443 4832 3510 4896 in
3579 4839 3885 4898 nostrum
3946 4831 4207 4901 intelle·

1082 4941 1346 5008 Littera
1402 4941 1614 5031 partis
1664 4938 1868 5026 hujus
1932 4940 2027 5007 sic
2091 4942 2457 5031 exponitur
2527 4965 2543 5009 :
2659 4941 2869 5015 ctum,
2903 4936 3280 5026 signiticant
3339 4945 3564 5004 creata
3592 4936 3697 5004 vel
3738 4937 3977 5006 modos
4018 4963 4210 5008 crea-

1086 5072 1120 5111 «
1165 5049 1555 5124 Per-venire,
1595 5072 1627 5111 ι
1660 5070 1780 5137 per
1818 5046 2018 5114 fidem
2051 5054 2114 5115 et
2145 5070 2362 5137 spem,
2658 5047 2961 5110 turarum
3005 5044 3120 5134 qui
3170 5067 3305 5111 non
3348 5048 3764 5114 conveniunt
3817 5047 3981 5128 Dee,
4032 5050 4202 5116 sicut

1085 5185 1112 5218 ι
1147 5157 1407 5246 Eisque
1455 5156 1802 5232 inhaerere,
1859 5183 1891 5218 »ι
1946 5177 2065 5246 per
2114 5155 2540 5227 charitatem.
2655 5151 2840 5240 (dicit
2886 5151 3020 5242 hic)
3071 5154 3292 5243 ipsum
3346 5153 3534 5244 quod
3589 5154 3762 5235 dico,
3811 5178 3918 5224 res
3974 5179 4014 5225 a
4052 5180 4205 5224 reor

1055 5436 1071 5472 ¹
1106 5433 1546 5499 SAucusnxus,
1582 5431 1753 5488 1.ib.1
1784 5433 1858 5489 de
1892 5435 2165 5493 Doctrina
2190 5439 2539 5510 christiana,
2720 5442 2744 5476 ⁸
2773 5442 3209 5512 S.Acccsr1xc3,
3239 5442 3364 5498 Lib.
3395 5442 3511 5498 lde
3543 5443 3823 5499 Doctrina
3851 5442 4198 5511 christiana,

976 5539 1108 5596 cap.
1140 5526 1194 5580 2.
2648 5546 2777 5603 cap.
2809 5533 2863 5590 ⁴.

1046 5610 1071 5646 ¹
1099 5609 1190 5668 Ad
1224 5612 1473 5668 Roman.
1505 5627 1544 5681 ι,
1577 5612 1667 5666 20.
2720 5621 2742 5655 ⁴
2772 5621 2926 5687 tntu,
2959 5619 3200 5678 ibidem.
