4897 6388
659 399 662 408 -
658 171 667 358 ...fl-.-U--o
657 2 669 152 “mn-

743 57 750 66 .

781 5366 864 5414 Ad
895 5368 932 5415 1.

1838 317 1934 383 IN
1972 318 2002 385 1
2047 318 2475 408 SENTENT.
2528 318 2757 423 DJST.
2808 318 3000 398 xm,
3050 320 3132 405 Ε,
3180 321 3385 390 ART.
3437 324 3505 391 9.

4055 413 4064 422 .
4151 325 4306 430 3⁸3-

1047 502 1140 549 na
1171 482 1411 574 lingua
1439 482 1608 549 nihil
1649 485 2032 574 significat:
2079 485 2194 553 sed
2236 486 2420 575 quod
2465 508 2609 553 non
2724 485 2991 554 finitum
3040 497 3106 556 et
3165 489 3577 579 privativum
3617 491 3823 558 idem.
3878 492 4037 560 Non
4085 495 4285 583 geni-

1049 597 1152 655 est
1199 599 1626 680 generatum,
1689 589 1980 657 dicimus
2042 593 2446 681 ingenitum.
2521 592 2608 659 Et
2720 602 2867 661 tum
2917 599 3099 663 enim
3161 620 3299 665 non
3340 607 3439 666 est
3500 599 3680 666 idem
3735 624 3893 669 cum
3944 603 4277 692 ingenitO,

1049 696 1200 764 ideo
1270 697 1465 764 aliter
1521 696 1905 781 dicendum,
1971 699 2154 788 quod
2218 700 2597 789 ingenitum

1046 801 1409 892 dupliciter
1436 812 1661 893 potest
1699 807 1990 894 recipere
2020 807 2598 896 praepositionem,

1047 910 1305 978 scilicet
1334 912 1405 978 in
1433 912 1502 978 vi
1534 913 1957 1000 privationiS,
1991 923 2059 981 et
2091 915 2160 980 in
2189 915 2257 981 vi
2283 915 2601 1004 negatio-

1049 1020 1184 1086 nis.
1244 1017 1319 1085 Si
1377 1021 1655 1109 recipiat
1708 1044 1860 1088 eam
1918 1025 1989 1089 in
2042 1025 2110 1089 vi
2164 1024 2597 1113 privationiS,

1048 1133 1208 1193 tunc
1239 1148 1382 1195 non
1421 1126 1678 1195 dicetur
1714 1129 1842 1195 nisi
1882 1129 1964 1196 de
2003 1151 2142 1197 non
2189 1137 2378 1209 8810,
2437 1138 2597 1219 apto

1046 1239 1282 1300 tamen
1319 1232 1408 1300 ad
1437 1232 1569 1302 hoc
1598 1244 1670 1301 ut
1699 1242 2016 1302 nascatur
2043 1234 2151 1302 vel
2180 1245 2544 1326 generetur
2575 1253 2593 1302 ε

1048 1349 1117 1410 01
1154 1342 1253 1409 sic
1292 1364 1417 1410 nec
1455 1341 1536 1409 de
1581 1342 1804 1422 Patre,
1856 1366 1982 1411 nec
2020 1343 2101 1412 de
2152 1342 2409 1434 Spiritu
2447 1366 2603 1411 san-

1047 1455 1183 1527 cto,
1218 1469 1344 1516 nec
1371 1449 1580 1516 etiam
1606 1448 1692 1517 de
1721 1449 1891 1517 Filio
1922 1457 2146 1540 potest
2190 1453 2604 1519 convenien-

1045 1563 1152 1624 ter
1179 1555 1336 1624 dici.
1377 1555 1452 1623 Si
1490 1565 1718 1625 autem
1748 1558 2024 1648 recipiat
2047 1560 2598 1648 praepositionem

1046 1665 1121 1731 in
1158 1665 1227 1731 vi
1269 1666 1677 1755 negationiS,
1741 1673 1902 1734 tunc
1939 1675 2159 1756 potest
2197 1688 2444 1757 negare
2475 1689 2600 1734 ne·-

1048 1772 1234 1861 gatio
1274 1780 1464 1841 extra
1494 1794 1733 1862 genuS,
1784 1772 1893 1842 vel
1933 1775 2002 1839 in
2047 1771 2431 1863 genere-Si
2475 1796 2602 1840 ex-

1045 1886 1152 1946 tra
1177 1901 1401 1969 genus
1433 1902 1452 1949 :
1483 1888 1648 1948 tunc
1676 1888 1938 1947 tantum
1968 1880 2150 1966 valet
2187 1881 2593 1971 ingenitum,

1047 1999 1385 2082 quantum
1416 2010 1539 2057 ens
1584 2010 1721 2055 non
1769 1990 2102 2080 genitum,
2149 1987 2260 2056 vel
2295 2010 2439 2056 non
2476 2010 2597 2056 ens

1046 2097 1361 2187 genitum
1395 2093 1795 2185 simpliciter
1834 2118 1851 2163 :
1888 2102 1957 2163 et
1982 2096 2081 2164 sic
2125 2094 2598 2164 universaliter

1043 2204 1436 2274 verificatur
1475 2202 1565 2271 de
1611 2201 1934 2271 omuibus
1970 2225 2111 2271 non
2157 2201 2242 2271 ab
2289 2202 2440 2271 aliis
2482 2201 2597 2271 vel

1044 2311 1130 2381 ab
1187 2312 1322 2381 alio
1377 2310 1825 2379 existentibus
1880 2331 1902 2379 :
1956 2319 2022 2379 et
2067 2311 2275 2380 etiam
2339 2311 2425 2379 de
2487 2309 2595 2378 his

1043 2441 1198 2511 quae
1226 2418 1314 2488 ab
1349 2418 1489 2487 8110
1519 2416 1626 2485 vel
1662 2418 1748 2485 ab
1799 2416 1949 2485 aliis
1994 2424 2175 2502 sunt,
2215 2415 2592 2486 dummodo

1041 2553 1183 2598 non
1210 2531 1350 2598 sint
1377 2551 1499 2621 per
1524 2529 2033 2620 generationem
2062 2527 2147 2597 ab
2184 2526 2319 2596 alio
2356 2527 2471 2598 vel
2506 2527 2592 2596 ab

1038 2634 1340 2705 aliis.·Si
1378 2643 1608 2705 autem
1659 2643 1866 2727 negat
1919 2636 1989 2703 in
2041 2656 2291 2728 genere
2329 2643 2592 2704 naturae

1037 2748 1294 2817 divinae
1321 2770 1338 2816 ι
1371 2745 1596 2817 adhuc
1620 2753 1846 2838 potest
1869 2745 2089 2815 iacere
2114 2745 2446 2837 triplicem
2479 2769 2594 2817 ne·

1038 2857 1419 2949 gationem,
1469 2854 1727 2925 scilicet
1774 2853 1960 2946 quod
2002 2854 2275 2947 negatio
2321 2862 2590 2924 tantum

1039 2972 1244 3056 neget
1270 2985 1487 3056 genus
1516 2961 1998 3055 generationis,
2039 2961 2149 3031 vel
2176 2971 2448 3031 tantum
2489 2962 2593 3054 ip-

1037 3095 1187 3142 sam
1244 3072 1756 3164 generationem
1821 3066 2266 3160 relinquendo
2340 3093 2587 3161 genus,

1036 3180 1148 3250 vel
1186 3187 1556 3271 utrumque
1591 3176 1821 3246 simul.
1860 3175 2068 3248 Verbi
2095 3178 2339 3270 gratia,
2369 3201 2591 3270 genus

1039 3286 1502 3381 generationis
1531 3293 1633 3353 est
1661 3307 1806 3353 esse
1845 3282 1931 3351 ab
1968 3282 2104 3352 8110
2150 3306 2170 3353 :
2212 3292 2437 3377 potest
2476 3308 2592 3354 er-

1040 3416 1132 3486 go
1161 3414 1312 3462 esse
1337 3413 1605 3472 sensus,
1640 3390 2009 3481 haye-nitus,
2038 3389 2107 3459 id
2128 3399 2255 3470 est,
2298 3413 2439 3460 non
2469 3414 2591 3461 ens

1042 3501 1132 3570 ab
1158 3498 1296 3568 alio
1333 3521 1352 3568 ε
1383 3507 1462 3567 81
1488 3497 1580 3565 ibi
1628 3498 1820 3566 sistat
1864 3498 2134 3590 negatio
2186 3519 2204 3567 ε
2246 3508 2313 3568 01
2347 3499 2422 3567 18
2461 3496 2593 3568 boc

1041 3628 1250 3677 sensu
1278 3606 1489 3675 sumit
1515 3604 1939 3695 Augustinus
1973 3605 2047 3673 in
2078 3605 2296 3696 primo
2319 3606 2594 3697 capitu-

1042 3713 1112 3783 10
1151 3714 1350 3782 181188
1394 3714 1606 3805 partis
1647 3734 1666 3782 ε
1699 3720 1765 3781 01
1809 3711 1909 3781 sic
1934 3733 2074 3781 non
2109 3714 2431 3783 convenit
2458 3714 2591 3782 nisi

1042 3823 1258 3893 Patri.
1289 3820 1421 3892 Vel
1449 3828 1672 3913 potest
1705 3842 1853 3890 esse
1881 3842 2144 3902 sensus,
2175 3822 2583 3913 ingenitum.

1042 3929 1114 3997 id
1141 3937 1270 4006 est,
1301 3950 1427 3997 ens
1452 3925 1538 3994 ab
1566 3926 1700 3995 8110
1724 3949 1857 3996 808
1885 3948 2009 4019 per
2031 3929 2585 4019 generationem.

1042 4048 1113 4109 et
1139 4040 1240 4109 810
1267 4038 1543 4129 negatio
1571 4059 1713 4105 808
1749 4036 1982 4106 finitur
2010 4037 2139 4105 nisi
2176 4037 2264 4108 ad
2291 4039 2589 4130 speciem

1040 4148 1281 4242 geniti.
1311 4157 1385 4217 et
1411 4169 1549 4216 non
1577 4145 1663 4215 ad
1703 4166 1924 4235 genus
1959 4168 1977 4214 ε
2005 4155 2076 4215 01
2112 4147 2211 4217 810
2255 4170 2394 4218 808
2428 4172 2587 4219 008-

1036 4260 1230 4328 venit
1278 4257 1412 4325 nisi
1470 4254 1754 4347 Spiritui
1792 4265 2025 4325 sancto
2086 4277 2104 4325 :
2157 4257 2277 4326 sed
2336 4258 2407 4326 in
2459 4256 2587 4329 boc

1037 4388 1246 4435 sensu
1304 4363 1534 4433 nullus
1590 4363 1998 4432 Sanctorum
2065 4362 2192 4433 bac
2244 4364 2587 4436 locutione

1031 4497 1203 4544 usus
1230 4481 1356 4542 est.
1389 4472 1616 4540 Tertio
1646 4471 1851 4540 modo
1880 4480 2102 4563 potest
2137 4473 2423 4566 intelligi
2464 4499 2590 4546 ne-

1038 4585 1225 4676 gatio
1266 4582 1442 4650 finiti
1480 4578 1564 4648 ad
1603 4591 1823 4649 totum
1855 4581 2038 4672 quod
2071 4589 2175 4651 est
2209 4583 2285 4651 in
2321 4586 2581 4675 genite,

1036 4689 1106 4758 id
1134 4696 1266 4771 est,
1325 4686 1410 4756 ad
1457 4707 1577 4754 ens
1620 4685 1707 4754 ab
1734 4684 1869 4753 alio
1918 4708 2038 4776 per
2074 4692 2585 4778 generationem

1034 4794 1241 4865 simul
1275 4804 1345 4864 et
1369 4793 1814 4884 conjunctim,
1846 4801 1920 4862 ut
1965 4793 2146 4863 idem
2182 4798 2273 4867 sit
2316 4800 2588 4890 ingeni-

1035 4915 1186 4974 tum
1219 4901 1408 4995 quod
1445 4924 1585 4969 non
1616 4924 1737 4969 ens
1761 4899 1846 4969 ab
1885 4900 2023 4970 alio
2051 4926 2173 4994 per
2206 4907 2589 4997 generatio·

1035 5034 1199 5081 nem
1243 5019 1362 5079 :et
1413 5010 1871 5077 communiter
1918 5013 2238 5080 convenit
2293 5013 2482 5084 Patri
2516 5021 2588 5085 et

1044 5115 1331 5207 Spiritui
1369 5121 1600 5184 sancto
1661 5135 1678 5179 :
1722 5121 1791 5182 et
1848 5113 1917 5181 in
1942 5112 2074 5184 hoc
2127 5139 2333 5187 sensu
2377 5120 2588 5189 sumit

1043 5222 1530 5313 Hieronymus.

1133 5330 1282 5400 1180
1336 5351 1500 5422 ergo
1544 5326 1775 5397 habita
1803 5328 2257 5414 distinctione,
2297 5357 2591 5426 respon-

1044 5438 1345 5507 dendum
1378 5446 1478 5505 est
1506 5436 1591 5504 ad
1638 5437 1960 5527 primum,
2002 5441 2186 5529 quod
2224 5465 2379 5511 cum
2417 5443 2592 5513 dici-

1042 5556 1181 5632 tur,
1223 5543 1410 5638 quod
1443 5544 1818 5635 propositio
1855 5544 1938 5615 de
1967 5549 2233 5620 infinito
2265 5552 2592 5646 praedica·

1041 5663 1114 5723 to
1143 5651 1534 5746 aequipollet
1563 5652 1922 5743 negativae,
1970 5677 2108 5725 non
2145 5659 2439 5729 sumitur
2474 5661 2590 5729 in-

2722 724 2845 770 nec
2877 726 2913 770 e
2958 726 3317 790 converso,
3362 708 3494 775 nisi
3552 707 3625 773 in
3683 708 3984 798 quodam
4042 733 4274 788 sensu,

2717 817 2794 875 ut
2812 811 2958 897 jam
2990 810 3246 878 dictum
3266 813 3630 882 est.Unde
3659 813 3819 883 licet
3845 815 4279 907 Augustinus
4316 863 4321 869 ·

2718 917 3042 985 concedat
3072 918 3404 1008 Spiritum
3445 944 3591 990 esse
3630 945 3773 990 non
3802 926 4140 1014 genitum,
4175 947 4278 993 se-

2715 1026 3016 1093 cundum
3043 1029 3230 1118 quod
3255 1032 3525 1120 negatio
3567 1041 3777 1123 negat
3813 1040 4035 1101 totum
4071 1034 4273 1124 :quod

2714 1135 2913 1223 ponit
2948 1137 3259 1225 genitum
3304 1159 3319 1214 ;
3373 1160 3511 1205 non
3563 1147 3794 1207 tamen
3839 1141 4267 1222 concederet,

2715 1242 2900 1333 quod
2937 1253 3039 1320 est
3082 1245 3426 1336 ingenitus
3486 1270 3502 1316 ε
3575 1250 3736 1339 quia
3800 1248 3933 1318 hoc
3997 1252 4272 1342 proprie

2713 1355 3031 1422 convenit
3059 1353 3272 1438 Patri,
3304 1365 3372 1425 et
3397 1367 3502 1434 est
3547 1362 3737 1427 notio
3769 1360 3991 1429 Patris
4022 1384 4272 1430 secun-

2711 1457 2875 1526 dum
2909 1461 3094 1552 qu'od
3124 1464 3396 1554 negatio
3444 1488 3584 1533 non
3631 1476 3837 1558 negat
3876 1468 4006 1535 nisi
4049 1491 4269 1558 genus

2711 1567 2949 1655 geniti,
2984 1565 3117 1635 hoc
3148 1577 3279 1648 est,
3313 1592 3432 1638 ens
3463 1571 3550 1639 ab
3580 1571 3767 1641 alio:
3788 1573 3963 1663 quia
4000 1574 4097 1642 sic
4125 1597 4268 1642 non

2709 1677 3027 1742 convenit
3057 1676 3189 1744 nisi
3219 1677 3429 1746 Patri.
4022 1707 4026 1711 ·

2796 1781 2901 1848 An
2974 1805 3173 1851 Auno
3248 1784 3634 1873 dicendum,
3704 1789 3888 1879 quod
3966 1788 4261 1912 Spiritus
4385 1827 4457 1873 Ad
4485 1830 4527 1875 2,

2706 1897 2981 1956 sanctus
3027 1899 3130 1959 est
3166 1891 3533 1984 ingenitus,
3575 1903 3644 1964 et
3672 1905 3945 1965 nonest
3985 1898 4287 1989 ingeni-
4346 1965 4369 1984 .,
4430 1981 4435 1988 ,

2705 2000 2819 2061 tus
2861 1996 2927 2063 in
2955 1995 3244 2066 diversis
3272 1995 3608 2085 sensibus,
3651 2011 3729 2071 ut
3764 2004 3931 2094 jam
3956 2005 4251 2095 patuit.

2703 2110 2775 2169 et
2811 2101 2963 2171 ideo
2992 2103 3245 2174 solutio
3282 2108 3370 2175 ad
3401 2107 3572 2176 illud
3596 2110 3805 2179 etiam
3833 2119 4101 2201 patet.

2791 2208 2896 2276 An
2943 2232 3142 2278 Auun
3179 2211 3568 2296 dicendum,
3614 2216 3805 2307 quod
3839 2217 4250 2319 ingenitum,

2701 2318 3076 2386 secundum
3107 2322 3293 2412 quod
3323 2326 3595 2415 negatio
3637 2311 4109 2396 subintellecta
4136 2351 4256 2398 ne-

2701 2431 2820 2513 gat
2844 2432 3093 2508 totum,
3145 2426 3432 2497 eflicitur
3470 2432 3783 2521 superius
3817 2432 3906 2501 ad
3945 2455 4085 2502 non
4131 2456 4254 2504 ens

2696 2529 2788 2596 ab
2816 2530 2952 2599 alio
2994 2554 3012 2599 :
3045 2531 3214 2601 sed
3197 2556 3268 2601 ιιι
3298 2535 3414 2605 1110
3451 2559 3656 2607 sensu
3693 2560 3836 2608 non
3866 2540 4078 2609 utitur
4114 2542 4256 2609 Au·

2698 2639 3039 2727 gustinus,
3071 2639 3192 2709 sed
3216 2640 3701 2735 Hieronymus,
3723 2649 3802 2714 u‘t
3817 2646 3965 2736 jam
3992 2646 4256 2717 dictum

2699 2751 2827 2813 est.
3252 2779 3255 2782 ¹
4260 2774 4269 2782 ·

3138 3189 3644 3265 ARTICULUS
3688 3194 3815 3267 lx.

2696 3396 2952 3467 Letum
2977 3422 3116 3469 non
3141 3425 3283 3472 esse
3309 3405 3397 3475 ab
3434 3407 3579 3477 alio
3623 3411 3719 3480 sit
3754 3414 3944 3482 notio
3984 3417 4246 3500 Patris,

2780 3512 2852 3572 et
2887 3516 3121 3577 utrum
3160 3512 3376 3581 Pater
3407 3523 3475 3583 et
3501 3517 3592 3585 Fa·
3596 3515 3761 3587 lites·
3781 3532 4077 3612 posstmt
4111 3524 4255 3594 diei·

2782 3611 2967 3681 idem
2983 3615 3413 3711 principium
3440 3622 3749 3715 Spiritus
3767 3631 3994 3698 sancti
4019 3627 4063 3699 ?

2783 3934 3048 4006 Deinde
3100 3942 3432 4031 quaeritur
3484 3943 3568 4016 de
3605 3944 3735 4018 boc
3788 3950 3976 4042 quod
4011 3951 4243 4027 (11011.

2697 4065 2734 4108 ι
2775 4045 3010 4130 Pater,
3054 4047 3309 4139 inquit,
3352 4051 3547 4122 solus
3597 4077 3734 4123 non
3789 4067 3888 4126 est
3940 4059 4027 4129 de
4069 4062 4243 4150 alie,

2694 4157 2896 4219 010.»

2787 4259 2848 4325 1.
2896 4258 2972 4328 81
3033 4262 3222 4333 081ι8
3284 4287 3428 4335 808
3448 4289 3605 4338 0880
3635 4269 3723 4339 ab
3749 4271 3886 4341 alio
3915 4276 4109 4345 notio
4136 4289 4242 4349 est

2693 4362 2941 4444 Patris.
2963 4366 3236 4439 videtur
3256 4372 3467 4442 etiam
3495 4398 3617 4467 per
3651 4382 4074 4471 oppositum,
4094 4408 4247 4456 esse

2686 4472 2780 4543 ab
2816 4474 2953 4544 alio
2978 4478 3174 4548 notio
3200 4502 3350 4551 esse
3378 4481 3531 4552 Filii
3559 4493 3630 4554 et
3668 4485 3966 4579 Spiritus
3989 4498 4240 4577 sancti,

2690 4581 2879 4673 quod
2922 4583 3172 4655 falsum
3219 4596 3323 4658 est
3370 4611 3390 4660 ε
3436 4614 3604 4685 ergo
3641 4617 3769 4666 nec
3797 4620 3937 4669 non
3964 4623 4124 4672 esse
4160 4603 4246 4675 de

2689 4690 2829 4760 alio
2856 4697 3050 4765 notio
3074 4704 3183 4766 est
3212 4698 3458 4769 Patris.

2774 4802 2847 4868 2.
2907 4802 3110 4891 Item,
3154 4805 3348 4876 81081
3391 4808 3597 4880 Pater
3644 4822 3747 4883 est
3792 4818 4240 4904 innascibilis,

2691 4907 2785 4975 ita
2813 4910 3021 4979 etiam
3059 4921 3167 4982 est
3202 4914 3826 5006 improcessibilis·
3869 4949 4033 5020 ergo
4060 4931 4249 5002 vide·

2688 5021 2831 5094 tur,
2870 5017 3058 5108 quod
3096 5016 3240 5090 baec
3276 5021 3520 5094 debeat
3545 5048 3694 5097 esse
3723 5032 3915 5104 notio
3938 5057 4089 5117 sua,
4118 5040 4249 5109 sio-

2693 5131 2771 5190 ut
2797 5123 3315 5201 innascibilitas.

2782 5235 2850 5304 3.
2884 5236 3247 5321 Praeterea,
3283 5240 3478 5312 Sicut
3520 5246 3901 5340 ingenitum
3945 5279 4093 5329 esse
4130 5282 4248 5329 se-

2680 5344 2995 5416 eundum
3024 5370 3242 5419 unum
3280 5373 3554 5422 sensum
3603 5362 3927 5432 convenit
3959 5364 4151 5436 Patri
4179 5377 4249 5438 et

2695 5448 2980 5540 Spiritui
3017 5466 3303 5527 sancto:
3339 5459 3433 5527 118
3462 5459 4069 5552 improcessibilem
4098 5497 4246 5545 esse

2693 5563 3020 5631 convenit
3048 5562 3236 5632 Patri
3265 5572 3333 5634 et
3378 5564 3605 5639 Filio:
3641 5593 3887 5664 quare
3882 5601 4060 5673 erge
4102 5605 4246 5652 non

2689 5668 2971 5758 ponitur
3012 5694 3162 5742 esse
3201 5696 3340 5743 una
3380 5678 3875 5768 proprietatum
3902 5687 4140 5761 'Patris
4177 5700 4247 5761 et

4376 2265 4451 2312 Ad
4475 2267 4523 2319 8.
