4897 6388
504 405 512 410 -
684 355 808 436 1‘20

142 1088 149 1092 ⁸
254 1105 259 1108 ’
338 1108 656 1168 adquam&

680 521 815 606 ctio
838 560 989 628 quae
1016 539 1188 608 sacta
1219 548 1322 609 est
1350 540 1433 610 de
1453 539 1910 634 speculatione
1938 545 2223 612 aliorum

683 647 1245 718 intellectualium
1307 674 1323 719 :
1390 653 1735 743 quialicet
1792 656 1858 720 in
1906 653 2053 720 aliis
2090 673 2224 717 non

685 757 1014 838 imitetur,
1057 769 1288 828 tamen
1339 762 1409 827 in
1450 762 1745 851 quodam
1788 783 1907 849 per
1955 759 2228 826 relatio-

685 891 843 935 nem
876 868 961 937 ad
1003 869 1411 938 memoriam
1451 879 1520 937 et
1559 870 1976 937 voluntatem
2017 868 2231 933 imita-

684 985 819 1045 tur.

777 1084 1014 1150 Eoum
1060 1106 1238 1150 mono
1315 1082 1720 1152 solvendum
1805 1084 1969 1152 illud
2051 1082 2232 1175 quod

692 1192 1014 1282 quaeritur
1044 1191 1125 1259 de
1155 1190 1535 1274 voluntate,
1565 1194 1745 1284 quod
1786 1201 1883 1261 est
1920 1192 2231 1260 voluntas

690 1309 965 1390 accepta
1015 1308 1324 1390 respectu
1364 1300 1585 1386 voliti,
1637 1324 1776 1369 non
1819 1302 2065 1379 omnis,
2117 1297 2233 1366 sed

688 1406 1044 1495 cujusdam
1111 1431 1127 1476 z
1198 1417 1265 1476 et
1310 1432 1451 1476 non
1510 1430 1940 1500 quocumque
1998 1406 2229 1483 mod0‚

688 1513 807 1581 sed
856 1516 1235 1583 secundum
1286 1516 1473 1606 quod
1513 1516 1844 1583 memoria
1881 1524 1943 1582 et
1982 1512 2234 1580 intelli-

688 1624 918 1712 gentia
956 1631 1117 1690 sunt
1147 1624 1230 1690 de
1271 1621 1538 1705 eodem,
1591 1623 1765 1691 sicut
1800 1632 1900 1690 est
1943 1620 2231 1689 volitum

688 1730 869 1819 quod
903 1731 1135 1798 anima
1163 1738 1290 1809 est,
1346 1740 1411 1798 et
1465 1732 1757 1798 volitum
1815 1730 1997 1822 quod
2052 1729 2233 1798 Deus

687 1849 791 1909 est
823 1865 839 1910 :
875 1865 1173 1934 quorum
1212 1844 1569 1934 utriusque
1612 1844 1854 1911 notitia
1901 1843 2096 1910 insita
2134 1851 2235 1910 est

685 1948 931 2015 animae
970 1947 1394 2027 naturaliter,
1429 1957 1505 2016 ut
1551 1949 1712 2018 dicit
1749 1949 2169 2041 Augustinus
2210 1969 2227 2017 t

684 2063 751 2124 et
788 2079 911 2146 per
936 2054 1071 2126 hoc
1109 2057 1317 2126 etiam
1346 2064 1533 2147 patet
1568 2056 1818 2126 solutio
1847 2057 1935 2125 ad
1986 2067 2229 2127 totum.

1072 2484 1581 2556 ARTICULUS
1628 2487 1817 2556 XXI.

690 2706 773 2773 In
812 2728 948 2797 quo
979 2715 1058 2773 ut
1090 2706 1160 2772 in
1188 2703 1500 2795 subjecto
1529 2707 1911 2774 continetur
1940 2708 2168 2797 imaqo
2196 2707 2237 2774 :²

778 3023 1005 3092 Tertio
1047 3026 1434 3116 quaeritur?
1473 3025 1550 3093 In
1591 3048 1726 3117 quo
1775 3037 1848 3094 ut
1889 3027 1954 3094 in
2003 3024 2237 3117 subje-

657 3181 671 3189 .
691 3138 799 3199 cto
833 3132 1146 3223 proximo
1175 3134 1265 3201 sit
1295 3133 1521 3226 imago
1542 3135 1576 3202 ’ἓ

351 4253 664 4305 uenatu.

786 3242 847 3307 1.
892 3239 976 3307 Et
1018 3240 1177 3308 dicit
1218 3242 1645 3331 Augustinus
1691 3242 1873 3334 quod
1915 3242 2001 3309 ibi
2051 3265 2238 3334 qute-

692 3346 902 3415 renda
941 3358 1004 3416 et
1038 3348 1446 3417 invenienda
1486 3359 1590 3417 est
1640 3374 1775 3441 quo
1817 3361 2054 3418 natura
2111 3373 2269 3418 no·-

694 3465 832 3521 stra
865 3452 1033 3521 nihil
1068 3453 1272 3523 habet
1303 3454 1572 3539 melius„
1607 3456 1675 3524 id
1703 3465 1827 3534 est,
1861 3459 1925 3525 in
1959 3469 2181 3527 mente
2214 3479 2232 3525 ε

694 3585 857 3654 ergo
897 3563 1190 3643 videtur,
1260 3564 1447 3654 quod
1503 3567 1800 3656 primum
1865 3567 2239 3658 subjectum

697 3671 1014 3761 imaginis
1052 3672 1138 3738 sit
1172 3695 1392 3742 mens·

786 3785 852 3849 2.
898 3783 1095 3864 Item,
1147 3784 1576 3875 Augustinus
1614 3784 1797 3868 dicit,
1839 3786 2020 3878 quod
2053 3811 2241 3856 mens

696 3887 900 3958 habet
931 3891 1301 3981 imaginem
1334 3893 1402 3959 in
1435 3897 1737 3983 potentia
1768 3896 2238 3987 cognoscendi,

700 4006 767 4065 et
821 3996 1341 4066 similitudinem
1403 4002 1468 4067 in
1520 4005 1817 4091 potentia
1857 4003 2178 4095 diligendi
2223 4026 2237 4070 ε

702 4128 864 4195 ergo
906 4129 1099 4173 mens
1130 4105 1332 4175 habet
1364 4109 1753 4199 imaginem.

808 4215 863 4279 1.
898 4213 1032 4280 Sea
1051 4237 1303 4282 cos‘raa
1345 4212 1474 4283 hoc
1505 4218 1775 4284 videtur
1802 4240 1944 4285 esse
1977 4220 2028 4284 A
2043 4240 2243 4309 ugus·

709 4320 893 4387 tinus
935 4322 1000 4388 in
1027 4320 1199 4388 lihro
1232 4320 1394 4389 xlv
1418 4321 1500 4389 de
1536 4324 1887 4408 Triuilale,
1912 4328 2023 4416 qui
2061 4327 2244 4415 ponit

702 4430 1071 4519 imaginem
1123 4428 1192 4494 in
1232 4428 1381 4495 visu
1423 4432 1739 4499 exteriori
1796 4453 1812 4498 ε
1881 4434 2048 4500 sicut
2101 4456 2245 4524 spe·

699 4541 871 4606 ciem
916 4538 1005 4607 rei
1039 4538 1228 4619 visae,
1262 4547 1323 4605 et
1370 4539 1740 4630 imaginem
1773 4541 1918 4629 ejus
1949 4541 2016 4609 in
2048 4541 2244 4610 oculo

700 4670 853 4740 quae
893 4645 1141 4715 dicitur
1168 4647 1364 4728 cisia,
1399 4656 1470 4713 ut
1505 4649 1644 4738 ipse
1675 4648 1857 4727 dicit,
1889 4658 1953 4718 et
1993 4661 2245 4717 utrum·

699 4774 831 4843 que
860 4753 1391 4842 conjungentem
1432 4752 1881 4822 intentionem
1931 4754 2245 4822 volunta-

699 4861 809 4927 tis.

789 4969 855 5034 2.
893 4966 1224 5035 Similiter
1262 4970 1330 5035 in
1360 4969 1604 5038 codem
1642 4966 1816 5038 libro
1856 4972 2041 5061 ponit
2076 4971 2243 5037 inia-

700 5078 929 5167 ginem
990 5077 1058 5143 in
1112 5075 1472 5168 phantasia
1526 5101 1542 5147 ε
1621 5078 1712 5146 ihi
1779 5082 1960 5146 enim
2018 5080 2242 5170 imago

699 5184 1003 5275 corporis
1042 5194 1139 5252 est
1178 5188 1245 5252 in
1290 5187 1622 5254 memoria
1669 5189 1911 5255 anitum
1959 5189 2245 5254 sensibi-

699 5291 810 5366 lis.
853 5301 918 5359 et
970 5292 1208 5359 eadem
1252 5294 1481 5383 imago
1527 5294 1591 5361 in
1632 5295 2039 5385 cogitatione
2082 5294 2243 5362 ima·

696 5400 1059 5491 ginantis:
1117 5411 1486 5491 utrumque
1543 5411 1772 5471 autem
1828 5403 2243 5494 conjungens

699 5516 800 5575 est
856 5508 1148 5577 intentio
1205 5506 1580 5576 voluntatis
1642 5531 1658 5577 z
1738 5532 1898 5601 ergo
1950 5510 2238 5596 videtur,

789 5742 804 5777 ¹
843 5740 900 5797 S.
932 5738 1606 5814 lomus-‚musana
1640 5744 1768 5801 Lib.
1810 5746 1876 5816 11,
1909 5762 2036 5820 cap.
2077 5749 2127 5803 3.

1680 369 1771 475 n..
1815 371 2011 439 ALB.
2066 370 2282 439 MAG.

2336 369 2541 438 om).
2594 370 2890 438 PRAED.

2338 543 2520 633 quod
2559 522 2697 610 non
2754 545 2822 609 in
2863 532 3022 611 sola·
3049 549 3277 610 mente
3318 541 3428 619 sit,
3489 544 3565 604 ut
3613 534 3886 603 videtur

2338 648 2448 715 hic
2477 640 2695 717 dicere
2734 649 3081 741 Magister.
3749 655 3752 658 ’

2427 756 2491 821 3.
2525 754 2717 830 Item,
2742 757 3200 824 Damascenus
3216 755 3889 847 dicitimaginemes-

2339 885 2409 931 se
2442 864 2813 931 secundum
2844 864 3133 932 liberum
3173 864 3527 931 arbitrium
3557 884 3573 931 ε
3608 869 3888 930 cumta-

2341 995 2498 1039 men
2520 971 2804 1041 liberum
2828 973 3183 1041 arbitrium
3206 972 3434 1039 nonsit
3452 968 3879 1061 parsnientiS.

2433 1075 2504 1151 4.
2544 1085 2736 1170 ltem,
2786 1085 3074 1153 Videtur
3111 1105 3255 1152 esse
3303 1083 3531 1172 imago
3572 1081 3642 1146 in
3688 1101 3886 1169 supe·

2345 1193 2505 1261 riori
2552 1204 2738 1284 parte
2805 1194 3085 1261 rationis
3123 1216 3138 1261 ε
3183 1192 3342 1283 quia
3398 1188 3514 1257 illa
3579 1188 3681 1278 (ut
3727 1186 3883 1253 dicit

2341 1302 2761 1391 Augustinus
2821 1303 2891 1367 in
2949 1301 3122 1369 libro
3191 1299 3322 1366 XII
3380 1298 3462 1366 de
3534 1295 3884 1382 Trinitale)

2343 1407 2880 1497 contemplandis
2920 1406 3382 1498 superioribus
3442 1402 3825 1472 inhaerescit
3868 1423 3882 1466 :

2344 1539 2497 1584 cum
2552 1516 2755 1607 igitur
2793 1516 3019 1606 imago
3069 1516 3410 1606 praecipue
3458 1514 3528 1579 in
3590 1521 3887 1580 contem·

2348 1621 2646 1713 platione
2676 1622 3043 1713 superioris
3073 1629 3402 1697 versetur,
3434 1618 3706 1686 videtur
3728 1617 3887 1683 ima·

2346 1756 2434 1824 go
2466 1755 2612 1801 esse
2639 1733 3014 1801 secundum
3039 1731 3459 1821 superiorem
3501 1728 3886 1818 portionem

2344 1841 2646 1909 rationis.

2435 2055 2758 2125 Uaramus
2795 2054 3144 2146 quaeritur,
3188 2052 3413 2132 Quare
3461 2073 3598 2118 non
3638 2069 3886 2118 secun-

2342 2165 2503 2232 dum
2543 2163 2835 2255 aliquem
2887 2161 3170 2230 modum
3227 2160 3611 2251 assignetur
3657 2158 3882 2248 imago

2340 2274 2704 2342 convenire
2758 2272 3079 2364 potentiis
3144 2272 3387 2339 aniniae
3450 2265 3876 2360 vegetabilis,

2340 2382 2513 2450 sicut
2551 2382 2936 2472 assignatur
2986 2379 3069 2448 ab
3127 2377 3514 2469 Augustino
3561 2372 3880 2467 potentiis

2341 2492 2586 2558 animae
2617 2487 3003 2558 sensibilis?

2427 2598 2663 2666 Annuc
2699 2598 3026 2689 quaeritur
3063 2594 3145 2663 de
3174 2594 3414 2662 Glossa
3442 2613 3647 2682 super
3681 2587 3883 2658 Psal-

2340 2728 2533 2774 mum
2597 2729 2688 2784 iv,
2750 2708 2788 2774 ἰ’
2836 2729 2850 2772 :
2911 2707 3285 2797 Siqnalum
3323 2713 3420 2770 est
3470 2722 3677 2791 super
3729 2720 3876 2782 ηας,

2341 2825 2466 2885 etc.
2484 2869 2499 2894 ,
2515 2816 2628 2884 ubi
2652 2815 3091 2907 distinguitur
3111 2816 3337 2905 imago
3349 2811 3709 2881 creationis
3730 2829 3880 2899 quoe

2342 2933 2441 2990 est
2494 2921 2687 3004 ratio,
2742 2922 3203 3004 recreationiS,
3246 2928 3312 2987 et
3356 2914 3819 2985 similitudinis
3861 2935 3878 2980 :

2343 3033 2667 3119 quaeritur
2702 3030 2882 3098 enim
2917 3051 3039 3120 pro
3088 3051 3224 3119 quo
3282 3025 3607 3117 supponit
3654 3022 3745 3090 ibi
3778 3043 3889 3088 ra-

2345 3141 2463 3207 tio,
2494 3137 2564 3207 Si
2606 3138 2887 3217 dicatur,
2930 3136 3115 3229 quod
3137 3158 3258 3227 pro
3283 3130 3593 3203 rationali
3619 3137 3883 3231 natura.

2345 3248 2614 3315 Cosrna
2647 3268 2664 3316 t

2442 3358 2501 3425 l.
2561 3353 2864 3446 Angelus
2946 3362 3045 3422 est
3128 3349 3476 3420 rationalis
3557 3357 3801 3415 natura
3868 3364 3885 3412 ε

2345 3472 2411 3530 et
2468 3472 2694 3530 tamen
2746 3484 2881 3529 non
2922 3461 3169 3529 dicitur
3224 3458 3439 3527 factus
3495 3454 3582 3524 ad
3640 3452 3890 3544 imagi-

2345 3594 2526 3640 nem.
2581 3570 2798 3659 llujus
2856 3579 3080 3637 tamen
3140 3566 3556 3637 contrarium
3622 3562 3891 3632 videtur

2345 3702 2465 3771 per
2501 3679 2931 3770 Gregorium,
2966 3676 3080 3769 qui
3112 3676 3271 3744 dicit
3310 3696 3513 3766 super
3542 3670 3706 3740 illud
3737 3669 3892 3737 Eze-

2348 3787 2546 3857 chiel.
2591 3808 2825 3870 xxviii,
2870 3789 2943 3854 12
2993 3808 3009 3853 :
3067 3787 3164 3854 Tu
3212 3781 3654 3875 siquae-ulum
3691 3777 3894 3847 simi-

2351 3896 2694 3976 litudinis,
2737 3904 2893 3972 etc„
2928 3891 3111 3983 quod
3171 3888 3474 3981 Angelus
3502 3885 3889 3979 expressio·

2351 4026 2491 4070 rem
2533 4002 2735 4072 habet
2765 4001 3136 4091 imaginem
3170 3997 3291 4066 Dei
3324 4018 3528 4089 quam
3561 3991 3798 4062 homo.

2439 4114 2502 4181 2.
2543 4110 2734 4187 item,
2806 4108 3266 4176 Damascenus
3296 4113 3314 4147 ¹
3370 4127 3386 4171 :
3442 4102 3623 4170 Deus
3667 4101 3894 4193 Ange-

2351 4218 2571 4286 lorum
2605 4218 2813 4286 l'actor
2841 4224 3037 4284 estet
3085 4212 3397 4282 conditor
3444 4233 3524 4279 ex
3576 4232 3711 4277 non
3741 4215 3893 4277 ente

2351 4351 2468 4395 eos
2522 4326 2604 4394 ad
2673 4349 2816 4393 esse
2873 4323 3238 4399 deducens,
3310 4318 3686 4389 secundum
3744 4339 3898 4408 pro·

2348 4436 2565 4526 priam
2607 4432 2974 4523 imaginem
3006 4453 3244 4499 creans
3287 4452 3432 4508 eos,
3467 4436 3531 4497 et
3563 4426 3734 4495 dans
3765 4424 3898 4492 illis

2351 4554 2658 4613 naturam
2690 4544 3186 4631 incorpoream.

2439 4653 2503 4719 3.
2551 4649 2743 4727 item,
2788 4649 3012 4740 Super
3058 4648 3227 4717 illud
3273 4643 3608 4717 Ezechiel.
3650 4667 3891 4724 xxviii,

2358 4764 2432 4828 12
2469 4783 2485 4827 ε
2524 4762 2620 4828 Tu
2646 4759 3111 4850 siquaculum‚
3165 4768 3323 4838 etc.,
3378 4755 3540 4825 dicit
3589 4754 3829 4823 Glossa
3872 4775 3890 4823 :

2350 4869 2492 4936 Rex
2519 4867 2674 4959 Tyri
2728 4869 3093 4959 imaginem
3157 4864 3410 4954 Dei-'ad
3442 4885 3649 4955 quam
3681 4862 3895 4929 lactus

2348 4987 2471 5059 est,
2524 4979 2911 5069 resignavit,
2957 4976 3023 5044 id
3081 4984 3205 5059 est,
3256 4972 3611 5042 destruxit.
3668 4969 3749 5038 Et
3797 4969 3895 5039 lo·

2348 5087 2578 5176 quitur
2606 5086 2686 5154 de
2717 5084 2990 5153 diabolo
3040 5107 3055 5150 :
3112 5105 3274 5174 ergo
3325 5078 3634 5172 Angelus
3671 5087 3771 5147 est
3810 5077 3894 5146 ad

2349 5190 2713 5282 imaginem
2755 5190 2901 5258 Dei.

2434 5297 2829 5380 Pansam,

2442 5409 2495 5476 1.
2534 5407 2871 5487 Quaeritur
2900 5404 2983 5473 de
3033 5404 3328 5495 imagine
3395 5404 3827 5474 recreationis
3866 5426 3882 5471 ε

2347 5524 2464 5584 aut
2491 5518 2680 5584 enim
2702 5515 2815 5583 illa
2833 5521 2938 5583 est
2955 5515 3196 5606 gratia,
3229 5521 3346 5581 aut
3366 5513 3609 5583 virtus,
3644 5511 3718 5581 Si
3739 5535 3891 5603 gra-

3937 2228 4120 2280 Qumt.
4148 2225 4190 2274 1.

3953 5344 4136 5397 Quat.
4165 5343 4210 5393 ³.
