4897 6388
1891 340 1986 407 IN
2032 340 2064 406 1
2116 337 2545 406 SENTENT.
2600 336 2829 428 DIST3
2882 336 3007 416 XI,
3058 337 3139 418 B,
3193 337 3392 425 ᾼΒΤ.
3447 336 3508 404 6.

1181 514 1509 583 Rationes
1540 518 1770 578 autem
1814 515 1970 576 sunt
2013 511 2156 576 istae
2190 532 2205 576 ε
2261 561 2267 568 .

1187 608 1248 690 l,
1280 620 1578 710 Spiritus
1610 640 1650 683 a
1689 615 1887 684 nobis
1920 624 1984 683 et
2024 616 2120 683 eis
2141 615 2424 705 ponitur
2451 617 2490 680 a
2546 613 2661 679 Fi-

1087 731 1184 799 lio
1219 728 1589 818 distingui:
1627 748 1791 816 ergo
1824 725 2252 815 distinguens
2300 723 2658 814 proprium

1090 846 1193 906 est
1234 838 1411 903 inter
1467 832 1719 920 Filium
1767 839 1833 899 et
1897 830 2230 922 Spiritum
2299 837 2652 898 sanctum:

1091 944 1520 1032 distinguens
1562 947 1791 1007 autem
1824 940 1893 1005 in
1933 938 2182 1007 divinis
2214 960 2355 1004 non
2386 944 2487 1004 est
2526 936 2657 1003 nisi

1095 1051 1440 1142 oppositio
1494 1047 1878 1116 relationis:
1929 1070 2090 1139 ergo
2154 1048 2332 1113 inter
2405 1045 2655 1112 Filium

1092 1170 1160 1231 et
1200 1161 1534 1252 Spiritum
1583 1167 1891 1228 sanctum
1934 1166 2034 1227 est
2091 1158 2432 1249 oppositio
2481 1156 2661 1224 rela-

1089 1270 1299 1338 tionis
1333 1291 1348 1338 :
1386 1270 1504 1338 sed
1543 1266 1730 1335 nulla
1767 1268 1944 1335 inter
1990 1269 2063 1335 se
2102 1265 2389 1334 relativa
2445 1286 2659 1355 oppo-

1092 1386 1353 1446 nuntur
1391 1400 1476 1446 ex
1522 1376 1655 1445 hoc
1712 1376 1896 1467 quod
1952 1375 2338 1444 referuntur
2377 1375 2658 1444 relative

1092 1483 1179 1553 ad
1218 1483 1497 1575 aliquod
1540 1483 1842 1561 tertium,
1885 1484 2051 1574 quin
2109 1482 2338 1572 potius
2398 1504 2655 1550 conve—

1090 1592 1332 1661 niunt:
1396 1614 1558 1682 ergo
1623 1589 1834 1659 Filius
1901 1599 1967 1659 et
2029 1587 2323 1680 Spiritus
2380 1598 2654 1658 sanctus

1090 1721 1233 1767 non
1273 1707 1716 1790 opponuntur
1744 1720 1827 1765 ex
1865 1697 1996 1765 hoc
2024 1696 2307 1765 relative
2345 1699 2523 1765 inter
2552 1721 2647 1776 se,

1090 1805 1212 1874 sed
1240 1805 1657 1875 conveniunt
1694 1813 1762 1873 et
1805 1806 2161 1883 uniuntur,
2221 1804 2407 1895 quod
2445 1804 2651 1873 ambo

1089 1925 1327 1984 sunta
1385 1914 1638 1983 Patre:
1692 1936 1854 2005 ergo
1886 1921 2178 2005 oportet,
2241 1913 2426 2005 quod
2484 1913 2654 1982 alter

1089 2024 1175 2091 sit
1208 2023 1291 2091 ab
1342 2022 1521 2092 alio:
1588 2021 1820 2090 nullus
1875 2030 2105 2090 autem
2180 2021 2342 2090 dicit
2398 2022 2647 2089 Filium

1085 2155 1237 2203 esse
1276 2155 1314 2199 a
1348 2131 1605 2222 Spiritu
1628 2139 1903 2200 sancto:
1940 2154 2102 2223 ergo
2125 2138 2394 2223 oportet
2425 2131 2649 2200 dicere

1088 2239 1420 2331 Spiritum
1451 2247 1760 2307 sanctum
1789 2261 1935 2308 esse
1972 2261 2012 2306 a
2040 2238 2256 2308 Filio..

1178 2351 1243 2415 2.
1279 2347 1476 2428 Item,
1511 2347 1697 2417 Inter
1732 2347 2006 2417 Patrem
2048 2356 2117 2415 et
2146 2347 2395 2415 Filium
2427 2351 2649 2416 omni-

1090 2457 1298 2525 moda
1328 2466 1558 2526 manet
1585 2457 1901 2526 identitas
1930 2465 2174 2548 praeter
2202 2456 2270 2524 id
2328 2456 2514 2548 quod
2562 2456 2648 2524 ad

1089 2563 1380 2634 alterum
1409 2574 1551 2635 est:
1587 2581 1751 2657 ergo
1771 2588 1810 2633 a
1835 2564 2043 2633 simili
2072 2587 2156 2634 ex
2178 2564 2417 2633 eadem
2439 2587 2644 2633 causa

1090 2675 1270 2741 inter
1298 2671 1547 2740 Filium
1578 2682 1646 2742 et
1676 2673 2004 2764 Spiritum
2052 2683 2362 2743 sanctum
2413 2675 2646 2744 omni-

1091 2779 1297 2849 moda
1337 2788 1567 2849 manet
1597 2780 1912 2850 identitas
1939 2790 2181 2873 praeter
2220 2781 2287 2850 id
2322 2782 2508 2874 quod
2559 2783 2645 2851 ad

1085 2887 1376 2958 alterum
1417 2898 1560 2959 est:
1594 2899 1709 2958 aut
1731 2913 1895 2982 ergo
1924 2889 1993 2958 id
2024 2890 2207 2982 quod
2236 2899 2342 2961 est
2360 2890 2445 2959 ad
2474 2889 2640 2959 alte·

1086 3018 1241 3063 rum
1298 2996 1740 3088 distinguitur
1777 2997 1847 3065 in
1891 3020 1974 3067 eo
2014 2997 2199 3090 quod
2229 2998 2315 3066 ad
2349 2997 2638 3067 alterum

1084 3113 1216 3185 est,
1251 3113 1586 3174 autnon:
1631 3107 1688 3173 si
1743 3128 1909 3185 non,
1969 3104 2101 3175 hoc
2165 3103 2414 3175 falsum
2480 3117 2633 3175 est:

1087 3215 1249 3305 quia
1294 3216 1391 3283 sic
1447 3215 2028 3306 distinguerentur
2077 3214 2441 3287 absolute:
2478 3239 2642 3308 ergo

1081 3321 1527 3415 distinguitur
1554 3324 1624 3392 in
1665 3332 1995 3416 quantum
2044 3324 2130 3393 ad
2171 3326 2461 3395 alterum
2493 3334 2638 3397 est:

1086 3430 1206 3499 sed
1244 3433 1299 3500 si
1342 3453 1466 3523 nec
1497 3432 1706 3501 Filius
1745 3435 1831 3501 sit
1869 3456 1911 3502 a
1941 3432 2227 3525 Spiritu,
2261 3456 2387 3504 nec
2411 3458 2447 3505 e
2476 3458 2642 3504 con·

1084 3560 1312 3622 verso,
1347 3539 1416 3607 in
1457 3540 1644 3608 nullo
1710 3563 1888 3609 unus
1921 3540 2204 3611 refertur
2240 3541 2326 3609 ad
2374 3540 2585 3610 alium
2624 3566 2639 3610 ε

1081 3670 1248 3740 ergo
1289 3649 1359 3717 in
1400 3648 1587 3718 nullo
1644 3673 1822 3719 unus
1873 3651 2315 3743 distinguitur
2358 3652 2443 3720 ab
2476 3651 2638 3734 alio,

1084 3757 1266 3848 quod
1310 3757 1680 3826 absurdum
1713 3767 1853 3828 est:
1887 3782 2051 3852 ergo
2092 3769 2362 3852 oportet
2425 3783 2642 3829 unum

1085 3886 1234 3933 esse
1275 3865 1360 3932 ab
1405 3865 1565 3935 alio.

1175 3973 1240 4041 3.
1275 3972 1474 4053 Item,
1513 3972 1585 4041 Si
1617 3973 1875 4064 aliquid
1893 3976 1974 4043 de
2004 3975 2335 4045 absolutis
2365 3984 2542 4046 esset
2573 3979 2644 4045 in

1082 4103 1224 4149 uno
1257 4081 1438 4173 quod
1480 4104 1619 4151 non
1649 4092 1823 4151 esset
1846 4085 1914 4152 in
1945 4083 2103 4163 alio,
2141 4108 2281 4153 non
2310 4087 2644 4178 quidquid

1082 4187 1365 4258 haberet
1415 4213 1618 4270 unus,
1679 4189 1960 4259 haberet
1996 4192 2211 4262 alius:
2247 4194 2367 4261 sed
2435 4193 2645 4261 Filius

1080 4305 1148 4365 et
1189 4295 1484 4386 Spiritus
1540 4307 1836 4377 sanctuS,
1885 4299 1939 4365 si
1981 4322 2158 4367 unus
2215 4324 2355 4368 non
2415 4301 2503 4368 sit
2558 4300 2643 4368 ab

1078 4404 1241 4484 alio,
1296 4428 1432 4472 non
1491 4405 2005 4496 distinguuntur
2071 4409 2197 4476 nisi
2258 4408 2640 4477 absolutis:

1077 4514 1241 4604 quia
1274 4511 1673 4581 relationem
1714 4512 1798 4580 ad
1838 4514 2130 4582 invicem
2173 4538 2313 4583 non
2346 4515 2641 4585 habent:

1079 4642 1244 4710 ergo
1309 4642 1446 4688 non
1510 4618 1840 4711 quidquid
1913 4620 2119 4690 habet
2182 4646 2386 4702 unus,
2439 4622 2645 4693 habet

1078 4727 1281 4810 alius,
1326 4727 1511 4819 quod
1551 4727 1799 4795 falsum
1839 4737 1964 4796 est.
2003 4728 2201 4798 Forte
2261 4732 2316 4798 si
2351 4731 2642 4816 dicatur,

1077 4834 1262 4925 quod
1304 4836 1373 4901 in
1404 4833 1535 4902 hoc
1578 4835 1752 4902 inter
1778 4857 1850 4904 se
1891 4835 2427 4928 distinguuntur,
2484 4839 2646 4931 quia

1078 4941 1163 5008 ab
1201 4941 1442 5010 eodem
1494 4942 1946 5011 diversimode
2004 4945 2406 5036 procedunt.
2471 4945 2648 5015 Cos·-

1073 5072 1203 5118 raA
1232 5072 1248 5118 ε
1293 5048 1412 5117 llle
1456 5049 1700 5117 modus
1732 5059 1850 5118 aut
1879 5052 2040 5120 dicit
2069 5075 2190 5120 ens
2221 5053 2642 5137 absolutum,

1075 5166 1195 5224 aut
1227 5158 1714 5248 respectivum.
1752 5158 1824 5226 Si
1857 5159 2248 5229 absolutum
2288 5185 2303 5229 :
2341 5171 2501 5232 tunc
2534 5187 2650 5232 ne·

1075 5269 1370 5335 cessario
1409 5270 1741 5360 sequitur,
1792 5270 1974 5361 quod
2014 5269 2214 5340 divisi
2246 5273 2481 5341 sintin
2536 5296 2649 5342 es-

1073 5376 1292 5443 sentia
1332 5382 1398 5443 et
1429 5377 1809 5445 substantia
1844 5400 1859 5447 :
1904 5380 2064 5469 quia
2104 5403 2310 5450 omne
2354 5405 2476 5451 ens
2532 5383 2649 5451 ab·

1074 5481 1380 5552 solutum
1416 5487 1741 5577 supponit
1770 5485 2220 5558 substantiam
2262 5492 2333 5558 in
2367 5489 2642 5561 divinis.

1153 5726 1171 5760 ¹
1206 5723 1263 5780 3.
1316 5721 1642 5791 mom-stus,
1698 5718 1823 5777 Lib.
1859 5721 1935 5778 de
1999 5722 2224 5780 Divinis
2274 5723 2647 5795 nominibus,

4088 379 4101 384 -
4182 333 4307 403 347

2772 504 2846 572 Si
2879 514 3106 575 autem
3148 507 3312 575 dicit
3335 507 3717 575 relativum.
3750 504 4055 573 CONTRA:
4107 504 4315 573 Rela-

2769 612 2989 679 tivum
3011 615 3154 681 sive
3176 613 3261 680 ad
3284 612 3535 703 aliquid
3571 620 3692 692 est,
3728 613 3917 699 cujus
3935 610 4065 679 hoc
4092 613 4314 701 ipsum

2768 743 2913 789 esse
2954 721 3137 811 quod
3193 729 3314 800 est,
3379 720 3464 788 ad
3523 719 3811 787 alterum
3878 727 3999 786 est.
4069 717 4313 798 Quoero

2766 829 2997 918 igitur,
3036 829 3219 918 quod
3249 830 3334 896 sit
3356 827 3522 894 illud
3556 827 3840 894 alterum
3881 827 3963 894 ad
3994 826 4181 917 quod
4217 833 4318 894 est

2766 958 2912 1003 esse
2946 935 3203 1002 relativi
3234 959 3248 1003 :
3280 938 3337 1003 si
3389 934 3737 1026 quodlibet
3784 934 4068 1002 alterum
4103 955 4118 999 ε
4155 933 4314 1024 ergo

2765 1043 2969 1110 Pater
2998 1066 3138 1111 non
3176 1050 3354 1128 esset
3409 1051 3673 1110 tantum
3738 1040 3885 1108 Filii
3927 1041 4153 1123 Pater,
4202 1040 4319 1108 sed

2766 1152 2971 1218 etiam
3003 1150 3367 1241 cujuslibet
3397 1148 3696 1229 alteriuS,
3739 1150 3918 1240 quod
3950 1149 4317 1218 absurdum

2764 1267 2865 1326 est
2897 1280 2913 1327 :
2950 1259 3005 1326 si
3038 1267 3267 1327 autem
3303 1257 3472 1327 illud
3511 1258 3797 1326 alterum
3851 1257 3934 1324 ad
3998 1257 4182 1349 quod
4220 1266 4319 1325 est

2762 1388 2909 1434 esse
2989 1365 3282 1451 relativi,
3363 1374 3466 1435 est
3524 1366 3910 1457 oppositum
3995 1364 4315 1433 relative:

2762 1496 2927 1565 ergo
2949 1497 3032 1541 ex
3062 1472 3196 1542 hoc
3240 1473 3427 1564 quod
3455 1472 3670 1540 Filius
3735 1480 3835 1540 est
3888 1472 3971 1539 ad
4020 1472 4315 1552 Patrem,

2760 1584 3138 1653 nonhabet
3198 1607 3346 1653 esse
3414 1584 3595 1677 quod
3654 1585 4024 1676 distinguat
4074 1606 4229 1652 eum
4278 1605 4318 1651 a
4435 1613 4438 1616 ’

2765 1691 3026 1784 Spiritu
3068 1701 3354 1763 sancto:
3409 1695 3568 1786 quia
3631 1693 3983 1762 relativum
4031 1714 4157 1761 nec
4217 1700 4317 1761 est

2761 1827 2882 1872 ens
2911 1828 3036 1873 nec
3061 1828 3209 1874 esse
3241 1805 3473 1886 habet,
3507 1804 3637 1873 nisi
3668 1805 3750 1872 ad
3790 1805 3856 1872 id
3894 1805 3977 1873 ad
4008 1803 4189 1895 quod
4218 1811 4318 1871 est

2759 1935 2879 2002 per
2962 1914 3523 2003 oppositionem:
3575 1935 3735 2005 ergo
3797 1912 3965 1980 redit
4009 1913 4312 2004 primum

2759 2018 2944 2110 quod
2990 2042 3074 2088 ex
3118 2019 3251 2089 hoc
3295 2043 3439 2089 non
3471 2020 3975 2111 distinguuntur
4007 2020 4092 2087 ab
4130 2021 4315 2088 invi-

2757 2149 2905 2196 cem
2928 2128 3137 2195 Filius
3158 2138 3226 2196 et
3259 2128 3550 2220 Spiritus
3580 2137 3873 2211 sanctus,
3907 2128 4088 2220 quod
4109 2128 4310 2197 ambo

2758 2236 3031 2305 diverso
3072 2236 3280 2306 modo
3312 2239 3693 2306 referuntur
3724 2237 3807 2304 ad
3857 2237 4153 2306 Patrem.

2848 2345 2913 2411 4.
2959 2344 3154 2423 Item,
3194 2344 3273 2412 In
3322 2346 3640 2414 omnibus
3689 2347 3865 2414 inter
3910 2344 4180 2414 Patrem
4238 2353 4306 2414 et

2758 2452 3008 2521 Filium
3041 2463 3271 2522 manet
3320 2454 3635 2524 identitas
3711 2464 3947 2546 praeter
4003 2454 4069 2522 id
4127 2453 4312 2545 quod

2757 2561 2842 2628 ad
2872 2559 3163 2630 alterum
3211 2571 3364 2632 est:
3428 2586 3589 2654 ergo
3649 2563 3717 2630 in
3772 2561 4306 2653 quibuscumque

2750 2668 2960 2737 Pater
2989 2691 3128 2737 non
3167 2670 3536 2760 opponitur
3564 2670 3758 2753 Filio,
3799 2677 3900 2737 est
3933 2668 4114 2737 idem
4153 2667 4248 2736 illi
4282 2692 4300 2737 ε

2749 2777 2871 2846 sed
2899 2779 2969 2845 in
3010 2779 3333 2869 spirando
3365 2803 3505 2849 non
3544 2779 3747 2849 habet
3804 2780 4301 2871 oppositionem

2750 2885 2836 2953 ad
2885 2887 3160 2978 ipsum:
3206 2909 3370 2979 ergo
3430 2889 3500 2956 in
3556 2887 3871 2979 spirando
3929 2896 4029 2956 est
4087 2909 4298 2955 unum

2748 2993 2873 3062 illi.

2842 3106 2908 3171 5.
2945 3103 3138 3180 Item,
3176 3103 3480 3185 Constat,
3524 3105 3705 3197 quod
3761 3107 3983 3173 omnis
4039 3113 4295 3172 naturoe

2750 3216 3281 3284 communicatio
3350 3218 3543 3308 ponit
3603 3217 3908 3285 ordinem
3948 3216 4032 3285 ad
4078 3239 4291 3284 unum
4394 3253 4401 3261 ·

2750 3350 2835 3395 ex
2866 3350 3002 3418 quo
3067 3335 3168 3396 est
3204 3329 3730 3396 communicatio
3772 3326 3909 3413 illa,
3985 3326 4158 3395 sicut
4224 3327 4291 3394 in

2749 3432 3170 3514 hominibus,
3203 3443 3269 3503 et
3299 3434 3450 3502 aliis
3506 3433 3861 3503 omnibus:
3910 3456 4071 3525 ergo
4120 3433 4175 3501 si
4226 3434 4292 3500 in

2750 3543 2981 3612 divina
3015 3554 3256 3613 natura
3287 3554 3387 3614 est
3451 3544 3974 3613 communicatio
4037 3550 4295 3610 naturae

2749 3652 2914 3742 ipsis
2959 3653 3289 3743 personis,
3350 3652 3626 3743 ponitur
3669 3651 3834 3720 ordo
3904 3659 4160 3718 naturae
4211 3650 4295 3717 ad

2749 3782 3010 3829 unum:
3055 3783 3192 3828 non
3223 3769 3451 3829 autem
3492 3770 3592 3829 est
3628 3760 3793 3829 ordo
3837 3761 3892 3827 si
3932 3758 4067 3828 duo
4138 3767 4296 3826 sunt

2750 3868 2834 3936 ab
2889 3892 3028 3937 uno
3081 3869 3497 3950 immediate,
3554 3869 3711 3960 quia
3774 3878 3934 3937 tunc
3979 3876 4293 3936 neutrum

2751 3977 2989 4046 ordine
3008 3987 3265 4047 naturae
3292 3977 3645 4046 ordinatur
3663 3977 3745 4045 ad
3776 3977 4096 4046 alterum:
4133 3999 4295 4067 ergo

2751 4093 3046 4178 oportet,
3072 4087 3255 4179 quod
3285 4086 3578 4156 duorum
3617 4110 3790 4155 unus
3818 4090 3905 4156 sit
3928 4088 4012 4155 ab
4042 4087 4202 4157 alio.

2844 4194 2916 4261 Si
2962 4195 3129 4263 sorte
3160 4195 3407 4287 aliquis
3437 4203 3699 4265 tantum
3748 4197 4064 4278 insaniat,
4113 4197 4298 4289 quod

2752 4302 2928 4370 dicat
2962 4303 3143 4394 quod
3184 4325 3324 4372 non
3368 4304 3436 4371 in
3474 4305 3792 4372 omnibus
3816 4327 4115 4396 personae
4140 4316 4298 4374 sunt

2754 4434 2969 4477 unum
3044 4419 3289 4501 praeter
3362 4413 3855 4503 oppositionem
3924 4412 4293 4497 relationis,

2753 4518 3180 4587 convincitur
3223 4542 3305 4587 ex
3374 4528 3611 4587 natura
3693 4518 4139 4611 simplicitatis
4203 4521 4301 4588 di·

2752 4622 2931 4691 vinae
2971 4646 2986 4690 ε
3022 4624 3181 4714 quia
3249 4647 3328 4691 ex
3382 4622 3512 4694 hoc
3558 4627 3883 4717 sequitur,
3935 4625 4118 4718 quod
4175 4650 4297 4696 nec

2758 4753 2892 4797 una
2935 4739 3172 4799 natura
3211 4754 3333 4800 nec
3374 4756 3585 4799 unum
3647 4733 3932 4824 simplex
3970 4736 4104 4803 sint
4151 4756 4300 4826 per-

2753 4861 2966 4920 souae,
3001 4838 3117 4907 sed
3155 4838 3410 4931 aliquid
3451 4839 3534 4909 de
3585 4840 3908 4909 absolutis
3966 4843 4120 4912 facit
4166 4865 4300 4909 nu-

2754 4972 3020 5017 merum
3079 4973 3233 5017 cum
3276 4950 3411 5018 alio
3455 4973 3470 5017 ε
3530 4949 3637 5019 vel
3679 4949 3931 5042 aliquid
3986 4951 4067 5021 de
4106 4951 4302 5021 abso-

2753 5058 2912 5126 lutis
2952 5059 3142 5127 estin
3174 5082 3311 5126 uno
3336 5059 3517 5149 quod
3547 5081 3684 5127 non
3714 5069 3810 5127 est
3844 5062 3911 5127 in
3934 5060 4089 5130 alio.
4126 5061 4301 5130 Con-

2752 5170 3049 5237 vincitur
3087 5170 3291 5237 etiam
3321 5191 3442 5260 per
3469 5170 3937 5238 auctoritatem
3987 5172 4293 5262 Dionysii

2753 5280 2824 5346 in
2856 5279 3030 5346 libro
3072 5279 3153 5346 de
3182 5280 3457 5348 Divinis
3483 5277 3937 5362 nominibus¹,
3978 5282 4096 5349 ubi
4137 5281 4299 5351 dicit

2754 5388 2987 5455 omnia
3018 5385 3151 5453 alia
3181 5386 3373 5454 unita
3401 5408 3585 5456 esse:
3617 5396 3678 5456 et
3710 5410 3830 5478 per
3865 5389 4297 5458 auctoritates

2754 5493 3194 5586 quamplures
3234 5494 3453 5563 Boetii
3484 5496 3555 5562 in
3613 5494 3786 5564 libro
3852 5496 3933 5564 de
3976 5498 4303 5564 Trinitate

2753 5739 2886 5798 cap.
2918 5728 2973 5782 9.
