4897 6388
522 327 645 392 160

390 497 395 501 ’
515 486 762 582 sp‘eciei
800 473 821 558 ⁴:
859 481 926 559 et
975 491 1129 559 ideo
1178 489 1351 558 nihil
1400 499 1501 561 est
1546 492 1616 558 in
1660 480 1968 581 potentia
1999 490 2067 555 in

510 591 678 688 ipsis
709 620 725 667 ε
762 607 825 667 et
879 598 1031 668 ideo
1066 621 1341 668 necesse
1373 607 1474 669 est
1513 598 1697 689 quod
1745 603 2069 689 generent

515 709 771 796 species
803 731 961 776 suas
993 709 1062 775 in
1095 710 1383 776 materia
1440 706 1685 774 aliena.
1740 702 2065 782 Quaedam

515 824 744 884 autem
774 825 933 885 sunt
966 840 1115 907 quae
1146 822 1477 907 generant
1507 836 1624 902 per
1652 813 2066 880 decisionem

512 925 722 1012 partis
762 947 801 991 a
840 945 961 990 sua
1011 922 1324 1002 materia,
1377 919 1895 1009 quaepotentia
1968 925 2069 984 est

511 1031 636 1097 sub
668 1032 888 1098 forma
953 1030 1228 1118 speciei,
1302 1030 1477 1096 sicut
1522 1026 2067 1117 complexionata

509 1140 574 1206 ct
608 1138 821 1204 mixta
858 1135 1195 1224 quaedam,
1232 1143 1308 1202 ut
1332 1135 1736 1227 vegetabilia
1769 1142 1836 1202 et
1901 1155 2061 1200 sen-

511 1244 756 1330 sibilia,
792 1252 869 1312 ut
896 1242 1132 1312 homo,
1178 1243 1510 1324 Quaedam
1552 1253 1779 1310 autem
1840 1242 2065 1308 multi·

509 1352 762 1443 plicant
791 1376 947 1421 suas
994 1353 1247 1420 formas
1298 1376 1418 1443 per
1483 1354 1587 1419 sui
1636 1351 2064 1440 praesentiam

511 1461 581 1528 in
640 1463 924 1530 materia
961 1462 1209 1541 aliena,
1246 1469 1322 1528 ut
1361 1460 1729 1527 luminosa.
1772 1457 1851 1525 In
1911 1480 2065 1525 om-

512 1569 712 1637 nibus
766 1577 996 1637 autem
1055 1567 1161 1635 his
1254 1566 1812 1660 generationibus
1897 1563 2065 1632 illud

511 1685 612 1745 est
693 1699 1058 1746 commune
1117 1675 1304 1767 quod
1370 1684 1472 1744 est
1526 1675 1837 1744 essentiae
1920 1675 2063 1740 sive

507 1784 746 1853 formae
785 1786 1318 1855 communicatio
1356 1809 1372 1855 ε
1410 1792 1473 1854 et
1504 1783 1636 1853 hoc
1686 1782 1837 1851 ideo
1898 1804 2067 1850 con-

508 1894 735 1985 tingit,
778 1894 938 1984 quia
1003 1893 1230 1960 omnis
1284 1893 1504 1961 forma
1581 1899 1914 1981 quantum
1965 1897 2069 1956 est

510 2000 593 2069 de
643 2024 714 2070 se
763 2000 1355 2069 communicabilis
1422 2008 1545 2084 est,
1608 2010 1674 2068 et
1728 1999 2065 2089 praecipue

509 2105 972 2199 substantialis
1017 2130 1032 2174 ε
1078 2106 1258 2175 unde
1303 2107 1362 2174 si
1427 2129 1567 2175 non
1607 2105 2066 2174 communice-

510 2219 647 2297 tur,
679 2210 810 2281 hoc
838 2212 1175 2303 contingit
1203 2210 1288 2279 ab
1338 2234 1420 2280 eo
1488 2211 1556 2278 in
1617 2233 1753 2301 quo
1821 2218 1962 2278 est:
1999 2217 2068 2277 et

509 2316 640 2387 hoc
665 2327 887 2411 potest
916 2341 1062 2388 esse
1084 2318 1303 2386 tribus
1333 2318 1581 2386 modis.
1628 2317 1782 2387 Uno
1814 2325 1879 2385 et
1906 2339 2065 2407 pro·

510 2427 653 2515 prie
690 2449 705 2494 ε
742 2427 900 2518 quia
935 2424 1267 2517 quidquid
1309 2424 1492 2493 illius
1524 2426 1758 2493 sormae
1824 2431 1925 2492 est
1956 2445 2067 2491 re-

510 2532 854 2624 ceptibile,
922 2533 1129 2602 habet
1206 2535 1466 2602 totum*
1506 2534 1679 2600 intra
1735 2554 1831 2611 se,
1894 2533 2068 2600 sicut

510 2641 708 2709 estin
738 2641 961 2732 specie
987 2640 1153 2708 solis
1197 2640 1311 2709 vel
1342 2640 1546 2710 lunae.
1602 2640 1754 2708 Alio
1801 2640 2007 2708 modo
2044 2662 2059 2706 :

512 2748 669 2838 quia
696 2747 917 2837 ipsum
952 2747 1021 2814 in
1062 2769 1200 2837 quo
1239 2754 1366 2830 est,
1401 2769 1539 2815 non
1579 2756 1677 2815 est
1700 2745 2060 2827 divisibile,

512 2848 607 2919 ita
648 2851 831 2944 quod
868 2851 1191 2944 praecidat
1233 2874 1273 2921 a
1328 2875 1400 2920 se
1453 2861 1715 2944 partem
1784 2853 1852 2918 in
1929 2874 2061 2942 qua

509 2980 633 3026 sua
688 2960 907 3027 forma
953 2961 1042 3028 sit
1093 2958 1160 3029 in
1211 2962 1541 3049 potentia,
1609 2959 1781 3027 sicut
1828 2966 1931 3027 est
1994 2959 2063 3025 in

508 3065 775 3157 Angelo
808 3066 877 3134 in
925 3089 1062 3158 quo
1122 3067 1347 3157 ipsum
1388 3066 1572 3158 quod
1636 3074 1763 3149 est,
1818 3075 1919 3134 est
1959 3066 2062 3133 in-

510 3170 845 3241 divisibile
901 3196 1041 3243 non
1100 3172 1361 3243 habens
1417 3184 1679 3266 partem
1758 3197 1908 3265 quae
1976 3174 2063 3242 sit

507 3281 812 3370 potentia
874 3281 1205 3373 Angelus,
1263 3289 1330 3350 et
1410 3291 1676 3373 partem
1761 3304 1910 3373 quae
1978 3283 2065 3350 sit

504 3396 660 3456 actu
715 3386 843 3455 sub
918 3386 1140 3455 forma
1213 3386 1488 3479 Angeli.
1573 3386 1848 3457 Tertio:
1902 3389 2059 3480 quia

505 3496 730 3586 ipsum
765 3518 906 3565 non
937 3504 1040 3564 est
1070 3497 1545 3588 generativum
1594 3496 1700 3563 sui
1772 3519 1898 3588 per
1935 3520 2056 3588 po·

498 3604 779 3672 tentiam
812 3604 880 3672 in
930 3602 1093 3686 alio,
1147 3605 1319 3673 sicut
1362 3603 1505 3684 lux,
1545 3627 1625 3673 eo
1671 3605 1853 3696 quod
1921 3629 2057 3675 non

495 3711 583 3778 sit
622 3711 845 3779 forma
885 3712 1263 3779 immutans
1302 3718 1368 3779 et
1397 3709 1530 3780 boc
1562 3712 1767 3780 modo
1817 3735 2050 3804 agens,

494 3818 572 3886 ln
620 3818 872 3887 divinis
911 3828 1144 3888 autem
1185 3818 1482 3888 essentia
1522 3821 1797 3909 quidem
1863 3844 2058 3890 com-

501 3924 936 3995 municabilis
1004 3935 1131 4007 est,
1174 3925 1351 3995 sicut
1442 3929 1668 3995 omnis
1733 3930 2050 4007 essentia,

493 4032 610 4100 sed
649 4056 795 4109 non
827 4031 1195 4101 divisibilis
1230 4055 1246 4100 z
1282 4034 1443 4125 quia
1474 4033 1900 4102 divisibilitas
1931 4036 2055 4102 im·

492 4140 927 4231 perfectionis
966 4150 1090 4218 est,
1145 4148 1211 4209 et
1250 4140 1435 4231 quod
1489 4143 1776 4210 essentia
1831 4151 2055 4211 creata

492 4246 820 4317 dividitur
849 4249 918 4316 in
969 4248 1103 4317 illis
1153 4250 1221 4317 in
1283 4249 1532 4342 quibus
1583 4253 2054 4321 communica-

497 4366 632 4442 tur,
666 4365 767 4426 est
798 4355 1327 4448 imperfectionis
1366 4379 1536 4438 sum,
1579 4358 1834 4427 scilicet
1867 4360 2050 4450 quod

496 4486 633 4532 non
681 4472 782 4533 est
841 4463 1127 4532 omnino
1176 4462 1468 4554 simplex
1515 4488 1530 4532 :
1589 4465 1647 4532 si
1716 4466 1898 4533 enim
1959 4466 2048 4535 ita

490 4581 666 4639 esset
712 4570 1001 4663 simplex
1052 4571 1122 4639 in
1183 4593 1356 4650 esse,
1418 4572 1592 4639 sicut
1659 4574 1728 4640 in
1788 4574 2048 4642 ratione

489 4680 802 4747 essentiae
830 4677 1126 4770 simplex
1174 4686 1304 4758 est,
1349 4678 1725 4771 singularia
1801 4680 2049 4772 quibus

489 4787 1036 4855 communicatur
1077 4788 1169 4855 ita
1212 4795 1440 4856 essent
1490 4811 1701 4855 unum
1765 4789 1834 4856 in
1903 4812 2047 4859 esse

491 4894 665 4964 sicut
714 4895 785 4963 in
861 4898 1185 4966 ratione:
1247 4896 1366 4965 sed
1433 4896 1664 4965 divina
1757 4900 2048 4967 essentia

491 5001 773 5069 omnino
802 5009 868 5069 et
905 5001 1198 5092 perfecte
1228 5000 1521 5092 simplex
1579 5010 1679 5070 est
1735 5012 1802 5070 et
1855 5026 2045 5071 com-

490 5107 971 5176 municabilis:
1039 5130 1203 5200 ergo
1236 5110 1383 5200 ipsa
1452 5111 1579 5177 erit
1671 5110 2045 5178 secundum

492 5236 641 5283 esse
707 5214 999 5306 simplex
1056 5216 1587 5296 communicata,
1665 5217 1794 5284 nisi
1861 5217 2049 5286 aliud

488 5322 859 5413 impediat:
922 5347 1061 5392 non
1124 5334 1359 5393 autem
1418 5334 1639 5416 potest
1716 5325 2046 5415 impedire

488 5431 672 5521 quod
692 5439 794 5498 est
819 5430 928 5500 vel
959 5432 1076 5523 qui
1116 5439 1241 5510 est,
1294 5455 1451 5501 cum
1508 5433 1593 5501 sit
1657 5432 2047 5505 indifferens

403 5610 415 5621 ‚
487 5536 574 5605 ab
607 5541 899 5607 essentia
934 5563 950 5608 ε
986 5539 1071 5607 ab
1106 5541 1249 5630 ipsa
1281 5564 1446 5633 ergo
1503 5542 2050 5611 communicabi-

489 5651 602 5713 tur
635 5669 650 5714 ε
683 5653 753 5716 et
788 5670 942 5716 cum
975 5670 1114 5716 non
1144 5648 1232 5716 sit
1251 5655 1443 5717 actus
1482 5650 2049 5721 communicatio-

1523 318 1604 385 D.
1657 316 1857 384 ALB.
1898 313 2126 394 MAG.
2179 310 2387 379 ORD.
2440 310 2736 378 PRAED.

2174 487 2279 553 nis
2309 485 2616 554 essentiae
2647 485 2777 550 nisi
2815 464 3187 574 generatio,
3248 481 3376 549 erit
3441 502 3721 571 genera·
3841 513 3845 517 Δ

2174 594 2270 661 tio
2302 594 2374 660 in
2405 592 2675 659 divinis.

2264 695 2454 764 Unus
2491 717 2822 764 mmmmm
2870 694 2953 761 ad
3001 694 3325 783 primum,
3369 691 3551 783 quod
3594 714 3718 782 ge-

2173 805 2435 871 neratio
2480 826 2615 871 non
2647 810 2746 871 est
2793 810 3057 869 tantum
3102 801 3187 869 ad
3215 801 3347 869 hoc
3375 809 3449 868 ut
3487 822 3718 891 perpe-

2173 918 2320 977 tuet
2357 911 2425 976 in
2485 912 2908 978 successione
2975 908 3258 999 quodin
3310 932 3381 976 se
3452 930 3718 998 perma-

2174 1040 2335 1085 nere
2366 1039 2506 1085 non
2535 1026 2778 1106 potest,
2813 1017 2928 1084 sed
2958 1025 3224 1084 tantum
3254 1014 3382 1083 bac
3411 1015 3492 1083 de
3515 1037 3715 1084 causa

2173 1133 2273 1193 est
2313 1126 2378 1191 in
2414 1125 2720 1192 essentiis
2752 1123 2882 1190 illis
2910 1146 3058 1213 quae
3099 1144 3239 1189 non
3289 1125 3357 1189 in
3389 1129 3534 1189 toto
3565 1145 3719 1211 pos-

2172 1241 2329 1300 sunt
2351 1230 2692 1321 complere
2733 1231 2799 1296 id
2828 1230 3009 1319 quod
3066 1237 3168 1299 est
3214 1230 3355 1296 sive
3396 1231 3717 1319 supposi-

2172 1354 2318 1410 tum
2352 1344 2422 1410 in
2465 1364 2597 1431 quo
2640 1349 2794 1408 sunt
2836 1342 2938 1409 :si
2992 1342 3175 1408 enim
3214 1341 3284 1406 in
3340 1348 3484 1407 toto
3526 1362 3717 1408 com·-

2170 1451 2459 1539 plerent,
2504 1472 2643 1517 non
2671 1457 2897 1516 essent
2929 1449 2997 1515 in
3044 1449 3349 1538 potentia
3395 1447 3481 1515 ad
3511 1446 3713 1514 aliam

2171 1560 2466 1626 formam
2511 1582 2526 1626 ε
2583 1558 2732 1626 talis
2809 1565 3038 1626 autem
3087 1581 3229 1625 non
3276 1565 3377 1624 est
3423 1557 3718 1625 essentia

2171 1664 2403 1732 divina
2438 1687 2454 1732 ε
2500 1672 2565 1732 et
2604 1664 2754 1733 ideo
2788 1665 2859 1729 in
2888 1663 3136 1731 divinis
3184 1685 3322 1730 non
3363 1671 3465 1731 est
3501 1684 3716 1753 gene-

2172 1777 2342 1843 ratio
2375 1783 2651 1866 propter
2688 1774 2864 1842 hanc
2893 1795 3195 1841 causam.

2259 1884 2363 1950 An
2394 1906 2591 1951 amun
2629 1882 3018 1965 dicendum,
3064 1882 3248 1973 quod
3300 1883 3589 1951 essentia
3620 1882 3718 1950 di-

2169 1992 2332 2059 vina
2381 1990 2809 2081 multiplicari
2881 2013 3019 2057 non
3065 1998 3313 2080 potest,
3380 1991 3475 2059 ita
3532 1991 3714 2082 quod

2170 2096 2536 2176 dividatur,
2594 2095 2704 2164 vel
2751 2096 2947 2164 detur
3010 2104 3268 2164 naturae
3323 2104 3708 2165 extraneae:

2168 2206 2290 2275 sed
2328 2214 2554 2297 potest
2580 2205 3070 2274 communicari
3128 2207 3497 2297 suppositis
3540 2208 3715 2295 ejus·

2169 2313 2324 2381 dem
2355 2320 2612 2381 naturae
2643 2334 2794 2403 quae
2840 2312 3020 2381 idem
3077 2321 3238 2379 sunt
3284 2313 3353 2379 in
3402 2315 3548 2404 ipsa
3593 2336 3715 2404 pcr

2168 2420 2535 2487 essentiam
2567 2426 2630 2487 et
2661 2441 2830 2486 csse.

2256 2529 2362 2594 An
2393 2549 2590 2594 Auun
2630 2525 3016 2606 dicendum,
3063 2526 3248 2617 quod
3299 2527 3465 2596 illud
3494 2551 3708 2621 genc-

2171 2634 2381 2704 rabile
2411 2644 2513 2703 est
2542 2633 2999 2725 corruptibile,
3053 2635 3236 2726 quod
3282 2658 3405 2726 per
3428 2659 3709 2728 genera-

2171 2746 2428 2813 tionem
2468 2745 2606 2813 exit
2643 2744 2727 2813 de
2774 2743 3073 2835 potentia
3120 2743 3207 2812 ad
3247 2754 3497 2823 actum,
3551 2749 3710 2837 quia

2170 2852 2351 2919 illius
2389 2874 2536 2920 esse
2582 2851 2894 2943 praecedit
2945 2874 3081 2920 non
3143 2874 3287 2920 esse
3330 2875 3346 2920 ε
3395 2853 3511 2922 sed
3547 2853 3708 2923 illud

2167 2967 2569 3050 generatum
2592 2981 2728 3026 non
2767 2957 3151 3048 generabile
3182 2959 3364 3049 quod
3404 2983 3708 3029 coaevum

2166 3073 2266 3132 est
2297 3072 2366 3133 et
2405 3073 2817 3133 coaeternum
2858 3065 3235 3155 generanti,
3269 3087 3407 3133 non
3446 3076 3549 3136 est
3575 3067 3710 3136 hu-

2157 3170 2460 3261 jusmodi
2506 3179 2621 3241 :et
2653 3171 2803 3240 ideo
2851 3193 2988 3239 non
3049 3179 3339 3262 oportet,
3398 3172 3580 3265 quod
3620 3176 3704 3242 sit

2164 3278 2627 3370 corruptibile.

2257 3390 2357 3459 An
2395 3414 2593 3459 amun
2634 3391 3018 3469 dicendum,
3066 3391 3251 3481 quod
3307 3391 3421 3460 illa
3459 3396 3704 3485 propo·

2163 3496 2320 3565 sitio
2350 3496 2520 3566 salsa
2553 3506 2677 3581 est,
2709 3498 2762 3565 si
2821 3497 3226 3589 generaliter
3274 3501 3640 3591 accipiatur
3681 3525 3698 3570 ε

2161 3603 2280 3672 sed
2310 3612 2539 3672 tamen
2567 3626 2728 3672 vera
2759 3612 2857 3672 est
2891 3605 2956 3672 in
3001 3602 3108 3671 his
3146 3626 3299 3694 quae
3340 3628 3461 3697 per
3486 3629 3704 3698 gene-

2162 3712 2584 3780 nerationem
2616 3720 2860 3780 exeunt
2910 3712 2990 3780 de
3039 3735 3177 3781 non
3219 3737 3365 3782 esse
3404 3714 3484 3782 ad
3528 3739 3700 3793 esse,

2161 3818 2321 3909 quia
2363 3818 2430 3886 in
2464 3817 2595 3887 illis
2636 3818 2962 3910 recipiens
3010 3819 3303 3888 formam
3334 3830 3436 3889 est
3472 3821 3706 3891 diver-

2159 3948 2313 3993 sum
2353 3925 2439 3994 ab
2482 3926 2624 4016 ipsa
2655 3925 2872 3993 forma
2910 3949 3033 4016 per
3060 3927 3507 3997 substantiam
3553 3953 3703 3998 ma-

2157 4034 2370 4109 terim,
2424 4040 2493 4102 et
2555 4033 2640 4101 ab
2697 4034 2843 4123 ipso
2909 4043 3336 4125 generante:
3387 4037 3500 4106 sed
3562 4061 3700 4106 non

2158 4144 2429 4230 oportet
2459 4141 2641 4232 quod
2685 4143 2910 4208 omnis
2955 4146 3303 4232 generatio
3334 4146 3419 4212 sit
3458 4143 3701 4233 hujus-

2157 4248 2370 4325 modi,
2406 4257 2480 4315 ut
2519 4257 2698 4339 patet
2730 4270 2814 4316 ex
2843 4249 3198 4340 proedictis.

2243 4359 2347 4424 An
2381 4380 2444 4424 m
2474 4356 2655 4447 quod
2686 4366 2919 4424 contra
2960 4360 3470 4448 responsionem
3513 4361 3693 4450 obji-

2153 4468 2351 4544 citur,
2386 4466 2637 4534 scilicet
2672 4467 2852 4557 quod
2895 4468 3094 4537 Pater
3140 4469 3251 4537 dat
3282 4477 3494 4538 totam
3527 4471 3695 4539 sub-

2152 4575 2476 4640 stantiam
2526 4572 2725 4656 Filio,
2756 4584 2912 4656 etc„
2946 4573 3308 4644 dicendum
3347 4576 3531 4668 quod
3553 4601 3691 4647 non

2152 4679 2266 4748 dat
2332 4679 2462 4748 sibi
2521 4702 2935 4773 personam:
2994 4704 3285 4774 persona
3354 4686 3538 4753 enim
3596 4695 3699 4755 est

2153 4810 2302 4879 quae
2343 4789 2651 4857 consistit
2681 4812 2802 4857 sua
2834 4792 3280 4881 proprietate:
3318 4794 3694 4884 proprietas

2152 4904 2380 4964 autem
2425 4897 2796 4965 secundum
2836 4898 2940 4965 sui
2990 4901 3325 4966 rationem
3365 4909 3488 4980 est,
3539 4904 3699 4992 quia

2154 5004 2369 5074 uniet
2418 5027 2559 5072 non
2607 5006 2718 5074 alii
2769 5008 3086 5074 convenit
3131 5030 3146 5071 ε
3201 5007 3317 5075 sed
3368 5008 3700 5100 quidquid

2153 5124 2251 5183 est
2282 5112 2365 5183 ‹le
2395 5138 2469 5183 se
2499 5116 2642 5184 sive
2675 5115 3087 5201 absolutum,
3114 5125 3336 5184 totum
3364 5117 3477 5186 dat
3500 5121 3587 5187 ei.
3617 5118 3701 5185 Et

2152 5222 2207 5289 si
2239 5221 2625 5312 objiciatur,
2675 5223 2856 5313 quod
2905 5246 3194 5313 persona
3243 5233 3341 5292 est
3382 5226 3702 5294 substan-

2154 5330 2245 5397 tia
2277 5352 2292 5398 :
2340 5353 2505 5422 ergo
2555 5353 2913 5421 personam
2946 5330 3058 5398 dat
3105 5333 3189 5398 ei.
3226 5332 3466 5401 Incidit
3504 5329 3703 5401 falla-

2153 5440 2257 5506 cia
2323 5437 2690 5507 accidentis
2740 5461 2754 5504 :
2824 5439 2983 5528 quia
3026 5439 3205 5508 ‘licet
3258 5462 3548 5531 persona
3612 5441 3701 5509 sit

2153 5546 2554 5624 substantia,
2601 5555 2825 5614 tamen
2861 5546 3071 5614 multa
3093 5548 3525 5615 atribuuntur
3545 5547 3702 5615 sub·

2152 5656 2417 5723 stantiae
2450 5676 2601 5746 quae
2641 5677 2779 5723 non
2810 5655 3271 5723 attribuuntur
3306 5678 3610 5746 personae
3633 5664 3701 5724 et

3825 732 3957 780 adl.

3822 1907 3961 1953 Ad?-

3816 2563 3963 2610 Ada.

3809 3421 3956 3467 Adt.

3801 4391 3946 4438 Ads-
