4897 6388
1794 260 1889 326 IN
1937 260 1967 328 1
2018 260 2444 345 SENTENT.
2498 258 2727 328 DIST.
2780 260 3039 343 XVIII,
3092 263 3165 342 F,
3210 263 3407 330 ART.
3454 264 3516 330 4.
4160 263 4286 329 497

1059 386 1226 497 tum
1270 437 1314 496 ¹.
1356 424 1495 499 His
1526 429 1786 503 verbis
1818 440 2078 527 aperte
2119 430 2579 524 ostenditur,
2627 431 2835 527 quod
2876 393 3076 505 sicu-t
3124 389 3456 529 Spiritus
3498 439 3813 506 sanctus
3860 431 3954 504 ab
3998 439 4287 505 aeterno

1066 562 1430 658 procedit,
1474 563 1580 637 ita
1621 565 1716 638 ab
1750 575 2040 638 {eterno
2074 566 2366 639 donum
2409 574 2526 640 est
2562 590 2576 639 :
2625 590 2780 640 non
2826 566 3011 663 quia
3053 567 3471 641 donaretur
3523 590 3566 640 a
3621 567 3846 641 Patre
3892 564 4110 658 Filio,
4164 568 4285 641 vel

1064 718 1108 767 a
1149 695 1338 769 Filio
1381 696 1614 782 Patri,
1649 697 1783 771 sed
1816 697 2000 794 quia
2041 699 2136 773 ab
2170 709 2463 773 aeterno
2505 700 2880 798 processit
2924 699 3331 774 donabilis.
4057 682 4069 693 ’

2064 1224 2146 1296 F.
2198 1221 2618 1316 Quaeritur,
2670 1223 2824 1343 Cui
2857 1223 3298 1298 donabilis?
3336 1257 3341 1260 ·

1162 1565 1313 1655 Sed
1355 1567 1760 1663 quaeritur,
1796 1566 1934 1641 Cui
1968 1565 2352 1641 donabilis
2396 1589 2412 1640 :
2469 1575 2728 1640 utrum
2770 1565 2981 1640 Patri
3023 1574 3097 1641 et
3135 1565 3349 1653 Filio,
3383 1589 3478 1641 an
3529 1575 3828 1641 tanturn
3876 1567 4097 1642 nobis
4151 1568 4284 1666 qui

1065 1700 1410 1775 nondum
1443 1725 1757 1778 eramus
1782 1702 1822 1774 ‘?
1848 1702 1925 1777 Si
1961 1711 2218 1778 autem
2261 1725 2418 1775 non
2452 1711 2616 1776 erat
2647 1701 3033 1776 donabilis
3061 1701 3265 1776 Patri
3299 1711 3376 1777 et
3413 1702 3631 1796 Filio,
3662 1701 3796 1778 sed
3830 1713 4128 1778 tantum
4160 1727 4291 1778 no·

1063 1837 1209 1930 his,
1244 1848 1319 1912 et
1357 1862 1450 1914 ex
1482 1862 1573 1914 eo
1616 1839 1906 1914 donum
1940 1849 2128 1929 erat,
2164 1838 2348 1937 quia
2379 1838 2491 1913 sic
2522 1837 2911 1913 donabilis
2950 1838 3439 1937 procedebat,
3470 1839 3777 1915 videtur
3806 1841 4010 1938 quod
4042 1840 4284 1916 Filius

1063 1997 1370 2073 semper
1408 1974 1679 2050 eedem
1722 1975 2015 2050 ratione
2057 1975 2348 2050 donum
2392 1973 2646 2069 fuerit,
2692 1973 2878 2072 quia
2909 1975 3005 2049 ab
3046 1985 3339 2050 aeterno
3383 1976 3753 2075 processit
3781 1999 3826 2051 a
3863 1976 4090 2052 Patre
4138 1977 4282 2051 do-

1063 2108 1344 2183 nabilis
1385 2108 1609 2185 nohis
1650 2109 1728 2183 in
1771 2120 2113 2208 tempore
2160 2133 2175 2184 :
2223 2132 2398 2184 nam
2457 2117 2532 2184 et
2571 2108 2666 2183 de
2729 2107 2922 2183 Filio
2957 2109 3262 2206 legitur,
3296 2109 3501 2209 quod
3552 2109 3776 2186 datus
3815 2120 3932 2186 est
3963 2110 4183 2187 nobis
4223 2106 4271 2184 ².

1060 2244 1172 2318 Ad
1215 2243 1420 2342 quod
1454 2244 1813 2340 dicimuS,
1850 2245 2034 2343 quia
2065 2245 2401 2344 Spiritus
2439 2253 2758 2320 sanctus
2812 2244 3040 2319 nobis
3100 2254 3424 2339 tantum,
3484 2269 3640 2320 non
3684 2245 3890 2320 Patri
3931 2248 4052 2322 vel
4085 2246 4277 2321 Filio

1060 2381 1444 2457 donabilis
1484 2383 1885 2481 processit,
1916 2383 2116 2457 sicut
2145 2389 2221 2458 et
2260 2381 2813 2456 nobistantum
2854 2379 3082 2456 datus
3120 2390 3260 2456 est.
3300 2382 3394 2456 Et
3432 2380 3669 2456 Filius
3700 2403 3880 2457 vere
3920 2380 4146 2458 datus
4167 2391 4283 2457 est

1062 2514 1312 2609 nobiS,
1357 2527 1428 2590 et
1471 2516 1568 2592 ab
1600 2525 1893 2592 {eterno
1935 2515 2310 2615 processit
2347 2540 2393 2590 a
2443 2515 2701 2608 Patre,
2754 2537 2909 2589 non
2949 2524 3029 2589 ut
3080 2513 3466 2589 donabilis
3506 2525 3830 2602 tantum,
3875 2515 4008 2591 sed
4045 2525 4122 2589 ut
4162 2539 4286 2613 ge-

1060 2650 1270 2725 nitus
1309 2650 1439 2747 qui
1482 2661 1558 2726 et
1598 2649 1870 2726 donari
1903 2659 2186 2750 posset.
2224 2648 2613 2726 Processit
2644 2673 2829 2747 ergo
2874 2658 2957 2723 ut
2996 2648 3305 2744 genitus
3346 2658 3420 2724 et
3452 2648 3834 2725 donabilis
3868 2673 3885 2725 ε
3932 2649 4063 2725 sed
4106 2649 4286 2749 Spi-

1058 2785 1250 2860 ritus
1281 2796 1597 2861 sanctus
1638 2810 1791 2862 non
1835 2786 2179 2885 procedit
2212 2794 2295 2860 ut
2322 2785 2664 2883 genitus,
2699 2784 2832 2860 sed
2877 2795 3173 2859 tantum
3204 2794 3283 2859 ut
3322 2784 3639 2859 donum.
3690 2786 3987 2860 Donum
4021 2795 4279 2860 autem

1055 2946 1362 3022 semper
1401 2923 1569 3014 suit,
1635 2947 1790 2999 non
1833 2924 2082 2998 solum
2127 2921 2313 3021 quia
2362 2898 2956 3012 donabilisssed
3013 2920 3197 3019 quia
3237 2920 3335 2994 ab
3396 2930 3721 3018 utroque
3762 2920 4160 3020 processit,
4205 2930 4280 2996 et

1059 3058 1245 3155 quia
1274 3057 1659 3133 donabilis
1700 3057 1865 3133 ruit.
1913 3056 2133 3133 Unde
2173 3054 2661 3154 Augustinus
2693 3055 2767 3129 in
2816 3054 3013 3130 libro
3046 3053 3111 3126 V
3148 3054 3243 3130 de
3292 3052 3667 3130 Trinilate
3696 3053 3803 3130 ait
3862 3077 3879 3131 ε
3946 3056 4054 3130 Eo
4108 3054 4275 3155 ipso

1057 3194 1264 3294 quod
1297 3192 1621 3270 daturus
1650 3207 1811 3270 erat
1854 3218 2032 3270 eum
2074 3193 2314 3288 Deus,
2334 3189 2499 3289 jam
2541 3191 2830 3266 donum
2868 3200 3059 3286 erat,
3094 3189 3325 3266 etiam
3366 3200 3778 3288 antequam
3820 3189 4161 3286 daretur,
4205 3200 4280 3266 et

1060 3330 1232 3406 ideo
1266 3329 1653 3406 donabilis
1681 3341 1797 3406 est
1833 3353 1850 3404 ε
1895 3327 2028 3405 sed
2070 3328 2295 3403 aliter
2324 3326 2713 3403 donabilis
2765 3350 3002 3426 quam
3061 3326 3300 3401 Filius
3345 3350 3361 3401 ε
3412 3350 3590 3399 nam
3631 3336 3708 3401 et
3763 3327 3987 3402 aliter
4022 3327 4275 3423 datur,

1057 3476 1128 3542 et
1168 3465 1392 3540 aliter
1430 3464 1802 3566 processit
1835 3490 2065 3563 quam
2115 3464 2378 3539 Filius.
2420 3462 2588 3537 Filii
2631 3462 2841 3539 enim
2895 3462 3285 3562 processio
3354 3462 3711 3557 genitura
3749 3472 3892 3556 est,
3926 3464 4048 3538 vel
4091 3433 4283 3538 nati-

1055 3602 1252 3676 vitas
1287 3626 1302 3678 ε
1342 3601 1677 3701 Spiritus
1708 3601 1948 3676 sancti
1995 3625 2176 3673 vero
2212 3598 2602 3700 processio
2639 3597 3001 3673 :nativitas
3060 3622 3208 3671 non
3245 3606 3359 3673 est
3403 3621 3421 3673 ε
3481 3607 3804 3696 utraque
3848 3622 4030 3674 vero
4100 3598 4284 3674 ines·

1053 3739 1306 3815 fabilis
1337 3751 1451 3814 est
1477 3740 1525 3813 ².

2818 4074 2968 4141 lloc
3006 4075 3186 4142 enim
3224 4074 3493 4143 videtur
3531 4075 3776 4144 falsum
3820 4078 4079 4145 ratione
4138 4077 4275 4167 pri-

2725 4203 2853 4248 mae
2894 4183 3129 4272 partis,
3172 4190 3237 4249 et
3268 4183 3605 4250 secundae.

1494 4293 2002 4363 ARTlcULUS
2037 4293 2155 4360 lv.
2819 4290 2878 4355 1.
2922 4287 3073 4355 Alia
3102 4290 3287 4356 euim
3330 4290 3500 4357 ratio
3550 4299 3650 4358 est
3688 4291 3991 4382 spirituS,
4025 4301 4092 4360 et
4145 4293 4279 4361 alia

2719 4394 2911 4464 doni.
2978 4396 3342 4465 l‘aonnto.
3409 4396 3482 4466 Si
3540 4421 3917 4491 numquam
3977 4399 4275 4482 daretur,

1045 4512 1152 4576 An
1191 4510 1502 4599 Spiritus
1539 4518 1818 4576 sanctus
1876 4531 1950 4575 eo
1997 4508 2254 4575 dicitur
2294 4506 2606 4598 Spiritus
2722 4523 2846 4569 uec
2891 4499 3172 4570 haberet
3213 4505 3547 4572 rationem
3587 4505 3778 4586 doni,
3833 4504 4055 4576 adhuc
4102 4516 4278 4576 esset

1134 4627 1438 4697 sanctus,
1463 4640 1601 4708 quo
1630 4617 1886 4684 donum
1911 4639 1935 4683 .·
1966 4626 2029 4684 et
2057 4639 2133 4683 eo
2155 4615 2439 4692 donum,
2466 4636 2605 4705 qno
2719 4613 3001 4702 spiritus
3057 4622 3121 4681 et
3188 4613 3636 4684 essentialiter
3688 4623 3756 4685 et
3792 4616 4270 4708 personaliter:

1132 4725 1509 4817 procedens
1536 4724 1579 4792 ?
2720 4740 2859 4787 non
2891 4742 3055 4812 ergo
3095 4744 3177 4789 eo
3209 4721 3455 4790 dicitur
3490 4723 3790 4814 spiritus,
3825 4747 3963 4816 quo
3989 4725 4272 4794 donum.

2806 4830 2874 4896 2.
2912 4828 3108 4909 ltem,
3155 4830 3453 4921 Spiritus
3485 4830 3957 4902 manifestatur
3996 4834 4066 4902 ia
4121 4842 4271 4903 actu

2715 4936 3044 5026 spirandi,
3080 4938 3197 5028 qui
3235 4947 3339 5006 est
3375 4947 3563 5007 actus
3625 4948 3921 5011 aeternus
3960 4965 4100 5012 non
4155 4966 4272 5011 no-

1135 5047 1396 5116 Deinde
1428 5048 1761 5138 quaeritur
1799 5047 1880 5116 de
1919 5046 2050 5116 hoc
2080 5047 2265 5138 quod
2297 5047 2482 5131 dicit,
2518 5047 2599 5128 Ε,
2714 5052 2871 5112 tans
2918 5044 3423 5114 distinctionem
3483 5048 3611 5114 nisi
3659 5058 3928 5118 oeternae
3966 5074 4273 5142 personae

1045 5186 1078 5218 α
1115 5158 1221 5223 Eo
1241 5158 1420 5223 enim
1452 5156 1712 5224 elicitur
1738 5158 2068 5247 Spiritus,
2120 5179 2256 5247 quo
2286 5155 2546 5223 donum
2576 5180 2600 5223 .·
2717 5151 2804 5220 ab
2831 5161 3085 5221 aeterna
3124 5176 3415 5244 persona
3447 5176 3463 5221 ε
3509 5155 3768 5223 donum
3818 5165 4047 5226 autem
4104 5159 4271 5228 dici·

1043 5274 1108 5331 et
1146 5288 1221 5331 eo
1251 5266 1536 5344 dotium,
1570 5290 1706 5358 quo
1729 5266 2123 5359 procedem,
2161 5274 2290 5334 etc.
2338 5291 2371 5330 ι
2715 5270 2828 5329 tur
2866 5262 3243 5331 secundum
3292 5264 3878 5355 comparationem
3919 5266 4004 5336 ad
4045 5276 4273 5337 actum

1112 5526 1127 5560 ¹
1161 5525 1218 5581 S.
1244 5526 1619 5596 Acecsrtscs,
1653 5525 1776 5582 Lib.
1801 5528 1893 5583 XV
1914 5528 1986 5583 de
2007 5527 2315 5598 Trinitate,
2341 5546 2473 5603 cap.
2512 5533 2597 5589 Η.
2709 5532 2873 5590 datus
2902 5541 2980 5590 est
3009 5533 3184 5591 nobis.

1109 5616 1132 5650 ¹
1163 5613 1277 5671 isa.
1310 5630 1386 5682 ix,
1418 5617 1452 5670 6
1486 5631 1501 5673 ε
1533 5617 1800 5674 Part-ulus
1844 5624 2010 5675 natus
2038 5625 2117 5675 est
2147 5618 2326 5684 nobis,
2356 5625 2408 5675 et
2446 5620 2599 5689 filius
2781 5620 2807 5658 ⁸
2835 5622 2894 5678 S.
2926 5627 3307 5694 Asusamus,
3342 5624 3464 5681 Lib.
3499 5627 3543 5679 V
3572 5624 3645 5683 de
3674 5627 3983 5700 Trinitate,
4012 5647 4143 5707 cap.
4179 5636 4262 5690 ¹4.

1323 5746 1437 5786 xxv
3945 5749 4014 5803 32
