4897 6388
737 2105 805 2151 Ad
820 2112 991 2163 quoest.
1019 2108 1055 2153 Ι.

734 3619 804 3664 Ad
820 3627 995 3678 quat.
1009 3618 1052 3667 2.

730 4272 801 4317 Ad
820 4270 997 4330 object.
1010 4272 1050 4318 1.

729 5486 810 5534 Ad
823 5485 1000 5545 object.
1012 5487 1051 5532 ².

1905 293 2075 396 1N⁴1
2128 290 2551 359 SENTENT.
2611 286 2832 355 nlsT.
2887 287 3010 367 lx,
3062 290 3149 367 A,
3201 289 3406 357 ΛΒΤ.
3460 292 3523 357 3.

1105 465 1410 532 aeviterni
1451 486 1587 530 non
1625 469 1727 530 est.
1774 484 1898 528 sua
1932 460 2222 538 duratio,
2265 479 2390 524 nec
2420 464 2649 524 tamen

1103 574 1366 642 duratio
1391 596 1514 641 sua
1532 572 1737 640 habet
1753 580 1973 661 partes
1999 592 2014 638 t
2044 571 2200 661 quia
2226 568 2490 635 duratio
2511 589 2650 634 non

1097 690 1321 771 potest
1351 681 1597 748 habere
1642 688 1863 771 partes
1902 679 2031 746 nisi
2082 678 2519 757 successiva5‚
2583 683 2650 742 et

1097 797 1259 856 tunc
1296 787 1553 879 aliquid
1580 811 1663 855 ex
1712 795 1897 877 parte
1945 787 2249 854 durantis
2290 786 2413 852 erit
2443 803 2649 850 causa

1097 898 1497 982 durationiS‚
1542 897 1721 988 quod
1744 920 1882 963 non
1914 904 2013 964 est
2053 893 2389 962 aeviternis
2426 915 2439 960 :
2487 892 2646 982 quia

1095 1009 1458 1075 necessitas
1488 1007 1750 1075 essendi
1782 1006 1849 1073 in
1900 1005 2061 1096 ipsis
2109 1001 2476 1070 immobilis
2517 1008 2639 1080 est,

1093 1114 1282 1183 nullo
1315 1115 1595 1182 faciente
1640 1112 1885 1180 distare
1932 1135 1970 1179 a
2000 1112 2218 1200 seipsa
2264 1105 2645 1176 essentialia

1091 1225 1420 1315 principia
1457 1248 1471 1292 :
1524 1223 1640 1292 sed
1677 1221 1940 1290 duratio
1991 1220 2289 1310 ipsorum
2331 1240 2452 1307 per
2489 1238 2644 1283 mo-

1092 1333 1257 1400 dum
1307 1330 1770 1399 indeficientia}
1835 1329 2160 1396 stantium
2208 1333 2274 1393 et
2314 1322 2641 1391 immobi-

1093 1439 1261 1507 lium
1293 1438 1473 1507 cadit
1500 1440 1567 1505 in
1622 1437 1881 1505 ratione
1929 1434 2230 1525 protensi
2274 1439 2339 1498 et
2369 1453 2641 1498 mensu-

1089 1548 1257 1615 rati:
1295 1569 1446 1638 quae
1473 1555 1702 1614 tamen
1740 1544 2099 1612 necessitas
2130 1539 2392 1609 essendi
2414 1537 2640 1605 aliun-

1089 1656 1170 1723 de
1220 1657 1419 1724 estin
1474 1657 1571 1723 eis
1611 1676 1817 1745 quam
1856 1675 1894 1719 a
1941 1651 2203 1741 seipsiS,
2253 1656 2329 1714 ut
2380 1645 2635 1713 dictum

1087 1773 1189 1832 est
1216 1784 1234 1834 t
1267 1763 1447 1832 unde
1477 1784 1750 1831 causam
1770 1759 2144 1828 durationis
2167 1754 2636 1824 indeficientiae

1087 1882 1242 1965 post
1280 1871 1463 1940 mille
1493 1894 1709 1940 annos
1729 1871 1871 1960 jam
1907 1867 2178 1955 habent.

1178 2091 1281 2157 An
1314 2112 1376 2156 io
1416 2087 1597 2180 quod
1627 2087 1971 2178 quaeritur,
2022 2085 2258 2152 Utrum
2310 2106 2444 2152 non
2475 2084 2632 2151 viva

1088 2200 1223 2267 sint
1271 2200 1339 2265 in
1390 2218 1564 2274 aevo,
1614 2196 1787 2262 sicut
1841 2195 1911 2260 in
1953 2194 2322 2260 mensura?
2370 2199 2636 2282 oportet

1085 2306 1333 2386 dicere,
1394 2301 1573 2394 quod
1612 2302 1757 2372 sic:
1805 2323 1951 2368 esse
2008 2301 2191 2368 enim
2257 2299 2631 2367 coelestium

1085 2435 1449 2504 corporum
1478 2433 1616 2479 non
1655 2417 1756 2477 est
1785 2406 2134 2489 mutabile,
2177 2415 2244 2475 et
2281 2430 2416 2474 non
2451 2429 2636 2474 men·

1084 2532 1357 2591 s'uratur
1400 2545 1579 2589 nunc
1631 2509 1955 2610 temporis⁴
2017 2517 2389 2586 secundum
2450 2517 2632 2608 quod

1084 2631 1295 2700 homo
1335 2628 1799 2698 consideratur
1853 2634 1925 2693 ut
1974 2625 2323 2693 immobile
2371 2626 2454 2693 ad
2502 2625 2634 2693 sor·

1085 2762 1268 2807 mam
1325 2734 1839 2805 substantialem
1911 2732 2015 2801 vel
2094 2732 2574 2801 accidentalem
2612 2756 2626 2799 :

1081 2846 1200 2915 sed
1230 2869 1407 2912 nunc
1438 2844 1689 2933 adjacet
1722 2842 1782 2911 ei
1803 2839 2174 2910 secundum
2207 2841 2424 2931 ipsum
2452 2841 2635 2933 quod

1080 2955 1293 3024 fertur
1329 2975 1541 3021 unum
1581 2954 1649 3020 in
1692 2959 1836 3018 toto
1885 2957 2100 3033 motu,
2152 2948 2335 3039 quod
2382 2973 2631 3019 secun-

1083 3062 1249 3130 dum
1289 3059 1544 3152 aliquid
1575 3067 1672 3128 est
1704 3060 1770 3126 in
1812 3058 2105 3126 termino
2137 3080 2176 3124 a
2206 3079 2340 3147 quo
2373 3066 2625 3136 motus,

1083 3179 1148 3240 et
1178 3169 1552 3239 secundum
1583 3167 1837 3261 aliquid
1870 3167 1937 3234 in
1980 3167 2271 3235 termino
2304 3165 2386 3234 ad
2428 3189 2630 3257 quem

1084 3287 1181 3348 est
1226 3287 1454 3347 motus
1495 3298 1512 3348 ε
1556 3285 1618 3344 ct
1651 3275 1800 3345 ideo
1862 3275 2137 3342 Boetius
2187 3274 2299 3342 illa
2346 3298 2632 3366 corpora

1081 3398 1283 3459 vocat
1328 3385 1734 3456 immortalia
1790 3408 2069 3476 corpora
2107 3407 2122 3452 :
2158 3386 2316 3476 quia
2355 3386 2523 3453 nihil
2564 3387 2633 3453 in

1083 3522 1321 3567 corum
1348 3495 1720 3566 substantia
1748 3492 2014 3561 advenit
2051 3493 2152 3560 vel
2178 3494 2448 3564 recedit.

1172 3606 1277 3671 An
1317 3627 1380 3670 in
1408 3600 1591 3694 quod
1637 3600 1917 3667 ulterius
1975 3600 2321 3691 quaeritur,
2387 3599 2631 3667 Utrum

1083 3736 1306 3782 (evum
1367 3714 1450 3781 sit
1497 3713 1563 3779 in
1622 3713 1813 3779 uno?
1860 3719 2012 3776 sunt
2073 3710 2185 3800 qui
2255 3709 2633 3777 rationibus

1082 3826 1375 3894 inductis
1414 3823 1644 3892 dicunt
1675 3821 1857 3915 quod
1888 3842 2067 3889 non:
2104 3820 2218 3888 sed
2261 3843 2396 3887 non
2427 3821 2632 3889 video

1082 3932 1246 4025 quid
1286 3930 1637 4024 prohibeat
1670 3932 1833 4021 quin
1881 3929 2101 4019 ipsum
2135 3929 2217 3996 sit
2260 3928 2325 3994 in
2377 3928 2637 4019 simpli-

1082 4042 1358 4110 cissimo
1411 4040 1760 4122 aeviterno,
1847 4045 1911 4104 et
1968 4035 2096 4103 alia
2159 4045 2637 4104 mensurentur

1082 4173 1204 4242 per
1231 4149 1806 4239 comparationem
1846 4145 1929 4213 ad
1970 4143 2157 4212 illud.

1175 4260 1278 4327 An
1311 4282 1373 4326 ιυ
1402 4266 1628 4327 autem
1669 4257 1850 4348 quod
1893 4263 2127 4324 contra
2166 4253 2504 4344 objicitur,
2539 4254 2636 4322 di-

1083 4368 1375 4437 cendum
1405 4365 1586 4457 quod
1618 4388 1753 4433 non
1785 4373 1883 4432 est
1915 4373 2052 4431 tota
2072 4385 2271 4430 causa
2306 4364 2636 4431 reductio-

1082 4479 1186 4547 nis
1220 4477 1303 4545 ad
1337 4499 1575 4554 unum,
1609 4474 1792 4566 quod
1849 4472 2025 4540 idem
2075 4473 2159 4539 sit
2208 4496 2407 4540 causa
2459 4473 2637 4541 alio-

1082 4610 1261 4661 ruin,
1323 4585 1440 4653 sed
1471 4585 1628 4675 quia
1657 4581 1767 4649 ille
1800 4587 2025 4648 motus
2075 4587 2172 4646 est
2206 4579 2633 4670 simplicissi-

1081 4717 1234 4761 mus
1266 4701 1577 4760 motuum
1608 4688 1896 4757 aliorum
1933 4711 1947 4754 :
1986 4696 2050 4755 et
2089 4686 2240 4754 ideo
2272 4709 2390 4777 per
2421 4711 2636 4779 quan-

1079 4805 1339 4872 titatem
1414 4800 1671 4883 circuli,
1730 4798 1837 4866 vel
1914 4807 2173 4888 partem
2235 4806 2461 4866 motus
2528 4801 2632 4865 sui

1079 4912 1404 4981 certificat
1468 4910 1636 4978 alios
1704 4916 1927 4975 motus
1998 4929 2011 4974 :
2085 4915 2144 4975 et
2216 4907 2438 4997 quoad
2506 4907 2634 4975 hoc

1081 5043 1309 5089 aevum
1338 5018 1676 5087 reducitur
1713 5016 1792 5084 ad
1858 5038 2069 5083 unum
2110 5015 2289 5105 quod
2332 5024 2426 5082 est
2463 5016 2636 5083 sim-

1080 5128 1380 5221 plicioris
1410 5127 1715 5195 essentia·
1762 5147 1777 5191 :
1831 5125 1988 5215 quia
2046 5124 2114 5190 in
2165 5122 2280 5190 illo
2327 5125 2635 5214 potentia

1082 5248 1184 5308 est
1229 5240 1299 5305 in
1364 5246 1542 5314 actu,
1614 5243 1681 5302 ut
1737 5236 1825 5302 ita
1864 5232 2108 5314 dicam,
2160 5234 2472 5312 stantior,
2524 5234 2633 5301 vel

1082 5344 1494 5416 stantibilior
1522 5353 1619 5412 est
1656 5342 1827 5411 aliis.

1172 5456 1278 5522 An
1332 5476 1529 5521 Auno
1585 5450 1967 5528 dicendum,
2012 5448 2195 5538 quod
2256 5449 2633 5540 corporalia

1083 5571 1159 5632 ut
1187 5558 1567 5657 corporalia
1608 5580 1745 5626 non
1783 5557 2038 5626 suntin
2091 5556 2330 5625 eodem
2384 5578 2631 5648 genere

1084 5694 1241 5742 cum
1258 5667 1714 5761 spritualibus,
1750 5688 1873 5735 nec
1899 5674 2377 5735 mensurantur
2396 5663 2634 5733 eadem

4114 373 4128 386 κ
4190 296 4319 402 275

2768 481 3136 527 mensura:
3191 461 3571 553 corporalia
3637 463 3817 528 enim
3876 469 3950 527 ut
4016 462 4318 530 dimensa

2766 573 2948 650 sunt,
2994 568 3401 634 ordinantur
3439 568 3525 634 ad
3579 576 3842 635 motum
3875 567 4159 636 localem
4201 570 4317 660 qui

2763 673 2968 743 habet
3006 677 3193 765 prius
3248 685 3314 744 et
3364 677 3746 766 posterius:
3785 676 3904 744 sed
3952 699 4098 744 esse
4164 699 4311 744 cor-

2762 781 3102 872 poralium
3134 791 3338 871 prout
3383 791 3544 850 sunt
3586 784 3877 851 essentia
3915 784 4312 861 necessaria,

2764 892 2832 958 in
2883 891 3132 982 quibus
3188 890 3358 958 nihil
3421 891 3720 958 abscedit
3770 892 3877 959 vel
3911 891 4182 975 recedit,
4235 892 4320 959 ad

2759 998 2939 1066 idem
2998 1021 3215 1089 genus
3293 1002 3612 1089 potentiae
3681 999 4091 1067 reducuntur
4163 1022 4316 1067 cum

2758 1106 3253 1196 spiritualibuS‚
3309 1130 3460 1197 quae
3502 1108 3807 1197 potentia
3866 1130 4005 1175 non
4049 1116 4149 1175 est
4195 1131 4318 1197 po-

2759 1216 2970 1282 tentia
3008 1216 3311 1283 materiae
3363 1215 3673 1282 ordinata
3721 1215 3805 1282 ad
3855 1224 4143 1295 motum,
4204 1216 4323 1284 sed

2756 1321 3058 1410 potentia
3089 1329 3279 1389 stans
3316 1321 3387 1388 in
3447 1329 3601 1389 actu
3642 1320 3962 1411 completi
4001 1320 4319 1389 immobi-

2751 1429 2926 1499 liter.

2837 1540 2943 1606 An
3011 1563 3211 1607 Αιιυυ
3268 1539 3660 1622 dicendum,
3730 1548 3804 1607 ut
3847 1540 3993 1629 jam
4065 1538 4318 1607 dictum
4345 1552 4675 1618 Adobjeci.8.

2750 1655 2877 1728 est,
2929 1649 3112 1739 quod
3153 1648 3562 1740 corporalia,
3623 1656 3698 1716 ut
3717 1647 4153 1742 jamdictum
4185 1656 4309 1732 est,

2748 1782 2869 1849 per
2889 1760 3343 1850 quantitatem
3357 1758 3811 1826 dimensivam
3827 1767 3968 1826 n'on
3985 1757 4315 1826 reducun-

2748 1877 2859 1938 tur
2906 1869 2992 1937 ad
3030 1885 3284 1951 aevum,
3329 1869 3449 1938 sed
3497 1870 3722 1961 potius
3777 1891 3899 1961 per
3936 1870 4310 1961 potentiam

2749 1998 2902 2067 quae
2932 1984 3035 2045 est
3062 1967 3603 2045 continuationis
3643 1998 3788 2045 esse
3829 1976 4218 2045 necessitas,

2834 2082 2941 2147 An
2980 2103 3179 2148 amm)
3209 2080 3601 2160 dicendum,
3654 2080 3837 2172 quod
3867 2103 4013 2150 esse
4049 2089 4312 2170 tempo-
4336 2103 4600 2161 Adobjoet.
4621 2105 4662 2150 ⁴.

2748 2189 3019 2268 ralium,
3063 2188 3173 2257 vel
3201 2191 3519 2273 essentia,
3565 2189 3672 2257 vel
3716 2210 4147 2280 quocumque
4175 2187 4309 2256 alio

2749 2299 3026 2366 nomine
3059 2298 3480 2376 nominetur,
3517 2320 3655 2364 non
3685 2308 4118 2367 mensuratur
4134 2319 4307 2376 aevO,

2747 2404 2865 2473 sed
2896 2427 3078 2473 nunc
3098 2407 3432 2495 temporis
3462 2413 3536 2472 ut
3562 2413 3662 2473 est
3692 2407 4060 2496 temporis:
4095 2415 4162 2474 et
4186 2405 4314 2474 hoc

2745 2513 3009 2582 duabus
3039 2513 3121 2582 de
3182 2516 3449 2583 causis:
3485 2538 3773 2607 quarum
3813 2538 3947 2584 una
3978 2523 4101 2600 est,
4135 2539 4314 2607 quo-

2745 2624 2930 2690 niam
2973 2624 3197 2713 ipsum
3227 2632 3331 2692 est
3371 2625 3678 2692 nnumin
3710 2648 3846 2716 quo
3886 2633 3988 2693 est
4024 2625 4311 2692 variatio

2743 2737 3023 2822 propter
3069 2732 3470 2800 continuam
3522 2732 4086 2825 deperditionem,
4138 2734 4313 2802 sicut

2745 2861 2927 2907 nunc
2958 2840 3286 2929 temporis
3322 2863 3464 2909 non
3497 2849 3596 2909 est
3636 2864 3847 2909 unum
3889 2843 3959 2909 in
3989 2840 4309 2909 substan-

2745 2952 2841 3018 tia
2910 2949 3355 3037 conjunctum
3418 2951 3627 3042 priori
3694 2959 3759 3019 et
3816 2952 4173 3039 posteriori
4229 2960 4304 3021 et

2745 3058 3123 3128 secundum
3154 3081 3328 3128 esse..
3367 3060 3520 3128 Alia
3559 3082 3764 3128 causa
3787 3071 3888 3130 est
3920 3084 3936 3130 ε
3965 3065 4125 3154 quia
4153 3059 4310 3131 licet

2746 3168 2970 3259 ipsum
3011 3167 3080 3235 in
3121 3190 3194 3237 se
3247 3169 3332 3235 sit
3383 3168 3668 3261 simplex
3721 3179 3786 3238 et
3837 3193 4142 3256 manens,
4201 3179 4314 3239 ta-

2746 3298 2904 3343 men
2962 3275 3342 3344 secundum
3394 3300 3541 3345 esse
3581 3277 3765 3369 quod
3808 3276 4010 3348 habet
4042 3281 4110 3348 in
4162 3281 4319 3348 sub·

2735 3394 2919 3484 jecto
2961 3384 3146 3475 quod
3187 3394 3290 3455 est
3331 3388 3616 3454 materia
3667 3388 4000 3478 permixta
4053 3397 4320 3459 contra·

2748 3494 2888 3574 riis,
2925 3495 3239 3563 ordinem
3266 3493 3472 3563 habet
3503 3495 3586 3562 ad
3618 3503 3885 3566 motum
3913 3507 3980 3567 et
4010 3500 4325 3567 mutatio-

2746 3625 2930 3681 nem,
2975 3611 3039 3670 et
3068 3625 3208 3671 non
3239 3611 3375 3672 stat
3405 3626 3604 3694 posse
3655 3627 3851 3673 suurn
3903 3605 4317 3697 completum

2745 3711 2851 3779 cui
2886 3709 3054 3778 nihil
3089 3709 3436 3788 adveniat,
3463 3713 3632 3779 sicut
3674 3720 3804 3780 stat
3838 3736 4035 3805 posse
4064 3714 4326 3785 aeviter·

2745 3840 3020 3885 norum.

2838 3936 3014 4005 Sunt
3052 3944 3285 4006 autem
3329 3940 3613 4029 quidam
3661 3939 3961 4008 dicentes
4009 3940 4204 4011 aliter
4252 3944 4319 4012 in

2748 4044 2874 4110 ista
2905 4045 3312 4135 qua-stione,
3346 4045 3599 4114 scilicet
3625 4047 3808 4137 quod
3828 4049 4169 4118 {eternitas
4198 4072 4318 4119 nec

2746 4154 2934 4244 prius
2966 4152 3198 4234 habet,
3236 4176 3359 4222 nec
3392 4156 3731 4245 posterius
3764 4156 3966 4225 habet
4002 4180 4018 4228 :
4056 4166 4320 4251 tempus

2746 4270 2976 4328 autem
3009 4262 3200 4353 prius
3232 4260 3464 4340 habet,
3509 4286 3647 4331 non
3690 4266 4323 4355 posteriuszaevum

2746 4379 2976 4438 autem
3027 4368 3232 4439 habet
3290 4379 3473 4449 ante,
3508 4381 3572 4440 et
3607 4372 3975 4442 nonhabet
4028 4385 4203 4467 post.
4246 4377 4328 4454 132

2746 4478 2878 4547 hoc
2908 4502 3048 4546 non
3085 4479 3260 4548 bene
3301 4489 3402 4547 est
3436 4480 3886 4573 intelligibile,
3917 4484 3974 4551 si
4003 4483 4328 4555 debemus

2746 4608 3031 4654 causare
3071 4610 3301 4654 :evum
3343 4610 3379 4654 a
3422 4589 3726 4679 potentia
3779 4590 4111 4672 aeviterni,
4153 4593 4327 4662 sicut

2747 4693 2948 4761 docet
2989 4692 3456 4785 Philosophus
3486 4719 3763 4765 causare
3806 4705 4078 4789 tempus
4109 4721 4146 4766 a
4176 4722 4325 4769 mo·

2746 4800 2863 4868 bili
2900 4801 3086 4892 quod
3126 4811 3231 4870 est
3270 4803 3340 4871 in
3392 4812 3610 4888 motu,
3654 4812 3715 4873 et
3751 4806 4197 4876 (eternitatem
4231 4807 4318 4876 ab

2746 4916 3027 4979 aeterno.
3075 4908 3249 4978 Cum
3292 4913 3477 4979 enim
3538 4935 3761 4981 aevuin
3819 4915 3906 4983 sit
3934 4917 4312 5007 proprietas

2747 5020 3085 5101 :ex-iterni,
3121 5021 3293 5088 sicut
3328 5029 3599 5113 tempus
3651 5032 3902 5102 motus,
3939 5034 4006 5094 et
4045 5026 4324 5094 aeterni-

2747 5135 2850 5194 tas
2892 5128 3155 5211 aeterni,
3192 5137 3464 5219 oportet
3497 5130 3681 5221 quod
3721 5140 4038 5201 causetur
4065 5157 4103 5201 a
4141 5135 4324 5224 prin-

2747 5237 2939 5325 cipiis
2971 5236 3305 5303 oex'iterni.
3367 5237 3444 5306 tit
3503 5247 3662 5306 tunc
3701 5263 3838 5307 non
3869 5249 4093 5331 potest
4129 5242 4324 5311 intel-

2747 5341 2865 5434 ligi
2921 5342 3108 5434 quod
3157 5342 3419 5425 dicunt,
3476 5346 3634 5436 quia
3679 5346 3976 5438 qualiter
4019 5351 4321 5440 potentia

2747 5450 2832 5518 ad
2875 5473 3020 5519 esse
3053 5450 3313 5520 durans
3347 5452 3594 5522 habeat
3635 5454 3890 5546 aliquid
3929 5466 4086 5527 ante
4125 5465 4191 5527 et
4211 5460 4321 5526 ni-

2747 5557 2841 5625 hil
2892 5566 3047 5649 post
3122 5561 3192 5626 in
3253 5561 3608 5645 aevitcrno,
3663 5584 3804 5632 non
3860 5573 4082 5655 potest
4145 5565 4317 5636 bene

2748 5665 2951 5732 etiam
2988 5664 3177 5757 fingi.
