4897 6388
686 367 813 434 332
1544 383 1550 392 ‘
1603 405 1610 416 ·
1670 366 1754 435 D.
1806 365 2003 432 ALB.
2056 360 2527 463 MAqulm.
2579 360 2874 428 PRAED.
2934 379 2940 416 f
3024 377 3039 398 ,-

772 536 876 602 An
907 560 974 604 m
1025 544 1253 605 aulem
1287 498 1903 628 duodobjiciturde
1931 537 2229 626 potentia
2337 533 2533 617 aliuS,
2576 519 3095 622 ostensum‘est,
3132 527 3322 621 'quod
3378 527 3632 595 nullam
3691 529 3878 596 diffe·
3932 581 3935 584 .

683 645 1007 736 spirandi,
1052 669 1255 738 supra
1286 647 1586 715 solutum
1610 656 1710 715 est
1749 651 1818 714 in
1847 669 1970 715 suo
2027 643 2228 712 simili
2338 642 2620 707 rentiam
2652 640 2930 708 haberet
2960 639 3045 707 ad
3083 640 3313 720 istum,
3353 645 3419 703 et
3472 636 3571 702 sic
3610 656 3746 700 non
3777 635 3883 699 ia-

686 754 766 823 dc.
794 756 1233 843 generatione
1282 753 1502 821 Fillii:
1566 755 1723 843 quia
1771 754 1825 820 si
1866 753 2231 842 spiraretur
2336 758 2513 816 ceret
2553 770 2940 816 numerum.

921 1537 985 1609 H
999 1592 1013 1607 .
1069 1532 1294 1624 Quod
1330 1534 1675 1634 Spiritus
1726 1541 2030 1610 sanctus
2065 1534 2260 1607 sicut
2286 1530 2713 1621 communis
2743 1535 2856 1602 est
2888 1525 3123 1601 Patri
3156 1531 3231 1599 et
3265 1523 3503 1613 Filio,
3541 1525 3650 1600 ita

1571 1663 1975 1743 commune
2004 1692 2278 1742 nomen
2299 1665 2524 1742 habet
2546 1639 2987 1772 proprium,

776 2214 919 2288 Hic
946 2218 1382 2293 notandum
1424 2226 1566 2311 est,
1611 2218 1819 2315 quod
1860 2216 2056 2292 sicut
2085 2213 2412 2314 Spiritus
2452 2211 2765 2289 sanctus
2797 2195 2883 2285 in'
2912 2210 3280 2286 Trinitate
3312 2206 3752 2306 specialiter
3779 2203 3885 2276 di·

691 2347 891 2422 citur
931 2349 1272 2427 charitas
1309 2375 1491 2450 quoe
1529 2362 1646 2427 est
1676 2351 1923 2428 Patris
1989 2360 2063 2427 et
2101 2350 2266 2424 Filii
2311 2325 2493 2423 unio
2538 2373 2555 2423 :
2605 2347 2711 2425 ita
2775 2356 2851 2422 et
2924 2369 3211 2422 nomen
3268 2353 3479 2420 tenet
3545 2342 3879 2442 proprie,

680 2482 888 2578 quod
923 2481 1129 2556 Patri
1172 2496 1249 2559 et
1281 2485 1474 2560 Filio
1507 2486 2018 2563 communiter
2055 2482 2619 2583 quodammodo
2668 2479 3055 2579 congruit.
3116 2479 3336 2556 Unde
3402 2476 3883 2575 Augustinus

682 2614 756 2686 in
803 2614 1000 2688 libro
1032 2613 1170 2688 XV
1202 2616 1296 2692 de
1328 2618 1772 2694 Trinitate¹.
1810 2618 1890 2694 Si
1931 2618 2284 2712 charitas,
2350 2614 2627 2714 inquit,
2670 2638 2825 2714 qua
2884 2615 3116 2690 Pater
3170 2612 3419 2711 diligit
3460 2612 3767 2705 Filium,
3811 2619 3885 2685 et

681 2749 986 2824 Patrem
1031 2747 1279 2848 diligit
1339 2751 1603 2840 Filius,
1670 2752 2130 2831 ineffabilem
2191 2751 2816 2827 communionem
2893 2750 3372 2826 demonstrat
3446 2749 3880 2841 amborum,

683 2882 869 2980 quid
914 2885 1515 2961 convenientius
1544 2910 1777 2985 quam
1818 2898 1900 2963 ut
1929 2887 2055 2963 ille
2097 2886 2398 2986 proprie
2442 2885 2723 2961 dicitur
2750 2885 3121 2980 charitaS,
3165 2885 3296 2984 qui
3375 2884 3695 2983 spiritus
3772 2894 3886 2958 cst

681 3017 1122 3091 communis
1160 3022 1540 3096 ambobus
1575 3021 1617 3094 ?
1660 3024 1820 3098 lloc
1859 3023 2062 3098 enim
2105 3022 2368 3096 sanius
2399 3020 2735 3097 creditur
2773 3030 2849 3097 et
2876 3020 3362 3115 intelligitur,
3428 3029 3511 3093 ut
3560 3042 3713 3093 non
3756 3043 3886 3093 so-

686 3154 844 3228 lum
879 3152 1215 3251 Spiritus
1243 3164 1560 3232 sauctus
1614 3158 1947 3233 charitas
2004 3158 2100 3233 sit
2147 3157 2221 3231 in
2280 3156 2410 3231 illa
2443 3155 2833 3244 Trinitate‚
2890 3155 3023 3231 sed
3070 3179 3222 3230 non
3267 3156 3548 3231 frustra
3579 3153 3886 3254 proprie

683 3285 1022 3360 charitas
1057 3299 1552 3389 nuncupetur
1591 3298 1904 3390 propter
1942 3290 2072 3365 illa
2109 3313 2286 3388 quoe
2325 3289 2527 3364 dicta
2556 3297 2737 3363 sunt
2779 3312 2796 3365 ε
2843 3288 3047 3364 sicut
3116 3313 3268 3364 non
3337 3288 3552 3363 solus
3610 3286 3686 3362 in
3759 3286 3889 3360 illa

680 3403 1047 3494 Trinitnte
1090 3424 1211 3498 vel
1247 3423 1582 3523 Spiritus
1611 3435 1728 3501 est
1767 3427 1888 3502 vel
1920 3437 2231 3501 sanctus
2266 3449 2282 3500 ε
2319 3424 2499 3523 quia
2540 3435 2616 3501 et
2647 3425 2877 3501 Pater
2912 3425 3262 3525 spirituS,
3308 3410 3374 3500 et
3446 3423 3689 3500 Filius
3744 3421 3889 3522 spi-

689 3553 881 3627 ritus
924 3577 942 3627 2
988 3561 1064 3627 ct
1097 3553 1325 3633 Pater
1361 3567 1703 3653 sanctus,
1739 3571 1813 3635 et
1847 3560 2081 3635 Filius
2110 3570 2419 3635 sanctus
2454 3583 2471 3635 :
2509 3568 2584 3635 et
2616 3568 2869 3635 tamen
2900 3558 3067 3658 ipse
3101 3583 3251 3633 non
3291 3559 3573 3633 frustra
3610 3557 3890 3632 (licitur

690 3686 1025 3785 Spiritus
1056 3701 1399 3766 sanetus.
1437 3692 1581 3781 Qui
1615 3695 1821 3769 euim
1850 3703 1963 3770 est
1994 3694 2422 3769 communis
2452 3693 2857 3788 ambobus,
2894 3693 2969 3767 id
3003 3704 3326 3768 vocatur
3357 3694 3519 3793 ipse
3552 3690 3885 3791 proprie,

691 3822 897 3919 quod
941 3822 1170 3896 ambo
1203 3827 1744 3903 communiter.
1780 3828 2136 3928 Alioquin
2181 3828 2242 3903 si
2286 3829 2359 3903 in
2396 3829 2527 3904 illa
2561 3828 2926 3906 Trinitate
2969 3831 3186 3906 solus
3216 3827 3551 3934 Spiritus
3582 3837 3892 3903 sauctus

693 3969 808 4035 cst
839 3959 1203 4054 charitas,
1248 3963 1690 4061 prolectoet
1720 3965 1959 4040 Filius
1986 3989 2135 4039 non
2179 3964 2419 4039 solius
2458 3963 2736 4059 Patris,
2798 3965 2934 4041 sed
2975 3965 3208 4041 etiam
3265 3965 3602 4064 Spiritus
3650 3961 3889 4039 sancti

698 4092 937 4166 Filius
979 4092 1397 4171 invenitur.
1444 4098 1565 4173 Ait
1597 4099 1802 4173 enim
1843 4100 2250 4199 Apostolus
2287 4098 2380 4173 de
2430 4098 2591 4174 Deo
2644 4098 2900 4194 Patre,
2951 4098 3377 4175 Transtulit
3417 4122 3555 4172 nos
3624 4099 3702 4172 in
3771 4121 3895 4171 rc-

691 4249 930 4321 mmm
966 4226 1165 4302 Filii
1189 4230 1626 4306 dilectionis
1661 4259 1824 4310 snm
1854 4230 1903 4309 ⁸.
1949 4235 2027 4310 Si
2095 4259 2276 4331 ergo
2334 4259 2487 4310 non
2529 4219 2749 4310 estin
2787 4234 2930 4310 ista
2978 4235 3344 4310 Trinitate
3378 4237 3715 4310 charitas
3753 4233 3888 4308 noi

696 4361 843 4434 uisi
889 4361 1225 4460 Spiritus
1253 4378 1601 4462 sanctus,
1649 4370 1887 4445 Filius
1926 4384 2039 4447 est
2076 4372 2300 4446 etiam
2335 4370 2667 4471 Spiritus
2706 4371 2977 4446 sancti.
3026 4371 3176 4446 Sed
3223 4372 3400 4469 quin
3450 4373 3591 4446 lior
3634 4371 3896 4445 absur-

693 4498 1099 4573 dissimum
1133 4513 1274 4597 ost,
1311 4514 1548 4580 restat
1590 4519 1670 4582 ut
1713 4532 1863 4582 non
1905 4510 2115 4583 solus
2155 4509 2254 4583 ibi
2296 4508 2392 4583 sit
2429 4509 2764 4585 charitas
2792 4508 3129 4608 Spiritus
3167 4520 3509 4603 sauctus,
3547 4508 3679 4583 sed
3726 4532 3892 4607 prn-

698 4644 866 4733 pter
897 4635 1040 4707 ista
1069 4634 1162 4708 ‹lc›
1202 4639 1489 4735 quilius
1527 4641 1714 4715 satis
1741 4643 2094 4735 disserui,
2130 4642 2430 4741 proprie
2474 4644 2582 4718 sic
2612 4655 2957 4719 vocatur.

767 4966 782 4998 ¹
821 4964 878 5020 S.
915 4971 1296 5042 Ausum-isus,
1319 4974 1441 5031 Lib.
1464 4975 1580 5043 XV,
1603 4972 1675 5029 de
1696 4975 1999 5041 Trinitate,
2020 4990 2145 5045 cap.
2177 4975 2260 5029 ¹6.

768 5053 790 5087 ²
817 5056 903 5111 Ad
934 5060 1157 5120 coloss.
1195 5082 1233 5130 ι,
1281 5069 1364 5123 13.
1805 5052 1816 5062 ’

3991 472 4025 493 ο*
