4897 6388
758 779 825 824 Ad
857 783 894 828 t.

1932 278 2025 343 m
2073 279 2097 342 1
2152 276 2577 344 SENT-Eu'r.
2629 276 2858 344 nlsr.
2916 278 3034 363 111,
3089 280 3179 359 M,
3227 280 3309 345 N.
3579 347 3612 367 ρ
3865 235 3870 239 ’
4101 261 4224 340 133

1010 462 1218 528 penes
1264 435 1557 531 'objecta
1632 452 1698 509 et
1764 444 2125 531 potentiaS,
2204 452 2365 511 tune
2430 466 2568 511 non
2772 449 2874 514 An
2923 472 2986 515 n>
3026 458 3249 517 autem
3286 449 3464 539 quod
3493 449 3809 534 objicitur
3837 449 3918 515 de
3958 447 4090 513 alia
4120 467 4222 512 so·

1011 553 1137 617 erit
1193 554 1321 617 nisi
1366 553 1434 616 in
1484 549 1923 638 cognoscibili
1985 549 2167 639 quod
2222 558 2323 616 est
2377 574 2569 618 mens
2680 554 2962 633 lutione‚
3000 557 3288 623 dicimus
3320 556 3504 646 quod
3535 556 3647 623 illa
3670 554 3919 623 solutio
3950 574 4087 619 non
4119 559 4221 617 est

1011 661 1180 747 ipsa,
1225 667 1300 725 ut
1338 658 1500 724 dicit
1540 659 1985 746 Augustinus.
2677 663 3049 731 secundum
3087 672 3381 730 mentem
3425 664 3812 752 Augustini,
3855 662 4029 730 sicut
4067 680 4218 748 pro·

1098 768 1201 834 Ao
1250 790 1315 834 ιι)
1366 766 1548 856 quod
1592 769 1811 856 primo
1862 768 2198 855 objicitur,
2236 768 2407 835 bene
2455 770 2566 834 vi-
2674 773 2909 839 batum
2954 779 3074 837 est.

1007 873 1206 941 detur
1257 874 1426 941 mihi
1460 875 1643 965 quod
1701 877 1950 944 solutio
1992 877 2105 943 illa
2155 898 2293 943 non
2342 886 2565 965 potest
2763 884 2866 949 An
2913 905 3109 949 Amen
3149 881 3535 958 dicendum,
3571 879 3752 968 quod
3796 876 4215 964 Augustinus

1004 991 1222 1050 stare:
1262 983 1424 1072 quia
1470 1006 1609 1052 non
1658 986 2028 1053 concordat
2057 982 2284 1050 verbis
2314 985 2565 1075 Augu·
2672 1012 2811 1057 non
2851 990 3020 1070 vult,
3057 990 3238 1080 quod
3270 990 3334 1054 in
3368 987 3615 1054 talibus
3645 982 4215 1075 cognoscibilibus

999 1089 1182 1155 stini.
1231 1089 1517 1180 thuod
1542 1091 1705 1159 dicit
1738 1092 2082 1181 Magister,
2123 1117 2155 1157 α
2183 1095 2370 1160 Dum
2401 1103 2561 1160 utor
2669 1099 2757 1164 sit
2818 1099 2988 1165 ratio
3058 1098 3372 1185 imaginis
3410 1120 3424 1163 :
3505 1093 3620 1161 sed
3669 1094 3894 1183 potius
3925 1085 4106 1181 quod
4147 1089 4214 1153 in

996 1206 1136 1263 tolo
1188 1221 1291 1281 eo,
1343 1208 1471 1266 etc.
1513 1229 1542 1260 n
1615 1199 2002 1277 dicendum,
2074 1200 2257 1289 quod
2314 1201 2559 1290 accipit
2670 1208 2858 1271 omni
2891 1205 3276 1294 cognitione
3308 1212 3410 1270 est
3439 1202 3666 1291 aliquo
3735 1198 3942 1267 modo
3975 1197 4216 1263 notitia

995 1327 1198 1371 usum
1250 1306 1627 1374 secundum
1680 1307 2154 1375 diffinitionem
2222 1307 2554 1376 Victorini
2667 1318 2918 1389 amata,
2960 1308 3115 1377 lieet
3146 1332 3283 1376 non
3350 1306 3639 1375 sufficiat
3685 1305 3802 1373 illa
3849 1305 4114 1378 notitia,
4149 1309 4215 1367 et

993 1435 1117 1501 pro
1150 1421 1303 1479 actu
1376 1414 1698 1502 potentiae
1757 1417 2271 1505 cujuscumque,
2317 1437 2555 1482 secun·
2666 1417 2777 1486 ille
2807 1441 3000 1485 amor
3029 1417 3112 1485 ad
3147 1419 3477 1484 rationem
3511 1414 3856 1505 imaginis,
3892 1433 3974 1478 eo
4026 1408 4211 1500 quod

992 1520 1154 1586 dum
1216 1521 1402 1611 quod
1460 1521 1773 1602 dicimuS,
1820 1525 2004 1614 quod
2036 1525 2132 1591 uti
2193 1533 2294 1590 est
2349 1546 2552 1614 agere
2663 1526 2929 1594 deficiat
2963 1527 3340 1616 aequalitas.

989 1628 1278 1717 alicujus
1338 1632 1705 1721 potentiae:
1766 1641 1829 1699 et
1888 1642 1986 1698 est
2034 1654 2312 1700 sensus:
2361 1634 2550 1699 Dum
2749 1635 2854 1700 An
2892 1657 3044 1701 ΛιιΑ
3086 1634 3316 1700 omnia
3343 1641 3526 1722 patet
3574 1630 3824 1698 solutio
3886 1652 4004 1719 per
4068 1627 4212 1695 dis-

990 1747 1170 1834 ulor‚
1216 1746 1376 1816 ete„
1422 1738 1509 1816 id,
1547 1748 1672 1819 est,
1726 1738 1888 1806 «lum
1955 1749 2106 1806 actu
2173 1739 2548 1807 voluntatis
2660 1745 3060 1811 tinctionem
3097 1747 3386 1831 positam
3431 1745 3498 1809 in
3537 1742 3868 1831 principio
3921 1737 4204 1806 solutio«

986 1856 1354 1915 convertor
1417 1868 1625 1936 super
1681 1848 1913 1914 onmia
1967 1846 2439 1915 memorabilia
2481 1857 2549 1916 et
2658 1853 2787 1918 nis,

986 1951 1466 2042 intelligibilia.

1086 2510 1160 2584 M
1178 2564 1195 2581 .
1232 2509 1367 2582 Ea:
1395 2532 1544 2607 quo
1582 2531 1810 2584 sensu
1844 2508 1985 2583 illa
2014 2510 2166 2584 tria
2195 2509 2558 2584 dicantur
2586 2532 2747 2584 esse
2779 2531 3015 2582 mmm
3051 2514 3124 2581 et
3162 2531 3315 2580 mm
3346 2506 3672 2580 essentia
3700 2506 4100 2605 qweritmn

1099 2875 1239 2950 llic
1281 2878 1839 2953 attendendum
1867 2891 1980 2954 est
2022 2878 2456 2975 diligenter,
2499 2902 2593 2953 ex
2634 2903 2789 2979 quo
2821 2901 3051 2954 sensu
3097 2877 3632 2975 arripiendum
3675 2877 3765 2951 sit
3830 2873 4031 2974 quod
4075 2896 4212 2947 su-

998 3036 1132 3110 pra
1173 3011 1393 3106 dixit,
1441 3013 1571 3088 illa
1608 3013 1779 3108 tria,
1817 3013 2101 3089 scilieet
2149 3013 2636 3109 memoriam,
2693 3013 3309 3110 intelligentiam,
3374 3023 3443 3087 et
3502 3013 3970 3085 voluntatem
4043 3030 4211 3083 esse

999 3170 1273 3243 unum,
1322 3173 1557 3225 unam
1598 3159 1962 3239 mentem,
2005 3172 2231 3224 unam
2271 3149 2692 3225 essentiam
2727 3173 2743 3226 ε
2783 3150 2985 3250 quod
3031 3148 3294 3248 utique
3332 3172 3484 3222 nun
3535 3147 3837 3222 videtur
3866 3167 4036 3220 esse
4079 3167 4215 3217 ve-

1000 3284 1417 3382 rumjuxta
1462 3287 2006 3385 proprietatem
2069 3285 2478 3360 sermonis.
2535 3286 2762 3361 Mens
2810 3286 3047 3372 euim,
3087 3285 3157 3358 id
3217 3295 3356 3378 est,
3402 3284 3718 3382 spiritus
3787 3278 4210 3366 rationalis,

1000 3421 1341 3495 essentia
1372 3432 1488 3497 est
1519 3419 1946 3520 spiritualis
1977 3433 2042 3496 et
2116 3419 2597 3520 incorporea.
2639 3421 2776 3496 llla
2807 3445 2988 3496 vero
3051 3420 3219 3512 tria,
3268 3422 3658 3495 naturales
3711 3418 4216 3519 proprietates

1001 3582 1138 3630 seu
1175 3556 1381 3632 vires
1422 3568 1602 3632 sunt
1646 3558 1891 3657 ipsius
1933 3556 2237 3652 mentis,
2273 3568 2343 3632 et
2377 3582 2419 3633 a
2463 3582 2546 3631 se
2590 3557 2921 3633 invicem
2956 3547 3310 3632 differunt
3349 3581 3364 3632 :
3411 3556 3594 3655 quia
3638 3555 4005 3631 memoria
4062 3573 4213 3627 uon

1002 3703 1117 3767 est
1170 3692 1714 3789 intelligentia,
1751 3697 1871 3771 vel
1915 3697 2317 3777 voluntas:
2352 3718 2495 3769 nee
2531 3694 3034 3791 intelligentia
3080 3696 3461 3782 voluntas,
3506 3694 3668 3768 sive
3709 3717 3950 3766 amor.

1595 4253 1689 4327 N.
1742 4254 1967 4345 Quod
2000 4255 2229 4329 eliam
2265 4254 2370 4329 (ul
2401 4280 2486 4329 se
2517 4255 2848 4331 invit-em
2891 4254 3255 4329 ‹lev-metm·
3285 4253 3626 4328 relale're.

1100 4621 1184 4694 131
1229 4620 1545 4695 lueetria
1621 4620 1852 4694 etiam
1894 4621 1983 4693 ael
2056 4620 2309 4718 seipsa
2389 4620 2886 4694 referuntur:
2966 4632 3037 4693 ut
3085 4620 3182 4693 ait
3239 4619 3723 4712 Augustinus
3766 4620 3841 4693 in
3879 4619 4073 4692 libro
4116 4617 4209 4691 de

1010 4755 1460 4830 Trim'late'.
1519 4756 1746 4831 Meus
1803 4756 2008 4829 enim
2067 4779 2327 4829 amare
2371 4754 2739 4852 seipsam,
2803 4755 2920 4827 vel
2987 4753 3433 4828 meminisse
3496 4779 3645 4828 nun
3720 4765 3995 4853 potest,
4068 4752 4215 4825 nisi

1002 4891 1231 4965 etiam
1281 4890 1577 4964 noverit
1622 4914 1732 4965 se.
1798 4890 1991 4963 Nam
2025 4892 2414 4987 quomodo
2447 4900 2682 4982 amat,
2718 4890 2837 4965 vel
2877 4889 3217 4963 meminit
3255 4889 3456 4986 quud
3518 4890 3821 4964 nescit?
3850 4889 4048 4963 Miro
4091 4888 4225 4962 ita·

1003 5052 1155 5125 que
1194 5026 1419 5100 modo
1467 5025 1612 5101 tria
1645 5026 1788 5101 ista
1830 5026 2374 5124 inseparabilia
2416 5035 2602 5099 sunt
2635 5051 2679 5097 n
2720 5023 2996 5123 seipsis
3033 5048 3047 5098 ε
3087 5035 3160 5099 et
3200 5036 3450 5099 tamen
3496 5049 3761 5099 eorum
3795 5024 4221 5121 singulum,

1004 5178 1073 5240 et
1113 5166 1343 5239 simul
1379 5164 1645 5241 omnia
1691 5190 1852 5240 una
1877 5164 2214 5240 essentia
2254 5175 2397 5255 est,
2443 5189 2618 5238 eum
2655 5174 2723 5239 et
2772 5162 3086 5239 relative
3120 5164 3474 5238 dieantur
3507 5164 3603 5238 ad
3650 5164 4008 5239 invicem.

1083 5452 1099 5485 ¹
1135 5453 1191 5507 S.
1233 5452 1606 5512 Aucusrisus,
1636 5443 1760 5502 Lib.
1792 5444 1865 5499 lx
1897 5444 1969 5501 de
1998 5444 2303 5514 Trinitate,
2337 5461 2468 5518 cap.
2499 5446 2534 5499 2
2562 5450 2622 5501 et
2644 5446 2698 5503 3.

4349 453 4430 500 ΑΔ
4450 452 4494 498 2.

4323 885 4398 932 Ad
4424 891 4466 935 3.

4293 1635 4362 1680 Λᾶ
4385 1634 4496 1681 ath.
