4897 6388
1836 810 2501 910 PROLOG
2546 812 2730 906 US
2854 755 3745 927 MAGJsTRJ.

1257 1209 1651 1299 Cupientes
1679 1204 1963 1297 aliquid
1991 1204 2083 1274 de
2115 1202 2426 1294 penuria
2456 1222 2544 1270 ac
2576 1200 2928 1270 tenuitate
2959 1202 3211 1270 nostra
3231 1222 3404 1270 cum
3435 1156 3884 1292 paupercula
3914 1203 3993 1271 in
4021 1203 4386 1295 gazophy-

1174 1334 1452 1405 lacium
1489 1332 1787 1403 Domini
1828 1332 2121 1402 mittere
2174 1332 2219 1406 ¹,
2265 1327 2496 1397 ardua
2524 1327 2901 1408 scandere,
2944 1348 3127 1417 opus
3161 1326 3351 1397 ultra
3390 1328 3583 1397 vires
3617 1332 3899 1399 nostras
3938 1326 4154 1418 agere
4194 1349 4383 1419 prae-
4502 1336 4508 1341 '
4613 1318 4616 1321 ’
4697 1342 4738 1409 ,ζ

1168 1460 1678 1551 sumpsimus:
1714 1453 2397 1553 ο(ιοῐιεῑιιῐῐιῐῑιειιίοῐιίετ»
2430 1453 2810 1539 fiduciam,
2853 1452 3741 1544 laborisquemercedem,
3794 1441 4380 1523 in'Samaritano
4483 1487 4490 1491 ·

1173 1587 1604 1669 statuentes,
1654 1582 1781 1674 qui
1813 1579 2116 1673 prolatis
2151 1579 2227 1649 in
2261 1577 2720 1649 curationem
2749 1577 3086 1647 semivivi
3118 1577 3399 1647 duobus
3425 1576 3776 1657 denariis,
3831 1578 4383 1670 supereroganti

1165 1714 1440 1780 cuncta
1475 1707 1776 1779 reddere
1807 1705 2177 1798 professus
2206 1706 2316 1775 est
2344 1711 2392 1774 ¹.
2429 1702 2755 1773 Delectat
2792 1723 2926 1772 nos
2983 1702 3252 1772 veritas
3311 1701 3749 1793 pollicentis,
3810 1704 3934 1772 sed
3982 1707 4201 1774 terret
4238 1678 4386 1772 imss-

1165 1833 1521 1906 mensitas
1551 1832 1853 1904 laboris.
1886 1830 2344 1902 Desiderium
2402 1828 2735 1899 hortatur
2799 1827 3262 1920 proficiendi,
3330 1827 3455 1898 sed
3511 1826 3936 1899 dehortatur
3986 1827 4380 1899 infirmitas

1100 1950 1106 1955 ’
1160 1958 1585 2043 deficiendi,
1627 1979 1855 2050 quam
1887 1956 2125 2027 vincit
2185 1953 2387 2026 zelus
2442 1954 2706 2024 domus
2745 1953 2910 2023 Dei:
2953 1973 3099 2045 quo
3156 1953 3702 2027 inardescentes
3754 1954 3973 2025 fidem
4046 1957 4373 2025 nostram

1156 2085 1513 2155 adversus
1552 2104 1839 2155 errores
1877 2080 2286 2154 carnalium
2318 2084 2537 2172 atque
2570 2079 3009 2149 animalium
3046 2078 3436 2151 hominum
3474 2094 3526 2168 ³,
3562 2084 3932 2154 Davidicae
3966 2081 4185 2152 turris
4216 2078 4375 2172 cly-

1156 2210 1312 2302 peis
1356 2210 1649 2281 munire
1686 2226 1735 2294 ⁸,
1765 2208 1884 2279 vel
1917 2208 2155 2301 potius
2192 2207 2557 2278 munitam
2599 2205 3006 2288 ostendere,
3043 2229 3131 2277 ac
3163 2207 3750 2298 theologicarum
3807 2208 4371 2301 inquisitionum

1161 2336 1414 2407 abdita
1444 2336 1761 2427 aperire,
1805 2354 2101 2405 necnon
2134 2335 2208 2403 et
2235 2337 2874 2403 sacramentorum
2920 2331 3603 2406 Ecclesiasticorum
3643 2357 3771 2428 pro
3814 2334 4105 2405 modulo
4157 2333 4375 2415 intel-

1162 2459 1489 2552 ligentiae
1523 2465 1793 2531 nostrae
1827 2458 2162 2529 notitiam
2196 2457 2479 2528 tradere
2507 2456 2962 2528 studuimus:
2998 2478 3147 2527 non
3177 2457 3508 2531 valentes
3545 2459 4032 2532 studiosorum
4063 2460 4376 2531 fratrum

1158 2586 1349 2657 votis
1358 2587 1388 2679 j
1403 2607 1530 2658 ure
1563 2586 1924 2669 resistere,
1940 2605 2196 2656 eorum
2221 2584 2299 2653 in
2319 2583 2607 2654 Christo
2630 2582 3118 2655 laudabilibus
3141 2583 3427 2667 studiis,
3461 2584 3718 2676 lingua
3745 2608 3834 2657 ac
3865 2585 4052 2679 stylo
4075 2607 4208 2659 nos
4231 2607 4378 2656 ser-

1157 2710 1314 2782 vire
1356 2710 1862 2801 flagitantium
1898 2733 1916 2778 :
1964 2729 2151 2802 quas
2181 2708 2393 2799 bigas
2424 2707 2503 2804 in
2545 2708 2757 2779 nobis
2786 2708 3018 2798 agitat
3052 2709 3321 2781 Christi
3385 2709 3711 2782 charitas
3746 2709 3796 2779 ⁸.
3830 2711 4180 2792 Quamvis
4217 2732 4374 2800 non

1153 2835 1630 2926 ambigamus
1665 2855 1967 2906 omnem
2000 2832 2315 2904 humani
2344 2832 2613 2925 eloquii
2645 2854 3064 2905 sermonem
3114 2833 3516 2907 calumniae
3544 2839 3763 2928 atque
3801 2835 4371 2908 contradictioni

1151 2959 1593 3031 oemulorum
1632 2980 1930 3065 semper
1970 2958 2201 3029 fuisse
2223 2957 2620 3028 obnoxium
2652 2958 2706 3043 ⁶,
2735 2957 2911 3049 quia
2967 2958 3572 3032 dissentientibus
3632 2960 4102 3032 voluntatum
4154 2962 4374 3033 moti·

1151 3085 1314 3162 bus,
1344 3084 1794 3155 dissentiens
1822 3104 2114 3177 quoque
2140 3083 2222 3154 fit
2249 3083 2670 3153 animorum
2696 3104 2958 3154 sensus
2986 3105 3003 3151 :
3041 3087 3122 3155 ut
3147 3105 3322 3156 cum
3352 3106 3572 3157 omne
3597 3085 3881 3157 dictum
3905 3085 4060 3156 veri
4092 3086 4376 3157 ratione

1150 3213 1557 3304 perfectum
1595 3211 1722 3297 sit,
1756 3214 2012 3283 tamen
2045 3209 2225 3281 dum
2256 3208 2456 3280 aliud
2488 3208 2654 3279 aliis
2674 3212 2802 3281 aut
2829 3208 3120 3281 videtur
3146 3214 3278 3282 aut
3299 3211 3733 3305 complacet,
3758 3211 4048 3284 veritati
4076 3211 4189 3284 vel
4223 3234 4373 3285 non

1144 3335 1571 3421 intellectae,
1616 3333 1734 3406 vel
1779 3333 2216 3412 offendenti,
2279 3337 2353 3405 et
2392 3333 2794 3425 impietatis
2822 3355 3027 3405 error
3089 3335 3489 3422 obnitatur,
3524 3356 3611 3407 ac
3651 3335 4049 3408 voluntatis
4086 3337 4369 3409 invidia

1147 3461 1452 3533 resultet
1477 3485 1494 3531 ε
1519 3482 1749 3554 quam
1801 3463 1988 3532 Deus
2026 3459 2283 3533 saeculi
2324 3458 2548 3551 hujus
2576 3463 2923 3552 operatur
2966 3458 3220 3530 inillis
3252 3459 3681 3532 diffidentioe
3729 3460 3900 3533 tiliis
3926 3469 3975 3547 ¹,
4029 3466 4153 3556 qul
4210 3483 4363 3535 non

1151 3585 1421 3659 rationi
1445 3585 1905 3658 voluntatem
1934 3583 2378 3677 subjiciunt,
2431 3604 2569 3655 nec
2600 3583 2956 3657 doctrinae
2984 3584 3313 3656 studium
3340 3584 3858 3678 impendunt⁸:
3891 3585 4016 3658 sed
4056 3585 4174 3658 his
4201 3609 4365 3680 quoe

1139 3711 1615 3783 somniarunt
1642 3709 2028 3802 sapientia!
2055 3707 2281 3779 verba
2322 3713 2674 3800 coaptare
2709 3708 3071 3791 nituntur,
3101 3730 3252 3780 non
3301 3709 3484 3788 veri,
3532 3708 3655 3781 sed
3706 3708 3956 3801 placiti
4003 3711 4363 3782 rationem

1143 3840 1524 3908 sectantes
1558 3859 1574 3904 ε
1608 3855 1792 3927 quos
1821 3833 2082 3926 iniqua
2104 3831 2443 3905 voluntas
2475 3854 2623 3903 non
2649 3832 2739 3904 ad
2770 3831 3343 3924 intelligentiam
3370 3833 3723 3915 veritatis,
3746 3832 3869 3906 sed
3895 3834 3984 3905 ad
4014 3835 4366 3908 defensio·

1146 3983 1320 4033 nem
1360 3958 1825 4053 placentium
1870 3958 2129 4031 incitat
2163 3982 2179 4027 :
2215 3980 2358 4031 non
2391 3957 2895 4029 desiderantes
2923 3958 3171 4030 doceri
3210 3960 3624 4040 veritatem,
3659 3960 3781 4031 sed
3813 3960 3905 4031 ab
3928 3982 4018 4032 ea
4045 3961 4134 4033 ad
4157 3962 4359 4034 rabu-

1145 4088 1257 4160 las
1296 4090 1818 4160 convertentes
1843 4083 2214 4157 auditum.
2267 4086 2593 4167 Quorum
2630 4083 2976 4178 professio
3012 4088 3122 4157 est
3155 4085 3400 4176 magis
3452 4084 3727 4179 placita
3764 4108 3988 4180 quam
4032 4087 4366 4160 docenda

1144 4214 1616 4306 conquirere,
1655 4234 1795 4283 nec
1815 4210 2150 4284 docenda
2178 4209 2622 4294 desiderare,
2669 4210 2795 4282 sed
2832 4211 3265 4282 desideratis
3303 4210 3722 4284 doctrinam
3780 4218 4204 4306 coaptare’:
4239 4214 4371 4287 ha·

1149 4338 1330 4409 bent
1350 4338 1722 4409 rationem
1743 4337 2131 4428 sapientioe
2159 4336 2238 4407 in
2260 4336 2774 4429 superstitione
2796 4339 2869 4420 ¹⁸,
2887 4336 3065 4429 quia
3085 4335 3255 4408 fidei
3286 4337 3770 4409 defectionem
3794 4339 4126 4431 sequitur
4146 4339 4375 4435 hypo-

1142 4463 1364 4535 crisis
1401 4462 1717 4534 mendax
1758 4464 1840 4533 ut
1868 4462 1965 4533 sit
2001 4462 2081 4532 in
2112 4461 2357 4533 verbis
2398 4461 2632 4553 pietas
2661 4483 2885 4553 quam
2920 4461 3255 4533 amiserit
3297 4463 3781 4544 conscientia,
3835 4463 4216 4558 ipsamque
4262 4467 4370 4538 si-

1145 4587 1508 4660 mulatam
1543 4588 1891 4681 pietatem
1934 4587 2139 4658 omni
2168 4585 2565 4657 verborum
2602 4587 2991 4659 mendacio
3033 4587 3341 4679 impiam
3376 4586 3690 4660 reddunt
3724 4611 3740 4656 :
3777 4588 3975 4660 l'alsoe
4004 4589 4359 4665 doctrinae

1216 4933 1236 4971 ⁸
1264 4929 1353 4988 Cf.
1382 4931 1521 4988 Luc.
1554 4945 1673 4994 xxi,
1703 4933 1727 4984 1
1756 4944 1771 4983 ε
1804 4930 1979 4985 Marc.
2010 4944 2112 4997 ιιι,
2142 4930 2205 4984 41
2237 4932 2446 5002 etseq.

1213 5025 1236 5062 ¹
1263 5022 1349 5082 Cf.
1396 5023 1538 5080 Luc.
1571 5039 1630 5091 x,
1651 5023 1722 5077 30
1750 5028 1809 5078 et
1838 5038 1968 5095 seq.

1209 5113 1234 5149 ⁸
1264 5115 1344 5170 Ex
1378 5116 1724 5183 Aucusrmo,
1760 5109 1882 5167 Lib.
1916 5110 1994 5168 111
2023 5108 2097 5167 de
2126 5109 2415 5167 ‘trinitate
2448 5112 2511 5168 in
2544 5111 2853 5187 prooemio.

1206 5201 1482 5261 ⁴Cantio.
1507 5218 1587 5270 tv,
1619 5203 1674 5256 4.

1206 5294 1234 5330 ⁸
1263 5295 1344 5350 Ex
1376 5290 1592 5350 eodem
1621 5295 1967 5359 Aucusnxo,
1996 5291 2112 5348 loc.
2134 5291 2236 5349 cit.

1209 5385 1236 5422 ⁸
1263 5387 1345 5442 Ex
1378 5386 1634 5448 Humano,
1664 5382 1727 5439 in
1759 5382 2051 5457 principio
2082 5381 2187 5441 lib.
2218 5382 2267 5439 X
2291 5381 2365 5439 de
2393 5383 2700 5441 Trinitate.

1210 5472 1236 5509 ⁷
1266 5472 1353 5530 Cf.
1385 5471 1465 5529 ad
1494 5471 1711 5546 Ephes.
1735 5487 1796 5541 u,
1826 5473 1881 5526 2.

1213 5562 1240 5599 ⁸
1267 5563 1350 5619 cf.
1387 5561 1439 5619 11
1467 5560 1544 5618 ad
1573 5561 1846 5618 Corinth.
1875 5576 1952 5628 xv,
1986 5563 2040 5617 2.

1213 5653 1240 5688 ⁹
1268 5651 1355 5710 Cf.
1380 5651 1433 5708 11
1461 5649 1540 5708 ad
1566 5649 1824 5708 Timoth.
1855 5664 1933 5716 w,
1952 5651 2007 5707 3.

1217 5741 1263 5781 ¹⁰
1291 5737 1472 5809 Alias,
1502 5737 1829 5813 Superfirie.
