<?xml version="1.0" encoding="UTF-8"?>
<!DOCTYPE html PUBLIC "-//W3C//DTD XHTML 1.0 Transitional//EN"
    "http://www.w3.org/TR/xhtml1/DTD/xhtml1-transitional.dtd">
<html xmlns="http://www.w3.org/1999/xhtml" xml:lang="en" lang="en">
 <head>
  <title>
</title>
<meta http-equiv="Content-Type" content="text/html;charset=utf-8" />
  <meta name='ocr-system' content='tesseract 3.04.00' />
  <meta name='ocr-capabilities' content='ocr_page ocr_carea ocr_par ocr_line ocrx_word'/>
</head>
<body>
  <div class='ocr_page' id='page_1' title='image "balbertimagnira03chgoog_0212.png"; bbox 0 0 4897 6388; ppageno 0'>
   <div class='ocr_carea' id='block_1_1' title="bbox 353 851 625 923">
    <p class='ocr_par' dir='ltr' id='par_1_1' title="bbox 353 851 625 923">
     <span class='ocr_line' id='line_1_1' title="bbox 353 851 625 923; baseline -0.004 -12"><span class='ocrx_word' id='word_1_1' title='bbox 353 851 443 912; x_wconf 70' lang='lat' dir='ltr'><strong>Ad</strong></span> <span class='ocrx_word' id='word_1_2' title='bbox 457 871 625 923; x_wconf 66' lang='lat' dir='ltr'><strong>quaest.</strong></span> 
     </span>
    </p>
   </div>
   <div class='ocr_carea' id='block_1_2' title="bbox 661 317 2895 434">
    <p class='ocr_par' dir='ltr' id='par_1_2' title="bbox 661 317 2895 434">
     <span class='ocr_line' id='line_1_2' title="bbox 661 317 2895 434; baseline 0 -10"><span class='ocrx_word' id='word_1_3' title='bbox 661 317 800 424; x_wconf 73' lang='lat'>‘200</span> <span class='ocrx_word' id='word_1_4' title='bbox 1704 360 1791 428; x_wconf 84' lang='lat' dir='ltr'><strong>n.</strong></span> <span class='ocrx_word' id='word_1_5' title='bbox 1832 360 2031 428; x_wconf 82' lang='lat' dir='ltr'><strong>ALB.</strong></span> <span class='ocrx_word' id='word_1_6' title='bbox 2074 360 2291 434; x_wconf 79' lang='lat' dir='ltr'><strong>MAG.</strong></span> <span class='ocrx_word' id='word_1_7' title='bbox 2343 360 2548 429; x_wconf 76' lang='lat' dir='ltr'><strong>om).</strong></span> <span class='ocrx_word' id='word_1_8' title='bbox 2603 358 2895 426; x_wconf 81' lang='lat' dir='ltr'><strong>PRAED.</strong></span> 
     </span>
    </p>
   </div>
   <div class='ocr_carea' id='block_1_3' title="bbox 1178 431 1209 451">
    <p class='ocr_par' dir='ltr' id='par_1_3' title="bbox 1178 431 1209 451">
     <span class='ocr_line' id='line_1_3' title="bbox 1178 431 1209 451; baseline 0 0"><span class='ocrx_word' id='word_1_9' title='bbox 1178 431 1209 451; x_wconf 64' lang='grc' dir='ltr'><strong>ο·</strong></span> 
     </span>
    </p>
   </div>
   <div class='ocr_carea' id='block_1_4' title="bbox 661 508 3882 936">
    <p class='ocr_par' dir='ltr' id='par_1_4' title="bbox 661 508 3882 830">
     <span class='ocr_line' id='line_1_4' title="bbox 661 508 3882 619; baseline -0.001 -28"><span class='ocrx_word' id='word_1_10' title='bbox 661 514 831 606; x_wconf 72' lang='lat' dir='ltr'><strong>etin,</strong></span> <span class='ocrx_word' id='word_1_11' title='bbox 875 524 994 594; x_wconf 86' lang='lat' dir='ltr'><strong>sed</strong></span> <span class='ocrx_word' id='word_1_12' title='bbox 1031 534 1321 619; x_wconf 82' lang='lat' dir='ltr'><strong>negatur</strong></span> <span class='ocrx_word' id='word_1_13' title='bbox 1368 528 1683 597; x_wconf 89' lang='lat' dir='ltr'><strong>voluntas</strong></span> <span class='ocrx_word' id='word_1_14' title='bbox 1730 528 2054 598; x_wconf 83' lang='lat' dir='ltr'>accedens</span> <span class='ocrx_word' id='word_1_15' title='bbox 2104 552 2222 596; x_wconf 84' lang='lat' dir='ltr'><strong>vo·</strong></span> <span class='ocrx_word' id='word_1_16' title='bbox 2335 551 2404 596; x_wconf 88' lang='lat' dir='ltr'><strong>re</strong></span> <span class='ocrx_word' id='word_1_17' title='bbox 2458 508 2607 596; x_wconf 52' lang='lat' dir='ltr'><strong>z&#39;eo</strong></span> <span class='ocrx_word' id='word_1_18' title='bbox 2639 526 2822 617; x_wconf 89' lang='lat' dir='ltr'><strong>quod</strong></span> <span class='ocrx_word' id='word_1_19' title='bbox 2869 526 3185 593; x_wconf 84' lang='lat' dir='ltr'><strong>instantia</strong></span> <span class='ocrx_word' id='word_1_20' title='bbox 3241 525 3398 592; x_wconf 84' lang='lat' dir='ltr'><strong>facit</strong></span> <span class='ocrx_word' id='word_1_21' title='bbox 3446 522 3882 592; x_wconf 88' lang='lat' dir='ltr'><strong>obmutesce-</strong></span> 
     </span>
     <span class='ocr_line' id='line_1_5' title="bbox 670 626 3881 731; baseline -0.002 -32"><span class='ocrx_word' id='word_1_22' title='bbox 670 631 860 720; x_wconf 85' lang='lat' dir='ltr'><strong>lenti,</strong></span> <span class='ocrx_word' id='word_1_23' title='bbox 909 643 975 705; x_wconf 81' lang='lat' dir='ltr'><strong>et</strong></span> <span class='ocrx_word' id='word_1_24' title='bbox 1001 636 1240 717; x_wconf 82' lang='lat' dir='ltr'><strong>volito,</strong></span> <span class='ocrx_word' id='word_1_25' title='bbox 1275 647 1352 705; x_wconf 82' lang='lat' dir='ltr'><strong>ut</strong></span> <span class='ocrx_word' id='word_1_26' title='bbox 1383 663 1589 731; x_wconf 90' lang='lat' dir='ltr'><strong>supra</strong></span> <span class='ocrx_word' id='word_1_27' title='bbox 1627 638 1881 708; x_wconf 84' lang='lat' dir='ltr'><strong>dictum</strong></span> <span class='ocrx_word' id='word_1_28' title='bbox 1923 645 2044 706; x_wconf 85' lang='lat' dir='ltr'><strong>est.</strong></span> <span class='ocrx_word' id='word_1_29' title='bbox 2338 656 2431 710; x_wconf 89' lang='lat' dir='ltr'><strong>re,</strong></span> <span class='ocrx_word' id='word_1_30' title='bbox 2502 641 2567 700; x_wconf 87' lang='lat' dir='ltr'><strong>et</strong></span> <span class='ocrx_word' id='word_1_31' title='bbox 2631 632 2887 698; x_wconf 82' lang='lat' dir='ltr'><strong>inducit</strong></span> <span class='ocrx_word' id='word_1_32' title='bbox 2976 631 3444 699; x_wconf 85' lang='lat' dir='ltr'><strong>confusionem</strong></span> <span class='ocrx_word' id='word_1_33' title='bbox 3518 655 3534 700; x_wconf 76' lang='lat' dir='ltr'><strong><em>z</em></strong></span> <span class='ocrx_word' id='word_1_34' title='bbox 3606 638 3672 698; x_wconf 84' lang='lat' dir='ltr'><strong>et</strong></span> <span class='ocrx_word' id='word_1_35' title='bbox 3747 626 3881 695; x_wconf 91' lang='lat' dir='ltr'><strong>hoc</strong></span> 
     </span>
     <span class='ocr_line' id='line_1_6' title="bbox 2318 739 3880 830; baseline -0.003 -23"><span class='ocrx_word' id='word_1_36' title='bbox 2318 740 2697 830; x_wconf 76' lang='lat' dir='ltr'><strong>expediens</strong></span> <span class='ocrx_word' id='word_1_37' title='bbox 2753 739 2879 806; x_wconf 83' lang='lat' dir='ltr'><strong>fuit</strong></span> <span class='ocrx_word' id='word_1_38' title='bbox 2919 739 3366 829; x_wconf 82' lang='lat' dir='ltr'><strong>simplicibus,</strong></span> <span class='ocrx_word' id='word_1_39' title='bbox 3438 749 3511 806; x_wconf 78' lang='lat' dir='ltr'><strong>ut</strong></span> <span class='ocrx_word' id='word_1_40' title='bbox 3569 740 3880 807; x_wconf 80' lang='lat' dir='ltr'><strong>viderent</strong></span> 
     </span>
    </p>

    <p class='ocr_par' dir='ltr' id='par_1_5' title="bbox 763 844 3872 936">
     <span class='ocr_line' id='line_1_7' title="bbox 763 844 3872 936; baseline 0 -25"><span class='ocrx_word' id='word_1_41' title='bbox 763 845 868 912; x_wconf 84' lang='lat' dir='ltr'><strong>An</strong></span> <span class='ocrx_word' id='word_1_42' title='bbox 897 868 1095 912; x_wconf 62' lang='lat' dir='ltr'><strong>amun</strong></span> <span class='ocrx_word' id='word_1_43' title='bbox 1136 844 1524 923; x_wconf 90' lang='lat' dir='ltr'><strong>dicendum,</strong></span> <span class='ocrx_word' id='word_1_44' title='bbox 1576 844 1761 934; x_wconf 88' lang='lat' dir='ltr'><strong>quod</strong></span> <span class='ocrx_word' id='word_1_45' title='bbox 1827 846 2040 912; x_wconf 85' lang='lat' dir='ltr'><strong>sancti</strong></span> <span class='ocrx_word' id='word_1_46' title='bbox 2095 845 2231 913; x_wconf 89' lang='lat' dir='ltr'><strong>Do·</strong></span> <span class='ocrx_word' id='word_1_47' title='bbox 2337 846 2527 914; x_wconf 88' lang='lat' dir='ltr'><strong>illum</strong></span> <span class='ocrx_word' id='word_1_48' title='bbox 2562 870 2697 914; x_wconf 91' lang='lat' dir='ltr'><strong>non</strong></span> <span class='ocrx_word' id='word_1_49' title='bbox 2739 868 2936 936; x_wconf 89' lang='lat' dir='ltr'><strong>posse</strong></span> <span class='ocrx_word' id='word_1_50' title='bbox 2968 845 3292 936; x_wconf 80' lang='lat' dir='ltr'><strong>proficere</strong></span> <span class='ocrx_word' id='word_1_51' title='bbox 3327 869 3341 912; x_wconf 76' lang='grc' dir='ltr'>ε</span> <span class='ocrx_word' id='word_1_52' title='bbox 3380 855 3616 936; x_wconf 86' lang='lat' dir='ltr'><strong>postea</strong></span> <span class='ocrx_word' id='word_1_53' title='bbox 3643 855 3872 913; x_wconf 84' lang='lat' dir='ltr'><strong>autem</strong></span> 
     </span>
    </p>
   </div>
   <div class='ocr_carea' id='block_1_5' title="bbox 674 952 3880 1258">
    <p class='ocr_par' dir='ltr' id='par_1_6' title="bbox 674 952 3880 1258">
     <span class='ocr_line' id='line_1_8' title="bbox 675 952 3880 1043; baseline -0.001 -21"><span class='ocrx_word' id='word_1_54' title='bbox 675 961 894 1022; x_wconf 87' lang='lat' dir='ltr'><strong>ctores</strong></span> <span class='ocrx_word' id='word_1_55' title='bbox 970 953 1190 1042; x_wconf 86' lang='lat' dir='ltr'><strong>magis</strong></span> <span class='ocrx_word' id='word_1_56' title='bbox 1259 952 1575 1020; x_wconf 86' lang='lat' dir='ltr'><strong>instando</strong></span> <span class='ocrx_word' id='word_1_57' title='bbox 1655 966 2081 1043; x_wconf 78' lang='lat' dir='ltr'>compescere</span> <span class='ocrx_word' id='word_1_58' title='bbox 2164 961 2230 1022; x_wconf 78' lang='lat' dir='ltr'><strong>et</strong></span> <span class='ocrx_word' id='word_1_59' title='bbox 2336 979 2643 1024; x_wconf 87' lang='lat' dir='ltr'><strong>seorsum</strong></span> <span class='ocrx_word' id='word_1_60' title='bbox 2676 980 2831 1025; x_wconf 88' lang='lat' dir='ltr'><strong>cum</strong></span> <span class='ocrx_word' id='word_1_61' title='bbox 2863 956 3233 1025; x_wconf 81' lang='lat' dir='ltr'><strong>mansuetis</strong></span> <span class='ocrx_word' id='word_1_62' title='bbox 3276 956 3652 1023; x_wconf 69' lang='lat' dir='ltr'>tractabant</span> <span class='ocrx_word' id='word_1_63' title='bbox 3689 956 3880 1022; x_wconf 80' lang='lat' dir='ltr'><strong>veri-</strong></span> 
     </span>
     <span class='ocr_line' id='line_1_9' title="bbox 675 1057 3878 1156; baseline 0.001 -29"><span class='ocrx_word' id='word_1_64' title='bbox 675 1058 1088 1127; x_wconf 84' lang='lat' dir='ltr'><strong>confundere</strong></span> <span class='ocrx_word' id='word_1_65' title='bbox 1149 1057 1474 1127; x_wconf 80' lang='lat' dir='ltr'><strong>volebant</strong></span> <span class='ocrx_word' id='word_1_66' title='bbox 1530 1059 1950 1144; x_wconf 85' lang='lat' dir='ltr'><strong>haereticum‚</strong></span> <span class='ocrx_word' id='word_1_67' title='bbox 2024 1083 2227 1151; x_wconf 86' lang='lat' dir='ltr'><strong>quam</strong></span> <span class='ocrx_word' id='word_1_68' title='bbox 2335 1074 2544 1134; x_wconf 82' lang='lat' dir='ltr'><strong>tatem</strong></span> <span class='ocrx_word' id='word_1_69' title='bbox 2603 1066 2983 1148; x_wconf 83' lang='lat' dir='ltr'><strong>solutioniS,</strong></span> <span class='ocrx_word' id='word_1_70' title='bbox 3039 1066 3213 1133; x_wconf 80' lang='lat' dir='ltr'><strong>sicut</strong></span> <span class='ocrx_word' id='word_1_71' title='bbox 3285 1063 3607 1156; x_wconf 85' lang='lat' dir='ltr'><strong>Magister</strong></span> <span class='ocrx_word' id='word_1_72' title='bbox 3674 1085 3878 1156; x_wconf 90' lang='lat' dir='ltr'><strong>supra</strong></span> 
     </span>
     <span class='ocr_line' id='line_1_10' title="bbox 674 1165 2583 1258; baseline 0.004 -25"><span class='ocrx_word' id='word_1_73' title='bbox 674 1188 906 1233; x_wconf 88' lang='lat' dir='ltr'><strong>coram</strong></span> <span class='ocrx_word' id='word_1_74' title='bbox 990 1165 1420 1256; x_wconf 88' lang='lat' dir='ltr'><strong>simplicibus</strong></span> <span class='ocrx_word' id='word_1_75' title='bbox 1523 1192 1677 1237; x_wconf 89' lang='lat' dir='ltr'><strong>curn</strong></span> <span class='ocrx_word' id='word_1_76' title='bbox 1767 1191 1846 1237; x_wconf 93' lang='lat' dir='ltr'><strong>eo</strong></span> <span class='ocrx_word' id='word_1_77' title='bbox 1925 1169 2230 1258; x_wconf 87' lang='lat' dir='ltr'><strong>disputa-</strong></span> <span class='ocrx_word' id='word_1_78' title='bbox 2337 1173 2508 1241; x_wconf 81' lang='lat' dir='ltr'><strong>dixit</strong></span> <span class='ocrx_word' id='word_1_79' title='bbox 2542 1175 2583 1240; x_wconf 86' lang='lat'><strong>¹.</strong></span> 
     </span>
    </p>
   </div>
   <div class='ocr_carea' id='block_1_6' title="bbox 1646 1629 2899 1730">
    <p class='ocr_par' dir='ltr' id='par_1_7' title="bbox 1646 1629 2899 1730">
     <span class='ocr_line' id='line_1_11' title="bbox 1646 1629 2899 1730; baseline 0 -27"><span class='ocrx_word' id='word_1_80' title='bbox 1646 1630 1733 1703; x_wconf 91' lang='grc' dir='ltr'><strong>Β.</strong></span> <span class='ocrx_word' id='word_1_81' title='bbox 1785 1629 2175 1728; x_wconf 71' lang='lat' dir='ltr'><strong>oppositio</strong></span> <span class='ocrx_word' id='word_1_82' title='bbox 2207 1640 2475 1707; x_wconf 78' lang='lat' dir='ltr'><strong>contra</strong></span> <span class='ocrx_word' id='word_1_83' title='bbox 2492 1631 2899 1730; x_wconf 75' lang='lat' dir='ltr'><strong>pe·aedz&#39;cla.</strong></span> 
     </span>
    </p>
   </div>
   <div class='ocr_carea' id='block_1_7' title="bbox 664 1967 3888 3558">
    <p class='ocr_par' dir='ltr' id='par_1_8' title="bbox 664 1967 3888 3558">
     <span class='ocr_line' id='line_1_12' title="bbox 766 1967 3875 2067; baseline 0 -24"><span class='ocrx_word' id='word_1_84' title='bbox 766 1968 916 2043; x_wconf 89' lang='lat' dir='ltr'><strong>Sed</strong></span> <span class='ocrx_word' id='word_1_85' title='bbox 945 1977 1217 2044; x_wconf 87' lang='lat' dir='ltr'><strong>contra</strong></span> <span class='ocrx_word' id='word_1_86' title='bbox 1248 1971 1396 2044; x_wconf 87' lang='lat' dir='ltr'><strong>hoc</strong></span> <span class='ocrx_word' id='word_1_87' title='bbox 1436 1969 1856 2067; x_wconf 82' lang='lat' dir='ltr'><strong>opponitur</strong></span> <span class='ocrx_word' id='word_1_88' title='bbox 1885 1969 1995 2044; x_wconf 90' lang='lat' dir='ltr'><strong>sic</strong></span> <span class='ocrx_word' id='word_1_89' title='bbox 2030 1994 2047 2045; x_wconf 88' lang='lat'>:</span> <span class='ocrx_word' id='word_1_90' title='bbox 2083 1970 2459 2046; x_wconf 76' lang='lat' dir='ltr'><strong>Voluntas</strong></span> <span class='ocrx_word' id='word_1_91' title='bbox 2490 1970 2626 2045; x_wconf 91' lang='lat' dir='ltr'><strong>Dei</strong></span> <span class='ocrx_word' id='word_1_92' title='bbox 2656 1978 2770 2046; x_wconf 83' lang='lat' dir='ltr'><strong>est</strong></span> <span class='ocrx_word' id='word_1_93' title='bbox 2802 1979 3078 2045; x_wconf 82' lang='lat' dir='ltr'><strong>natura</strong></span> <span class='ocrx_word' id='word_1_94' title='bbox 3118 1968 3282 2044; x_wconf 86' lang='lat' dir='ltr'><strong>sive</strong></span> <span class='ocrx_word' id='word_1_95' title='bbox 3315 1967 3654 2045; x_wconf 75' lang='lat' dir='ltr'><strong>essentia</strong></span> <span class='ocrx_word' id='word_1_96' title='bbox 3684 1968 3826 2043; x_wconf 92' lang='lat' dir='ltr'><strong>Dei</strong></span> <span class='ocrx_word' id='word_1_97' title='bbox 3858 1992 3875 2043; x_wconf 75' lang='grc' dir='ltr'>ε</span> 
     </span>
     <span class='ocr_line' id='line_1_13' title="bbox 664 2101 3873 2203; baseline -0.001 -25"><span class='ocrx_word' id='word_1_98' title='bbox 664 2101 1032 2203; x_wconf 86' lang='lat' dir='ltr'><strong>quianon</strong></span> <span class='ocrx_word' id='word_1_99' title='bbox 1060 2112 1178 2179; x_wconf 87' lang='lat' dir='ltr'><strong>est</strong></span> <span class='ocrx_word' id='word_1_100' title='bbox 1207 2103 1418 2178; x_wconf 89' lang='lat' dir='ltr'><strong>aliud</strong></span> <span class='ocrx_word' id='word_1_101' title='bbox 1451 2102 1614 2179; x_wconf 91' lang='lat' dir='ltr'><strong>Deo</strong></span> <span class='ocrx_word' id='word_1_102' title='bbox 1640 2126 1837 2198; x_wconf 88' lang='lat' dir='ltr'><strong>esse,</strong></span> <span class='ocrx_word' id='word_1_103' title='bbox 1869 2104 2079 2179; x_wconf 89' lang='lat' dir='ltr'><strong>aliud</strong></span> <span class='ocrx_word' id='word_1_104' title='bbox 2120 2105 2362 2182; x_wconf 80' lang='lat' dir='ltr'><strong>velle:</strong></span> <span class='ocrx_word' id='word_1_105' title='bbox 2401 2114 2477 2181; x_wconf 83' lang='lat' dir='ltr'><strong>et</strong></span> <span class='ocrx_word' id='word_1_106' title='bbox 2505 2105 2672 2181; x_wconf 88' lang='lat' dir='ltr'><strong>ideo</strong></span> <span class='ocrx_word' id='word_1_107' title='bbox 2696 2104 2895 2181; x_wconf 86' lang='lat' dir='ltr'><strong>sicut</strong></span> <span class='ocrx_word' id='word_1_108' title='bbox 2939 2127 3089 2179; x_wconf 91' lang='lat' dir='ltr'><strong>una</strong></span> <span class='ocrx_word' id='word_1_109' title='bbox 3116 2112 3233 2180; x_wconf 88' lang='lat' dir='ltr'><strong>est</strong></span> <span class='ocrx_word' id='word_1_110' title='bbox 3272 2102 3609 2179; x_wconf 84' lang='lat' dir='ltr'><strong>essentia</strong></span> <span class='ocrx_word' id='word_1_111' title='bbox 3641 2102 3873 2178; x_wconf 89' lang='lat' dir='ltr'><strong>trium</strong></span> 
     </span>
     <span class='ocr_line' id='line_1_14' title="bbox 664 2213 3886 2338; baseline -0.001 -25"><span class='ocrx_word' id='word_1_112' title='bbox 664 2259 1208 2337; x_wconf 88' lang='lat' dir='ltr'><strong>personarum,</strong></span> <span class='ocrx_word' id='word_1_113' title='bbox 1254 2236 1361 2313; x_wconf 87' lang='lat' dir='ltr'><strong>ita</strong></span> <span class='ocrx_word' id='word_1_114' title='bbox 1387 2246 1463 2314; x_wconf 88' lang='lat' dir='ltr'><strong>et</strong></span> <span class='ocrx_word' id='word_1_115' title='bbox 1497 2261 1652 2314; x_wconf 87' lang='lat' dir='ltr'><strong>una</strong></span> <span class='ocrx_word' id='word_1_116' title='bbox 1681 2213 2067 2314; x_wconf 83' lang='lat' dir='ltr'><strong>voluntas.</strong></span> <span class='ocrx_word' id='word_1_117' title='bbox 2106 2238 2186 2314; x_wconf 87' lang='lat' dir='ltr'><strong>Si</strong></span> <span class='ocrx_word' id='word_1_118' title='bbox 2217 2262 2399 2338; x_wconf 84' lang='lat' dir='ltr'><strong>ergo</strong></span> <span class='ocrx_word' id='word_1_119' title='bbox 2440 2240 2650 2315; x_wconf 91' lang='lat' dir='ltr'><strong>Deus</strong></span> <span class='ocrx_word' id='word_1_120' title='bbox 2704 2248 2980 2314; x_wconf 80' lang='lat' dir='ltr'><strong>natura</strong></span> <span class='ocrx_word' id='word_1_121' title='bbox 3036 2237 3253 2313; x_wconf 89' lang='lat' dir='ltr'><strong>Deus</strong></span> <span class='ocrx_word' id='word_1_122' title='bbox 3307 2247 3448 2332; x_wconf 87' lang='lat' dir='ltr'><strong>est,</strong></span> <span class='ocrx_word' id='word_1_123' title='bbox 3484 2247 3558 2312; x_wconf 85' lang='lat' dir='ltr'><strong>et</strong></span> <span class='ocrx_word' id='word_1_124' title='bbox 3604 2238 3886 2312; x_wconf 78' lang='lat' dir='ltr'><strong>volun-</strong></span> 
     </span>
     <span class='ocr_line' id='line_1_15' title="bbox 664 2372 3888 2464; baseline -0.001 -15"><span class='ocrx_word' id='word_1_125' title='bbox 664 2381 821 2450; x_wconf 80' lang='lat' dir='ltr'><strong>tate</strong></span> <span class='ocrx_word' id='word_1_126' title='bbox 851 2373 1067 2450; x_wconf 88' lang='lat' dir='ltr'><strong>Deus</strong></span> <span class='ocrx_word' id='word_1_127' title='bbox 1105 2381 1222 2450; x_wconf 88' lang='lat' dir='ltr'><strong>est</strong></span> <span class='ocrx_word' id='word_1_128' title='bbox 1277 2397 1295 2449; x_wconf 73' lang='grc' dir='ltr'>ε</span> <span class='ocrx_word' id='word_1_129' title='bbox 1333 2383 1410 2450; x_wconf 84' lang='lat' dir='ltr'><strong>et</strong></span> <span class='ocrx_word' id='word_1_130' title='bbox 1449 2373 1512 2449; x_wconf 88' lang='lat' dir='ltr'><strong>si</strong></span> <span class='ocrx_word' id='word_1_131' title='bbox 1543 2373 1887 2449; x_wconf 84' lang='lat' dir='ltr'><strong>Verbum</strong></span> <span class='ocrx_word' id='word_1_132' title='bbox 1929 2374 2070 2451; x_wconf 91' lang='lat' dir='ltr'><strong>Dei</strong></span> <span class='ocrx_word' id='word_1_133' title='bbox 2103 2384 2378 2451; x_wconf 83' lang='lat' dir='ltr'><strong>natura</strong></span> <span class='ocrx_word' id='word_1_134' title='bbox 2417 2375 2657 2450; x_wconf 89' lang='lat' dir='ltr'><strong>Filius</strong></span> <span class='ocrx_word' id='word_1_135' title='bbox 2695 2375 2835 2451; x_wconf 90' lang='lat' dir='ltr'><strong>Dei</strong></span> <span class='ocrx_word' id='word_1_136' title='bbox 2869 2384 3008 2464; x_wconf 87' lang='lat' dir='ltr'><strong>est,</strong></span> <span class='ocrx_word' id='word_1_137' title='bbox 3077 2383 3152 2450; x_wconf 85' lang='lat' dir='ltr'><strong>et</strong></span> <span class='ocrx_word' id='word_1_138' title='bbox 3197 2375 3594 2449; x_wconf 75' lang='lat' dir='ltr'><strong>voluntate</strong></span> <span class='ocrx_word' id='word_1_139' title='bbox 3644 2372 3888 2447; x_wconf 87' lang='lat' dir='ltr'><strong>Filius</strong></span> 
     </span>
     <span class='ocr_line' id='line_1_16' title="bbox 665 2507 3885 2608; baseline -0.001 -26"><span class='ocrx_word' id='word_1_140' title='bbox 665 2507 809 2584; x_wconf 91' lang='lat' dir='ltr'><strong>Dei</strong></span> <span class='ocrx_word' id='word_1_141' title='bbox 841 2517 982 2584; x_wconf 90' lang='lat' dir='ltr'><strong>est.</strong></span> <span class='ocrx_word' id='word_1_142' title='bbox 1021 2507 1189 2584; x_wconf 88' lang='lat' dir='ltr'><strong>Hoc</strong></span> <span class='ocrx_word' id='word_1_143' title='bbox 1219 2517 1477 2585; x_wconf 84' lang='lat' dir='ltr'><strong>autem</strong></span> <span class='ocrx_word' id='word_1_144' title='bbox 1523 2509 1744 2585; x_wconf 84' lang='lat' dir='ltr'><strong>facile</strong></span> <span class='ocrx_word' id='word_1_145' title='bbox 1786 2518 1902 2585; x_wconf 87' lang='lat' dir='ltr'><strong>est</strong></span> <span class='ocrx_word' id='word_1_146' title='bbox 1932 2510 2275 2586; x_wconf 83' lang='lat' dir='ltr'><strong>refellere</strong></span> <span class='ocrx_word' id='word_1_147' title='bbox 2312 2535 2328 2586; x_wconf 75' lang='grc' dir='ltr'>ε</span> <span class='ocrx_word' id='word_1_148' title='bbox 2367 2534 2544 2586; x_wconf 76' lang='lat' dir='ltr'><strong>nain</strong></span> <span class='ocrx_word' id='word_1_149' title='bbox 2578 2522 2652 2585; x_wconf 83' lang='lat' dir='ltr'><strong>et</strong></span> <span class='ocrx_word' id='word_1_150' title='bbox 2713 2509 3197 2608; x_wconf 76' lang='lat' dir='ltr'><strong>praeseientia</strong></span> <span class='ocrx_word' id='word_1_151' title='bbox 3242 2508 3384 2583; x_wconf 93' lang='lat' dir='ltr'><strong>Dei</strong></span> <span class='ocrx_word' id='word_1_152' title='bbox 3424 2507 3588 2583; x_wconf 84' lang='lat' dir='ltr'><strong>sive</strong></span> <span class='ocrx_word' id='word_1_153' title='bbox 3629 2507 3885 2582; x_wconf 84' lang='lat' dir='ltr'><strong>scien-</strong></span> 
     </span>
     <span class='ocr_line' id='line_1_17' title="bbox 667 2642 3888 2743; baseline -0.001 -24"><span class='ocrx_word' id='word_1_154' title='bbox 667 2643 802 2739; x_wconf 81' lang='lat' dir='ltr'><strong>tia,</strong></span> <span class='ocrx_word' id='word_1_155' title='bbox 848 2666 1004 2743; x_wconf 88' lang='lat' dir='ltr'><strong>qua</strong></span> <span class='ocrx_word' id='word_1_156' title='bbox 1029 2643 1176 2718; x_wconf 88' lang='lat' dir='ltr'><strong>scit</strong></span> <span class='ocrx_word' id='word_1_157' title='bbox 1216 2645 1340 2720; x_wconf 84' lang='lat' dir='ltr'><strong>vel</strong></span> <span class='ocrx_word' id='word_1_158' title='bbox 1385 2644 1697 2743; x_wconf 59' lang='lat' dir='ltr'><strong>praescit</strong></span> <span class='ocrx_word' id='word_1_159' title='bbox 1737 2645 1938 2719; x_wconf 88' lang='lat' dir='ltr'><strong>hona</strong></span> <span class='ocrx_word' id='word_1_160' title='bbox 1971 2655 2045 2720; x_wconf 84' lang='lat' dir='ltr'><strong>et</strong></span> <span class='ocrx_word' id='word_1_161' title='bbox 2088 2646 2310 2739; x_wconf 81' lang='lat' dir='ltr'><strong>mala,</strong></span> <span class='ocrx_word' id='word_1_162' title='bbox 2363 2645 2624 2720; x_wconf 82' lang='lat' dir='ltr'><strong>‹livina</strong></span> <span class='ocrx_word' id='word_1_163' title='bbox 2672 2653 2942 2718; x_wconf 84' lang='lat' dir='ltr'><strong>natura</strong></span> <span class='ocrx_word' id='word_1_164' title='bbox 2999 2643 3161 2720; x_wconf 83' lang='lat' dir='ltr'><strong>sive</strong></span> <span class='ocrx_word' id='word_1_165' title='bbox 3220 2642 3554 2719; x_wconf 83' lang='lat' dir='ltr'><strong>essentia</strong></span> <span class='ocrx_word' id='word_1_166' title='bbox 3611 2652 3775 2717; x_wconf 89' lang='lat' dir='ltr'><strong>est:</strong></span> <span class='ocrx_word' id='word_1_167' title='bbox 3812 2650 3888 2717; x_wconf 86' lang='lat' dir='ltr'><strong>et</strong></span> 
     </span>
     <span class='ocr_line' id='line_1_18' title="bbox 667 2777 3887 2877; baseline 0 -26"><span class='ocrx_word' id='word_1_168' title='bbox 667 2777 1257 2877; x_wconf 71' lang='lat' dir='ltr'><strong>praedestinatio</strong></span> <span class='ocrx_word' id='word_1_169' title='bbox 1290 2778 1457 2855; x_wconf 85' lang='lat' dir='ltr'><strong>sive</strong></span> <span class='ocrx_word' id='word_1_170' title='bbox 1498 2781 1861 2855; x_wconf 86' lang='lat' dir='ltr'><strong>voluntas</strong></span> <span class='ocrx_word' id='word_1_171' title='bbox 1902 2779 2097 2877; x_wconf 83' lang='lat' dir='ltr'><strong>ejuS,</strong></span> <span class='ocrx_word' id='word_1_172' title='bbox 2160 2779 2424 2856; x_wconf 85' lang='lat' dir='ltr'><strong>eadem</strong></span> <span class='ocrx_word' id='word_1_173' title='bbox 2462 2780 2721 2854; x_wconf 80' lang='lat' dir='ltr'><strong>divina</strong></span> <span class='ocrx_word' id='word_1_174' title='bbox 2775 2778 3108 2855; x_wconf 85' lang='lat' dir='ltr'><strong>essentia</strong></span> <span class='ocrx_word' id='word_1_175' title='bbox 3132 2788 3245 2853; x_wconf 86' lang='lat' dir='ltr'><strong>est</strong></span> <span class='ocrx_word' id='word_1_176' title='bbox 3294 2803 3310 2853; x_wconf 79' lang='lat' dir='ltr'>t</span> <span class='ocrx_word' id='word_1_177' title='bbox 3355 2802 3498 2854; x_wconf 88' lang='lat' dir='ltr'><strong>nec</strong></span> <span class='ocrx_word' id='word_1_178' title='bbox 3553 2787 3669 2853; x_wconf 88' lang='lat' dir='ltr'><strong>est</strong></span> <span class='ocrx_word' id='word_1_179' title='bbox 3726 2777 3887 2853; x_wconf 89' lang='lat' dir='ltr'><strong>Deo</strong></span> 
     </span>
     <span class='ocr_line' id='line_1_19' title="bbox 667 2912 3881 3013; baseline -0.001 -24"><span class='ocrx_word' id='word_1_180' title='bbox 667 2912 877 2989; x_wconf 88' lang='lat' dir='ltr'><strong>aliud</strong></span> <span class='ocrx_word' id='word_1_181' title='bbox 919 2913 1119 2989; x_wconf 89' lang='lat' dir='ltr'><strong>scire</strong></span> <span class='ocrx_word' id='word_1_182' title='bbox 1161 2925 1236 2989; x_wconf 86' lang='lat' dir='ltr'><strong>et</strong></span> <span class='ocrx_word' id='word_1_183' title='bbox 1274 2914 1506 3009; x_wconf 85' lang='lat' dir='ltr'><strong>velle,</strong></span> <span class='ocrx_word' id='word_1_184' title='bbox 1553 2936 1785 3013; x_wconf 85' lang='lat' dir='ltr'><strong>quam</strong></span> <span class='ocrx_word' id='word_1_185' title='bbox 1820 2939 2035 2991; x_wconf 88' lang='lat' dir='ltr'><strong>esse:</strong></span> <span class='ocrx_word' id='word_1_186' title='bbox 2091 2927 2369 2993; x_wconf 85' lang='lat' dir='ltr'><strong>etcum</strong></span> <span class='ocrx_word' id='word_1_187' title='bbox 2403 2916 2502 2990; x_wconf 85' lang='lat' dir='ltr'><strong>sit</strong></span> <span class='ocrx_word' id='word_1_188' title='bbox 2537 2940 2774 2990; x_wconf 87' lang='lat' dir='ltr'><strong>unum</strong></span> <span class='ocrx_word' id='word_1_189' title='bbox 2831 2924 2906 2990; x_wconf 83' lang='lat' dir='ltr'><strong>et</strong></span> <span class='ocrx_word' id='word_1_190' title='bbox 2940 2915 3136 2990; x_wconf 86' lang='lat' dir='ltr'><strong>idem</strong></span> <span class='ocrx_word' id='word_1_191' title='bbox 3193 2914 3518 2990; x_wconf 88' lang='lat' dir='ltr'><strong>scientia</strong></span> <span class='ocrx_word' id='word_1_192' title='bbox 3553 2912 3723 2999; x_wconf 90' lang='lat' dir='ltr'><strong>Dei,</strong></span> <span class='ocrx_word' id='word_1_193' title='bbox 3760 2913 3881 2987; x_wconf 81' lang='lat' dir='ltr'><strong>vel</strong></span> 
     </span>
     <span class='ocr_line' id='line_1_20' title="bbox 675 3047 3887 3149; baseline -0 -26"><span class='ocrx_word' id='word_1_194' title='bbox 675 3050 1061 3143; x_wconf 80' lang='lat' dir='ltr'><strong>voluntaS,</strong></span> <span class='ocrx_word' id='word_1_195' title='bbox 1146 3071 1304 3123; x_wconf 91' lang='lat' dir='ltr'><strong>non</strong></span> <span class='ocrx_word' id='word_1_196' title='bbox 1372 3060 1622 3125; x_wconf 86' lang='lat' dir='ltr'><strong>tamen</strong></span> <span class='ocrx_word' id='word_1_197' title='bbox 1690 3050 1973 3125; x_wconf 88' lang='lat' dir='ltr'><strong>dicitur</strong></span> <span class='ocrx_word' id='word_1_198' title='bbox 2024 3051 2117 3127; x_wconf 91' lang='lat' dir='ltr'><strong>‹le</strong></span> <span class='ocrx_word' id='word_1_199' title='bbox 2163 3052 2557 3127; x_wconf 75' lang='lat' dir='ltr'><strong>voluntate</strong></span> <span class='ocrx_word' id='word_1_200' title='bbox 2607 3050 2979 3149; x_wconf 81' lang='lat' dir='ltr'><strong>quidquid</strong></span> <span class='ocrx_word' id='word_1_201' title='bbox 3044 3050 3325 3125; x_wconf 83' lang='lat' dir='ltr'><strong>dicitur</strong></span> <span class='ocrx_word' id='word_1_202' title='bbox 3386 3049 3479 3124; x_wconf 88' lang='lat' dir='ltr'><strong>de</strong></span> <span class='ocrx_word' id='word_1_203' title='bbox 3543 3047 3887 3132; x_wconf 83' lang='lat' dir='ltr'><strong>scientia,</strong></span> 
     </span>
     <span class='ocr_line' id='line_1_21' title="bbox 671 3182 3888 3284; baseline -0.001 -23"><span class='ocrx_word' id='word_1_204' title='bbox 671 3194 747 3261; x_wconf 86' lang='lat' dir='ltr'><strong>et</strong></span> <span class='ocrx_word' id='word_1_205' title='bbox 776 3207 818 3261; x_wconf 92' lang='lat' dir='ltr'><strong>e</strong></span> <span class='ocrx_word' id='word_1_206' title='bbox 860 3207 1293 3261; x_wconf 83' lang='lat' dir='ltr'><strong>converso:</strong></span> <span class='ocrx_word' id='word_1_207' title='bbox 1342 3208 1486 3262; x_wconf 93' lang='lat' dir='ltr'><strong>nec</strong></span> <span class='ocrx_word' id='word_1_208' title='bbox 1526 3186 1790 3261; x_wconf 88' lang='lat' dir='ltr'><strong>omnia</strong></span> <span class='ocrx_word' id='word_1_209' title='bbox 1833 3186 1962 3262; x_wconf 87' lang='lat' dir='ltr'><strong>illa</strong></span> <span class='ocrx_word' id='word_1_210' title='bbox 2016 3210 2157 3262; x_wconf 90' lang='lat' dir='ltr'><strong>sua</strong></span> <span class='ocrx_word' id='word_1_211' title='bbox 2203 3188 2597 3263; x_wconf 73' lang='lat' dir='ltr'><strong>voluntate</strong></span> <span class='ocrx_word' id='word_1_212' title='bbox 2633 3187 2839 3262; x_wconf 83' lang='lat' dir='ltr'><strong>Deus</strong></span> <span class='ocrx_word' id='word_1_213' title='bbox 2882 3186 3068 3281; x_wconf 78' lang='lat' dir='ltr'><strong>vult,</strong></span> <span class='ocrx_word' id='word_1_214' title='bbox 3115 3209 3292 3284; x_wconf 82' lang='lat' dir='ltr'><strong>quae</strong></span> <span class='ocrx_word' id='word_1_215' title='bbox 3351 3208 3493 3259; x_wconf 86' lang='lat' dir='ltr'><strong>sua</strong></span> <span class='ocrx_word' id='word_1_216' title='bbox 3562 3182 3888 3259; x_wconf 88' lang='lat' dir='ltr'><strong>scientia</strong></span> 
     </span>
     <span class='ocr_line' id='line_1_22' title="bbox 670 3319 3886 3420; baseline -0.001 -26"><span class='ocrx_word' id='word_1_217' title='bbox 670 3319 815 3395; x_wconf 85' lang='lat' dir='ltr'><strong>scit</strong></span> <span class='ocrx_word' id='word_1_218' title='bbox 850 3342 868 3395; x_wconf 77' lang='lat' dir='ltr'><em>z</em></span> <span class='ocrx_word' id='word_1_219' title='bbox 906 3342 1083 3394; x_wconf 89' lang='lat' dir='ltr'><strong>eum</strong></span> <span class='ocrx_word' id='word_1_220' title='bbox 1117 3342 1261 3395; x_wconf 88' lang='lat' dir='ltr'><strong>sua</strong></span> <span class='ocrx_word' id='word_1_221' title='bbox 1290 3320 1618 3398; x_wconf 88' lang='lat' dir='ltr'><strong>seientia</strong></span> <span class='ocrx_word' id='word_1_222' title='bbox 1650 3323 1953 3397; x_wconf 80' lang='lat' dir='ltr'><strong>noverit</strong></span> <span class='ocrx_word' id='word_1_223' title='bbox 1983 3333 2133 3399; x_wconf 89' lang='lat' dir='ltr'><strong>tam</strong></span> <span class='ocrx_word' id='word_1_224' title='bbox 2170 3323 2396 3418; x_wconf 85' lang='lat' dir='ltr'><strong>bona,</strong></span> <span class='ocrx_word' id='word_1_225' title='bbox 2435 3345 2665 3420; x_wconf 87' lang='lat' dir='ltr'><strong>quam</strong></span> <span class='ocrx_word' id='word_1_226' title='bbox 2713 3324 2936 3415; x_wconf 84' lang='lat' dir='ltr'><strong>mala,</strong></span> <span class='ocrx_word' id='word_1_227' title='bbox 2981 3323 3374 3396; x_wconf 79' lang='lat' dir='ltr'><strong>voluntate</strong></span> <span class='ocrx_word' id='word_1_228' title='bbox 3441 3329 3699 3394; x_wconf 88' lang='lat' dir='ltr'><strong>autem</strong></span> <span class='ocrx_word' id='word_1_229' title='bbox 3736 3342 3886 3391; x_wconf 87' lang='lat' dir='ltr'><strong>non</strong></span> 
     </span>
     <span class='ocr_line' id='line_1_23' title="bbox 667 3451 3886 3558; baseline 0 -32"><span class='ocrx_word' id='word_1_230' title='bbox 667 3451 857 3528; x_wconf 81' lang='lat' dir='ltr'><strong>velit</strong></span> <span class='ocrx_word' id='word_1_231' title='bbox 886 3453 1034 3528; x_wconf 91' lang='lat' dir='ltr'><strong>nisi</strong></span> <span class='ocrx_word' id='word_1_232' title='bbox 1070 3453 1300 3530; x_wconf 88' lang='lat' dir='ltr'><strong>bona.</strong></span> <span class='ocrx_word' id='word_1_233' title='bbox 1337 3455 1680 3533; x_wconf 84' lang='lat' dir='ltr'><strong>Scientia</strong></span> <span class='ocrx_word' id='word_1_234' title='bbox 1711 3458 2000 3558; x_wconf 84' lang='lat' dir='ltr'><strong>quippe</strong></span> <span class='ocrx_word' id='word_1_235' title='bbox 2042 3458 2180 3534; x_wconf 88' lang='lat' dir='ltr'><strong>Dei</strong></span> <span class='ocrx_word' id='word_1_236' title='bbox 2252 3468 2321 3533; x_wconf 85' lang='lat' dir='ltr'><strong>et</strong></span> <span class='ocrx_word' id='word_1_237' title='bbox 2384 3456 2867 3557; x_wconf 65' lang='lat' dir='ltr'><strong>praeescientia</strong></span> <span class='ocrx_word' id='word_1_238' title='bbox 2912 3457 3004 3531; x_wconf 90' lang='lat' dir='ltr'><strong>‹le</strong></span> <span class='ocrx_word' id='word_1_239' title='bbox 3057 3455 3283 3530; x_wconf 86' lang='lat' dir='ltr'><strong>bonis</strong></span> <span class='ocrx_word' id='word_1_240' title='bbox 3331 3463 3445 3530; x_wconf 83' lang='lat' dir='ltr'><strong>est</strong></span> <span class='ocrx_word' id='word_1_241' title='bbox 3486 3464 3560 3529; x_wconf 84' lang='lat' dir='ltr'><strong>et</strong></span> <span class='ocrx_word' id='word_1_242' title='bbox 3602 3452 3823 3528; x_wconf 87' lang='lat' dir='ltr'><strong>malis</strong></span> <span class='ocrx_word' id='word_1_243' title='bbox 3870 3476 3886 3526; x_wconf 90' lang='lat'>:</span> 
     </span>
    </p>
   </div>
   <div class='ocr_carea' id='block_1_8' title="bbox 555 3590 3882 3692">
    <p class='ocr_par' dir='ltr' id='par_1_9' title="bbox 555 3590 3882 3692">
     <span class='ocr_line' id='line_1_24' title="bbox 555 3590 3882 3692; baseline -0.002 -25"><span class='ocrx_word' id='word_1_244' title='bbox 555 3657 565 3667; x_wconf 93' lang='lat'><em>.</em></span> <span class='ocrx_word' id='word_1_245' title='bbox 666 3590 1030 3667; x_wconf 83' lang='lat' dir='ltr'><strong>voluntas</strong></span> <span class='ocrx_word' id='word_1_246' title='bbox 1080 3614 1268 3668; x_wconf 79' lang='lat' dir='ltr'><strong>vero</strong></span> <span class='ocrx_word' id='word_1_247' title='bbox 1315 3603 1389 3669; x_wconf 86' lang='lat' dir='ltr'><strong>et</strong></span> <span class='ocrx_word' id='word_1_248' title='bbox 1445 3594 2024 3692; x_wconf 72' lang='lat' dir='ltr'><strong>prm-destinatio</strong></span> <span class='ocrx_word' id='word_1_249' title='bbox 2081 3594 2175 3669; x_wconf 78' lang='lat' dir='ltr'><strong>(le</strong></span> <span class='ocrx_word' id='word_1_250' title='bbox 2222 3594 2444 3668; x_wconf 85' lang='lat' dir='ltr'><strong>bonis</strong></span> <span class='ocrx_word' id='word_1_251' title='bbox 2498 3603 2610 3668; x_wconf 81' lang='lat' dir='ltr'><strong>est</strong></span> <span class='ocrx_word' id='word_1_252' title='bbox 2669 3603 3017 3667; x_wconf 73' lang='lat' dir='ltr'><strong>tantuin:</strong></span> <span class='ocrx_word' id='word_1_253' title='bbox 3063 3601 3134 3668; x_wconf 85' lang='lat' dir='ltr'><strong>et</strong></span> <span class='ocrx_word' id='word_1_254' title='bbox 3191 3602 3439 3665; x_wconf 78' lang='lat' dir='ltr'><strong>tannen</strong></span> <span class='ocrx_word' id='word_1_255' title='bbox 3509 3614 3748 3663; x_wconf 85' lang='lat' dir='ltr'><strong>unum</strong></span> <span class='ocrx_word' id='word_1_256' title='bbox 3808 3598 3882 3663; x_wconf 80' lang='lat' dir='ltr'><strong>et</strong></span> 
     </span>
    </p>
   </div>
   <div class='ocr_carea' id='block_1_9' title="bbox 668 3723 3877 4094">
    <p class='ocr_par' dir='ltr' id='par_1_10' title="bbox 668 3723 3877 4094">
     <span class='ocr_line' id='line_1_25' title="bbox 668 3723 3874 3828; baseline 0 -30"><span class='ocrx_word' id='word_1_257' title='bbox 668 3723 869 3801; x_wconf 88' lang='lat' dir='ltr'><strong>idem</strong></span> <span class='ocrx_word' id='word_1_258' title='bbox 906 3724 982 3799; x_wconf 90' lang='lat' dir='ltr'><strong>in</strong></span> <span class='ocrx_word' id='word_1_259' title='bbox 1026 3726 1190 3802; x_wconf 89' lang='lat' dir='ltr'><strong>Deo</strong></span> <span class='ocrx_word' id='word_1_260' title='bbox 1235 3736 1353 3803; x_wconf 86' lang='lat' dir='ltr'><strong>est</strong></span> <span class='ocrx_word' id='word_1_261' title='bbox 1401 3727 1724 3804; x_wconf 85' lang='lat' dir='ltr'><strong>scientia</strong></span> <span class='ocrx_word' id='word_1_262' title='bbox 1782 3738 1855 3804; x_wconf 86' lang='lat' dir='ltr'><strong>et</strong></span> <span class='ocrx_word' id='word_1_263' title='bbox 1914 3730 2296 3823; x_wconf 74' lang='lat' dir='ltr'><strong>voluntas,</strong></span> <span class='ocrx_word' id='word_1_264' title='bbox 2332 3739 2403 3802; x_wconf 84' lang='lat' dir='ltr'><strong>et</strong></span> <span class='ocrx_word' id='word_1_265' title='bbox 2462 3727 2937 3828; x_wconf 74' lang='lat' dir='ltr'><strong>prwscientia</strong></span> <span class='ocrx_word' id='word_1_266' title='bbox 2992 3738 3060 3800; x_wconf 69' lang='lat' dir='ltr'><strong>ot</strong></span> <span class='ocrx_word' id='word_1_267' title='bbox 3121 3724 3717 3826; x_wconf 73' lang='lat' dir='ltr'><strong>praedestinatio.</strong></span> <span class='ocrx_word' id='word_1_268' title='bbox 3766 3724 3874 3799; x_wconf 86' lang='lat' dir='ltr'><strong>Ita</strong></span> 
     </span>
     <span class='ocr_line' id='line_1_26' title="bbox 668 3860 3877 3958; baseline -0 -24"><span class='ocrx_word' id='word_1_269' title='bbox 668 3882 845 3934; x_wconf 86' lang='lat' dir='ltr'><strong>cum</strong></span> <span class='ocrx_word' id='word_1_270' title='bbox 884 3883 1126 3935; x_wconf 87' lang='lat' dir='ltr'><strong>unum</strong></span> <span class='ocrx_word' id='word_1_271' title='bbox 1159 3861 1256 3938; x_wconf 84' lang='lat' dir='ltr'><strong>sit</strong></span> <span class='ocrx_word' id='word_1_272' title='bbox 1287 3873 1564 3939; x_wconf 85' lang='lat' dir='ltr'><strong>natura</strong></span> <span class='ocrx_word' id='word_1_273' title='bbox 1603 3865 1741 3941; x_wconf 88' lang='lat' dir='ltr'><strong>Dei</strong></span> <span class='ocrx_word' id='word_1_274' title='bbox 1786 3874 1857 3939; x_wconf 83' lang='lat' dir='ltr'><strong>et</strong></span> <span class='ocrx_word' id='word_1_275' title='bbox 1903 3866 2284 3957; x_wconf 43' lang='lat' dir='ltr'><strong>volunta&amp;</strong></span> <span class='ocrx_word' id='word_1_276' title='bbox 2328 3864 2608 3939; x_wconf 84' lang='lat' dir='ltr'><strong>dicitur</strong></span> <span class='ocrx_word' id='word_1_277' title='bbox 2638 3874 2887 3939; x_wconf 84' lang='lat' dir='ltr'><strong>tamen</strong></span> <span class='ocrx_word' id='word_1_278' title='bbox 2926 3864 3151 3937; x_wconf 82' lang='lat' dir='ltr'><strong>Pater</strong></span> <span class='ocrx_word' id='word_1_279' title='bbox 3206 3861 3567 3958; x_wconf 74' lang='lat' dir='ltr'><strong>gemnisse</strong></span> <span class='ocrx_word' id='word_1_280' title='bbox 3602 3860 3877 3935; x_wconf 84' lang='lat' dir='ltr'><strong>Filium</strong></span> 
     </span>
     <span class='ocr_line' id='line_1_27' title="bbox 673 4000 3211 4094; baseline 0.001 -26"><span class='ocrx_word' id='word_1_281' title='bbox 673 4005 979 4092; x_wconf 86' lang='lat' dir='ltr'><strong>natura,</strong></span> <span class='ocrx_word' id='word_1_282' title='bbox 1027 4021 1179 4073; x_wconf 87' lang='lat' dir='ltr'><strong>nou</strong></span> <span class='ocrx_word' id='word_1_283' title='bbox 1213 4000 1613 4076; x_wconf 81' lang='lat' dir='ltr'><strong>voluntate</strong></span> <span class='ocrx_word' id='word_1_284' title='bbox 1652 4025 1668 4076; x_wconf 79' lang='lat' dir='ltr'>t</span> <span class='ocrx_word' id='word_1_285' title='bbox 1714 4012 1789 4077; x_wconf 86' lang='lat' dir='ltr'><strong>et</strong></span> <span class='ocrx_word' id='word_1_286' title='bbox 1829 4026 1998 4076; x_wconf 82' lang='lat' dir='ltr'><strong>esse</strong></span> <span class='ocrx_word' id='word_1_287' title='bbox 2033 4002 2239 4075; x_wconf 79' lang='lat' dir='ltr'><strong>Deus</strong></span> <span class='ocrx_word' id='word_1_288' title='bbox 2274 4011 2571 4094; x_wconf 84' lang='lat' dir='ltr'><strong>natura,</strong></span> <span class='ocrx_word' id='word_1_289' title='bbox 2605 4026 2755 4074; x_wconf 79' lang='lat' dir='ltr'><strong>non</strong></span> <span class='ocrx_word' id='word_1_290' title='bbox 2792 4001 3211 4074; x_wconf 77' lang='lat' dir='ltr'><strong>voluntate.</strong></span> 
     </span>
    </p>
   </div>
   <div class='ocr_carea' id='block_1_10' title="bbox 772 4463 3783 4700">
    <p class='ocr_par' dir='ltr' id='par_1_11' title="bbox 772 4463 3783 4700">
     <span class='ocr_line' id='line_1_28' title="bbox 772 4463 3783 4564; baseline -0.001 -22"><span class='ocrx_word' id='word_1_291' title='bbox 772 4467 853 4542; x_wconf 90' lang='lat' dir='ltr'><strong>C.</strong></span> <span class='ocrx_word' id='word_1_292' title='bbox 896 4463 1252 4558; x_wconf 73' lang='lat' dir='ltr'><strong>Qualiter</strong></span> <span class='ocrx_word' id='word_1_293' title='bbox 1292 4465 1801 4564; x_wconf 73' lang='lat' dir='ltr'><strong>intelliyenda</strong></span> <span class='ocrx_word' id='word_1_294' title='bbox 1852 4468 2010 4541; x_wconf 75' lang='lat' dir='ltr'><strong>siut</strong></span> <span class='ocrx_word' id='word_1_295' title='bbox 2066 4466 2203 4541; x_wconf 76' lang='lat' dir='ltr'><strong>illa</strong></span> <span class='ocrx_word' id='word_1_296' title='bbox 2245 4466 2497 4562; x_wconf 74' lang='lat' dir='ltr'><strong>rerba,</strong></span> <span class='ocrx_word' id='word_1_297' title='bbox 2554 4466 2793 4541; x_wconf 76' lang='lat' dir='ltr'><strong>Palm·</strong></span> <span class='ocrx_word' id='word_1_298' title='bbox 2822 4490 2958 4539; x_wconf 74' lang='lat' dir='ltr'><strong>nec</strong></span> <span class='ocrx_word' id='word_1_299' title='bbox 3000 4464 3296 4561; x_wconf 75' lang='lat' dir='ltr'><strong>uolens,</strong></span> <span class='ocrx_word' id='word_1_300' title='bbox 3344 4492 3480 4542; x_wconf 82' lang='lat' dir='ltr'><strong>nec</strong></span> <span class='ocrx_word' id='word_1_301' title='bbox 3519 4464 3783 4542; x_wconf 76' lang='lat' dir='ltr'><strong>voleus</strong></span> 
     </span>
     <span class='ocr_line' id='line_1_29' title="bbox 1250 4601 3312 4700; baseline -0 -23"><span class='ocrx_word' id='word_1_302' title='bbox 1250 4602 1468 4679; x_wconf 77' lang='lat' dir='ltr'><strong>Deus</strong></span> <span class='ocrx_word' id='word_1_303' title='bbox 1506 4611 1661 4678; x_wconf 80' lang='lat' dir='ltr'><strong>est:</strong></span> <span class='ocrx_word' id='word_1_304' title='bbox 1698 4627 1836 4678; x_wconf 83' lang='lat' dir='ltr'><strong>uec</strong></span> <span class='ocrx_word' id='word_1_305' title='bbox 1865 4601 2153 4698; x_wconf 76' lang='lat' dir='ltr'><strong>voleus,</strong></span> <span class='ocrx_word' id='word_1_306' title='bbox 2190 4628 2325 4679; x_wconf 79' lang='lat' dir='ltr'><strong>nec</strong></span> <span class='ocrx_word' id='word_1_307' title='bbox 2356 4602 2622 4678; x_wconf 79' lang='lat' dir='ltr'><strong>nolens</strong></span> <span class='ocrx_word' id='word_1_308' title='bbox 2657 4604 2922 4700; x_wconf 73' lang='lat' dir='ltr'><strong>qenm‘t</strong></span> <span class='ocrx_word' id='word_1_309' title='bbox 2951 4601 3240 4678; x_wconf 74' lang='lat' dir='ltr'><strong>Filium</strong></span> <span class='ocrx_word' id='word_1_310' title='bbox 3271 4604 3312 4676; x_wconf 78' lang='lat'><strong>⁸?</strong></span> 
     </span>
    </p>
   </div>
   <div class='ocr_carea' id='block_1_11' title="bbox 665 4936 3885 5448">
    <p class='ocr_par' dir='ltr' id='par_1_12' title="bbox 665 4936 3885 5448">
     <span class='ocr_line' id='line_1_30' title="bbox 770 4936 3880 5040; baseline -0.001 -29"><span class='ocrx_word' id='word_1_311' title='bbox 770 4936 1147 5012; x_wconf 67' lang='lat' dir='ltr'><strong>Pra‘dicta</strong></span> <span class='ocrx_word' id='word_1_312' title='bbox 1194 4948 1451 5012; x_wconf 78' lang='lat' dir='ltr'><strong>tamen</strong></span> <span class='ocrx_word' id='word_1_313' title='bbox 1502 4937 1739 5013; x_wconf 79' lang='lat' dir='ltr'><strong>verba</strong></span> <span class='ocrx_word' id='word_1_314' title='bbox 1792 4938 2076 5037; x_wconf 68' lang='lat' dir='ltr'><strong>quilius</strong></span> <span class='ocrx_word' id='word_1_315' title='bbox 2127 4940 2544 5040; x_wconf 80' lang='lat' dir='ltr'><strong>prudenter</strong></span> <span class='ocrx_word' id='word_1_316' title='bbox 2581 4942 2863 5016; x_wconf 76' lang='lat' dir='ltr'><strong>(lictum</strong></span> <span class='ocrx_word' id='word_1_317' title='bbox 2913 4950 3052 5033; x_wconf 65' lang='lat' dir='ltr'><strong>ost,</strong></span> <span class='ocrx_word' id='word_1_318' title='bbox 3110 4939 3315 5038; x_wconf 73' lang='lat' dir='ltr'><strong>qnod</strong></span> <span class='ocrx_word' id='word_1_319' title='bbox 3375 4938 3585 5012; x_wconf 75' lang='lat' dir='ltr'><strong>Deus</strong></span> <span class='ocrx_word' id='word_1_320' title='bbox 3655 4936 3880 5011; x_wconf 78' lang='lat' dir='ltr'><strong>Pater</strong></span> 
     </span>
     <span class='ocr_line' id='line_1_31' title="bbox 671 5072 3880 5172; baseline -0 -25"><span class='ocrx_word' id='word_1_321' title='bbox 671 5096 814 5148; x_wconf 89' lang='lat' dir='ltr'><strong>nec</strong></span> <span class='ocrx_word' id='word_1_322' title='bbox 855 5073 1128 5147; x_wconf 80' lang='lat' dir='ltr'><strong>volens</strong></span> <span class='ocrx_word' id='word_1_323' title='bbox 1164 5096 1305 5149; x_wconf 87' lang='lat' dir='ltr'><strong>nec</strong></span> <span class='ocrx_word' id='word_1_324' title='bbox 1346 5074 1627 5149; x_wconf 88' lang='lat' dir='ltr'><strong>nolens</strong></span> <span class='ocrx_word' id='word_1_325' title='bbox 1658 5083 1774 5149; x_wconf 81' lang='lat' dir='ltr'><strong>est</strong></span> <span class='ocrx_word' id='word_1_326' title='bbox 1812 5073 2049 5170; x_wconf 78' lang='lat' dir='ltr'><strong>DeuS,</strong></span> <span class='ocrx_word' id='word_1_327' title='bbox 2097 5100 2234 5152; x_wconf 89' lang='lat' dir='ltr'><strong>nec</strong></span> <span class='ocrx_word' id='word_1_328' title='bbox 2278 5077 2549 5153; x_wconf 86' lang='lat' dir='ltr'><strong>nolens</strong></span> <span class='ocrx_word' id='word_1_329' title='bbox 2580 5102 2719 5152; x_wconf 88' lang='lat' dir='ltr'><strong>nec</strong></span> <span class='ocrx_word' id='word_1_330' title='bbox 2760 5078 3028 5151; x_wconf 74' lang='lat' dir='ltr'><strong>volens</strong></span> <span class='ocrx_word' id='word_1_331' title='bbox 3068 5074 3331 5172; x_wconf 77' lang='lat' dir='ltr'><strong>genuit</strong></span> <span class='ocrx_word' id='word_1_332' title='bbox 3368 5072 3671 5163; x_wconf 79' lang='lat' dir='ltr'><strong>Filium,</strong></span> <span class='ocrx_word' id='word_1_333' title='bbox 3718 5073 3880 5148; x_wconf 76' lang='lat' dir='ltr'><strong>sive</strong></span> 
     </span>
     <span class='ocr_line' id='line_1_32' title="bbox 668 5209 3885 5308; baseline -0 -24"><span class='ocrx_word' id='word_1_334' title='bbox 668 5210 1067 5285; x_wconf 75' lang='lat' dir='ltr'><strong>voluntate</strong></span> <span class='ocrx_word' id='word_1_335' title='bbox 1098 5209 1262 5287; x_wconf 80' lang='lat' dir='ltr'><strong>sive</strong></span> <span class='ocrx_word' id='word_1_336' title='bbox 1305 5212 1802 5305; x_wconf 86' lang='lat' dir='ltr'><strong>necessitate,</strong></span> <span class='ocrx_word' id='word_1_337' title='bbox 1841 5235 1931 5288; x_wconf 87' lang='lat' dir='ltr'><strong>ex</strong></span> <span class='ocrx_word' id='word_1_338' title='bbox 1975 5213 2102 5287; x_wconf 81' lang='lat' dir='ltr'><strong>tali</strong></span> <span class='ocrx_word' id='word_1_339' title='bbox 2156 5236 2385 5289; x_wconf 88' lang='lat' dir='ltr'><strong>sensu</strong></span> <span class='ocrx_word' id='word_1_340' title='bbox 2443 5214 2630 5288; x_wconf 82' lang='lat' dir='ltr'><strong>mihi</strong></span> <span class='ocrx_word' id='word_1_341' title='bbox 2661 5214 3021 5289; x_wconf 74' lang='lat' dir='ltr'><strong>videntur</strong></span> <span class='ocrx_word' id='word_1_342' title='bbox 3060 5209 3505 5308; x_wconf 82' lang='lat' dir='ltr'><strong>accipienda</strong></span> <span class='ocrx_word' id='word_1_343' title='bbox 3543 5233 3558 5283; x_wconf 89' lang='lat'><strong>:</strong></span> <span class='ocrx_word' id='word_1_344' title='bbox 3602 5219 3680 5283; x_wconf 84' lang='lat' dir='ltr'><strong>ut</strong></span> <span class='ocrx_word' id='word_1_345' title='bbox 3744 5233 3885 5305; x_wconf 68' lang='lat' dir='ltr'><strong>yo-</strong></span> 
     </span>
     <span class='ocr_line' id='line_1_33' title="bbox 665 5345 3880 5448; baseline -0.001 -28"><span class='ocrx_word' id='word_1_346' title='bbox 665 5346 1037 5420; x_wconf 84' lang='lat' dir='ltr'><strong>luntatem</strong></span> <span class='ocrx_word' id='word_1_347' title='bbox 1093 5347 1659 5444; x_wconf 57' lang='lat' dir='ltr'><strong>praecedentem</strong></span> <span class='ocrx_word' id='word_1_348' title='bbox 1709 5350 1829 5424; x_wconf 80' lang='lat' dir='ltr'><strong>vel</strong></span> <span class='ocrx_word' id='word_1_349' title='bbox 1912 5349 2400 5425; x_wconf 83' lang='lat' dir='ltr'><strong>accedentem</strong></span> <span class='ocrx_word' id='word_1_350' title='bbox 2462 5350 3009 5448; x_wconf 77' lang='lat' dir='ltr'><strong>intelligamus,</strong></span> <span class='ocrx_word' id='word_1_351' title='bbox 3064 5346 3397 5445; x_wconf 86' lang='lat' dir='ltr'><strong>qualiter</strong></span> <span class='ocrx_word' id='word_1_352' title='bbox 3452 5345 3880 5420; x_wconf 85' lang='lat' dir='ltr'><strong>Eunomius</strong></span> 
     </span>
    </p>
   </div>
   <div class='ocr_carea' id='block_1_12' title="bbox 742 5717 1741 5791">
    <p class='ocr_par' dir='ltr' id='par_1_13' title="bbox 742 5678 1741 5791">
     <span class='ocr_line' id='line_1_34' title="bbox 742 5717 1741 5791; baseline -0.001 -17"><span class='ocrx_word' id='word_1_353' title='bbox 742 5720 758 5755; x_wconf 86' lang='lat'><strong>¹</strong></span> <span class='ocrx_word' id='word_1_354' title='bbox 791 5717 873 5774; x_wconf 79' lang='lat' dir='ltr'><strong>Cf.</strong></span> <span class='ocrx_word' id='word_1_355' title='bbox 916 5717 1127 5791; x_wconf 81' lang='lat' dir='ltr'><strong>Supra,</strong></span> <span class='ocrx_word' id='word_1_356' title='bbox 1170 5717 1316 5774; x_wconf 75' lang='lat' dir='ltr'><strong>nist.</strong></span> <span class='ocrx_word' id='word_1_357' title='bbox 1346 5718 1416 5784; x_wconf 87' lang='lat'><strong>11,</strong></span> <span class='ocrx_word' id='word_1_358' title='bbox 1450 5717 1491 5773; x_wconf 89' lang='lat' dir='ltr'>C</span> <span class='ocrx_word' id='word_1_359' title='bbox 1522 5719 1581 5774; x_wconf 89' lang='lat' dir='ltr'><strong>in</strong></span> <span class='ocrx_word' id='word_1_360' title='bbox 1604 5719 1741 5775; x_wconf 79' lang='lat' dir='ltr'><strong>[lue.</strong></span> 
     </span>
    </p>
   </div>
  </div>
 </body>
</html>
