4897 6388
193 3930 284 3976 Sed
305 3937 486 3981 contro.

555 303 722 372 212.

553 469 719 547 rius,
794 435 1303 548 Utrum‘lfate‘r
1376 461 1675 554 potuerit
1739 455 2110 547 producere

553 574 787 665 plures
817 576 998 646 filios
1031 598 1240 667 quam
1284 571 1555 641 unum?
2018 664 2030 677 .

650 688 708 750 1.
739 683 825 750 Et
843 683 1142 761 videtur,
1172 680 1354 772 quod
1382 679 1476 744 sic
1513 699 1525 741 :
1556 674 1718 763 quia
1744 671 1812 735 in
1841 666 2113 733 inferio-

559 790 744 858 ribus
776 793 847 858 in
879 790 1128 882 quibus
1170 798 1272 855 est
1332 781 1638 875 potentia
1694 772 2107 864 imperfecta,

554 905 747 986 pater
814 895 1056 964 eadem
1133 896 1387 960 virtute
1485 884 1797 977 producit
1889 878 2111 997 plures

555 1003 733 1070 filios
769 1026 785 1070 :
820 1024 984 1092 ergo
1020 999 1239 1067 multo
1287 998 1508 1087 magis
1566 993 1769 1059 Pater
1807 1005 2113 1077 superior

555 1116 782 1197 potest
821 1107 1200 1197 producere
1232 1103 1489 1196 plures·

646 1217 711 1282 2.
744 1215 1123 1292 Praeterea,
1161 1212 1333 1279 Filio
1365 1210 1624 1301 genitO,
1662 1212 1775 1272 aut
1801 1204 1872 1269 in
1910 1201 2111 1267 Patre

555 1325 886 1391 remansit
920 1324 1231 1414 potentia
1270 1316 1668 1410 generandi,
1743 1320 1860 1380 aut
1916 1331 2055 1376 non
2090 1328 2105 1373 ε

552 1431 609 1496 si
648 1431 771 1510 sic,
813 1452 973 1498 cum
1005 1431 1076 1496 in
1116 1428 1387 1496 aeternis
1454 1427 1541 1493 sit
1606 1422 1785 1490 idem
1845 1439 1989 1485 esse
2046 1421 2112 1481 et

550 1559 781 1626 posse,
815 1536 1022 1604 Pater
1060 1536 1300 1627 genuit
1338 1533 1547 1600 Filios
1584 1554 1600 1599 :
1638 1529 1693 1596 si
1736 1548 1901 1603 non,
1946 1542 2106 1611 ergo

549 1640 852 1720 videtur,
919 1640 1107 1731 quod
1147 1639 1353 1707 Pater
1402 1635 1722 1705 defecerit
1776 1633 1847 1698 in
1878 1628 2105 1718 aliquo

546 1749 780 1839 genito
814 1748 1012 1826 Filio,
1049 1747 1237 1839 quod
1266 1744 1640 1814 absurdum
1671 1749 1794 1808 est.

639 1858 703 1926 3.
740 1857 1112 1937 Praeterea,
1148 1854 1351 1934 Quod
1402 1860 1580 1921 esset
1625 1847 2108 1918 inconveniens

550 1964 608 2032 si
642 1964 1099 2033 immoderata
1147 1970 1326 2031 esset
1363 1962 1612 2030 divinae
1651 1953 2108 2049 generationis

548 2073 968 2162 progressio,
1012 2068 1202 2161 quod
1256 2067 1687 2159 Augustinus
1743 2064 1934 2154 ponit
1982 2081 2104 2151 pro

548 2179 1117 2247 inconvenienti?
1172 2176 1463 2245 Videtur
1529 2172 1715 2266 quod
1766 2170 2031 2240 nullum
2080 2189 2098 2237 τ

548 2286 710 2376 quia
740 2283 1215 2375 multiplicatio
1263 2282 1428 2350 boni
1481 2280 1643 2348 facit
1705 2278 1923 2367 majus
1976 2275 2106 2343 bo-

549 2414 761 2461 num:
814 2413 980 2483 ergo
1059 2389 1279 2459 multo
1345 2388 1565 2479 magis
1632 2382 2101 2474 multiplicatio

548 2499 837 2589 optimi:
879 2498 1002 2567 sed
1036 2520 1161 2588 per
1189 2496 1440 2565 multas
1481 2493 1951 2587 generationes
2005 2490 2101 2558 di·

544 2609 744 2674 vinas
805 2604 1000 2674 [ieret
1064 2602 1543 2694 multiplicatio
1611 2599 1892 2692 optimi:
1938 2619 2098 2688 ergo

541 2713 837 2795 videtur,
872 2712 1053 2804 quod
1087 2711 1367 2781 deberet
1393 2732 1567 2778 esse.

629 2822 699 2893 4.
755 2820 954 2899 Item,
1018 2817 1212 2887 Sicut
1271 2819 1341 2885 in
1404 2813 1939 2908 praecedentibus
2001 2821 2101 2881 est

542 2927 877 3008 habitum,
931 2936 1176 2996 natura
1247 2924 1332 2994 de
1401 2948 1473 2993 se
1512 2921 2097 2993 communicabilis

538 3046 680 3106 est:
726 3058 891 3128 ergo
922 3044 1258 3128 quantum
1298 3041 1401 3101 est
1437 3032 1520 3101 de
1594 3055 1692 3113 se,
1772 3033 1864 3100 ita
1919 3053 2098 3099 com-

538 3143 973 3214 municabilis
1010 3151 1113 3213 est
1149 3140 1487 3233 pluribuS,
1552 3142 1726 3208 sicut
1800 3138 2091 3218 duobus,

534 3253 643 3323 vel
673 3252 932 3321 tribus:
977 3260 1043 3321 et
1074 3251 1168 3319 ita
1196 3247 1789 3320 communicabilis
1853 3250 1920 3317 in
1982 3248 2095 3316 Fi-

535 3363 653 3443 lio,
687 3364 963 3432 sicutin
998 3362 1241 3431 Patre:
1307 3383 1464 3430 cum
1505 3361 1712 3450 igitur
1769 3382 1887 3450 per
1952 3358 2094 3426 dis-

530 3472 917 3561 tinguentia
957 3491 1101 3536 non
1131 3465 1604 3549 contrahatur,
1637 3488 1718 3534 eo
1748 3464 1929 3556 quod
1953 3487 2090 3532 non

530 3578 777 3646 cadant
815 3577 886 3644 in
932 3576 1180 3667 ipsam,
1250 3577 1400 3664 ipsa
1428 3570 2081 3641 communicabitur:

531 3693 596 3752 et
634 3685 728 3753 ita
755 3683 1054 3759 videtur.
1087 3681 1275 3773 quod
1332 3679 1785 3749 immoderata
1847 3675 2086 3746 debeat

531 3815 678 3860 esse
708 3791 957 3859 divina!
996 3786 1459 3881 generationis
1498 3785 1904 3876 progressio·

623 3899 760 3968 Sto
823 3919 1076 3965 commi
1141 3917 1157 3963 :
1222 3893 1493 3962 Nullius
1540 3901 1797 3960 naturai
1863 3900 2084 3983 potest

531 4031 680 4077 esse
734 4003 1217 4097 multiplicatio
1246 4011 1313 4071 et
1378 4000 1908 4070 communicatio
1940 4002 2082 4070 sine

528 4118 901 4208 accipiente
956 4122 1271 4182 naturam
1338 4110 1524 4178 illam
1600 4132 1722 4200 per
1804 4109 2080 4177 modum

527 4246 665 4316 quo
723 4223 1155 4313 suppositum
1230 4219 1477 4308 accipit
1534 4226 1901 4284 naturam:
1963 4217 2081 4284 sed

525 4352 665 4399 non
703 4337 928 4421 potest
957 4348 1104 4396 esse
1150 4322 1506 4415 pluralitas
1542 4323 2073 4413 suppositorum,

525 4439 654 4508 nisi
692 4439 780 4507 sit
819 4433 1171 4528 pluralitas
1218 4431 1783 4521 distinguentium
1820 4454 2080 4521 suppo-

523 4548 653 4617 sita
681 4547 768 4616 ab
800 4546 1121 4614 invicem.
1164 4539 1540 4609 Videamus
1602 4562 1763 4629 ergo
1830 4538 2076 4630 quibus

525 4654 748 4723 modis
804 4653 1132 4742 distingui
1195 4649 1264 4717 in
1323 4670 1460 4714 una
1524 4655 1762 4713 natura
1794 4658 2070 4736 possunt

522 4763 900 4854 supposita,
961 4767 1027 4827 et
1092 4755 1512 4848 applicemus
1569 4753 2072 4821 omnesmodos

521 4879 783 4937 naturae
851 4865 1128 4944 divinae,
1190 4872 1257 4929 et
1309 4859 1665 4927 videamus
1742 4870 2069 4949 quantum

517 4974 734 5064 possit
797 4969 1069 5039 extendi
1147 4964 1500 5057 pluralitas
1564 4964 2068 5053 suppositorum

516 5083 689 5172 ejus.
734 5080 854 5148 Est
879 5085 1108 5145 autem
1150 5096 1329 5142 unus
1378 5070 1622 5138 modus
1676 5093 1797 5160 per
1863 5082 2069 5141 mate·

515 5192 688 5257 riam
720 5189 788 5255 in
821 5208 956 5277 qua
995 5193 1096 5252 est
1126 5190 1372 5249 natura
1438 5180 1507 5245 in
1567 5180 1959 5267 supposito:
2003 5192 2067 5248 et

512 5302 804 5373 constat,
847 5290 1034 5383 quod
1064 5291 1188 5358 iste
1221 5286 1467 5356 modus
1509 5287 1576 5351 in
1617 5285 1863 5352 divinis
1921 5312 2065 5356 esse

512 5427 652 5474 non
715 5407 938 5493 potest
1000 5396 1219 5466 tribus
1284 5394 1367 5461 de
1432 5392 1714 5461 causis:
1777 5415 2060 5483 quarum

509 5537 648 5583 una
713 5520 841 5591 est,
900 5507 1087 5600 quod
1117 5505 1343 5575 omnis
1379 5503 1906 5570 communicatio
1941 5527 2063 5571 na-

510 5631 678 5690 turae
735 5639 891 5710 quae
948 5615 1024 5682 lit
1088 5636 1211 5704 per
1239 5610 1596 5677 materiam
1629 5609 1699 5676 lit
1758 5631 1875 5699 per
1914 5634 2060 5677 ma-

1564 290 1645 356 D.
1699 287 1896 356 ALB.
1949 281 2164 352 MAG.

2216 280 2421 349 om).
2475 282 2765 350 PRAED.

2216 451 2402 516 teriae
2438 443 3095 545 5transmutationem
3142 479 3156 523 ε
3222 457 3292 525 in
3352 456 3763 532 Deo'autem

2218 560 2686 625 transmutatio
2762 561 2945 628 nulla
3005 641 3010 645 ⁴
3050 573 3172 632 est.
3248 564 3561 636 Secunda
3637 579 3761 648 est,

2218 664 2542 749 quoniam
2609 668 2829 732 omnis
2890 669 3036 736 talis
3089 675 3618 743 communicatio
3661 677 3771 744 di-

2217 766 2385 834 vidit
2424 777 2759 854 naturam,
2796 775 2882 839 ita
2915 775 3099 863 quod
3140 779 3286 867 ipsa
3318 803 3455 848 non
3493 792 3593 850 est
3633 807 3766 850 una

2219 897 2503 943 numero
2581 880 2646 944 in
2709 883 3100 970 suppositiS,
3169 885 3287 953 sed
3336 892 3764 959 una·ratione

2218 989 2505 1052 tantum.
2546 986 2766 1053 Tertia
2812 999 2930 1064 est,
2994 993 3323 1079 quoniam
3383 999 3608 1064 omnis
3666 1007 3763 1064 ta·

2215 1088 2298 1155 lis
2355 1089 2819 1181 multiplicatio
2879 1097 3063 1184 prius
3127 1108 3230 1167 est
3293 1103 3363 1167 in
3456 1106 3760 1192 potentia

2219 1219 2421 1287 quam
2466 1200 2533 1266 in
2572 1210 2764 1267 actu:
2801 1224 2953 1292 quae
2983 1207 3215 1273 omnia
3263 1230 3302 1274 a
3358 1207 3589 1278 divina
3645 1234 3756 1279 na-

2216 1313 2367 1372 tura
2398 1318 2869 1376 removentur:
2922 1333 3085 1403 ergo
3133 1322 3342 1403 patet,
3379 1319 3564 1407 quod
3620 1342 3758 1387 non

2216 1419 2317 1478 est
2353 1411 2445 1479 ibi
2495 1418 3018 1486 communicatio
3059 1443 3179 1509 per
3209 1427 3506 1491 materiae
3546 1429 3761 1515 parti-

2215 1518 2647 1603 culatiouem,
2718 1525 2786 1592 id
2823 1535 2946 1612 est,
2980 1550 3103 1618 per
3167 1528 3297 1604 hoc
3360 1534 3544 1623 quod
3611 1558 3763 1603 ma-

2213 1630 2380 1697 teria
2416 1633 2770 1720 particulet
2824 1644 3141 1703 naturam
3194 1662 3398 1729 super
3452 1646 3763 1733 supposi-

2213 1745 2381 1805 tum.
2415 1739 2531 1807 Est
2555 1745 2779 1811 autem
2811 1743 2983 1812 alius
3016 1745 3258 1814 modus
3298 1751 3414 1840 qui
3464 1760 3565 1819 est
3640 1776 3760 1843 per

2213 1850 2656 1937 proprietates
2693 1851 3011 1920 facientes
3055 1863 3121 1921 et
3160 1860 3650 1928 constituentes
3690 1871 3758 1929 et

2212 1953 2697 2047 distinguentes
2745 1963 3197 2050 suppositum,
3258 1963 3416 2034 licet
3491 1966 3752 2036 indisse-

2210 2084 2367 2129 rens
2406 2066 2493 2132 sit
2521 2066 2703 2156 quod
2731 2075 2831 2135 est
2859 2091 2899 2135 a
2927 2092 3063 2159 quo
3091 2079 3234 2138 est:
3279 2080 3346 2140 et
3393 2075 3517 2141 iste
3565 2075 3754 2144 solus

2211 2169 2454 2237 modus
2494 2173 2830 2261 possibilis
2859 2185 2959 2242 est
2999 2178 3068 2243 in
3108 2176 3396 2248 divinis:
3452 2189 3517 2249 et
3573 2185 3755 2251 acci-

2207 2277 2481 2366 piantur
2532 2283 2971 2370 proprietates
3028 2285 3310 2375 originis
3380 2289 3555 2356 inter
3620 2289 3756 2357 Pa-

2207 2394 2380 2454 trem
2446 2397 2513 2457 et
2580 2388 2819 2458 Filium
2878 2393 3065 2481 (quia
3105 2393 3186 2462 de
3231 2393 3487 2486 Spiritu
3519 2408 3753 2467 sancto

2206 2491 2380 2561 infra
2406 2493 2685 2584 patebit)
2718 2519 2852 2563 non
2892 2500 3278 2567 invenietur
3326 2502 3459 2569 nisi
3525 2512 3754 2594 pater-

2206 2601 2382 2667 nitas
2412 2609 2477 2667 et
2515 2599 2791 2668 filiatio:
2863 2601 3009 2672 haec
3069 2613 3297 2673 autem
3351 2630 3473 2697 per
3546 2618 3759 2678 mate-

2207 2708 2375 2776 riam
2441 2713 2779 2777 numerari
2847 2733 2985 2779 non
3042 2722 3353 2804 possunt,
3409 2724 3482 2782 ut
3511 2716 3752 2807 proha·

2205 2824 2348 2883 tum
2407 2827 2546 2884 cst:
2624 2842 2784 2910 ergo
2839 2842 2976 2886 non
3034 2822 3575 2893 numerabuntur
3622 2827 3749 2893 nisi

2202 2946 2323 3014 per
2346 2924 2755 2994 differentias
2779 2929 3167 3018 specilicas:
3212 2931 3329 3000 sed
3360 2934 3585 3001 omnis
3625 2958 3750 3025 pa-

2201 3033 2481 3099 ternitas
2553 3035 2738 3100 omni
2804 3037 3188 3124 paternitati
3247 3037 3486 3106 eadem
3543 3042 3745 3109 estin

2200 3138 2419 3227 specie
2451 3160 2599 3229 quae
2638 3148 2736 3207 est
2781 3141 3114 3231 suppositi
3189 3142 3494 3232 ejusdem
3553 3155 3745 3214 natu-

2204 3267 2330 3312 rae:
2376 3246 2686 3314 similiter
2737 3251 2961 3315 omnis
3035 3248 3272 3319 filiatio
3328 3253 3516 3320 omni
3572 3253 3751 3323 lilia-

2200 3354 2410 3421 tioui:
2476 3378 2627 3422 cum
2688 3357 2892 3447 igitur
2951 3357 3066 3425 [ilii
3108 3358 3339 3449 plures
3370 3363 3512 3431 sive
3547 3364 3746 3431 unius

2197 3464 2404 3551 patris
2442 3465 2582 3530 sive
2639 3463 2931 3531 liliorum
2999 3488 3281 3534 suorum
3340 3492 3480 3536 non
3546 3470 3746 3539 dille-

2197 3576 2344 3634 rant
2401 3570 2712 3645 essentia,
2781 3572 2832 3636 si
2913 3571 3363 3642 differentiam
3462 3574 3741 3659 liabent,

2196 3674 2309 3741 illa
2337 3687 2643 3744 sumetur
2673 3702 2875 3767 penes
2917 3681 3363 3771 proprietates
3391 3704 3407 3750 ε
3452 3684 3568 3752 scd
3602 3708 3738 3753 non

2192 3780 2511 3851 differunt
2584 3787 2827 3875 specie,
2888 3786 2991 3853 vel
3053 3790 3336 3857 materia
3380 3792 3741 3862 filiationes

2190 3917 2469 3962 eorum:
2512 3918 2673 3985 ergo
2707 3895 2937 3964 filiatio
2977 3921 3216 3966 eorum
3248 3902 3374 3967 erit
3407 3924 3541 3969 una
3580 3911 3736 3971 tan-

2190 4008 2376 4068 tum:
2412 4026 2574 4093 ergo
2624 4005 2745 4093 ipsi
2787 4027 3025 4072 omnes
3062 4017 3261 4075 erunt
3318 4032 3495 4076 unus
3553 4009 3735 4078 lilius

2189 4131 2309 4177 nec
2376 4111 2662 4177 essentia
2737 4135 2857 4179 nec
2919 4115 3327 4204 proprietate
3369 4116 3731 4186 differens:

2185 4238 2347 4305 ergo
2389 4239 2525 4283 non
2564 4227 2844 4307 possunt
2884 4219 3114 4310 aliquo
3148 4221 3351 4290 modo
3384 4223 3453 4290 in
3483 4224 3736 4294 divinis

2186 4348 2329 4390 esse
2364 4324 2587 4413 plures
2620 4325 2760 4394 lilii.
2800 4350 2919 4395 uec
2958 4327 3185 4418 plures
3218 4340 3439 4420 patres
3495 4334 3730 4403 eadem

2185 4432 2473 4499 ratione.

2274 4539 2457 4617 ΙτεΜ,
2495 4541 2671 4609 Licet
2715 4545 3240 4614 communicatio
3302 4550 3386 4616 sit
3443 4549 3524 4616 de
3586 4574 3733 4640 per·

2184 4645 2467 4713 lectione
2527 4659 2776 4715 naturae
2824 4650 3176 4740 simplicis,
3230 4662 3456 4721 tamen
3489 4655 3730 4723 multi-

2182 4752 2450 4841 plicatio
2489 4765 2587 4822 est
2627 4755 2707 4822 (le
2748 4757 3250 4847 imperfectione
3313 4763 3483 4850 ejus,
3550 4763 3731 4829 1)κο-

2180 4884 2389 4927 nario.
2428 4862 2895 4953 Multiplicatio
2951 4866 3019 4932 in
3096 4870 3465 4956 suppositis
3522 4871 3727 4937 unius

2180 4977 2433 5036 naturae
2490 4994 2624 5036 non
2690 4980 3091 5060 potestesse
3148 4975 3273 5039 nisi
3340 4997 3476 5042 una
3521 4978 3726 5044 trium

2177 5097 2558 5153 causarum,
2627 5076 2875 5144 scilicet
2924 5078 3281 5168 multiplex
3312 5079 3724 5150 desiderium

2177 5182 2500 5258 materiae.
2532 5205 2613 5250 eo
2652 5182 2833 5273 quod
2873 5185 3154 5251 materia
3194 5208 3330 5252 non
3388 5187 3720 5256 desiderat

2176 5293 2437 5354 tantum
2508 5290 2573 5356 iu
2639 5312 2771 5355 una
2838 5297 3050 5379 parte,
3130 5291 3246 5359 sed
3307 5293 3375 5359 in
3415 5295 3720 5383 partibus

2173 5396 2490 5463 omnibus
2529 5399 2800 5487 perlici:
2844 5395 2952 5464 vel
2983 5419 3064 5465 eo
3097 5400 3282 5488 quod
3314 5424 3452 5468 non
3491 5412 3717 5491 potest

2175 5505 2239 5569 in
2273 5507 2502 5594 paucis
2542 5505 2783 5572 salvari
2837 5515 3191 5595 perpetuo,
3252 5519 3318 5576 et
3383 5510 3534 5577 ideo
3596 5509 3719 5576 ‹le-

2171 5612 2417 5679 siderat
2483 5614 2550 5679 in
2617 5613 2843 5680 multis
2909 5611 3163 5682 habere
3239 5615 3555 5696 formam,
3646 5628 3720 5684 ut
