<?xml version="1.0" encoding="UTF-8"?>
<!DOCTYPE html PUBLIC "-//W3C//DTD XHTML 1.0 Transitional//EN"
    "http://www.w3.org/TR/xhtml1/DTD/xhtml1-transitional.dtd">
<html xmlns="http://www.w3.org/1999/xhtml" xml:lang="en" lang="en">
 <head>
  <title>
</title>
<meta http-equiv="Content-Type" content="text/html;charset=utf-8" />
  <meta name='ocr-system' content='tesseract 3.04.00' />
  <meta name='ocr-capabilities' content='ocr_page ocr_carea ocr_par ocr_line ocrx_word'/>
</head>
<body>
  <div class='ocr_page' id='page_1' title='image "balbertimagnira03chgoog_0221.png"; bbox 0 0 4897 6388; ppageno 0'>
   <div class='ocr_carea' id='block_1_1' title="bbox 1770 202 3641 339">
    <p class='ocr_par' dir='ltr' id='par_1_1' title="bbox 1770 202 3641 339">
     <span class='ocr_line' id='line_1_1' title="bbox 1770 202 3641 339; baseline -0.006 -37"><span class='ocrx_word' id='word_1_1' title='bbox 1770 233 1865 300; x_wconf 82' lang='lat' dir='ltr'>IN</span> <span class='ocrx_word' id='word_1_2' title='bbox 1912 232 2082 299; x_wconf 79' lang='lat' dir='ltr'>Lm.</span> <span class='ocrx_word' id='word_1_3' title='bbox 2136 227 2163 293; x_wconf 89' lang='lat'><em>1</em></span> <span class='ocrx_word' id='word_1_4' title='bbox 2214 202 2642 291; x_wconf 74' lang='lat' dir='ltr'><strong>SENTENT.</strong></span> <span class='ocrx_word' id='word_1_5' title='bbox 2696 216 2921 339; x_wconf 74' lang='lat' dir='ltr'>msT.</span> <span class='ocrx_word' id='word_1_6' title='bbox 2979 216 3128 296; x_wconf 86' lang='lat' dir='ltr'>vu,</span> <span class='ocrx_word' id='word_1_7' title='bbox 3182 219 3267 300; x_wconf 86' lang='lat' dir='ltr'>A,</span> <span class='ocrx_word' id='word_1_8' title='bbox 3318 219 3519 287; x_wconf 70' lang='grc' dir='ltr'>ΑΜ.</span> <span class='ocrx_word' id='word_1_9' title='bbox 3575 223 3641 292; x_wconf 87' lang='lat'>3.</span> 
     </span>
    </p>
   </div>
   <div class='ocr_carea' id='block_1_2' title="bbox 1089 381 2644 812">
    <p class='ocr_par' dir='ltr' id='par_1_2' title="bbox 1089 381 2644 812">
     <span class='ocr_line' id='line_1_2' title="bbox 1095 381 2644 493; baseline -0.01 -23"><span class='ocrx_word' id='word_1_10' title='bbox 1095 403 1353 493; x_wconf 83' lang='lat' dir='ltr'>aliquid</span> <span class='ocrx_word' id='word_1_11' title='bbox 1395 427 1411 471; x_wconf 89' lang='lat'>:</span> <span class='ocrx_word' id='word_1_12' title='bbox 1449 427 1573 472; x_wconf 92' lang='lat' dir='ltr'>nos</span> <span class='ocrx_word' id='word_1_13' title='bbox 1604 381 1787 472; x_wconf 83' lang='lat' dir='ltr'>enim</span> <span class='ocrx_word' id='word_1_14' title='bbox 1843 424 2048 492; x_wconf 82' lang='lat' dir='ltr'>supra</span> <span class='ocrx_word' id='word_1_15' title='bbox 2089 398 2413 469; x_wconf 79' lang='lat' dir='ltr'>diximuS,</span> <span class='ocrx_word' id='word_1_16' title='bbox 2459 386 2644 480; x_wconf 88' lang='lat' dir='ltr'>quod</span> 
     </span>
     <span class='ocr_line' id='line_1_3' title="bbox 1093 502 2642 603; baseline -0.009 -22"><span class='ocrx_word' id='word_1_17' title='bbox 1093 516 1396 603; x_wconf 81' lang='lat' dir='ltr'>potentia</span> <span class='ocrx_word' id='word_1_18' title='bbox 1443 509 1809 602; x_wconf 81' lang='lat' dir='ltr'>generandi</span> <span class='ocrx_word' id='word_1_19' title='bbox 1867 508 2176 577; x_wconf 79' lang='lat' dir='ltr'>nominat</span> <span class='ocrx_word' id='word_1_20' title='bbox 2248 502 2532 594; x_wconf 83' lang='lat' dir='ltr'>aliquid,</span> <span class='ocrx_word' id='word_1_21' title='bbox 2577 510 2642 568; x_wconf 86' lang='lat' dir='ltr'>et</span> 
     </span>
     <span class='ocr_line' id='line_1_4' title="bbox 1093 610 2641 709; baseline -0.008 -23"><span class='ocrx_word' id='word_1_22' title='bbox 1093 619 1178 686; x_wconf 79' lang='lat' dir='ltr'>ad</span> <span class='ocrx_word' id='word_1_23' title='bbox 1216 618 1476 709; x_wconf 82' lang='lat' dir='ltr'>aliquid</span> <span class='ocrx_word' id='word_1_24' title='bbox 1515 616 1931 705; x_wconf 83' lang='lat' dir='ltr'>conjunctim</span> <span class='ocrx_word' id='word_1_25' title='bbox 1976 635 1991 680; x_wconf 77' lang='grc' dir='ltr'><strong><em>ε</em></strong></span> <span class='ocrx_word' id='word_1_26' title='bbox 2037 622 2102 682; x_wconf 83' lang='lat' dir='ltr'>et</span> <span class='ocrx_word' id='word_1_27' title='bbox 2130 634 2249 703; x_wconf 86' lang='lat' dir='ltr'>per</span> <span class='ocrx_word' id='word_1_28' title='bbox 2287 610 2418 678; x_wconf 87' lang='lat' dir='ltr'>hoc</span> <span class='ocrx_word' id='word_1_29' title='bbox 2456 616 2641 699; x_wconf 82' lang='lat' dir='ltr'>patet</span> 
     </span>
     <span class='ocr_line' id='line_1_5' title="bbox 1089 722 2042 812; baseline -0.005 -18"><span class='ocrx_word' id='word_1_30' title='bbox 1089 725 1339 794; x_wconf 85' lang='lat' dir='ltr'>solutio</span> <span class='ocrx_word' id='word_1_31' title='bbox 1370 724 1457 792; x_wconf 83' lang='lat' dir='ltr'>ad</span> <span class='ocrx_word' id='word_1_32' title='bbox 1486 725 1725 791; x_wconf 79' lang='lat' dir='ltr'>omnia</span> <span class='ocrx_word' id='word_1_33' title='bbox 1754 722 2042 812; x_wconf 82' lang='lat' dir='ltr'>objecta.</span> 
     </span>
    </p>
   </div>
   <div class='ocr_carea' id='block_1_3' title="bbox 1515 1148 2176 1220">
    <p class='ocr_par' dir='ltr' id='par_1_3' title="bbox 1515 1148 2176 1220">
     <span class='ocr_line' id='line_1_6' title="bbox 1515 1148 2176 1220; baseline -0.005 -3"><span class='ocrx_word' id='word_1_34' title='bbox 1515 1150 2016 1220; x_wconf 73' lang='lat' dir='ltr'>ARTICULL’S</span> <span class='ocrx_word' id='word_1_35' title='bbox 2058 1148 2176 1218; x_wconf 88' lang='lat'>111.</span> 
     </span>
    </p>
   </div>
   <div class='ocr_carea' id='block_1_4' title="bbox 1083 1365 2626 1565">
    <p class='ocr_par' dir='ltr' id='par_1_4' title="bbox 1083 1365 2626 1565">
     <span class='ocr_line' id='line_1_7' title="bbox 1083 1365 2625 1457; baseline -0.003 -24"><span class='ocrx_word' id='word_1_36' title='bbox 1083 1367 1189 1434; x_wconf 85' lang='lat' dir='ltr'>De</span> <span class='ocrx_word' id='word_1_37' title='bbox 1213 1365 1462 1457; x_wconf 80' lang='lat' dir='ltr'>quibus</span> <span class='ocrx_word' id='word_1_38' title='bbox 1499 1375 1562 1432; x_wconf 80' lang='lat' dir='ltr'>et</span> <span class='ocrx_word' id='word_1_39' title='bbox 1592 1374 1891 1456; x_wconf 81' lang='lat' dir='ltr'>respectu</span> <span class='ocrx_word' id='word_1_40' title='bbox 1939 1387 2232 1456; x_wconf 81' lang='lat' dir='ltr'>quorum</span> <span class='ocrx_word' id='word_1_41' title='bbox 2280 1375 2377 1432; x_wconf 77' lang='lat' dir='ltr'>esc</span> <span class='ocrx_word' id='word_1_42' title='bbox 2426 1385 2625 1455; x_wconf 78' lang='lat' dir='ltr'>posse</span> 
     </span>
     <span class='ocr_line' id='line_1_8' title="bbox 1172 1472 2626 1565; baseline -0.004 -22"><span class='ocrx_word' id='word_1_43' title='bbox 1172 1476 1510 1555; x_wconf 77' lang='lat' dir='ltr'>divinum,</span> <span class='ocrx_word' id='word_1_44' title='bbox 1591 1498 1681 1542; x_wconf 84' lang='lat' dir='ltr'>an</span> <span class='ocrx_word' id='word_1_45' title='bbox 1769 1484 2068 1565; x_wconf 81' lang='lat' dir='ltr'>respectu</span> <span class='ocrx_word' id='word_1_46' title='bbox 2156 1472 2626 1563; x_wconf 78' lang='lat' dir='ltr'>subjectorum</span> 
     </span>
    </p>
   </div>
   <div class='ocr_carea' id='block_1_5' title="bbox 1169 1581 1531 1652">
    <p class='ocr_par' dir='ltr' id='par_1_5' title="bbox 1169 1581 1531 1652">
     <span class='ocr_line' id='line_1_9' title="bbox 1169 1581 1531 1652; baseline -0.003 -2"><span class='ocrx_word' id='word_1_47' title='bbox 1169 1594 1441 1652; x_wconf 80' lang='lat' dir='ltr'>tantum</span> <span class='ocrx_word' id='word_1_48' title='bbox 1490 1581 1531 1649; x_wconf 69' lang='grc' dir='ltr'><em>Ρ</em></span> 
     </span>
    </p>
   </div>
   <div class='ocr_carea' id='block_1_6' title="bbox 975 1898 2616 2643">
    <p class='ocr_par' dir='ltr' id='par_1_6' title="bbox 975 1898 2616 2319">
     <span class='ocr_line' id='line_1_10' title="bbox 1161 1898 2616 1994; baseline -0.001 -25"><span class='ocrx_word' id='word_1_49' title='bbox 1161 1902 1386 1971; x_wconf 86' lang='lat' dir='ltr'>Tertio</span> <span class='ocrx_word' id='word_1_50' title='bbox 1419 1903 1770 1994; x_wconf 67' lang='lat' dir='ltr'>quaeritur,</span> <span class='ocrx_word' id='word_1_51' title='bbox 1827 1900 2064 1969; x_wconf 81' lang='lat' dir='ltr'>Utrum</span> <span class='ocrx_word' id='word_1_52' title='bbox 2112 1922 2312 1990; x_wconf 87' lang='lat' dir='ltr'>posse</span> <span class='ocrx_word' id='word_1_53' title='bbox 2352 1910 2419 1969; x_wconf 86' lang='lat' dir='ltr'>et</span> <span class='ocrx_word' id='word_1_54' title='bbox 2445 1898 2616 1968; x_wconf 87' lang='lat' dir='ltr'>velle</span> 
     </span>
     <span class='ocr_line' id='line_1_11' title="bbox 1075 2010 2611 2098; baseline -0.002 -21"><span class='ocrx_word' id='word_1_55' title='bbox 1075 2010 1146 2077; x_wconf 93' lang='lat' dir='ltr'>in</span> <span class='ocrx_word' id='word_1_56' title='bbox 1193 2010 1338 2079; x_wconf 84' lang='lat' dir='ltr'>Deo</span> <span class='ocrx_word' id='word_1_57' title='bbox 1370 2011 1677 2079; x_wconf 81' lang='lat' dir='ltr'>dieantur</span> <span class='ocrx_word' id='word_1_58' title='bbox 1713 2015 1977 2077; x_wconf 79' lang='lat' dir='ltr'>tantum</span> <span class='ocrx_word' id='word_1_59' title='bbox 2026 2016 2332 2098; x_wconf 77' lang='lat' dir='ltr'>respectu</span> <span class='ocrx_word' id='word_1_60' title='bbox 2372 2031 2611 2077; x_wconf 89' lang='lat' dir='ltr'>eorum</span> 
     </span>
     <span class='ocr_line' id='line_1_12' title="bbox 975 2117 2607 2210; baseline -0.003 -23"><span class='ocrx_word' id='word_1_61' title='bbox 975 2197 982 2204; x_wconf 92' lang='lat'>.</span> <span class='ocrx_word' id='word_1_62' title='bbox 1073 2142 1226 2210; x_wconf 82' lang='lat' dir='ltr'>quae</span> <span class='ocrx_word' id='word_1_63' title='bbox 1280 2119 1735 2208; x_wconf 84' lang='lat' dir='ltr'>subjiciuntur</span> <span class='ocrx_word' id='word_1_64' title='bbox 1772 2117 2088 2208; x_wconf 81' lang='lat' dir='ltr'>potentiae</span> <span class='ocrx_word' id='word_1_65' title='bbox 2139 2125 2205 2185; x_wconf 88' lang='lat' dir='ltr'>et</span> <span class='ocrx_word' id='word_1_66' title='bbox 2242 2117 2607 2196; x_wconf 82' lang='lat' dir='ltr'>voluntati,</span> 
     </span>
     <span class='ocr_line' id='line_1_13' title="bbox 1064 2225 2165 2319; baseline -0.003 -25"><span class='ocrx_word' id='word_1_67' title='bbox 1064 2228 1176 2296; x_wconf 84' lang='lat' dir='ltr'>vel</span> <span class='ocrx_word' id='word_1_68' title='bbox 1217 2229 1422 2298; x_wconf 79' lang='lat' dir='ltr'>etiam</span> <span class='ocrx_word' id='word_1_69' title='bbox 1462 2234 1769 2319; x_wconf 82' lang='lat' dir='ltr'>respectu</span> <span class='ocrx_word' id='word_1_70' title='bbox 1811 2225 2100 2294; x_wconf 81' lang='lat' dir='ltr'>aliorum</span> <span class='ocrx_word' id='word_1_71' title='bbox 2131 2225 2165 2291; x_wconf 76' lang='lat'>⁶?</span> 
     </span>
    </p>

    <p class='ocr_par' dir='ltr' id='par_1_7' title="bbox 1061 2334 2614 2643">
     <span class='ocr_line' id='line_1_14' title="bbox 1157 2334 2614 2427; baseline -0.003 -23"><span class='ocrx_word' id='word_1_72' title='bbox 1157 2336 1243 2405; x_wconf 86' lang='lat' dir='ltr'>Et</span> <span class='ocrx_word' id='word_1_73' title='bbox 1271 2339 1448 2407; x_wconf 79' lang='lat' dir='ltr'>eirea</span> <span class='ocrx_word' id='word_1_74' title='bbox 1472 2337 1602 2405; x_wconf 87' lang='lat' dir='ltr'>hoc</span> <span class='ocrx_word' id='word_1_75' title='bbox 1641 2334 2002 2427; x_wconf 82' lang='lat' dir='ltr'>quaerenda</span> <span class='ocrx_word' id='word_1_76' title='bbox 2031 2341 2186 2402; x_wconf 89' lang='lat' dir='ltr'>sunt</span> <span class='ocrx_word' id='word_1_77' title='bbox 2226 2335 2388 2413; x_wconf 85' lang='lat' dir='ltr'>due,</span> <span class='ocrx_word' id='word_1_78' title='bbox 2425 2334 2614 2403; x_wconf 87' lang='lat' dir='ltr'>seili-</span> 
     </span>
     <span class='ocr_line' id='line_1_15' title="bbox 1063 2442 2613 2536; baseline -0.003 -23"><span class='ocrx_word' id='word_1_79' title='bbox 1063 2452 1173 2513; x_wconf 84' lang='lat' dir='ltr'>cet</span> <span class='ocrx_word' id='word_1_80' title='bbox 1227 2444 1307 2512; x_wconf 86' lang='lat' dir='ltr'>de</span> <span class='ocrx_word' id='word_1_81' title='bbox 1374 2444 1621 2536; x_wconf 90' lang='lat' dir='ltr'>quibus</span> <span class='ocrx_word' id='word_1_82' title='bbox 1677 2446 1765 2513; x_wconf 88' lang='lat' dir='ltr'>sit</span> <span class='ocrx_word' id='word_1_83' title='bbox 1820 2465 2019 2535; x_wconf 88' lang='lat' dir='ltr'>posse</span> <span class='ocrx_word' id='word_1_84' title='bbox 2086 2442 2460 2510; x_wconf 81' lang='lat' dir='ltr'>divinum?</span> <span class='ocrx_word' id='word_1_85' title='bbox 2525 2442 2613 2509; x_wconf 86' lang='lat' dir='ltr'>Et</span> 
     </span>
     <span class='ocr_line' id='line_1_16' title="bbox 1061 2549 2612 2643; baseline -0.002 -22"><span class='ocrx_word' id='word_1_86' title='bbox 1061 2562 1293 2621; x_wconf 83' lang='lat' dir='ltr'>utrum</span> <span class='ocrx_word' id='word_1_87' title='bbox 1326 2554 1525 2621; x_wconf 78' lang='lat' dir='ltr'>unice</span> <span class='ocrx_word' id='word_1_88' title='bbox 1550 2555 1637 2621; x_wconf 86' lang='lat' dir='ltr'>sit</span> <span class='ocrx_word' id='word_1_89' title='bbox 1664 2553 1967 2643; x_wconf 81' lang='lat' dir='ltr'>potentia</span> <span class='ocrx_word' id='word_1_90' title='bbox 1986 2549 2070 2619; x_wconf 72' lang='lat' dir='ltr'>ad</span> <span class='ocrx_word' id='word_1_91' title='bbox 2096 2572 2295 2640; x_wconf 88' lang='lat' dir='ltr'>posse</span> <span class='ocrx_word' id='word_1_92' title='bbox 2326 2573 2612 2641; x_wconf 80' lang='lat' dir='ltr'>genere-</span> 
     </span>
    </p>
   </div>
   <div class='ocr_carea' id='block_1_7' title="bbox 1065 2659 2603 2856">
    <p class='ocr_par' dir='ltr' id='par_1_8' title="bbox 1065 2659 2603 2856">
     <span class='ocr_line' id='line_1_17' title="bbox 1065 2659 1937 2751; baseline -0.002 -23"><span class='ocrx_word' id='word_1_93' title='bbox 1065 2683 1162 2742; x_wconf 90' lang='lat' dir='ltr'>re,</span> <span class='ocrx_word' id='word_1_94' title='bbox 1208 2669 1275 2728; x_wconf 90' lang='lat' dir='ltr'>et</span> <span class='ocrx_word' id='word_1_95' title='bbox 1303 2660 1388 2729; x_wconf 80' lang='lat' dir='ltr'>ed</span> <span class='ocrx_word' id='word_1_96' title='bbox 1410 2683 1607 2751; x_wconf 86' lang='lat' dir='ltr'>posse</span> <span class='ocrx_word' id='word_1_97' title='bbox 1647 2681 1874 2728; x_wconf 74' lang='lat' dir='ltr'>creare</span> <span class='ocrx_word' id='word_1_98' title='bbox 1902 2659 1937 2726; x_wconf 82' lang='lat'>⁴?</span> 
     </span>
     <span class='ocr_line' id='line_1_18' title="bbox 1153 2763 2603 2856; baseline -0.001 -21"><span class='ocrx_word' id='word_1_99' title='bbox 1153 2770 1214 2835; x_wconf 89' lang='lat'>1.</span> <span class='ocrx_word' id='word_1_100' title='bbox 1230 2767 1520 2836; x_wconf 80' lang='lat' dir='ltr'>Videtur</span> <span class='ocrx_word' id='word_1_101' title='bbox 1535 2775 1788 2844; x_wconf 83' lang='lat' dir='ltr'>autem,</span> <span class='ocrx_word' id='word_1_102' title='bbox 1816 2763 1999 2856; x_wconf 86' lang='lat' dir='ltr'>quod</span> <span class='ocrx_word' id='word_1_103' title='bbox 2020 2763 2279 2832; x_wconf 79' lang='lat' dir='ltr'>dicatur</span> <span class='ocrx_word' id='word_1_104' title='bbox 2297 2774 2603 2855; x_wconf 83' lang='lat' dir='ltr'>respectu</span> 
     </span>
    </p>
   </div>
   <div class='ocr_carea' id='block_1_8' title="bbox 1012 2870 2604 5662">
    <p class='ocr_par' dir='ltr' id='par_1_9' title="bbox 1039 2870 2604 3829">
     <span class='ocr_line' id='line_1_19' title="bbox 1053 2870 2604 2966; baseline -0.001 -24"><span class='ocrx_word' id='word_1_105' title='bbox 1053 2875 1518 2966; x_wconf 84' lang='lat' dir='ltr'>subjectorum</span> <span class='ocrx_word' id='word_1_106' title='bbox 1549 2883 1813 2943; x_wconf 81' lang='lat' dir='ltr'>tantum</span> <span class='ocrx_word' id='word_1_107' title='bbox 1854 2894 1872 2941; x_wconf 78' lang='lat' dir='ltr'>t</span> <span class='ocrx_word' id='word_1_108' title='bbox 1932 2873 2089 2963; x_wconf 76' lang='lat' dir='ltr'>quia</span> <span class='ocrx_word' id='word_1_109' title='bbox 2122 2873 2211 2938; x_wconf 81' lang='lat' dir='ltr'>ita</span> <span class='ocrx_word' id='word_1_110' title='bbox 2252 2870 2415 2939; x_wconf 87' lang='lat' dir='ltr'>dicit</span> <span class='ocrx_word' id='word_1_111' title='bbox 2454 2873 2604 2940; x_wconf 80' lang='lat' dir='ltr'>Au-</span> 
     </span>
     <span class='ocr_line' id='line_1_20' title="bbox 1054 2978 2602 3073; baseline -0.002 -23"><span class='ocrx_word' id='word_1_112' title='bbox 1054 2990 1203 3050; x_wconf 88' lang='lat' dir='ltr'>ctor</span> <span class='ocrx_word' id='word_1_113' title='bbox 1242 2984 1310 3050; x_wconf 91' lang='lat' dir='ltr'>in</span> <span class='ocrx_word' id='word_1_114' title='bbox 1350 2984 1634 3062; x_wconf 80' lang='lat' dir='ltr'>Littera,</span> <span class='ocrx_word' id='word_1_115' title='bbox 1675 2978 1857 3073; x_wconf 89' lang='lat' dir='ltr'>quod</span> <span class='ocrx_word' id='word_1_116' title='bbox 1887 2979 2039 3048; x_wconf 84' lang='lat' dir='ltr'>ideo</span> <span class='ocrx_word' id='word_1_117' title='bbox 2099 2978 2307 3046; x_wconf 84' lang='lat' dir='ltr'>Filius</span> <span class='ocrx_word' id='word_1_118' title='bbox 2373 2979 2602 3071; x_wconf 91' lang='lat' dir='ltr'>impo-</span> 
     </span>
     <span class='ocr_line' id='line_1_21' title="bbox 1052 3085 2599 3176; baseline -0.005 -19"><span class='ocrx_word' id='word_1_119' title='bbox 1052 3090 1305 3157; x_wconf 88' lang='lat' dir='ltr'>tentior</span> <span class='ocrx_word' id='word_1_120' title='bbox 1368 3089 1567 3156; x_wconf 82' lang='lat' dir='ltr'>Patre</span> <span class='ocrx_word' id='word_1_121' title='bbox 1634 3109 1771 3155; x_wconf 92' lang='lat' dir='ltr'>non</span> <span class='ocrx_word' id='word_1_122' title='bbox 1829 3094 1930 3154; x_wconf 87' lang='lat' dir='ltr'>est</span> <span class='ocrx_word' id='word_1_123' title='bbox 1964 3107 1979 3151; x_wconf 74' lang='grc' dir='ltr'>ε</span> <span class='ocrx_word' id='word_1_124' title='bbox 2041 3085 2201 3176; x_wconf 84' lang='lat' dir='ltr'>quia</span> <span class='ocrx_word' id='word_1_125' title='bbox 2265 3106 2465 3174; x_wconf 85' lang='lat' dir='ltr'>posse</span> <span class='ocrx_word' id='word_1_126' title='bbox 2532 3093 2599 3152; x_wconf 84' lang='lat' dir='ltr'>et</span> 
     </span>
     <span class='ocr_line' id='line_1_22' title="bbox 1050 3191 2598 3290; baseline -0.003 -25"><span class='ocrx_word' id='word_1_127' title='bbox 1050 3198 1228 3268; x_wconf 81' lang='lat' dir='ltr'>velle</span> <span class='ocrx_word' id='word_1_128' title='bbox 1258 3221 1579 3290; x_wconf 82' lang='lat' dir='ltr'>generare</span> <span class='ocrx_word' id='word_1_129' title='bbox 1610 3196 1854 3265; x_wconf 85' lang='lat' dir='ltr'>Filium</span> <span class='ocrx_word' id='word_1_130' title='bbox 1878 3217 2015 3263; x_wconf 89' lang='lat' dir='ltr'>non</span> <span class='ocrx_word' id='word_1_131' title='bbox 2045 3202 2144 3263; x_wconf 90' lang='lat' dir='ltr'>est</span> <span class='ocrx_word' id='word_1_132' title='bbox 2176 3191 2434 3284; x_wconf 77' lang='lat' dir='ltr'>aliquid</span> <span class='ocrx_word' id='word_1_133' title='bbox 2474 3215 2598 3261; x_wconf 90' lang='lat' dir='ltr'>eo-</span> 
     </span>
     <span class='ocr_line' id='line_1_23' title="bbox 1053 3303 2587 3399; baseline -0.003 -24"><span class='ocrx_word' id='word_1_134' title='bbox 1053 3331 1202 3375; x_wconf 89' lang='lat' dir='ltr'>rum</span> <span class='ocrx_word' id='word_1_135' title='bbox 1237 3331 1389 3399; x_wconf 81' lang='lat' dir='ltr'>quae</span> <span class='ocrx_word' id='word_1_136' title='bbox 1421 3306 1721 3398; x_wconf 78' lang='lat' dir='ltr'>subjecta</span> <span class='ocrx_word' id='word_1_137' title='bbox 1750 3312 1907 3373; x_wconf 91' lang='lat' dir='ltr'>sunt</span> <span class='ocrx_word' id='word_1_138' title='bbox 1937 3303 2184 3372; x_wconf 79' lang='lat' dir='ltr'>divinae</span> <span class='ocrx_word' id='word_1_139' title='bbox 2214 3303 2535 3394; x_wconf 67' lang='lat' dir='ltr'>potentiae</span> <span class='ocrx_word' id='word_1_140' title='bbox 2572 3327 2587 3371; x_wconf 77' lang='lat' dir='ltr'><em>z</em></span> 
     </span>
     <span class='ocr_line' id='line_1_24' title="bbox 1047 3412 2591 3503; baseline -0.003 -20"><span class='ocrx_word' id='word_1_141' title='bbox 1047 3413 1178 3485; x_wconf 85' lang='lat' dir='ltr'>hoe</span> <span class='ocrx_word' id='word_1_142' title='bbox 1225 3426 1452 3484; x_wconf 80' lang='lat' dir='ltr'>autem</span> <span class='ocrx_word' id='word_1_143' title='bbox 1511 3414 1680 3483; x_wconf 91' lang='lat' dir='ltr'>nihil</span> <span class='ocrx_word' id='word_1_144' title='bbox 1741 3420 1918 3482; x_wconf 87' lang='lat' dir='ltr'>esset</span> <span class='ocrx_word' id='word_1_145' title='bbox 1956 3412 2011 3479; x_wconf 87' lang='lat' dir='ltr'>si</span> <span class='ocrx_word' id='word_1_146' title='bbox 2070 3412 2375 3503; x_wconf 80' lang='lat' dir='ltr'>potentia</span> <span class='ocrx_word' id='word_1_147' title='bbox 2415 3418 2591 3479; x_wconf 84' lang='lat' dir='ltr'>esset</span> 
     </span>
     <span class='ocr_line' id='line_1_25' title="bbox 1046 3518 2583 3614; baseline -0.004 -23"><span class='ocrx_word' id='word_1_148' title='bbox 1046 3525 1332 3614; x_wconf 81' lang='lat' dir='ltr'>alicujus</span> <span class='ocrx_word' id='word_1_149' title='bbox 1416 3523 1691 3592; x_wconf 86' lang='lat' dir='ltr'>alterius</span> <span class='ocrx_word' id='word_1_150' title='bbox 1765 3543 1970 3614; x_wconf 85' lang='lat' dir='ltr'>quam</span> <span class='ocrx_word' id='word_1_151' title='bbox 2046 3518 2505 3609; x_wconf 78' lang='lat' dir='ltr'>subjectorum</span> <span class='ocrx_word' id='word_1_152' title='bbox 2567 3541 2583 3585; x_wconf 77' lang='lat' dir='ltr'><em>z</em></span> 
     </span>
     <span class='ocr_line' id='line_1_26' title="bbox 1043 3625 2590 3724; baseline -0.005 -24"><span class='ocrx_word' id='word_1_153' title='bbox 1043 3634 1202 3724; x_wconf 85' lang='lat' dir='ltr'>quia</span> <span class='ocrx_word' id='word_1_154' title='bbox 1233 3654 1317 3700; x_wconf 86' lang='lat' dir='ltr'>ex</span> <span class='ocrx_word' id='word_1_155' title='bbox 1357 3630 1484 3700; x_wconf 84' lang='lat' dir='ltr'>hoe</span> <span class='ocrx_word' id='word_1_156' title='bbox 1515 3653 1652 3699; x_wconf 90' lang='lat' dir='ltr'>non</span> <span class='ocrx_word' id='word_1_157' title='bbox 1682 3627 2087 3722; x_wconf 81' lang='lat' dir='ltr'>probaretur</span> <span class='ocrx_word' id='word_1_158' title='bbox 2126 3625 2337 3694; x_wconf 86' lang='lat' dir='ltr'>Filius</span> <span class='ocrx_word' id='word_1_159' title='bbox 2363 3649 2590 3719; x_wconf 81' lang='lat' dir='ltr'>aequa-</span> 
     </span>
     <span class='ocr_line' id='line_1_27' title="bbox 1039 3738 1806 3829; baseline -0.005 -22"><span class='ocrx_word' id='word_1_160' title='bbox 1039 3739 1125 3807; x_wconf 87' lang='lat' dir='ltr'>lis</span> <span class='ocrx_word' id='word_1_161' title='bbox 1165 3738 1349 3808; x_wconf 80' lang='lat' dir='ltr'>Patri</span> <span class='ocrx_word' id='word_1_162' title='bbox 1382 3740 1451 3807; x_wconf 92' lang='lat' dir='ltr'>in</span> <span class='ocrx_word' id='word_1_163' title='bbox 1478 3738 1806 3829; x_wconf 78' lang='lat' dir='ltr'>potentia.</span> 
     </span>
    </p>

    <p class='ocr_par' dir='ltr' id='par_1_10' title="bbox 1012 3841 2584 5662">
     <span class='ocr_line' id='line_1_28' title="bbox 1128 3841 2581 3924; baseline -0.003 -12"><span class='ocrx_word' id='word_1_164' title='bbox 1128 3849 1195 3912; x_wconf 79' lang='lat'>2.</span> <span class='ocrx_word' id='word_1_165' title='bbox 1243 3846 1436 3924; x_wconf 85' lang='lat' dir='ltr'>Item,</span> <span class='ocrx_word' id='word_1_166' title='bbox 1476 3844 1787 3913; x_wconf 62' lang='lat' dir='ltr'>Potentia</span> <span class='ocrx_word' id='word_1_167' title='bbox 1824 3841 2197 3910; x_wconf 89' lang='lat' dir='ltr'>secundum</span> <span class='ocrx_word' id='word_1_168' title='bbox 2248 3842 2581 3908; x_wconf 79' lang='lat' dir='ltr'>rationem</span> 
     </span>
     <span class='ocr_line' id='line_1_29' title="bbox 1038 3950 2584 4045; baseline -0.003 -25"><span class='ocrx_word' id='word_1_169' title='bbox 1038 3956 1348 4045; x_wconf 85' lang='lat' dir='ltr'>sequitur</span> <span class='ocrx_word' id='word_1_170' title='bbox 1384 3976 1530 4020; x_wconf 87' lang='lat' dir='ltr'>esse</span> <span class='ocrx_word' id='word_1_171' title='bbox 1562 3952 1856 4044; x_wconf 82' lang='lat' dir='ltr'>potentis</span> <span class='ocrx_word' id='word_1_172' title='bbox 1893 3971 1909 4018; x_wconf 90' lang='lat'>:</span> <span class='ocrx_word' id='word_1_173' title='bbox 1952 3971 2117 4040; x_wconf 86' lang='lat' dir='ltr'>ergo</span> <span class='ocrx_word' id='word_1_174' title='bbox 2155 3955 2221 4015; x_wconf 87' lang='lat' dir='ltr'>et</span> <span class='ocrx_word' id='word_1_175' title='bbox 2259 3950 2584 4038; x_wconf 83' lang='lat' dir='ltr'>omnipo-</span> 
     </span>
     <span class='ocr_line' id='line_1_30' title="bbox 1038 4058 2582 4153; baseline -0.004 -23"><span class='ocrx_word' id='word_1_176' title='bbox 1038 4064 1254 4130; x_wconf 79' lang='lat' dir='ltr'>tentia</span> <span class='ocrx_word' id='word_1_177' title='bbox 1317 4063 1623 4153; x_wconf 75' lang='lat' dir='ltr'>sequitur</span> <span class='ocrx_word' id='word_1_178' title='bbox 1677 4081 1822 4128; x_wconf 85' lang='lat' dir='ltr'>esse</span> <span class='ocrx_word' id='word_1_179' title='bbox 1879 4058 2418 4147; x_wconf 83' lang='lat' dir='ltr'>omnipotentis:</span> <span class='ocrx_word' id='word_1_180' title='bbox 2463 4058 2582 4126; x_wconf 89' lang='lat' dir='ltr'>sed</span> 
     </span>
     <span class='ocr_line' id='line_1_31' title="bbox 1034 4164 2577 4257; baseline -0.004 -19"><span class='ocrx_word' id='word_1_181' title='bbox 1034 4171 1383 4257; x_wconf 78' lang='lat' dir='ltr'>generatio</span> <span class='ocrx_word' id='word_1_182' title='bbox 1461 4168 1608 4237; x_wconf 80' lang='lat' dir='ltr'>Filii</span> <span class='ocrx_word' id='word_1_183' title='bbox 1652 4190 1786 4235; x_wconf 89' lang='lat' dir='ltr'>non</span> <span class='ocrx_word' id='word_1_184' title='bbox 1841 4166 2148 4256; x_wconf 88' lang='lat' dir='ltr'>sequitur</span> <span class='ocrx_word' id='word_1_185' title='bbox 2200 4164 2577 4233; x_wconf 87' lang='lat' dir='ltr'>secundum</span> 
     </span>
     <span class='ocr_line' id='line_1_32' title="bbox 1032 4273 2579 4365; baseline -0.003 -20"><span class='ocrx_word' id='word_1_186' title='bbox 1032 4279 1368 4346; x_wconf 82' lang='lat' dir='ltr'>rationem</span> <span class='ocrx_word' id='word_1_187' title='bbox 1401 4298 1547 4346; x_wconf 87' lang='lat' dir='ltr'>esse</span> <span class='ocrx_word' id='word_1_188' title='bbox 1605 4274 2092 4365; x_wconf 85' lang='lat' dir='ltr'>omnipotentis</span> <span class='ocrx_word' id='word_1_189' title='bbox 2126 4296 2141 4340; x_wconf 78' lang='lat' dir='ltr'><em>z</em></span> <span class='ocrx_word' id='word_1_190' title='bbox 2186 4295 2349 4364; x_wconf 85' lang='lat' dir='ltr'>ergo</span> <span class='ocrx_word' id='word_1_191' title='bbox 2379 4273 2579 4340; x_wconf 78' lang='lat' dir='ltr'>vide-</span> 
     </span>
     <span class='ocr_line' id='line_1_33' title="bbox 1030 4379 2577 4476; baseline -0.003 -23"><span class='ocrx_word' id='word_1_192' title='bbox 1030 4395 1166 4467; x_wconf 91' lang='lat' dir='ltr'>tur,</span> <span class='ocrx_word' id='word_1_193' title='bbox 1201 4384 1384 4476; x_wconf 86' lang='lat' dir='ltr'>quod</span> <span class='ocrx_word' id='word_1_194' title='bbox 1424 4382 1919 4473; x_wconf 77' lang='lat' dir='ltr'>omnipotentia</span> <span class='ocrx_word' id='word_1_195' title='bbox 1969 4379 2184 4447; x_wconf 78' lang='lat' dir='ltr'>Patris</span> <span class='ocrx_word' id='word_1_196' title='bbox 2217 4401 2355 4447; x_wconf 90' lang='lat' dir='ltr'>non</span> <span class='ocrx_word' id='word_1_197' title='bbox 2386 4380 2577 4449; x_wconf 81' lang='lat' dir='ltr'>dica-</span> 
     </span>
     <span class='ocr_line' id='line_1_34' title="bbox 1025 4486 2577 4583; baseline -0.003 -24"><span class='ocrx_word' id='word_1_198' title='bbox 1025 4500 1136 4559; x_wconf 89' lang='lat' dir='ltr'>tur</span> <span class='ocrx_word' id='word_1_199' title='bbox 1165 4501 1473 4583; x_wconf 84' lang='lat' dir='ltr'>respectu</span> <span class='ocrx_word' id='word_1_200' title='bbox 1524 4490 2007 4582; x_wconf 78' lang='lat' dir='ltr'>generationis.</span> <span class='ocrx_word' id='word_1_201' title='bbox 2046 4486 2192 4554; x_wconf 83' lang='lat' dir='ltr'>Hoc</span> <span class='ocrx_word' id='word_1_202' title='bbox 2221 4489 2429 4555; x_wconf 77' lang='lat' dir='ltr'>etiam</span> <span class='ocrx_word' id='word_1_203' title='bbox 2462 4489 2577 4554; x_wconf 76' lang='lat' dir='ltr'>vi-</span> 
     </span>
     <span class='ocr_line' id='line_1_35' title="bbox 1027 4595 2573 4686; baseline -0.002 -19"><span class='ocrx_word' id='word_1_204' title='bbox 1027 4600 1228 4669; x_wconf 88' lang='lat' dir='ltr'>detur</span> <span class='ocrx_word' id='word_1_205' title='bbox 1257 4599 1493 4669; x_wconf 79' lang='lat' dir='ltr'>haberi</span> <span class='ocrx_word' id='word_1_206' title='bbox 1517 4621 1599 4667; x_wconf 79' lang='lat' dir='ltr'>ex</span> <span class='ocrx_word' id='word_1_207' title='bbox 1634 4596 2111 4686; x_wconf 74' lang='lat' dir='ltr'>l,ille1·a.·quia</span> <span class='ocrx_word' id='word_1_208' title='bbox 2132 4596 2311 4663; x_wconf 89' lang='lat' dir='ltr'>dicit.</span> <span class='ocrx_word' id='word_1_209' title='bbox 2346 4622 2380 4660; x_wconf 70' lang='grc' dir='ltr'><strong>α</strong></span> <span class='ocrx_word' id='word_1_210' title='bbox 2416 4595 2573 4664; x_wconf 79' lang='lat' dir='ltr'>Non</span> 
     </span>
     <span class='ocr_line' id='line_1_36' title="bbox 1022 4704 2566 4795; baseline -0.003 -19"><span class='ocrx_word' id='word_1_211' title='bbox 1022 4710 1207 4776; x_wconf 89' lang='lat' dir='ltr'>enim</span> <span class='ocrx_word' id='word_1_212' title='bbox 1230 4716 1385 4776; x_wconf 81' lang='lat' dir='ltr'>ante</span> <span class='ocrx_word' id='word_1_213' title='bbox 1413 4707 1654 4787; x_wconf 80' lang='lat' dir='ltr'>voluit,</span> <span class='ocrx_word' id='word_1_214' title='bbox 1688 4704 1791 4773; x_wconf 79' lang='lat' dir='ltr'>vel</span> <span class='ocrx_word' id='word_1_215' title='bbox 1818 4705 2273 4795; x_wconf 76' lang='lat' dir='ltr'>potuit‚quum</span> <span class='ocrx_word' id='word_1_216' title='bbox 2304 4704 2566 4792; x_wconf 83' lang='lat' dir='ltr'>genuit:</span> 
     </span>
     <span class='ocr_line' id='line_1_37' title="bbox 1023 4812 2567 4905; baseline -0.005 -20"><span class='ocrx_word' id='word_1_217' title='bbox 1023 4818 1198 4887; x_wconf 85' lang='lat' dir='ltr'>sicut</span> <span class='ocrx_word' id='word_1_218' title='bbox 1226 4840 1350 4887; x_wconf 85' lang='lat' dir='ltr'>nee</span> <span class='ocrx_word' id='word_1_219' title='bbox 1386 4825 1540 4885; x_wconf 78' lang='lat' dir='ltr'>ante</span> <span class='ocrx_word' id='word_1_220' title='bbox 1570 4815 1715 4898; x_wconf 82' lang='lat' dir='ltr'>fuit,</span> <span class='ocrx_word' id='word_1_221' title='bbox 1739 4836 1943 4905; x_wconf 82' lang='lat' dir='ltr'>quam</span> <span class='ocrx_word' id='word_1_222' title='bbox 1976 4813 2208 4903; x_wconf 82' lang='lat' dir='ltr'>genuit</span> <span class='ocrx_word' id='word_1_223' title='bbox 2240 4832 2256 4879; x_wconf 71' lang='grc' dir='ltr'>ε</span> <span class='ocrx_word' id='word_1_224' title='bbox 2294 4812 2454 4901; x_wconf 81' lang='lat' dir='ltr'>quia</span> <span class='ocrx_word' id='word_1_225' title='bbox 2482 4812 2567 4879; x_wconf 82' lang='lat' dir='ltr'>nb</span> 
     </span>
     <span class='ocr_line' id='line_1_38' title="bbox 1028 4918 2566 5011; baseline -0.005 -18"><span class='ocrx_word' id='word_1_226' title='bbox 1028 4922 1282 4993; x_wconf 79' lang='lat' dir='ltr'>oeterno</span> <span class='ocrx_word' id='word_1_227' title='bbox 1303 4924 1454 5009; x_wconf 78' lang='lat' dir='ltr'>fuit,</span> <span class='ocrx_word' id='word_1_228' title='bbox 1470 4931 1534 4991; x_wconf 90' lang='lat' dir='ltr'>et</span> <span class='ocrx_word' id='word_1_229' title='bbox 1557 4924 1640 4991; x_wconf 78' lang='lat' dir='ltr'>ab</span> <span class='ocrx_word' id='word_1_230' title='bbox 1660 4930 1910 4990; x_wconf 80' lang='lat' dir='ltr'>aeterno</span> <span class='ocrx_word' id='word_1_231' title='bbox 1933 4918 2409 5011; x_wconf 66' lang='lat' dir='ltr'>genuitztergo</span> <span class='ocrx_word' id='word_1_232' title='bbox 2429 4940 2566 4986; x_wconf 81' lang='lat' dir='ltr'>una</span> 
     </span>
     <span class='ocr_line' id='line_1_39' title="bbox 1024 5026 2564 5125; baseline -0.003 -26"><span class='ocrx_word' id='word_1_233' title='bbox 1024 5040 1123 5099; x_wconf 89' lang='lat' dir='ltr'>est</span> <span class='ocrx_word' id='word_1_234' title='bbox 1156 5033 1463 5125; x_wconf 80' lang='lat' dir='ltr'>potentin</span> <span class='ocrx_word' id='word_1_235' title='bbox 1485 5032 1690 5099; x_wconf 85' lang='lat' dir='ltr'>trium</span> <span class='ocrx_word' id='word_1_236' title='bbox 1725 5050 2198 5121; x_wconf 79' lang='lat' dir='ltr'>personarum,</span> <span class='ocrx_word' id='word_1_237' title='bbox 2222 5026 2399 5094; x_wconf 86' lang='lat' dir='ltr'>sieut</span> <span class='ocrx_word' id='word_1_238' title='bbox 2427 5049 2564 5095; x_wconf 81' lang='lat' dir='ltr'>una</span> 
     </span>
     <span class='ocr_line' id='line_1_40' title="bbox 1020 5134 2562 5227; baseline -0.005 -18"><span class='ocrx_word' id='word_1_239' title='bbox 1020 5148 1123 5209; x_wconf 87' lang='lat' dir='ltr'>est</span> <span class='ocrx_word' id='word_1_240' title='bbox 1160 5140 1450 5208; x_wconf 82' lang='lat' dir='ltr'>essentia</span> <span class='ocrx_word' id='word_1_241' title='bbox 1488 5160 1745 5207; x_wconf 78' lang='lat' dir='ltr'>earum.</span> <span class='ocrx_word' id='word_1_242' title='bbox 1785 5135 1959 5205; x_wconf 91' lang='lat' dir='ltr'>Cum</span> <span class='ocrx_word' id='word_1_243' title='bbox 2007 5136 2212 5227; x_wconf 85' lang='lat' dir='ltr'>igitur</span> <span class='ocrx_word' id='word_1_244' title='bbox 2255 5134 2562 5224; x_wconf 78' lang='lat' dir='ltr'>potentia</span> 
     </span>
     <span class='ocr_line' id='line_1_41' title="bbox 1023 5243 2561 5335; baseline -0.005 -16"><span class='ocrx_word' id='word_1_245' title='bbox 1023 5250 1170 5318; x_wconf 80' lang='lat' dir='ltr'>Filii</span> <span class='ocrx_word' id='word_1_246' title='bbox 1209 5250 1580 5319; x_wconf 86' lang='lat' dir='ltr'>seeundum</span> <span class='ocrx_word' id='word_1_247' title='bbox 1636 5250 1966 5316; x_wconf 81' lang='lat' dir='ltr'>rationem</span> <span class='ocrx_word' id='word_1_248' title='bbox 2005 5243 2423 5335; x_wconf 83' lang='lat' dir='ltr'>intelligendi</span> <span class='ocrx_word' id='word_1_249' title='bbox 2472 5245 2561 5312; x_wconf 86' lang='lat' dir='ltr'>sit</span> 
     </span>
     <span class='ocr_line' id='line_1_42' title="bbox 1015 5355 2557 5449; baseline -0.006 -22"><span class='ocrx_word' id='word_1_250' title='bbox 1015 5381 1438 5449; x_wconf 85' lang='lat' dir='ltr'>consequens</span> <span class='ocrx_word' id='word_1_251' title='bbox 1455 5356 1728 5434; x_wconf 87' lang='lat' dir='ltr'>Filium,</span> <span class='ocrx_word' id='word_1_252' title='bbox 1761 5355 2059 5445; x_wconf 80' lang='lat' dir='ltr'>potentia</span> <span class='ocrx_word' id='word_1_253' title='bbox 2081 5360 2309 5420; x_wconf 80' lang='lat' dir='ltr'>nutem</span> <span class='ocrx_word' id='word_1_254' title='bbox 2339 5373 2557 5442; x_wconf 85' lang='lat' dir='ltr'>gene-</span> 
     </span>
     <span class='ocr_line' id='line_1_43' title="bbox 1015 5459 2557 5549; baseline -0.005 -15"><span class='ocrx_word' id='word_1_255' title='bbox 1015 5467 1204 5534; x_wconf 81' lang='lat' dir='ltr'>randi</span> <span class='ocrx_word' id='word_1_256' title='bbox 1227 5464 1599 5534; x_wconf 85' lang='lat' dir='ltr'>secundum</span> <span class='ocrx_word' id='word_1_257' title='bbox 1632 5465 1959 5531; x_wconf 82' lang='lat' dir='ltr'>rationem</span> <span class='ocrx_word' id='word_1_258' title='bbox 2000 5459 2417 5549; x_wconf 77' lang='lat' dir='ltr'>intelligendi</span> <span class='ocrx_word' id='word_1_259' title='bbox 2467 5462 2557 5528; x_wconf 87' lang='lat' dir='ltr'>sit</span> 
     </span>
     <span class='ocr_line' id='line_1_44' title="bbox 1012 5568 2548 5662; baseline -0.006 -19"><span class='ocrx_word' id='word_1_260' title='bbox 1012 5583 1169 5644; x_wconf 79' lang='lat' dir='ltr'>ante</span> <span class='ocrx_word' id='word_1_261' title='bbox 1200 5574 1471 5657; x_wconf 87' lang='lat' dir='ltr'>Filium,</span> <span class='ocrx_word' id='word_1_262' title='bbox 1506 5571 1772 5641; x_wconf 88' lang='lat' dir='ltr'>videtur</span> <span class='ocrx_word' id='word_1_263' title='bbox 1799 5570 2097 5662; x_wconf 81' lang='lat' dir='ltr'>potentia</span> <span class='ocrx_word' id='word_1_264' title='bbox 2124 5568 2248 5636; x_wconf 84' lang='lat' dir='ltr'>Dei</span> <span class='ocrx_word' id='word_1_265' title='bbox 2279 5575 2548 5635; x_wconf 80' lang='lat' dir='ltr'>tantum</span> 
     </span>
    </p>
   </div>
   <div class='ocr_carea' id='block_1_9' title="bbox 1302 5725 1412 5765">
    <p class='ocr_par' dir='ltr' id='par_1_11' title="bbox 1302 5725 1412 5765">
     <span class='ocr_line' id='line_1_45' title="bbox 1302 5725 1412 5765; baseline -0.036 1"><span class='ocrx_word' id='word_1_266' title='bbox 1302 5725 1412 5765; x_wconf 67' lang='lat' dir='ltr'>XXV</span> 
     </span>
    </p>
   </div>
   <div class='ocr_carea' id='block_1_10' title="bbox 4182 220 4309 288">
    <p class='ocr_par' dir='ltr' id='par_1_12' title="bbox 4182 220 4309 288">
     <span class='ocr_line' id='line_1_46' title="bbox 4182 220 4309 288; baseline -0.008 0"><span class='ocrx_word' id='word_1_267' title='bbox 4182 220 4309 288; x_wconf 82' lang='lat'>209</span> 
     </span>
    </p>
   </div>
   <div class='ocr_carea' id='block_1_11' title="bbox 2728 366 4314 2094">
    <p class='ocr_par' dir='ltr' id='par_1_13' title="bbox 2757 366 4314 585">
     <span class='ocr_line' id='line_1_47' title="bbox 2760 366 4314 483; baseline 0.005 -31"><span class='ocrx_word' id='word_1_268' title='bbox 2760 408 2907 453; x_wconf 89' lang='lat' dir='ltr'>esse</span> <span class='ocrx_word' id='word_1_269' title='bbox 2969 395 3280 477; x_wconf 80' lang='lat' dir='ltr'>respectu</span> <span class='ocrx_word' id='word_1_270' title='bbox 3330 390 3794 478; x_wconf 83' lang='lat' dir='ltr'>subjectorum</span> <span class='ocrx_word' id='word_1_271' title='bbox 3853 366 4195 483; x_wconf 50' lang='lat' dir='ltr'>potentiae,</span> <span class='ocrx_word' id='word_1_272' title='bbox 4246 401 4314 462; x_wconf 84' lang='lat' dir='ltr'>et</span> 
     </span>
     <span class='ocr_line' id='line_1_48' title="bbox 2757 497 3759 585; baseline 0.005 -26"><span class='ocrx_word' id='word_1_273' title='bbox 2757 516 2895 561; x_wconf 93' lang='lat' dir='ltr'>non</span> <span class='ocrx_word' id='word_1_274' title='bbox 2938 497 3247 584; x_wconf 77' lang='lat' dir='ltr'>respectu</span> <span class='ocrx_word' id='word_1_275' title='bbox 3276 499 3759 585; x_wconf 79' lang='lat' dir='ltr'>generationis.</span> 
     </span>
    </p>

    <p class='ocr_par' dir='ltr' id='par_1_14' title="bbox 2848 601 3335 673">
     <span class='ocr_line' id='line_1_49' title="bbox 2848 601 3335 673; baseline 0.01 -5"><span class='ocrx_word' id='word_1_276' title='bbox 2848 601 2980 669; x_wconf 71' lang='lat' dir='ltr'>Seu</span> <span class='ocrx_word' id='word_1_277' title='bbox 3027 625 3282 670; x_wconf 76' lang='lat' dir='ltr'>CONTRA</span> <span class='ocrx_word' id='word_1_278' title='bbox 3321 627 3335 673; x_wconf 92' lang='lat'>:</span> 
     </span>
    </p>

    <p class='ocr_par' dir='ltr' id='par_1_15' title="bbox 2739 709 4306 1456">
     <span class='ocr_line' id='line_1_50' title="bbox 2845 709 4306 806; baseline 0.006 -31"><span class='ocrx_word' id='word_1_279' title='bbox 2845 713 2902 776; x_wconf 85' lang='lat'>1.</span> <span class='ocrx_word' id='word_1_280' title='bbox 2932 709 3154 800; x_wconf 82' lang='lat' dir='ltr'>Majus</span> <span class='ocrx_word' id='word_1_281' title='bbox 3179 722 3279 780; x_wconf 83' lang='lat' dir='ltr'>est</span> <span class='ocrx_word' id='word_1_282' title='bbox 3308 736 3636 804; x_wconf 82' lang='lat' dir='ltr'>generare</span> <span class='ocrx_word' id='word_1_283' title='bbox 3659 715 3906 783; x_wconf 84' lang='lat' dir='ltr'>Filium</span> <span class='ocrx_word' id='word_1_284' title='bbox 3934 740 4138 806; x_wconf 86' lang='lat' dir='ltr'>quam</span> <span class='ocrx_word' id='word_1_285' title='bbox 4164 740 4306 784; x_wconf 93' lang='lat' dir='ltr'>om·</span> 
     </span>
     <span class='ocr_line' id='line_1_51' title="bbox 2751 817 4296 912; baseline 0.006 -29"><span class='ocrx_word' id='word_1_286' title='bbox 2751 819 2860 884; x_wconf 80' lang='lat' dir='ltr'>uia</span> <span class='ocrx_word' id='word_1_287' title='bbox 2905 840 3055 908; x_wconf 83' lang='lat' dir='ltr'>quae</span> <span class='ocrx_word' id='word_1_288' title='bbox 3107 817 3564 909; x_wconf 83' lang='lat' dir='ltr'>subjiciuntur</span> <span class='ocrx_word' id='word_1_289' title='bbox 3619 825 3941 912; x_wconf 81' lang='lat' dir='ltr'>potentiae</span> <span class='ocrx_word' id='word_1_290' title='bbox 3999 823 4296 892; x_wconf 85' lang='lat' dir='ltr'>divinae:</span> 
     </span>
     <span class='ocr_line' id='line_1_52' title="bbox 2747 927 4300 1015; baseline 0.006 -25"><span class='ocrx_word' id='word_1_291' title='bbox 2747 948 2908 1014; x_wconf 88' lang='lat' dir='ltr'>ergo</span> <span class='ocrx_word' id='word_1_292' title='bbox 2964 947 3174 1015; x_wconf 85' lang='lat' dir='ltr'>penes</span> <span class='ocrx_word' id='word_1_293' title='bbox 3215 927 3384 996; x_wconf 90' lang='lat' dir='ltr'>illud</span> <span class='ocrx_word' id='word_1_294' title='bbox 3442 932 3739 998; x_wconf 82' lang='lat' dir='ltr'>maxime</span> <span class='ocrx_word' id='word_1_295' title='bbox 3789 932 4155 1001; x_wconf 81' lang='lat' dir='ltr'>attenditur</span> <span class='ocrx_word' id='word_1_296' title='bbox 4196 954 4300 999; x_wconf 90' lang='lat' dir='ltr'>ro-</span> 
     </span>
     <span class='ocr_line' id='line_1_53' title="bbox 2743 1031 4298 1130; baseline 0.005 -33"><span class='ocrx_word' id='word_1_297' title='bbox 2743 1031 2872 1098; x_wconf 86' lang='lat' dir='ltr'>bur</span> <span class='ocrx_word' id='word_1_298' title='bbox 2900 1034 3221 1123; x_wconf 81' lang='lat' dir='ltr'>p&#39;otentiae</span> <span class='ocrx_word' id='word_1_299' title='bbox 3263 1056 3278 1103; x_wconf 73' lang='grc' dir='ltr'>ε</span> <span class='ocrx_word' id='word_1_300' title='bbox 3327 1058 3490 1127; x_wconf 83' lang='lat' dir='ltr'>ergo</span> <span class='ocrx_word' id='word_1_301' title='bbox 3541 1039 3830 1118; x_wconf 84' lang='lat' dir='ltr'>videtur,</span> <span class='ocrx_word' id='word_1_302' title='bbox 3888 1040 4072 1130; x_wconf 91' lang='lat' dir='ltr'>quod</span> <span class='ocrx_word' id='word_1_303' title='bbox 4112 1040 4167 1107; x_wconf 88' lang='lat' dir='ltr'>si</span> <span class='ocrx_word' id='word_1_304' title='bbox 4227 1040 4298 1106; x_wconf 85' lang='lat' dir='ltr'>in</span> 
     </span>
     <span class='ocr_line' id='line_1_54' title="bbox 2743 1139 4297 1238; baseline 0.007 -32"><span class='ocrx_word' id='word_1_305' title='bbox 2743 1139 2912 1208; x_wconf 90' lang='lat' dir='ltr'>Filio</span> <span class='ocrx_word' id='word_1_306' title='bbox 2956 1165 3095 1210; x_wconf 90' lang='lat' dir='ltr'>non</span> <span class='ocrx_word' id='word_1_307' title='bbox 3144 1145 3232 1210; x_wconf 86' lang='lat' dir='ltr'>sit</span> <span class='ocrx_word' id='word_1_308' title='bbox 3268 1143 3667 1232; x_wconf 87' lang='lat' dir='ltr'>hujusmodi</span> <span class='ocrx_word' id='word_1_309' title='bbox 3721 1149 4046 1237; x_wconf 79' lang='lat' dir='ltr'>potentia,</span> <span class='ocrx_word' id='word_1_310' title='bbox 4109 1148 4297 1238; x_wconf 92' lang='lat' dir='ltr'>quod</span> 
     </span>
     <span class='ocr_line' id='line_1_55' title="bbox 2739 1246 4292 1344; baseline 0.008 -33"><span class='ocrx_word' id='word_1_311' title='bbox 2739 1246 2809 1313; x_wconf 87' lang='lat' dir='ltr'>in</span> <span class='ocrx_word' id='word_1_312' title='bbox 2867 1250 3169 1317; x_wconf 81' lang='lat' dir='ltr'>maximo</span> <span class='ocrx_word' id='word_1_313' title='bbox 3232 1251 3476 1320; x_wconf 78' lang='lat' dir='ltr'>robore</span> <span class='ocrx_word' id='word_1_314' title='bbox 3532 1257 3854 1344; x_wconf 62' lang='lat' dir='ltr'>potentia)</span> <span class='ocrx_word' id='word_1_315' title='bbox 3922 1255 4195 1324; x_wconf 81' lang='lat' dir='ltr'>deficiat</span> <span class='ocrx_word' id='word_1_316' title='bbox 4253 1278 4292 1323; x_wconf 83' lang='lat' dir='ltr'>a</span> 
     </span>
     <span class='ocr_line' id='line_1_56' title="bbox 2739 1354 4014 1456; baseline 0.009 -35"><span class='ocrx_word' id='word_1_317' title='bbox 2739 1354 2964 1436; x_wconf 84' lang='lat' dir='ltr'>Patre,</span> <span class='ocrx_word' id='word_1_318' title='bbox 3009 1367 3075 1427; x_wconf 86' lang='lat' dir='ltr'>et</span> <span class='ocrx_word' id='word_1_319' title='bbox 3104 1360 3197 1427; x_wconf 79' lang='lat' dir='ltr'>ita</span> <span class='ocrx_word' id='word_1_320' title='bbox 3225 1384 3366 1428; x_wconf 88' lang='lat' dir='ltr'>non</span> <span class='ocrx_word' id='word_1_321' title='bbox 3397 1364 3525 1431; x_wconf 84' lang='lat' dir='ltr'>erit</span> <span class='ocrx_word' id='word_1_322' title='bbox 3559 1367 4014 1456; x_wconf 79' lang='lat' dir='ltr'>omnipotens,</span> 
     </span>
    </p>

    <p class='ocr_par' dir='ltr' id='par_1_16' title="bbox 2728 1467 4288 2094">
     <span class='ocr_line' id='line_1_57' title="bbox 2825 1467 4288 1564; baseline 0.008 -33"><span class='ocrx_word' id='word_1_323' title='bbox 2825 1470 2889 1532; x_wconf 81' lang='lat'>2.</span> <span class='ocrx_word' id='word_1_324' title='bbox 2926 1467 3122 1547; x_wconf 86' lang='lat' dir='ltr'>Item,</span> <span class='ocrx_word' id='word_1_325' title='bbox 3171 1468 3370 1537; x_wconf 82' lang='lat' dir='ltr'>Ratio</span> <span class='ocrx_word' id='word_1_326' title='bbox 3439 1472 3753 1564; x_wconf 79' lang='lat' dir='ltr'>principii</span> <span class='ocrx_word' id='word_1_327' title='bbox 3814 1474 4155 1542; x_wconf 76' lang='lat' dir='ltr'>reducitur</span> <span class='ocrx_word' id='word_1_328' title='bbox 4200 1474 4288 1542; x_wconf 79' lang='lat' dir='ltr'>nd</span> 
     </span>
     <span class='ocr_line' id='line_1_58' title="bbox 2736 1574 4287 1671; baseline 0.008 -33"><span class='ocrx_word' id='word_1_329' title='bbox 2736 1574 3065 1644; x_wconf 77' lang='lat' dir='ltr'>rationem</span> <span class='ocrx_word' id='word_1_330' title='bbox 3105 1579 3432 1666; x_wconf 81' lang='lat' dir='ltr'>potentiae</span> <span class='ocrx_word' id='word_1_331' title='bbox 3477 1600 3492 1646; x_wconf 75' lang='grc' dir='ltr'>ε</span> <span class='ocrx_word' id='word_1_332' title='bbox 3528 1602 3685 1647; x_wconf 88' lang='lat' dir='ltr'>eum</span> <span class='ocrx_word' id='word_1_333' title='bbox 3719 1581 3923 1671; x_wconf 83' lang='lat' dir='ltr'>igitur</span> <span class='ocrx_word' id='word_1_334' title='bbox 3955 1581 4161 1650; x_wconf 83' lang='lat' dir='ltr'>Pater</span> <span class='ocrx_word' id='word_1_335' title='bbox 4197 1583 4287 1650; x_wconf 85' lang='lat' dir='ltr'>sit</span> 
     </span>
     <span class='ocr_line' id='line_1_59' title="bbox 2733 1683 4274 1778; baseline 0.006 -30"><span class='ocrx_word' id='word_1_336' title='bbox 2733 1683 3142 1772; x_wconf 84' lang='lat' dir='ltr'>principium</span> <span class='ocrx_word' id='word_1_337' title='bbox 3190 1707 3332 1752; x_wconf 87' lang='lat' dir='ltr'>non</span> <span class='ocrx_word' id='word_1_338' title='bbox 3373 1686 3458 1753; x_wconf 87' lang='lat' dir='ltr'>de</span> <span class='ocrx_word' id='word_1_339' title='bbox 3516 1688 3872 1778; x_wconf 83' lang='lat' dir='ltr'>principio,</span> <span class='ocrx_word' id='word_1_340' title='bbox 3909 1688 4118 1756; x_wconf 89' lang='lat' dir='ltr'>Filius</span> <span class='ocrx_word' id='word_1_341' title='bbox 4156 1713 4274 1757; x_wconf 83' lang='lat' dir='ltr'>nu-</span> 
     </span>
     <span class='ocr_line' id='line_1_60' title="bbox 2730 1791 4282 1885; baseline 0.006 -30"><span class='ocrx_word' id='word_1_342' title='bbox 2730 1797 2869 1856; x_wconf 87' lang='lat' dir='ltr'>tem</span> <span class='ocrx_word' id='word_1_343' title='bbox 2923 1791 3338 1881; x_wconf 86' lang='lat' dir='ltr'>principium</span> <span class='ocrx_word' id='word_1_344' title='bbox 3397 1792 3481 1860; x_wconf 87' lang='lat' dir='ltr'>de</span> <span class='ocrx_word' id='word_1_345' title='bbox 3555 1795 3916 1885; x_wconf 87' lang='lat' dir='ltr'>principio,</span> <span class='ocrx_word' id='word_1_346' title='bbox 4013 1797 4282 1865; x_wconf 84' lang='lat' dir='ltr'>videtur</span> 
     </span>
     <span class='ocr_line' id='line_1_61' title="bbox 2728 1897 4277 1990; baseline 0.006 -27"><span class='ocrx_word' id='word_1_347' title='bbox 2728 1897 2913 1987; x_wconf 91' lang='lat' dir='ltr'>quod</span> <span class='ocrx_word' id='word_1_348' title='bbox 2976 1897 3278 1990; x_wconf 82' lang='lat' dir='ltr'>aliquam</span> <span class='ocrx_word' id='word_1_349' title='bbox 3345 1904 3725 1990; x_wconf 81' lang='lat' dir='ltr'>potentiam</span> <span class='ocrx_word' id='word_1_350' title='bbox 3793 1902 3996 1972; x_wconf 80' lang='lat' dir='ltr'>habet</span> <span class='ocrx_word' id='word_1_351' title='bbox 4052 1905 4277 1986; x_wconf 80' lang='lat' dir='ltr'>Pater,</span> 
     </span>
     <span class='ocr_line' id='line_1_62' title="bbox 2729 2005 3620 2094; baseline 0.006 -23"><span class='ocrx_word' id='word_1_352' title='bbox 2729 2026 2934 2094; x_wconf 87' lang='lat' dir='ltr'>quam</span> <span class='ocrx_word' id='word_1_353' title='bbox 2965 2029 3106 2075; x_wconf 89' lang='lat' dir='ltr'>non</span> <span class='ocrx_word' id='word_1_354' title='bbox 3147 2005 3354 2077; x_wconf 81' lang='lat' dir='ltr'>habet</span> <span class='ocrx_word' id='word_1_355' title='bbox 3383 2008 3620 2078; x_wconf 86' lang='lat' dir='ltr'>Filius.</span> 
     </span>
    </p>
   </div>
   <div class='ocr_carea' id='block_1_12' title="bbox 2816 2218 4557 2316">
    <p class='ocr_par' dir='ltr' id='par_1_17' title="bbox 2816 2218 4557 2316">
     <span class='ocr_line' id='line_1_63' title="bbox 2816 2218 4557 2316; baseline 0.007 -29"><span class='ocrx_word' id='word_1_356' title='bbox 2816 2218 3123 2289; x_wconf 73' lang='lat' dir='ltr'>Somno.</span> <span class='ocrx_word' id='word_1_357' title='bbox 3160 2222 3565 2300; x_wconf 86' lang='lat' dir='ltr'>Dicendum,</span> <span class='ocrx_word' id='word_1_358' title='bbox 3611 2225 3791 2314; x_wconf 88' lang='lat' dir='ltr'>quod</span> <span class='ocrx_word' id='word_1_359' title='bbox 3833 2226 4270 2316; x_wconf 87' lang='lat' dir='ltr'>omnipoten-</span> <span class='ocrx_word' id='word_1_360' title='bbox 4355 2250 4557 2300; x_wconf 60' lang='lat' dir='ltr'>solutio.</span> 
     </span>
    </p>
   </div>
   <div class='ocr_carea' id='block_1_13' title="bbox 2670 2328 4271 5120">
    <p class='ocr_par' dir='ltr' id='par_1_18' title="bbox 2711 2328 4271 2749">
     <span class='ocr_line' id='line_1_64' title="bbox 2723 2328 4268 2424; baseline 0.006 -31"><span class='ocrx_word' id='word_1_361' title='bbox 2723 2328 2815 2394; x_wconf 84' lang='lat' dir='ltr'>tia</span> <span class='ocrx_word' id='word_1_362' title='bbox 2854 2329 2976 2398; x_wconf 89' lang='lat' dir='ltr'>Dei</span> <span class='ocrx_word' id='word_1_363' title='bbox 3032 2330 3407 2399; x_wconf 77' lang='lat' dir='ltr'>attenditur</span> <span class='ocrx_word' id='word_1_364' title='bbox 3482 2343 3789 2423; x_wconf 86' lang='lat' dir='ltr'>respectu</span> <span class='ocrx_word' id='word_1_365' title='bbox 3838 2357 4075 2402; x_wconf 86' lang='lat' dir='ltr'>eorum</span> <span class='ocrx_word' id='word_1_366' title='bbox 4117 2358 4268 2424; x_wconf 81' lang='lat' dir='ltr'>quae</span> 
     </span>
     <span class='ocr_line' id='line_1_65' title="bbox 2719 2443 4271 2532; baseline 0.005 -30"><span class='ocrx_word' id='word_1_367' title='bbox 2719 2443 2908 2503; x_wconf 81' lang='lat' dir='ltr'>extra</span> <span class='ocrx_word' id='word_1_368' title='bbox 2938 2445 3123 2517; x_wconf 80' lang='lat' dir='ltr'>sunt,</span> <span class='ocrx_word' id='word_1_369' title='bbox 3176 2446 3245 2507; x_wconf 85' lang='lat' dir='ltr'>et</span> <span class='ocrx_word' id='word_1_370' title='bbox 3293 2450 3808 2531; x_wconf 85' lang='lat' dir='ltr'>consequuntur</span> <span class='ocrx_word' id='word_1_371' title='bbox 3836 2465 4034 2532; x_wconf 84' lang='lat' dir='ltr'>posse</span> <span class='ocrx_word' id='word_1_372' title='bbox 4072 2465 4271 2510; x_wconf 87' lang='lat' dir='ltr'>com-</span> 
     </span>
     <span class='ocr_line' id='line_1_66' title="bbox 2718 2547 4261 2642; baseline 0.004 -30"><span class='ocrx_word' id='word_1_373' title='bbox 2718 2567 2925 2613; x_wconf 90' lang='lat' dir='ltr'>mune</span> <span class='ocrx_word' id='word_1_374' title='bbox 2991 2547 3210 2616; x_wconf 77' lang='lat' dir='ltr'>Patris</span> <span class='ocrx_word' id='word_1_375' title='bbox 3274 2556 3341 2616; x_wconf 81' lang='lat' dir='ltr'>et</span> <span class='ocrx_word' id='word_1_376' title='bbox 3382 2548 3534 2617; x_wconf 85' lang='lat' dir='ltr'>Filii</span> <span class='ocrx_word' id='word_1_377' title='bbox 3582 2558 3649 2618; x_wconf 85' lang='lat' dir='ltr'>et</span> <span class='ocrx_word' id='word_1_378' title='bbox 3690 2549 3980 2642; x_wconf 83' lang='lat' dir='ltr'>Spiritus</span> <span class='ocrx_word' id='word_1_379' title='bbox 4019 2553 4261 2630; x_wconf 82' lang='lat' dir='ltr'>sancti,</span> 
     </span>
     <span class='ocr_line' id='line_1_67' title="bbox 2711 2655 3864 2749; baseline 0.006 -27"><span class='ocrx_word' id='word_1_380' title='bbox 2711 2656 2885 2724; x_wconf 83' lang='lat' dir='ltr'>sicut</span> <span class='ocrx_word' id='word_1_381' title='bbox 2923 2655 3085 2725; x_wconf 86' lang='lat' dir='ltr'>dicit</span> <span class='ocrx_word' id='word_1_382' title='bbox 3115 2657 3442 2749; x_wconf 80' lang='lat' dir='ltr'>Magister</span> <span class='ocrx_word' id='word_1_383' title='bbox 3481 2661 3551 2728; x_wconf 92' lang='lat' dir='ltr'>in</span> <span class='ocrx_word' id='word_1_384' title='bbox 3581 2662 3864 2729; x_wconf 79' lang='lat' dir='ltr'>Littera.</span> 
     </span>
    </p>

    <p class='ocr_par' dir='ltr' id='par_1_19' title="bbox 2691 2762 4260 4036">
     <span class='ocr_line' id='line_1_68' title="bbox 2799 2762 4260 2856; baseline 0.006 -28"><span class='ocrx_word' id='word_1_385' title='bbox 2799 2762 2903 2828; x_wconf 79' lang='lat' dir='ltr'>An</span> <span class='ocrx_word' id='word_1_386' title='bbox 2950 2772 3334 2832; x_wconf 81' lang='lat' dir='ltr'>uocantem</span> <span class='ocrx_word' id='word_1_387' title='bbox 3386 2765 3571 2856; x_wconf 90' lang='lat' dir='ltr'>quod</span> <span class='ocrx_word' id='word_1_388' title='bbox 3621 2766 3960 2854; x_wconf 80' lang='lat' dir='ltr'>objicitur,</span> <span class='ocrx_word' id='word_1_389' title='bbox 4023 2767 4260 2837; x_wconf 87' lang='lat' dir='ltr'>dicen-</span> 
     </span>
     <span class='ocr_line' id='line_1_69' title="bbox 2709 2868 4255 2962; baseline 0.004 -25"><span class='ocrx_word' id='word_1_390' title='bbox 2709 2868 2870 2937; x_wconf 89' lang='lat' dir='ltr'>dum</span> <span class='ocrx_word' id='word_1_391' title='bbox 2921 2869 3105 2962; x_wconf 92' lang='lat' dir='ltr'>quod</span> <span class='ocrx_word' id='word_1_392' title='bbox 3153 2895 3479 2962; x_wconf 80' lang='lat' dir='ltr'>generare</span> <span class='ocrx_word' id='word_1_393' title='bbox 3515 2896 3653 2941; x_wconf 92' lang='lat' dir='ltr'>non</span> <span class='ocrx_word' id='word_1_394' title='bbox 3712 2883 3812 2942; x_wconf 90' lang='lat' dir='ltr'>est</span> <span class='ocrx_word' id='word_1_395' title='bbox 3866 2876 4084 2961; x_wconf 85' lang='lat' dir='ltr'>majus</span> <span class='ocrx_word' id='word_1_396' title='bbox 4131 2877 4255 2944; x_wconf 81' lang='lat' dir='ltr'>ali·</span> 
     </span>
     <span class='ocr_line' id='line_1_70' title="bbox 2707 2977 4249 3075; baseline 0.005 -31"><span class='ocrx_word' id='word_1_397' title='bbox 2707 2978 2897 3068; x_wconf 89' lang='lat' dir='ltr'>quid,</span> <span class='ocrx_word' id='word_1_398' title='bbox 2934 2977 3051 3046; x_wconf 88' lang='lat' dir='ltr'>sed</span> <span class='ocrx_word' id='word_1_399' title='bbox 3082 2980 3196 3047; x_wconf 78' lang='lat' dir='ltr'>ad·</span> <span class='ocrx_word' id='word_1_400' title='bbox 3225 2979 3510 3071; x_wconf 80' lang='lat' dir='ltr'>aliquid,</span> <span class='ocrx_word' id='word_1_401' title='bbox 3553 2990 3630 3049; x_wconf 92' lang='lat' dir='ltr'>ut</span> <span class='ocrx_word' id='word_1_402' title='bbox 3686 2982 3847 3050; x_wconf 82' lang='lat' dir='ltr'>dicit</span> <span class='ocrx_word' id='word_1_403' title='bbox 3903 2982 4249 3075; x_wconf 80' lang='lat' dir='ltr'>Magister.</span> 
     </span>
     <span class='ocr_line' id='line_1_71' title="bbox 2705 3083 4258 3179; baseline 0.006 -29"><span class='ocrx_word' id='word_1_404' title='bbox 2705 3083 2845 3152; x_wconf 81' lang='lat' dir='ltr'>Nec</span> <span class='ocrx_word' id='word_1_405' title='bbox 2890 3084 3094 3153; x_wconf 82' lang='lat' dir='ltr'>Pater</span> <span class='ocrx_word' id='word_1_406' title='bbox 3160 3087 3544 3156; x_wconf 89' lang='lat' dir='ltr'>ostenditur</span> <span class='ocrx_word' id='word_1_407' title='bbox 3580 3111 3697 3179; x_wconf 84' lang='lat' dir='ltr'>per</span> <span class='ocrx_word' id='word_1_408' title='bbox 3763 3089 3892 3157; x_wconf 87' lang='lat' dir='ltr'>hoc</span> <span class='ocrx_word' id='word_1_409' title='bbox 3923 3113 4069 3160; x_wconf 89' lang='lat' dir='ltr'>esse</span> <span class='ocrx_word' id='word_1_410' title='bbox 4135 3093 4258 3161; x_wconf 80' lang='lat' dir='ltr'>nli·</span> 
     </span>
     <span class='ocr_line' id='line_1_72' title="bbox 2704 3192 4253 3291; baseline 0.006 -31"><span class='ocrx_word' id='word_1_411' title='bbox 2704 3192 2889 3284; x_wconf 87' lang='lat' dir='ltr'>quid,</span> <span class='ocrx_word' id='word_1_412' title='bbox 2932 3193 3040 3263; x_wconf 87' lang='lat' dir='ltr'>vel</span> <span class='ocrx_word' id='word_1_413' title='bbox 3080 3204 3323 3288; x_wconf 83' lang='lat' dir='ltr'>potens</span> <span class='ocrx_word' id='word_1_414' title='bbox 3362 3220 3510 3266; x_wconf 89' lang='lat' dir='ltr'>esse</span> <span class='ocrx_word' id='word_1_415' title='bbox 3541 3197 3825 3290; x_wconf 77' lang='lat' dir='ltr'>aliquid.</span> <span class='ocrx_word' id='word_1_416' title='bbox 3869 3201 3987 3268; x_wconf 86' lang='lat' dir='ltr'>sed</span> <span class='ocrx_word' id='word_1_417' title='bbox 4027 3203 4253 3291; x_wconf 84' lang='lat' dir='ltr'>potius</span> 
     </span>
     <span class='ocr_line' id='line_1_73' title="bbox 2701 3299 4248 3400; baseline 0.006 -33"><span class='ocrx_word' id='word_1_418' title='bbox 2701 3299 2783 3367; x_wconf 82' lang='lat' dir='ltr'>ad</span> <span class='ocrx_word' id='word_1_419' title='bbox 2815 3301 3072 3393; x_wconf 84' lang='lat' dir='ltr'>aliquid</span> <span class='ocrx_word' id='word_1_420' title='bbox 3111 3326 3128 3371; x_wconf 90' lang='lat'><strong>:</strong></span> <span class='ocrx_word' id='word_1_421' title='bbox 3189 3312 3420 3373; x_wconf 73' lang='lat' dir='ltr'>tannen</span> <span class='ocrx_word' id='word_1_422' title='bbox 3450 3305 3623 3374; x_wconf 87' lang='lat' dir='ltr'>bene</span> <span class='ocrx_word' id='word_1_423' title='bbox 3681 3306 4004 3384; x_wconf 76' lang='lat' dir='ltr'>concedo,</span> <span class='ocrx_word' id='word_1_424' title='bbox 4067 3310 4248 3400; x_wconf 88' lang='lat' dir='ltr'>quod</span> 
     </span>
     <span class='ocr_line' id='line_1_74' title="bbox 2698 3410 4249 3503; baseline 0.006 -28"><span class='ocrx_word' id='word_1_425' title='bbox 2698 3412 3045 3497; x_wconf 79' lang='lat' dir='ltr'>generatio</span> <span class='ocrx_word' id='word_1_426' title='bbox 3098 3410 3249 3479; x_wconf 87' lang='lat' dir='ltr'>Filii</span> <span class='ocrx_word' id='word_1_427' title='bbox 3292 3414 3511 3503; x_wconf 78' lang='lat' dir='ltr'>major</span> <span class='ocrx_word' id='word_1_428' title='bbox 3547 3422 3648 3482; x_wconf 82' lang='lat' dir='ltr'>est</span> <span class='ocrx_word' id='word_1_429' title='bbox 3689 3423 3834 3483; x_wconf 88' lang='lat' dir='ltr'>toto</span> <span class='ocrx_word' id='word_1_430' title='bbox 3892 3417 4148 3484; x_wconf 85' lang='lat' dir='ltr'>mundo</span> <span class='ocrx_word' id='word_1_431' title='bbox 4183 3418 4249 3484; x_wconf 93' lang='lat' dir='ltr'>in</span> 
     </span>
     <span class='ocr_line' id='line_1_75' title="bbox 2699 3516 4248 3616; baseline 0.006 -34"><span class='ocrx_word' id='word_1_432' title='bbox 2699 3516 3038 3585; x_wconf 82' lang='lat' dir='ltr'>inlinitum</span> <span class='ocrx_word' id='word_1_433' title='bbox 3075 3541 3090 3585; x_wconf 74' lang='grc' dir='ltr'><em>τ</em></span> <span class='ocrx_word' id='word_1_434' title='bbox 3127 3518 3284 3587; x_wconf 86' lang='lat' dir='ltr'>licet</span> <span class='ocrx_word' id='word_1_435' title='bbox 3324 3522 3390 3588; x_wconf 91' lang='lat' dir='ltr'>in</span> <span class='ocrx_word' id='word_1_436' title='bbox 3415 3522 3756 3589; x_wconf 81' lang='lat' dir='ltr'>creatione</span> <span class='ocrx_word' id='word_1_437' title='bbox 3797 3525 4100 3613; x_wconf 80' lang='lat' dir='ltr'>potentia</span> <span class='ocrx_word' id='word_1_438' title='bbox 4127 3546 4248 3616; x_wconf 78' lang='lat' dir='ltr'>np-</span> 
     </span>
     <span class='ocr_line' id='line_1_76' title="bbox 2698 3626 4240 3720; baseline 0.005 -30"><span class='ocrx_word' id='word_1_439' title='bbox 2698 3635 2950 3714; x_wconf 80' lang='lat' dir='ltr'>pareat,</span> <span class='ocrx_word' id='word_1_440' title='bbox 2986 3626 3055 3693; x_wconf 92' lang='lat' dir='ltr'>in</span> <span class='ocrx_word' id='word_1_441' title='bbox 3087 3629 3529 3717; x_wconf 78' lang='lat' dir='ltr'>generatione</span> <span class='ocrx_word' id='word_1_442' title='bbox 3558 3638 3788 3698; x_wconf 83' lang='lat' dir='ltr'>nutem</span> <span class='ocrx_word' id='word_1_443' title='bbox 3821 3632 4198 3720; x_wconf 78' lang='lat' dir='ltr'>proprietas</span> <span class='ocrx_word' id='word_1_444' title='bbox 4225 3653 4240 3697; x_wconf 75' lang='grc' dir='ltr'><strong><em>ε</em></strong></span> 
     </span>
     <span class='ocr_line' id='line_1_77' title="bbox 2693 3732 4247 3828; baseline 0.004 -29"><span class='ocrx_word' id='word_1_445' title='bbox 2693 3733 2850 3823; x_wconf 83' lang='lat' dir='ltr'>quia</span> <span class='ocrx_word' id='word_1_446' title='bbox 2890 3733 3266 3802; x_wconf 77' lang='lat' dir='ltr'>secundum</span> <span class='ocrx_word' id='word_1_447' title='bbox 3309 3732 3442 3803; x_wconf 82' lang='lat' dir='ltr'>hoe</span> <span class='ocrx_word' id='word_1_448' title='bbox 3507 3736 3691 3827; x_wconf 89' lang='lat' dir='ltr'>quod</span> <span class='ocrx_word' id='word_1_449' title='bbox 3738 3747 3834 3804; x_wconf 82' lang='lat' dir='ltr'>est</span> <span class='ocrx_word' id='word_1_450' title='bbox 3878 3736 3967 3803; x_wconf 85' lang='lat' dir='ltr'>ibi</span> <span class='ocrx_word' id='word_1_451' title='bbox 4010 3748 4247 3828; x_wconf 80' lang='lat' dir='ltr'>poten-</span> 
     </span>
     <span class='ocr_line' id='line_1_78' title="bbox 2691 3840 4241 3933; baseline 0.006 -28"><span class='ocrx_word' id='word_1_452' title='bbox 2691 3840 2803 3907; x_wconf 80' lang='lat' dir='ltr'>tiae</span> <span class='ocrx_word' id='word_1_453' title='bbox 2844 3863 2986 3909; x_wconf 89' lang='lat' dir='ltr'>non</span> <span class='ocrx_word' id='word_1_454' title='bbox 3023 3840 3468 3933; x_wconf 75' lang='lat' dir='ltr'>distinguitur</span> <span class='ocrx_word' id='word_1_455' title='bbox 3507 3842 3716 3911; x_wconf 87' lang='lat' dir='ltr'>Filius</span> <span class='ocrx_word' id='word_1_456' title='bbox 3772 3867 3812 3911; x_wconf 77' lang='lat' dir='ltr'>a</span> <span class='ocrx_word' id='word_1_457' title='bbox 3858 3843 4082 3927; x_wconf 77' lang='lat' dir='ltr'>Patre,</span> <span class='ocrx_word' id='word_1_458' title='bbox 4119 3868 4241 3914; x_wconf 85' lang='lat' dir='ltr'>nec</span> 
     </span>
     <span class='ocr_line' id='line_1_79' title="bbox 2693 3946 3918 4036; baseline 0.005 -24"><span class='ocrx_word' id='word_1_459' title='bbox 2693 3946 2986 4036; x_wconf 77' lang='lat' dir='ltr'>Spiritus</span> <span class='ocrx_word' id='word_1_460' title='bbox 3015 3958 3318 4024; x_wconf 78' lang='lat' dir='ltr'>sanetus,</span> <span class='ocrx_word' id='word_1_461' title='bbox 3355 3973 3478 4017; x_wconf 85' lang='lat' dir='ltr'>nee</span> <span class='ocrx_word' id='word_1_462' title='bbox 3498 3976 3534 4018; x_wconf 88' lang='lat' dir='ltr'>e</span> <span class='ocrx_word' id='word_1_463' title='bbox 3565 3974 3918 4020; x_wconf 78' lang='lat' dir='ltr'>converso.</span> 
     </span>
    </p>

    <p class='ocr_par' dir='ltr' id='par_1_20' title="bbox 2670 4055 4244 5120">
     <span class='ocr_line' id='line_1_80' title="bbox 2776 4055 4244 4152; baseline 0.007 -31"><span class='ocrx_word' id='word_1_464' title='bbox 2776 4055 2880 4122; x_wconf 80' lang='lat' dir='ltr'>An</span> <span class='ocrx_word' id='word_1_465' title='bbox 2926 4078 3127 4123; x_wconf 69' lang='lat' dir='ltr'>Auci»</span> <span class='ocrx_word' id='word_1_466' title='bbox 3173 4056 3563 4141; x_wconf 85' lang='lat' dir='ltr'>dicendum,</span> <span class='ocrx_word' id='word_1_467' title='bbox 3607 4061 3792 4151; x_wconf 84' lang='lat' dir='ltr'>quud</span> <span class='ocrx_word' id='word_1_468' title='bbox 3843 4063 4016 4128; x_wconf 81' lang='lat' dir='ltr'>ratio</span> <span class='ocrx_word' id='word_1_469' title='bbox 4051 4064 4244 4152; x_wconf 84' lang='lat' dir='ltr'>prin-</span> 
     </span>
     <span class='ocr_line' id='line_1_81' title="bbox 2686 4163 4239 4255; baseline 0.007 -26"><span class='ocrx_word' id='word_1_470' title='bbox 2686 4164 2842 4254; x_wconf 85' lang='lat' dir='ltr'>cipii</span> <span class='ocrx_word' id='word_1_471' title='bbox 2874 4163 3128 4255; x_wconf 83' lang='lat' dir='ltr'>duplex</span> <span class='ocrx_word' id='word_1_472' title='bbox 3159 4174 3286 4250; x_wconf 87' lang='lat' dir='ltr'>est,</span> <span class='ocrx_word' id='word_1_473' title='bbox 3320 4166 3576 4235; x_wconf 84' lang='lat' dir='ltr'>scilicet</span> <span class='ocrx_word' id='word_1_474' title='bbox 3606 4168 3691 4237; x_wconf 79' lang='lat' dir='ltr'>nd</span> <span class='ocrx_word' id='word_1_475' title='bbox 3721 4168 3964 4247; x_wconf 79' lang='lat' dir='ltr'>lucere,</span> <span class='ocrx_word' id='word_1_476' title='bbox 3998 4178 4065 4237; x_wconf 86' lang='lat' dir='ltr'>et</span> <span class='ocrx_word' id='word_1_477' title='bbox 4094 4169 4239 4240; x_wconf 77' lang='lat' dir='ltr'>liaec</span> 
     </span>
     <span class='ocr_line' id='line_1_82' title="bbox 2685 4272 4237 4365; baseline 0.005 -27"><span class='ocrx_word' id='word_1_478' title='bbox 2685 4272 3027 4340; x_wconf 87' lang='lat' dir='ltr'>reducitur</span> <span class='ocrx_word' id='word_1_479' title='bbox 3065 4272 3150 4340; x_wconf 82' lang='lat' dir='ltr'>ad</span> <span class='ocrx_word' id='word_1_480' title='bbox 3209 4274 3544 4343; x_wconf 84' lang='lat' dir='ltr'>rationem</span> <span class='ocrx_word' id='word_1_481' title='bbox 3597 4278 3914 4365; x_wconf 81' lang='lat' dir='ltr'>potentioe</span> <span class='ocrx_word' id='word_1_482' title='bbox 3960 4286 4076 4345; x_wconf 86' lang='lat' dir='ltr'>:et</span> <span class='ocrx_word' id='word_1_483' title='bbox 4135 4289 4237 4347; x_wconf 90' lang='lat' dir='ltr'>est</span> 
     </span>
     <span class='ocr_line' id='line_1_83' title="bbox 2683 4378 4236 4470; baseline 0.004 -25"><span class='ocrx_word' id='word_1_484' title='bbox 2683 4380 2855 4448; x_wconf 78' lang='lat' dir='ltr'>ratio</span> <span class='ocrx_word' id='word_1_485' title='bbox 2886 4378 3203 4470; x_wconf 84' lang='lat' dir='ltr'>principii</span> <span class='ocrx_word' id='word_1_486' title='bbox 3246 4403 3385 4448; x_wconf 88' lang='lat' dir='ltr'>nou</span> <span class='ocrx_word' id='word_1_487' title='bbox 3434 4381 3521 4448; x_wconf 76' lang='lat' dir='ltr'>ad</span> <span class='ocrx_word' id='word_1_488' title='bbox 3553 4382 3794 4461; x_wconf 77' lang='lat' dir='ltr'>lacere,</span> <span class='ocrx_word' id='word_1_489' title='bbox 3837 4384 3953 4452; x_wconf 89' lang='lat' dir='ltr'>sed</span> <span class='ocrx_word' id='word_1_490' title='bbox 4000 4385 4087 4451; x_wconf 75' lang='lat' dir='ltr'>ml</span> <span class='ocrx_word' id='word_1_491' title='bbox 4126 4385 4236 4453; x_wconf 91' lang='lat' dir='ltr'>di-</span> 
     </span>
     <span class='ocr_line' id='line_1_84' title="bbox 2679 4489 4233 4580; baseline 0.005 -26"><span class='ocrx_word' id='word_1_492' title='bbox 2679 4489 3024 4577; x_wconf 72' lang='lat' dir='ltr'>stinguere</span> <span class='ocrx_word' id='word_1_493' title='bbox 3065 4498 3131 4558; x_wconf 83' lang='lat' dir='ltr'>et</span> <span class='ocrx_word' id='word_1_494' title='bbox 3159 4489 3514 4580; x_wconf 76' lang='lat' dir='ltr'>distingui,</span> <span class='ocrx_word' id='word_1_495' title='bbox 3547 4501 3612 4561; x_wconf 92' lang='lat' dir='ltr'>et</span> <span class='ocrx_word' id='word_1_496' title='bbox 3643 4491 3785 4561; x_wconf 81' lang='lat' dir='ltr'>haec</span> <span class='ocrx_word' id='word_1_497' title='bbox 3828 4517 3965 4561; x_wconf 93' lang='lat' dir='ltr'>non</span> <span class='ocrx_word' id='word_1_498' title='bbox 4025 4494 4233 4563; x_wconf 87' lang='lat' dir='ltr'>redu-</span> 
     </span>
     <span class='ocr_line' id='line_1_85' title="bbox 2676 4596 4227 4689; baseline 0.006 -28"><span class='ocrx_word' id='word_1_499' title='bbox 2676 4596 2876 4677; x_wconf 85' lang='lat' dir='ltr'>citur,</span> <span class='ocrx_word' id='word_1_500' title='bbox 2910 4597 3051 4666; x_wconf 91' lang='lat' dir='ltr'>imo</span> <span class='ocrx_word' id='word_1_501' title='bbox 3110 4598 3180 4665; x_wconf 88' lang='lat' dir='ltr'>in</span> <span class='ocrx_word' id='word_1_502' title='bbox 3227 4597 3343 4665; x_wconf 81' lang='lat' dir='ltr'>illa</span> <span class='ocrx_word' id='word_1_503' title='bbox 3390 4610 3581 4689; x_wconf 81' lang='lat' dir='ltr'>parte</span> <span class='ocrx_word' id='word_1_504' title='bbox 3623 4625 3758 4668; x_wconf 88' lang='lat' dir='ltr'>non</span> <span class='ocrx_word' id='word_1_505' title='bbox 3817 4612 3912 4669; x_wconf 83' lang='lat' dir='ltr'>est</span> <span class='ocrx_word' id='word_1_506' title='bbox 3957 4604 4083 4669; x_wconf 76' lang='lat' dir='ltr'>nisi</span> <span class='ocrx_word' id='word_1_507' title='bbox 4142 4603 4227 4670; x_wconf 78' lang='lat' dir='ltr'>ad</span> 
     </span>
     <span class='ocr_line' id='line_1_86' title="bbox 2676 4702 4222 4798; baseline 0.005 -31"><span class='ocrx_word' id='word_1_508' title='bbox 2676 4702 2959 4793; x_wconf 76' lang='lat' dir='ltr'>aliquid,</span> <span class='ocrx_word' id='word_1_509' title='bbox 2990 4711 3059 4772; x_wconf 81' lang='lat' dir='ltr'>et</span> <span class='ocrx_word' id='word_1_510' title='bbox 3110 4728 3246 4773; x_wconf 89' lang='lat' dir='ltr'>non</span> <span class='ocrx_word' id='word_1_511' title='bbox 3289 4704 3571 4796; x_wconf 83' lang='lat' dir='ltr'>aliquid.</span> <span class='ocrx_word' id='word_1_512' title='bbox 3639 4707 3733 4774; x_wconf 65' lang='lat' dir='ltr'>uix</span> <span class='ocrx_word' id='word_1_513' title='bbox 3778 4718 3963 4798; x_wconf 81' lang='lat' dir='ltr'>parte</span> <span class='ocrx_word' id='word_1_514' title='bbox 3995 4719 4222 4777; x_wconf 80' lang='lat' dir='ltr'>autem</span> 
     </span>
     <span class='ocr_line' id='line_1_87' title="bbox 2674 4811 4226 4906; baseline 0.006 -27"><span class='ocrx_word' id='word_1_515' title='bbox 2674 4811 2791 4880; x_wconf 80' lang='lat' dir='ltr'>illa</span> <span class='ocrx_word' id='word_1_516' title='bbox 2821 4837 2973 4906; x_wconf 72' lang='lat' dir='ltr'>qum</span> <span class='ocrx_word' id='word_1_517' title='bbox 3010 4837 3083 4882; x_wconf 87' lang='lat' dir='ltr'>se</span> <span class='ocrx_word' id='word_1_518' title='bbox 3114 4823 3297 4883; x_wconf 86' lang='lat' dir='ltr'>tenet</span> <span class='ocrx_word' id='word_1_519' title='bbox 3338 4840 3494 4884; x_wconf 78' lang='lat' dir='ltr'>euin</span> <span class='ocrx_word' id='word_1_520' title='bbox 3527 4819 3843 4895; x_wconf 83' lang='lat' dir='ltr'>essentia,</span> <span class='ocrx_word' id='word_1_521' title='bbox 3889 4818 4091 4888; x_wconf 78' lang='lat' dir='ltr'>habet</span> <span class='ocrx_word' id='word_1_522' title='bbox 4126 4844 4226 4887; x_wconf 77' lang='lat' dir='ltr'>ra-</span> 
     </span>
     <span class='ocr_line' id='line_1_88' title="bbox 2671 4924 4222 5013; baseline 0.004 -25"><span class='ocrx_word' id='word_1_523' title='bbox 2671 4924 2930 4990; x_wconf 90' lang='lat' dir='ltr'>tionem</span> <span class='ocrx_word' id='word_1_524' title='bbox 2996 4925 3344 5013; x_wconf 81' lang='lat' dir='ltr'>potentiae,</span> <span class='ocrx_word' id='word_1_525' title='bbox 3425 4934 3490 4993; x_wconf 87' lang='lat' dir='ltr'>et</span> <span class='ocrx_word' id='word_1_526' title='bbox 3547 4926 3642 4993; x_wconf 85' lang='lat' dir='ltr'>sic</span> <span class='ocrx_word' id='word_1_527' title='bbox 3673 4934 3773 4994; x_wconf 88' lang='lat' dir='ltr'>est</span> <span class='ocrx_word' id='word_1_528' title='bbox 3836 4931 4222 4997; x_wconf 85' lang='lat' dir='ltr'>eommunis</span> 
     </span>
     <span class='ocr_line' id='line_1_89' title="bbox 2670 5028 3232 5120; baseline 0.004 -25"><span class='ocrx_word' id='word_1_529' title='bbox 2670 5028 3232 5120; x_wconf 83' lang='lat' dir='ltr'>tribuspersonis.</span> 
     </span>
    </p>
   </div>
   <div class='ocr_carea' id='block_1_14' title="bbox 3955 5702 4017 5756">
    <p class='ocr_par' dir='ltr' id='par_1_21' title="bbox 3955 5702 4017 5756">
     <span class='ocr_line' id='line_1_90' title="bbox 3955 5702 4017 5756; baseline 0.016 -1"><span class='ocrx_word' id='word_1_530' title='bbox 3955 5702 4017 5756; x_wconf 74' lang='grc' dir='ltr'>Η</span> 
     </span>
    </p>
   </div>
   <div class='ocr_carea' id='block_1_15' title="bbox 4337 626 4627 675">
    <p class='ocr_par' dir='ltr' id='par_1_22' title="bbox 4337 626 4627 675">
     <span class='ocr_line' id='line_1_91' title="bbox 4337 626 4627 675; baseline 0.017 -5"><span class='ocrx_word' id='word_1_531' title='bbox 4337 626 4428 670; x_wconf 75' lang='lat' dir='ltr'>sod</span> <span class='ocrx_word' id='word_1_532' title='bbox 4456 637 4627 675; x_wconf 69' lang='lat' dir='ltr'>contra</span> 
     </span>
    </p>
   </div>
   <div class='ocr_carea' id='block_1_16' title="bbox 4291 2818 4615 2876">
    <p class='ocr_par' dir='ltr' id='par_1_23' title="bbox 4291 2818 4615 2876">
     <span class='ocr_line' id='line_1_92' title="bbox 4291 2818 4615 2876; baseline 0.009 -13"><span class='ocrx_word' id='word_1_533' title='bbox 4291 2818 4371 2863; x_wconf 74' lang='lat' dir='ltr'>Ad</span> <span class='ocrx_word' id='word_1_534' title='bbox 4382 2819 4557 2876; x_wconf 67' lang='lat' dir='ltr'>object.</span> <span class='ocrx_word' id='word_1_535' title='bbox 4579 2824 4615 2867; x_wconf 84' lang='lat' dir='ltr'>t.</span> 
     </span>
    </p>
   </div>
   <div class='ocr_carea' id='block_1_17' title="bbox 4270 4105 4578 4165">
    <p class='ocr_par' dir='ltr' id='par_1_24' title="bbox 4270 4105 4578 4165">
     <span class='ocr_line' id='line_1_93' title="bbox 4270 4105 4578 4165; baseline 0.006 -14"><span class='ocrx_word' id='word_1_536' title='bbox 4270 4105 4348 4152; x_wconf 64' lang='lat' dir='ltr'>Aa</span> <span class='ocrx_word' id='word_1_537' title='bbox 4364 4108 4536 4165; x_wconf 72' lang='lat' dir='ltr'>object.</span> <span class='ocrx_word' id='word_1_538' title='bbox 4552 4113 4578 4153; x_wconf 72' lang='lat'><em>2</em></span> 
     </span>
    </p>
   </div>
  </div>
 </body>
</html>
