4897 6388
875 4057 943 4102 Ad
976 4058 1015 4103 1.

872 4919 939 4960 Ad
968 4914 1011 4961 ².

1912 270 2084 366 lNJ
2136 269 2563 338 SENTENT.
2617 265 2842 334 DIST.
2898 266 3221 351 V111,.A,
3270 268 3470 336 ART.
3523 269 3587 334 8.

1148 447 1460 526 possunt.
1504 440 1661 530 Ipsa
1704 441 1887 507 enim
1927 449 2028 506 est
2075 439 2277 507 simul
2324 441 2391 505 in
2452 459 2595 506 esse
2644 443 2710 503 et

1148 544 1455 630 potentia
1506 551 1572 609 et
1639 552 1790 609 actu
1832 543 2206 610 secundum
2254 544 2709 632 comparatio-

1147 670 1305 715 nem
1343 652 1450 715 sui
1491 651 1573 716 ad
1619 672 1775 717 vere
1806 661 2161 718 aeternum.
2208 651 2293 719 Et
2311 674 2536 719 aevum
2570 653 2708 718 exit

1147 756 1230 822 ab
1272 755 1414 835 illa,
1451 765 1517 823 et
1557 758 1862 824 imitatur
1898 761 2114 849 ipsam
2165 759 2370 826 simul
2429 760 2500 824 in
2558 781 2705 826 esse

1149 875 1216 933 et
1252 889 1481 956 posse,
1534 867 1653 935 sed
1694 891 1835 936 non
1877 872 1945 937 in
1988 879 2142 937 actu
2182 872 2297 960 qui
2339 878 2441 936 est
2470 892 2703 959 opera·

1146 976 1284 1041 tio:
1331 977 1635 1064 potentia
1692 978 1875 1043 enim
1930 978 2176 1067 Angeli
2242 978 2538 1068 perfecta
2604 986 2704 1045 est

1143 1088 1311 1160 tota,
1349 1104 1472 1149 nec
1511 1091 1856 1172 exspectat
1899 1095 2151 1163 actum,
2196 1108 2322 1153 nec
2360 1085 2704 1175 egreditur

1143 1190 1214 1257 in
1246 1190 1513 1280 ipsum:
1548 1191 1666 1258 sed
1729 1193 2105 1261 secundum
2158 1194 2697 1261 vicissitudinem

1140 1297 1610 1365 intellectuum
1659 1307 1725 1365 et
1763 1297 2201 1367 affectionum
2259 1322 2400 1368 non
2467 1308 2568 1368 est
2613 1302 2697 1367 si·

1141 1406 1281 1473 mul
1314 1429 1328 1474 :
1401 1408 1736 1496 quinimo,
1779 1410 1952 1476 sicut
2017 1409 2179 1478 dicit
2242 1410 2692 1500 Augustinus,

1140 1515 1327 1583 Deus
1386 1522 1767 1582 creaturam
1817 1516 2239 1606 spiritualem
2293 1525 2524 1586 movet
2578 1540 2697 1607 per

1137 1631 1436 1711 tempuS‚
1472 1630 1538 1688 et
1577 1644 1719 1688 non
1763 1644 1883 1711 per
1922 1623 2176 1690 locum.
2203 1625 2501 1715 Tempus
2527 1647 2692 1692 vero

1140 1727 1296 1795 licet
1324 1729 1495 1795 forte
1526 1731 1608 1795 sit
1644 1729 1847 1795 simul
1891 1731 1959 1796 in
1992 1753 2117 1798 suo
2148 1731 2504 1822 temporali
2547 1755 2692 1799 esse

1137 1834 1370 1923 aliquo
1403 1834 1638 1911 mod0,
1692 1855 1830 1901 non
1890 1841 2120 1902 tamen
2186 1837 2492 1925 potentia
2545 1837 2692 1926 ejus

1137 1951 1236 2008 est
1257 1941 1491 2019 simul,
1527 1964 1650 2009 nec
1681 1945 1889 2009 etiam
1931 1947 2161 2010 actus:
2207 1953 2465 2033 quanto
2507 1945 2687 2012 enim

1136 2050 1483 2141 elongatio
1515 2049 1591 2117 tit
1629 2058 2092 2117 creaturarum
2134 2073 2170 2117 a
2203 2054 2451 2141 primo,
2499 2060 2689 2119 tanto

1135 2160 1364 2226 minus
1404 2158 1811 2250 participant
1868 2157 1952 2226 de
2018 2158 2441 2227 bonitatibus
2496 2161 2683 2249 ejus:

1134 2275 1200 2335 et
1231 2265 1362 2334 hoc
1390 2266 1699 2357 estquod
1728 2265 1891 2334 dicit
1919 2264 2382 2357 Philosophus
2421 2269 2491 2334 in
2514 2267 2687 2335 libro

1132 2374 1216 2442 de
1250 2376 1516 2444 Causis,
1546 2373 1683 2441 Sed
1705 2373 1889 2464 quod
1919 2378 2023 2442 est.
2042 2383 2369 2442 aeternum
2401 2385 2682 2451 aeterno‚

1132 2480 1265 2550 hoc
1301 2489 1369 2549 et
1405 2490 1508 2549 est
1544 2482 1946 2549 {evitet-num
1980 2484 2331 2563 aevitern0‚
2383 2493 2451 2549 et
2507 2490 2688 2549 tem-

1129 2611 1258 2680 pus
1308 2587 1694 2678 temporali.
1779 2588 1862 2656 Et
1958 2590 2177 2676 tangit
2232 2590 2684 2657 imitationem

1130 2700 1423 2766 duorum
1457 2698 1542 2766 ad
1574 2699 1848 2766 tertium
1897 2705 2227 2788 quantum
2268 2710 2556 2788 possunt
2614 2700 2681 2766 in

1128 2809 1395 2874 rationo
1453 2805 1921 2873 mensurandi.
1979 2807 2374 2874 Secundum
2452 2819 2680 2874 autem

1127 2913 1306 3004 quad
1348 2922 1445 2979 est
1480 2934 1797 2978 mensura
1832 2911 2176 2979 excellens
2213 2920 2400 2980 stans
2433 2914 2501 2980 in
2530 2937 2679 2982 aevo

1128 3026 1272 3084 toto
1313 3026 1377 3083 et
1420 3026 1753 3106 tempore,
1789 3013 2041 3082 claudit
2072 3037 2364 3105 praesens
2405 3021 2683 3085 aeterni-

1125 3125 1281 3192 tatis
1323 3145 1547 3191 aevum
1606 3121 2003 3189 excellendo
2073 3123 2296 3215 ipsum
2359 3146 2446 3190 ex
2491 3135 2678 3215 parte

1125 3232 1465 3323 principii,
1529 3240 1595 3297 et
1651 3240 1922 3320 tempus
1949 3229 2200 3298 claudit
2284 3230 2678 3300 excellendo

1123 3345 1347 3430 ipsum
1382 3362 1461 3406 ex
1497 3347 1687 3428 parte
1730 3338 2040 3427 principii
2084 3346 2149 3404 et
2179 3338 2375 3408 linis:
2419 3347 2485 3406 et
2547 3338 2680 3409 boc

1123 3456 1222 3515 est
1257 3444 1439 3536 quod
1472 3445 1633 3512 dicit
1675 3444 2065 3526 Anselmus,
2101 3444 2280 3536 quod
2314 3447 2679 3537 sicutprae·

1123 3578 1281 3621 sens
1319 3563 1590 3644 tempus
1618 3552 1867 3620 claudit
1901 3554 1968 3620 in
2000 3574 2071 3619 se
2103 3577 2376 3621 omnem
2420 3552 2670 3633 locum,

1124 3672 1188 3730 et
1221 3661 1549 3753 quidquid
1584 3662 1650 3728 in
1677 3685 1759 3728 eo
1792 3669 1915 3743 est,
1954 3664 2044 3728 ita
2065 3670 2318 3729 aeterno
2358 3666 2675 3753 przesenti

1124 3768 1462 3835 clauditur
1491 3791 1695 3834 omne
1738 3776 2032 3856 tempus,
2093 3777 2155 3835 et
2206 3767 2534 3859 quidquid
2576 3779 2675 3836 est

1129 3878 1195 3943 in
1230 3878 1401 3965 ipso.

1217 3987 1319 4052 An
1361 4006 1615 4051 rannus!
1648 4006 1812 4070 ergo
1860 3982 2249 4060 dicendum,
2304 3985 2486 4075 quod
2547 3984 2674 4053 hoc

1126 4092 1307 4184 «pind
1340 4092 1608 4167 dicitur,
1655 4090 2214 4168 interminabilis,
2256 4101 2356 4158 est
2402 4095 2672 4182 negatio

1123 4224 1549 4291 consequens
1581 4198 2028 4265 differentiam
2064 4199 2452 4289 positivam.
2518 4223 2669 4290 qua·

1123 4321 1399 4400 propter
1446 4308 1949 4398 simplicitatem
2011 4310 2405 4376 aeternitatis
2447 4313 2674 4377 nomi-

1122 4421 1270 4487 nari
1304 4442 1342 4486 a
1367 4418 1565 4501 nobis
1583 4417 1985 4484 arttimative
2010 4439 2144 4483 non
2170 4429 2388 4507 potest
2429 4444 2442 4486 :
2481 4429 2545 4486 et
2577 4421 2670 4486 sic

1120 4534 1335 4616 patet.
1371 4525 1551 4615 quod
1586 4524 1884 4613 negati0‚
1921 4524 2480 4607 interminabilis,
2524 4550 2673 4592 ccr-

1119 4636 1324 4700 titicat
1370 4655 1451 4700 cx
1487 4632 1980 4722 pra-supposita
2040 4631 2415 4699 dill'ercutia
2485 4636 2671 4723 posi-

1121 4742 1281 4809 tiva.

1214 4853 1315 4917 Au
1354 4848 2525 4937 Amt‘ndicenduimquod{eternitas
2567 4860 2662 4919 est

1123 4960 1191 5025 in
1226 4960 1484 5024 ratione
1526 4955 1927 5029 durationis,
1961 4965 2026 5022 et
2079 4957 2174 5023 sic
2240 4960 2509 5047 proprie
2564 4982 2671 5025 re-

1124 5067 1333 5133 l'ertur
1376 5062 1457 5129 ad
1511 5064 1926 5152 potentiam:
1990 5064 2167 5127 unde
2224 5085 2379 5130 cum
2451 5066 2668 5156 prima

1120 5176 1422 5264 potentia
1457 5172 1686 5238 {eterni
1732 5171 1890 5236 inse
1924 5171 2481 5239 manifesteturin
2504 5175 2666 5256 vita,

1118 5284 1273 5351 ideo
1304 5280 1633 5348 diffinitur
1663 5282 2037 5369 pervitam,
2072 5288 2132 5345 et
2165 5303 2302 5347 non
2344 5304 2466 5372 per
2495 5306 2662 5349 esse.

1116 5390 1245 5458 vel
1278 5389 1567 5467 dicatur,
1600 5385 1784 5477 quod
1832 5387 2161 5454 diffinitur
2218 5392 2563 5457 aeternitas
2600 5392 2669 5458 in

1118 5506 1375 5566 aetcrno
1416 5494 1790 5563 sec-undum
1841 5497 2177 5584 optimum
2219 5504 2472 5563 statum
2532 5499 2662 5575 sui,

1119 5606 1489 5676 secundum
1516 5604 1699 5694 quod
1718 5606 1918 5670 ctiam
1943 5605 2415 5696 participatum
2442 5608 2664 5698 ipsum

4235 259 4358 328 231

2814 435 2974 504 facit
3002 437 3402 526 participare
3459 435 3848 503 aeternitatis
3908 428 4358 499 immobilita-

2816 557 2950 615 tem
2981 570 2995 614 ε
3033 547 3165 615 hoc
3201 557 3428 616 autem
3468 546 3544 614 fit
3575 554 3836 614 tantum
3866 547 3932 612 in
3954 543 4358 634 participan-

2816 655 2995 722 tibus
3027 658 3250 746 ipsum
3291 663 3365 721 ut
3405 663 3505 722 est
3544 654 3680 721 vita
3709 653 3927 734 beata,
3953 661 4020 720 et
4059 671 4194 717 non
4234 668 4352 737 per

2814 786 2984 831 esse.
3024 763 3221 832 Unde
3241 765 3664 853 Augustinus
3696 763 3761 830 in
3794 762 3967 829 libro
3989 758 4119 827 XII
4172 757 4352 825 Con·

2811 873 3238 960 sessionum:
3283 871 3623 938 Nimirum
3671 870 3915 938 coelum
3972 868 4123 937 coeli
4166 867 4349 957 quod

2809 978 2879 1043 in
2928 978 3258 1068 principio
3320 977 3557 1053 fecisti,
3615 986 3918 1043 creatura
3971 984 4070 1070 est
4124 973 4349 1063 aliqua

2809 1084 3323 1152 intellectualis:
3412 1105 3826 1175 quamquam
3914 1102 4344 1172 nequaquam

2796 1191 2928 1260 ,tibi
2960 1192 3316 1259 aeternitati
3356 1200 3710 1269 coaeterna‚
3756 1193 4087 1281 particeps
4116 1197 4347 1256 tamen

2803 1304 3195 1369 aeternitatis
3214 1309 3372 1382 tuae,
3396 1301 3592 1370 valde
3610 1300 4126 1368 mutabilitatem
4149 1320 4342 1365 suam

2801 1431 2940 1498 prae
3001 1409 3354 1477 dulcedine
3443 1408 3848 1476 felicissimae
3920 1404 4344 1494 contempla-

2802 1516 3006 1582 tionis
3046 1524 3177 1582 tuae
3216 1513 3510 1594 cohibet,
3536 1524 3602 1581 et
3628 1514 3773 1580 sine
3814 1513 3951 1579 ullo
4009 1511 4200 1600 lapsu
4260 1533 4342 1577 ex

2802 1647 2939 1714 quo
2974 1625 3146 1693 facta
3164 1633 3287 1706 est,
3328 1624 3588 1692 excedit
3628 1644 3902 1691 omnem
3946 1619 4346 1708 inhaerendo,

2799 1732 2920 1798 tibi
2963 1732 3333 1800 volubilem
3376 1731 3846 1800 vissitudinem
3923 1739 4342 1818 temporum„

2800 1838 2970 1907 Cum
3013 1862 3174 1929 ergo
3194 1838 3481 1906 diffiniat
3499 1839 3942 1905 aeternitatem
3966 1833 4338 1903 secundum

2797 1946 2976 2037 quod
3011 1954 3113 2015 est
3159 1969 3314 2037 pars
3371 1945 3777 2022 beatudinis,
3837 1953 3901 2011 et
3947 1941 4335 2012 communi-

2796 2077 2957 2122 cans
3049 2054 3802 2122 incommutabilitatem
3907 2050 4331 2131 aeteriiitatiS‚

2799 2160 3040 2228 diffinit
3091 2163 3303 2251 ipsam
3353 2184 3472 2251 per
3526 2161 3762 2237 vitam,
3824 2181 3904 2226 eo
3980 2156 4164 2247 quod
4217 2179 4339 2247 per

2795 2291 2940 2337 esse
2992 2267 3650 2337 incommunicabilis
3712 2268 3839 2334 sit:
3875 2265 4035 2355 quia
4084 2265 4182 2333 sic
4236 2272 4338 2332 est

2794 2400 2941 2445 esse
2978 2378 3123 2444 sine
3185 2377 3516 2456 terminis,
3576 2375 3754 2465 quod
3827 2375 4147 2442 creaturis
4193 2397 4333 2442 non

2792 2490 3013 2571 potest
3033 2484 3420 2549 convenire.

2881 2590 3020 2656 l'ssn
3044 2612 3169 2656 noc
3187 2591 3392 2657 etiam
3415 2596 3598 2679 patet
3613 2586 3864 2656 solutio
3888 2586 3970 2654 ad
3991 2609 4281 2676 sequens
4305 2608 4322 2655 ε

2790 2697 2947 2785 quia
2990 2697 3056 2762 in
3088 2698 3372 2764 veritate
3437 2697 3656 2784 prima
3689 2715 4006 2762 mensura
4036 2702 4137 2761 est
4180 2715 4326 2761 esse

2788 2803 3093 2872 durantis
3122 2806 3192 2872 in
3224 2806 3525 2895 potentia
3544 2803 3745 2870 simul
3779 2803 4125 2870 existentis
4158 2825 4174 2871 ε
4209 2803 4328 2871 sed

2788 2913 2884 2979 sic
2912 2933 3049 2978 non
3082 2919 3187 2980 est
3208 2909 3778 2978 communicabile
3806 2910 3965 2999 ipsis
3987 2931 4138 2999 quae
4169 2917 4329 2976 sunt

2787 3027 3039 3087 aeterna
3079 3019 3594 3109 participatione
3636 3018 3876 3108 ipsiu5‚
3928 3016 4045 3084 sed
4101 3019 4326 3108 potius

2784 3149 2904 3218 per
2950 3128 3185 3194 vitam.

2871 3238 2976 3303 An
3036 3260 3233 3304 Αιιυι)
3288 3236 3673 3317 dicendum,
3759 3237 3936 3326 quod
4006 3259 4324 3306 mensura

2782 3342 3158 3411 formaliter
3185 3351 3460 3434 accepta
3497 3351 3597 3410 est
3637 3345 3871 3433 quanti
3915 3343 4318 3427 virtualiter,

2781 3451 2890 3519 vel
2919 3451 3296 3519 dimensivc
3324 3474 3339 3520 ε
3373 3451 3491 3519 sed
3522 3451 3656 3529 hic,
3701 3462 3771 3519 ut
3794 3461 3983 3543 puto,
4017 3454 4327 3523 materia·

2784 3560 2936 3629 liter
2981 3562 3334 3651 accipitur,
3382 3570 3586 3652 prout
3646 3571 3744 3630 est
3800 3564 3867 3629 in
3921 3571 4215 3632 aeterno:
4261 3572 4327 3634 et

2784 3669 2935 3737 ideo
2968 3692 3104 3736 non
3129 3678 3479 3737 mensurat
3509 3670 3637 3737 nisi
3685 3678 3757 3738 ut
3806 3670 4173 3760 exemplar,
4240 3672 4327 3740 ad

2782 3777 2965 3867 quod
3024 3776 3156 3845 alia
3229 3776 3422 3846 beate
3489 3779 3790 3847 viventia
3868 3780 4328 3870 propinquant

2783 3896 3113 3977 quantum
3153 3897 3481 3977 possunt:
3528 3911 3649 3955 nec.
3692 3896 3919 3955 tamen
3977 3898 4325 3958 mensurat

2779 4003 2853 4061 ut
2884 3994 3232 4085 exemplar
3258 3993 3633 4062 durationis
3672 3995 3739 4062 in
3760 3996 4102 4085 :quantum
4118 3996 4326 4065 dura-

2779 4106 2904 4181 tio,
2949 4102 3064 4169 sed
3097 4105 3323 4193 potius
3355 4113 3425 4169 ut
3467 4103 3814 4195 exemplar
3866 4106 4021 4173 vitae
4077 4104 4317 4174 beatoe.

2781 4212 2883 4278 Ad
2931 4209 3059 4276 lior
3116 4220 3339 4277 autem
3402 4210 3678 4299 quidam
3738 4210 4077 4290 dixerunt,
4137 4213 4321 4303 quod

2778 4321 3110 4387 ‹liftinitur
3139 4341 3256 4407 per
3297 4321 3502 4386 vitam
3559 4318 3641 4384 ad
3690 4319 4147 4389 exclusionem
4209 4344 4320 4389 re-

2781 4451 2928 4493 rum
2962 4428 3301 4498 vivarum.
3346 4448 3495 4515 quae
3534 4427 3907 4492 wternitate
3940 4450 4076 4493 non
4117 4451 4316 4496 men-

2777 4544 3133 4602 surantur:
3170 4534 3283 4600 sed
3326 4537 3621 4623 primum
3652 4544 3752 4602 cst
3783 4534 4218 4623 probabilius,

2869 4645 2970 4709 An
3009 4665 3206 4710 Αι.ιι·ι)
3259 4640 3647 4721 dicendum,
3701 4643 3879 4732 quod
3942 4645 4094 4712 vitae
4148 4670 4310 4736 pos-

2777 4752 2989 4817 sessio
3021 4751 3265 4818 (licitur
3320 4748 3450 4825 liic,
3505 4772 3585 4816 co
3645 4750 3824 4838 quod
3885 4750 4170 4820 liabetur
4223 4757 4306 4824 acl

2777 4867 3016 4925 nutum
3056 4868 3198 4926 tota
3257 4858 3558 4948 potentia
3629 4857 3783 4923 vitm
3852 4859 3917 4924 in
3982 4869 4162 4938 actu,
4220 4864 4307 4932 ita

2778 4965 2958 5057 quod
2991 4965 3161 5033 nihil
3197 4968 3343 5053 ejus
3372 4973 3793 5054 exspectetur
3839 4977 4068 5033 extra:
4113 4977 4178 5037 et
4217 4973 4314 5040 sic

2776 5080 2876 5139 est
2916 5074 3219 5162 potentia
3259 5074 3410 5139 vitae
3445 5082 3628 5137 stans
3653 5073 3719 5137 in
3753 5080 3891 5138 tota
3912 5071 4309 5147 duratione:

2775 5181 2956 5248 uncle
2998 5180 3063 5271 ty
3088 5183 3417 5272 posses-sin
3460 5179 3672 5246 innuit
3723 5180 4102 5250 virtualiter
4129 5193 4313 5254 stans

2777 5287 3005 5354 simul.

2864 5397 3124 5462 Annoc
3171 5404 3400 5462 autem
3462 5394 3644 5485 quod
3710 5394 4047 5484 objicitur,
4126 5403 4307 5492 quod

2777 5504 3000 5568 omnis
3042 5502 3310 5571 duratio
3341 5502 3666 5569 distensio
3689 5504 4003 5593 quaedam
4040 5517 4167 5587 est,
4202 5510 4312 5578 di-

2777 5609 3068 5678 cendum
3114 5610 3295 5699 quod
3331 5631 3464 5680 non
3506 5618 3770 5698 oportet
3810 5612 3992 5705 quod
4047 5614 4309 5688 disten·

4451 2630 4532 2675 Ad
4558 2633 4599 2679 3.

4445 3279 4523 3326 Ad
4554 3284 4595 3326 ί.

4426 4678 4507 4724 Ad
4534 4682 4578 4730 5.
