4897 6388
1705 305 1823 412 JN
1871 306 1916 398 Ι,
1950 301 2374 374 SENTENT.
2434 297 2653 372 DIST.
2710 297 2965 391 X-vt'n,
3020 310 3102 392 Α,
3147 311 3346 382 ART.
3404 317 3464 382 1.

992 495 1029 543 f«
1107 481 1445 546 Praecerea
1513 480 1877 570 diliqencer
1935 476 2530 555 considerandum,

991 596 1119 655 etc.
1168 613 1200 653 »
1238 587 1315 654 ln
1370 589 1569 657 tertio
1617 587 1859 676 tangit,
1901 584 2084 677 quod
2113 608 2196 653 ex
2225 586 2538 676 proprie-

991 703 1127 764 tate
1193 705 1444 763 aeterna
1499 694 1702 762 habet
1733 692 1914 784 quod
1952 695 2040 761 sit
2065 693 2376 782 1donum,
2420 691 2535 760 sed

989 825 1131 871 non
1179 803 1364 895 quod
1409 805 1496 871 sit
1534 803 1790 881 datum,
1860 801 1980 885 ibi,
2026 801 2106 884 E,
2152 829 2188 867 α
2256 804 2538 869 Donum

991 935 1146 981 vero
1203 914 1458 981 dicitur
1513 934 1647 979 non
1705 935 1789 978 ex
1853 934 1925 979 eo
1984 921 2280 995 tantum,
2332 919 2531 979 etc.»

992 1021 1128 1089 Per
1167 1021 1297 1089 hoc
1338 1028 1518 1110 patet
1545 1022 1897 1088 sententia.

1463 1441 1961 1511 ARTICULUS
1993 1442 2047 1511 1.

996 1664 1244 1730 Utrum
1303 1686 1428 1753 per
1500 1663 1756 1731 donum
1821 1660 2010 1753 quod
2078 1668 2174 1727 est
2227 1657 2536 1750 Spiritus

1062 1785 1364 1853 sanctus,
1402 1770 1821 1865 omnia-alia
1860 1770 2040 1836 dona
2064 1764 2473 1836 donantur?

1079 2095 1322 2166 Incidit
1388 2080 1614 2161 autem
1675 2088 1786 2157 hic
1848 2085 2129 2155 dubium
2185 2085 2364 2152 circa
2401 2082 2535 2173 pri-

990 2229 1185 2275 mum
1277 2199 1677 2293 capitulum,
1767 2196 2007 2266 Utrum
2076 2215 2198 2285 per
2275 2190 2531 2259 donum

990 2315 1240 2386 dentur
1275 2310 1508 2381 dona?

1078 2421 1369 2490 Videtur
1396 2425 1650 2494 autem,
1684 2412 1868 2506 quod
1903 2433 2041 2479 non
2071 2433 2085 2477 :
2133 2408 2295 2501 quia

1085 2535 1146 2601 1.
1193 2530 1325 2599 Per
1354 2535 1618 2596 motum
1656 2523 1823 2612 [non
1854 2520 1928 2588 fit
1992 2526 2219 2587 motus
2251 2536 2533 2608 genera-

988 2640 1189 2709 liter:
1232 2637 1392 2728 quia
1421 2625 2090 2720 dicitPhilosophuS,
2141 2623 2327 2716 quod
2392 2645 2532 2690 non

991 2758 1091 2818 est
1129 2741 1547 2816 alterationis
1576 2727 1906 2817 alteratio,
1941 2744 2005 2806 et
2060 2723 2366 2836 omnino*
2393 2752 2534 2799 uon

989 2868 1092 2930 est
1158 2854 1557 2926 mutationis
1622 2848 1908 2919 mutatio
1963 2868 1981 2915 ε
2044 2865 2279 2936 crgoa
2320 2832 2530 2910 simili

989 2969 1193 3037 etiam
1239 2987 1359 3057 per
1387 2963 1641 3031 donum
1682 2979 1819 3026 non
1850 2954 2045 3023 datur
2073 2953 2358 3022 donum.

1081 3079 1147 3145 2.
1183 3073 1381 3152 Item,
1425 3068 1734 3147 Videtur,
1788 3064 1970 3156 quod
2024 3062 2155 3131 hoc
2203 3060 2403 3128 abeat
2460 3059 2528 3124 in

989 3179 1376 3254 inlinitum:
1413 3177 1572 3272 quia
1607 3174 1663 3245 si
1720 3173 1869 3245 hoec
1922 3177 2024 3243 est
2076 3171 2275 3249 ratio,
2346 3166 2533 3261 quod

989 3296 1242 3364 dantur
1296 3291 1501 3369 dona,
1573 3291 1734 3380 quia
1786 3288 1856 3355 in
1911 3285 2092 3353 dono
2136 3282 2407 3360 dantur,
2464 3279 2530 3349 id

989 3404 1246 3473 donum
1314 3420 1585 3468 necesse
1659 3404 1757 3465 est
1822 3394 2025 3464 etiam
2079 3392 2150 3459 in
2180 3389 2362 3460 dono
2401 3389 2532 3456 do-

989 3513 1164 3590 nari,
1197 3520 1261 3579 et
1317 3510 1408 3577 sic
1465 3507 1548 3575 de
1608 3504 1797 3573 aliis:
1832 3525 1993 3593 ergo
2048 3500 2178 3569 hoc
2207 3498 2419 3567 abibit
2461 3500 2529 3565 in

987 3620 1358 3691 inlinitum.

1080 3732 1145 3797 3.
1206 3727 1402 3805 Item,
1472 3725 1643 3792 Cum
1695 3722 1869 3801 dico,
1939 3722 2007 3788 in
2070 3718 2255 3787 dono
2284 3715 2534 3784 dantur

990 3839 1212 3907 dona:
1248 3845 1364 3904 aut
1404 3833 1660 3916 omnia,
1693 3840 1807 3899 aut
1843 3827 2179 3922 quaedam.
2243 3826 2317 3894 Si
2385 3849 2532 3894 om·

990 3951 1142 4015 nia:
1214 3966 1377 4036 ergo
1452 3942 1705 4010 donum
1774 3940 1842 4007 in
1883 3960 2017 4029 quo
2082 3937 2315 4005 omnia
2345 3935 2528 4005 dona

990 4058 1356 4135 donantur,
1397 4054 1596 4121 datur
1641 4053 1707 4118 in
1746 4049 1968 4117 dono:
2019 4071 2182 4139 ergo
2247 4056 2347 4115 est
2403 4045 2529 4113 do-

991 4188 1156 4234 num
1198 4160 1472 4254 aliquod
1525 4165 1764 4250 praeter
1828 4157 2057 4224 omnia
2096 4153 2301 4240 dona,
2344 4154 2529 4245 quod

992 4275 1236 4343 falsum
1278 4280 1403 4341 est.
1450 4270 1523 4337 Si
1583 4266 1921 4361 quaedam,
1964 4275 2029 4334 et
2059 4287 2200 4333 non
2239 4266 2471 4332 omnia
2508 4287 2522 4331 :

989 4404 1156 4473 ergo
1251 4376 1414 4447 illud
1487 4373 1740 4444 donum
1826 4373 1894 4440 in
1986 4393 2122 4463 quo
2188 4370 2533 4440 donantur

990 4492 1168 4559 dona
1211 4489 1350 4569 illa,
1386 4506 1522 4553 non
1555 4483 1755 4552 habet
1800 4480 2185 4572 generalem
2243 4480 2531 4549 influen-

989 4604 1153 4669 tiam
1219 4621 1423 4689 super
1476 4594 1904 4663 collationem
1949 4591 2329 4660 donorum:
2364 4613 2528 4682 ergo

987 4735 1126 4780 non
1169 4708 1367 4777 habet
1413 4707 1740 4773 rationem
1772 4700 2178 4771 causalitatis
2231 4701 2312 4769 ad
2381 4725 2528 4770 om-

988 4822 1101 4887 nia
1170 4817 1375 4894 dona,
1446 4813 1623 4906 quod
1673 4822 1769 4880 est
1813 4803 2324 4891 inconveniens,
2370 4814 2529 4903 quia

986 4925 1153 4995 illud
1194 4924 1451 4993 donum
1483 4929 1579 4989 est
1623 4919 1914 5011 Spiritus
1950 4922 2247 4987 sanctus.

1078 5035 1144 5103 4.
1181 5031 1378 5114 ltem,
1433 5029 1638 5096 Filius
1679 5033 1780 5095 est
1825 5048 2036 5093 unum
2066 5026 2148 5094 (le
2205 5026 2381 5096 datis
2410 5048 2533 5096 no-

984 5142 1116 5209 bis.
1191 5137 1417 5217 Unde,
1497 5135 1625 5203 lsa.
1687 5156 1780 5213 ix,
1823 5135 1904 5201 6:
1955 5135 2308 5202 Parvulas
2349 5137 2527 5203 enim

985 5256 1195 5316 natus
1223 5256 1320 5311 est
1349 5242 1568 5320 nobis,
1602 5250 1664 5308 el
1690 5238 1888 5330 filius
1926 5239 2131 5311 datus
2160 5252 2257 5308 es!
2306 5242 2525 5310 nobis,

989 5356 1172 5446 Ergo
1212 5352 1343 5419 hoc
1371 5348 1953 5440 donumssdaturin
1978 5345 2235 5439 Spiritu
2265 5361 2525 5420 sancto,

991 5464 1155 5531 Dari
1196 5468 1423 5529 autem
1491 5459 1561 5525 in
1616 5457 1796 5526 dono
1840 5467 1963 5537 est,
2023 5459 2206 5549 quod
2272 5459 2530 5530 donum

991 5569 1246 5641 habeat
1300 5567 1722 5637 influentiam
1817 5588 2033 5636 causae
2103 5591 2310 5660 super
2363 5571 2534 5644 illud

993 5678 1179 5768 quod
1210 5678 1406 5746 datur
1437 5699 1453 5744 ε
1498 5697 1658 5765 ergo
1701 5673 1989 5763 Spiritus
2026 5688 2297 5747 sanctus
2326 5679 2530 5751 habet

4074 308 4195 399 49¹

2651 474 3078 544 influentiam
3118 501 3339 547 causae
3406 503 3610 574 super
3688 481 3955 563 Filium,
4019 478 4202 568 quod

2644 582 2891 651 salsum
2923 593 3046 670 est,
3084 594 3157 655 ut
3177 587 3474 672 videtur,
3510 590 3670 679 quia
3704 587 3998 676 Spiritus
4029 594 4129 653 est
4160 603 4198 652 a

2644 691 2840 772 Filio,
2887 702 2950 762 et
2989 717 3127 762 non
3159 717 3195 763 e
3225 718 3586 764 converso,

2732 803 2796 867 5.
2869 800 3063 880 Item,
3146 802 3495 871 Ponamus
3561 825 3681 895 per
3774 801 4193 892 impossibile

2646 906 2976 997 Spiritum
3008 920 3321 978 sanctum
3354 934 3496 978 non
3545 934 3733 979 csse:
3799 920 3915 978 aut
3974 909 4194 978 adhuc

2639 1018 2866 1098 Pater,
2902 1028 2967 1087 et
2998 1020 3206 1088 Filius
3236 1031 3464 1091 essent
3500 1044 3691 1113 aeque
3732 1021 4065 1099 liberaleS‚
4120 1027 4194 1086 ut

2639 1127 2868 1215 prius:
2906 1135 3023 1196 aut
3074 1145 3240 1196 non.
3296 1129 3370 1196 Si
3429 1152 3612 1197 non:
3675 1151 3835 1220 ergo
3904 1127 4196 1196 liberali-

2639 1241 2849 1302 tatem
2926 1227 3183 1306 habent
3238 1258 3275 1305 a
3330 1238 3590 1329 Spiritu
3658 1246 3891 1306 sanc-to
3937 1261 3950 1303 :
4008 1236 4193 1328 quod

2638 1344 2885 1412 falsum
2943 1354 3067 1415 est.
3132 1346 3205 1414 Si
3272 1347 3410 1415 sic:
3479 1370 3641 1439 ergo
3681 1345 4192 1438 adhuc-dabunt

2640 1453 2861 1520 dona:
2909 1460 2977 1522 et
3000 1469 3139 1522 non
3166 1455 3233 1522 in
3264 1453 3396 1523 hoc
3426 1453 3645 1523 dono:
3691 1478 3851 1546 ergo
3893 1454 4187 1533 videtur,

2640 1559 2823 1649 quod
2881 1559 3029 1629 haec
3083 1583 3225 1628 non
3280 1562 3370 1628 sit
3409 1563 3604 1639 ratio,
3669 1561 3847 1652 quod
3890 1560 4188 1651 Spiritus

2637 1676 2910 1736 sanctus
2948 1671 3035 1737 sit
3073 1669 3331 1737 donum
3361 1670 3432 1737 in
3473 1693 3609 1761 quo
3638 1668 3768 1738 alia
3830 1670 4009 1737 dona
4077 1668 4194 1736 do-

2641 1783 2915 1844 uantur.

2730 1998 3036 2069 Somno.
3119 1997 3525 2079 Dicendum,
3625 1997 3807 2090 quod
3889 1997 4182 2089 Spiritus

2636 2116 2909 2177 sanctus
2947 2116 3050 2177 est
3077 2108 3336 2176 donum
3367 2107 3437 2175 in
3469 2128 3606 2199 quo
3638 2106 3771 2175 alia
3816 2106 3993 2176 dona
4053 2107 4184 2175 do-

2636 2226 2887 2286 nantur
2918 2239 2933 2285 z
2970 2226 3035 2285 et
3068 2218 3136 2285 in
3167 2216 3296 2286 hoc
3335 2216 3518 2285 dono
3558 2215 3805 2284 dantur
3851 2216 4055 2283 dona.
4100 2216 4184 2283 Et

2637 2326 2810 2393 ratio
2885 2324 3091 2415 hujus
3137 2334 3264 2409 est,
3334 2325 3492 2417 quia
3552 2323 3882 2416 quidquid
3940 2323 4185 2415 aliquis

2636 2433 2834 2502 alicui
2886 2432 3182 2524 gratuito
3241 2440 3305 2500 et
3362 2430 3728 2500 liberaliter
3781 2431 3918 2509 dat,
3962 2431 4185 2520 primo

2635 2550 2792 2610 ante
2831 2539 2997 2608 illud
3028 2541 3143 2609 dat.
3183 2541 3240 2608 ci
3274 2562 3609 2619 amorem,
3644 2550 3708 2608 et
3738 2542 3803 2607 in
3847 2538 3962 2607 illo
3993 2547 4188 2631 post-

2636 2671 2717 2718 ca
2754 2649 3217 2717 communicat
3253 2650 3314 2715 ei
3346 2646 3430 2716 de
3469 2646 3668 2715 bonis
3712 2648 3877 2729 suia,
3939 2656 4001 2714 et
4065 2645 4180 2714 dat

2633 2760 2693 2828 ci
2735 2767 2801 2827 et
2829 2781 2924 2835 se,
2961 2767 3026 2826 et
3066 2757 3400 2850 quidquid
3438 2759 3576 2827 dat.

2726 2857 3070 2936 Dici-:suun
3099 2891 3262 2958 crgo
3293 2867 3377 2935 ad
3435 2867 3758 2959 primum,
3804 2865 3984 2957 quod
4045 2889 4180 2933 non

2632 2988 2731 3046 est
2764 2977 3182 3046 alterationis
3248 2975 3585 3054 alterati0,
3654 2975 3780 3044 lior
3829 2985 3953 3058 est,
3996 2976 4180 3066 quod

2632 3085 2942 3154 alteratio
2973 3084 3061 3151 sit
3098 3082 3182 3151 ad
3214 3082 3686 3152 alterationem
3721 3091 3789 3149 ut
3823 3083 3905 3149 ad
3959 3083 4186 3151 termi-

2632 3206 2798 3262 num
2866 3192 3121 3273 molus,
3175 3191 3335 3284 quia
3403 3190 3500 3260 sic
3566 3212 3939 3283 numquam
4010 3202 4184 3260 esset

2633 3302 3006 3395 quiescere,
3038 3308 3107 3369 et
3143 3302 3240 3369 sic
3269 3302 3478 3370 etiam
3527 3322 3664 3369 non
3704 3307 3802 3366 est
3871 3301 4188 3367 mutatio·

2634 3412 2740 3478 nis
2780 3410 3067 3477 mutatio
3116 3431 3132 3477 ε
3174 3407 3293 3477 aed
3324 3407 3713 3499 frequenter
3742 3429 3918 3474 unus
3959 3417 4186 3475 motus

2631 3541 2837 3585 causa
2876 3526 2975 3584 est
3015 3516 3319 3598 alterius,
3354 3525 3419 3585 et
3461 3540 3595 3584 una
3635 3515 3943 3584 alteratio
3983 3539 4184 3583 causa

2634 3634 2734 3694 est
2764 3625 3067 3692 alterius.
3106 3624 3218 3693 Sic
3260 3623 3412 3692 dieo
3442 3622 3578 3705 hic.
3643 3623 3823 3716 quod
3890 3623 4185 3714 primum

2633 3734 2890 3802 donum
2959 3755 3162 3802 causa
3221 3741 3318 3800 est
3398 3734 3706 3801 omnium
3756 3734 4071 3812 aliorum,
4119 3743 4184 3799 ut

2634 3842 3019 3910 dictumest
3076 3863 3092 3907 τ
3157 3842 3317 3932 quia
3374 3842 3442 3909 in
3502 3843 3720 3933 primo
3771 3840 3951 3908 dmm
3989 3839 4190 3907 «latur

2634 3950 2834 4019 nobis
2863 3971 3060 4018 amor
3093 3949 3238 4023 Dei,
3275 3949 3390 4039 qui
3424 3959 3522 4016 est
3556 3950 3849 4039 Spiritus
3879 3957 4176 4024 sanctum

2634 4061 2751 4150 qui
2801 4058 3058 4126 donum
3099 4067 3386 4125 vocatur
3422 4056 3508 4124 ab
3539 4064 3818 4125 aetvrno.

2725 4170 2827 4235 An
2893 4190 3090 4235 Αιιυυ
3156 4166 3547 4242 dicendum,
3618 4167 3798 4258 quod
3859 4165 3986 4234 lto«-
4042 4191 4176 4234 non

2634 4275 2846 4345 abibit
2887 4278 2952 4343 in
2987 4274 3328 4343 inlinitum
3369 4299 3383 4342 :
3419 4277 3579 4367 quia
3616 4278 3781 4342 sicut
3848 4279 3911 4342 in
3978 4298 4180 4343 causa

2634 4390 2947 4454 motuum
3016 4387 3233 4451 statur
3309 4382 3375 4450 in
3437 4382 3659 4474 primo
3701 4392 3889 4451 motu
3937 4385 4048 4473 qui
4083 4392 4184 4449 est

2631 4515 2839 4562 cauea
2902 4491 3212 4560 omnium
3284 4491 3707 4568 inferiorum,
3745 4494 3838 4558 ita
3881 4493 3949 4559 in
3988 4492 4186 4559 donis

2632 4608 2850 4670 statur
2882 4601 2946 4667 in
2978 4601 3202 4690 primo
3232 4598 3416 4667 dono
3448 4599 3628 4691 quod
3663 4608 3760 4667 est
3792 4622 3993 4666 rausa
4027 4620 4186 4667 om-

2634 4709 2826 4776 nium
2858 4707 3336 4777 secundorum.

2727 4816 2828 4883 Λιι
2885 4838 3081 4882 Anien
3111 4810 3501 4900 dicendum,
3544 4817 3724 4907 quml
3777 4839 3909 4882 non
3953 4816 4180 4883 ‹unnia

2632 4918 2813 4991 dona
2870 4918 3214 4990 donantur
3254 4921 3319 4988 in
3354 4911 3536 4990 dono
3595 4922 3729 4991 alio
3760 4947 3798 4990 a
3838 4944 3908 4990 sc
3946 4945 3960 4989 :
4024 4920 4182 5015 qula

2633 5032 2933 5123 primum
2991 5030 3250 5097 donum
3309 5030 3510 5098 datur
3560 5031 3627 5098 in
3694 5032 3971 5122 seipso:
4024 5036 4181 5123 quin

2636 5141 2860 5231 ipsum
2901 5148 3003 5207 est
3032 5160 3227 5206 amor
3255 5139 3593 5227 gratuitus
3627 5140 3694 5206 iu
3726 5163 3862 5231 quo
3911 5150 3977 5208 et
4044 5144 4186 5233 ipse

2636 5257 2702 5317 et
2742 5247 2974 5315 omnia
3015 5246 3149 5314 alia
3186 5248 3484 5314 secunda
3527 5247 3704 5315 dona
3736 5247 4004 5316 dantur.

2728 5358 2832 5423 Au
2863 5379 2989 5423 noc
3027 5363 3255 5423 autem
3306 5356 3490 5446 quod
3548 5365 3784 5425 contra
3846 5356 4186 5445 objicitur,

2638 5464 3002 5534 dicendum
3043 5465 3227 5556 quod
3283 5464 3540 5533 donum
3607 5466 3905 5556 primum
3967 5470 4190 5558 seipso

2640 5598 2713 5644 se
2741 5574 2990 5654 influit,
3024 5584 3426 5643 nontamen
3464 5572 3670 5643 habet
3723 5574 4190 5646 causalitatem

2641 5691 2947 5775 respectu
2979 5670 3083 5751 sui
3122 5704 3137 5752 :
3173 5673 3331 5773 quia
3367 5678 3661 5774 Spiritus
3690 5689 3964 5753 sanctus
4020 5688 4193 5776 seip-

4259 2040 4461 2088 solutio.

4299 2903 4369 2946 Ad
4402 2906 4441 2952 1.

4287 4224 4358 4265 Au
4387 4223 4430 4268 2·

4295 4868 4371 4915 ΑιΙ
4399 4869 4440 4912 ³.
