<?xml version="1.0" encoding="UTF-8"?>
<!DOCTYPE html PUBLIC "-//W3C//DTD XHTML 1.0 Transitional//EN"
    "http://www.w3.org/TR/xhtml1/DTD/xhtml1-transitional.dtd">
<html xmlns="http://www.w3.org/1999/xhtml" xml:lang="en" lang="en">
 <head>
  <title>
</title>
<meta http-equiv="Content-Type" content="text/html;charset=utf-8" />
  <meta name='ocr-system' content='tesseract 3.04.00' />
  <meta name='ocr-capabilities' content='ocr_page ocr_carea ocr_par ocr_line ocrx_word'/>
</head>
<body>
  <div class='ocr_page' id='page_1' title='image "balbertimagnira03chgoog_0602.png"; bbox 0 0 4897 6388; ppageno 0'>
   <div class='ocr_carea' id='block_1_1' title="bbox 638 357 770 425">
    <p class='ocr_par' dir='ltr' id='par_1_1' title="bbox 638 357 770 425">
     <span class='ocr_line' id='line_1_1' title="bbox 638 357 770 425; baseline -0.038 -1"><span class='ocrx_word' id='word_1_1' title='bbox 638 357 770 425; x_wconf 72' lang='lat'><strong>552</strong></span> 
     </span>
    </p>
   </div>
   <div class='ocr_carea' id='block_1_2' title="bbox 1087 837 1732 906">
    <p class='ocr_par' dir='ltr' id='par_1_2' title="bbox 1087 837 1732 906">
     <span class='ocr_line' id='line_1_2' title="bbox 1087 837 1732 906; baseline 0.002 -4"><span class='ocrx_word' id='word_1_2' title='bbox 1087 837 1583 906; x_wconf 83' lang='lat' dir='ltr'><strong>ARTlCULUS</strong></span> <span class='ocrx_word' id='word_1_3' title='bbox 1616 837 1732 904; x_wconf 86' lang='lat' dir='ltr'><strong>VI.</strong></span> 
     </span>
    </p>
   </div>
   <div class='ocr_carea' id='block_1_3' title="bbox 649 1049 2186 1328">
    <p class='ocr_par' dir='ltr' id='par_1_3' title="bbox 649 1049 2186 1328">
     <span class='ocr_line' id='line_1_3' title="bbox 649 1049 2186 1139; baseline 0 -23"><span class='ocrx_word' id='word_1_4' title='bbox 649 1049 898 1116; x_wconf 83' lang='lat' dir='ltr'><em>Utrum</em></span> <span class='ocrx_word' id='word_1_5' title='bbox 934 1052 1120 1116; x_wconf 81' lang='lat' dir='ltr'><strong>Deus</strong></span> <span class='ocrx_word' id='word_1_6' title='bbox 1158 1049 1404 1126; x_wconf 82' lang='lat' dir='ltr'><strong>voluit,</strong></span> <span class='ocrx_word' id='word_1_7' title='bbox 1434 1049 1557 1114; x_wconf 81' lang='lat' dir='ltr'><strong>sed</strong></span> <span class='ocrx_word' id='word_1_8' title='bbox 1589 1071 1724 1114; x_wconf 82' lang='lat' dir='ltr'><strong>non</strong></span> <span class='ocrx_word' id='word_1_9' title='bbox 1746 1051 1977 1139; x_wconf 81' lang='lat' dir='ltr'><strong>potuit</strong></span> <span class='ocrx_word' id='word_1_10' title='bbox 2009 1072 2031 1116; x_wconf 95' lang='lat'><strong>.·</strong></span> <span class='ocrx_word' id='word_1_11' title='bbox 2063 1060 2186 1116; x_wconf 83' lang='lat' dir='ltr'><strong>aut</strong></span> 
     </span>
     <span class='ocr_line' id='line_1_4' title="bbox 722 1153 2186 1242; baseline 0.001 -23"><span class='ocrx_word' id='word_1_12' title='bbox 722 1154 981 1242; x_wconf 80' lang='lat' dir='ltr'><strong>potuit,</strong></span> <span class='ocrx_word' id='word_1_13' title='bbox 1014 1153 1138 1219; x_wconf 81' lang='lat' dir='ltr'><strong>sed</strong></span> <span class='ocrx_word' id='word_1_14' title='bbox 1161 1175 1296 1219; x_wconf 76' lang='lat' dir='ltr'><strong>non</strong></span> <span class='ocrx_word' id='word_1_15' title='bbox 1337 1153 1556 1220; x_wconf 80' lang='lat' dir='ltr'><strong>voluit</strong></span> <span class='ocrx_word' id='word_1_16' title='bbox 1585 1157 1932 1220; x_wconf 77' lang='lat' dir='ltr'><strong>creaturas</strong></span> <span class='ocrx_word' id='word_1_17' title='bbox 1959 1154 2186 1242; x_wconf 76' lang='lat' dir='ltr'><strong>facere</strong></span> 
     </span>
     <span class='ocr_line' id='line_1_5' title="bbox 735 1260 1105 1328; baseline -0.003 0"><span class='ocrx_word' id='word_1_18' title='bbox 735 1260 1055 1328; x_wconf 80' lang='lat' dir='ltr'><strong>meliores</strong></span> <span class='ocrx_word' id='word_1_19' title='bbox 1074 1266 1105 1327; x_wconf 79' lang='lat'><strong>⁴?</strong></span> 
     </span>
    </p>
   </div>
   <div class='ocr_carea' id='block_1_4' title="bbox 640 1582 2191 2428">
    <p class='ocr_par' dir='ltr' id='par_1_4' title="bbox 642 1582 2188 1874">
     <span class='ocr_line' id='line_1_6' title="bbox 730 1582 2186 1675; baseline -0.001 -24"><span class='ocrx_word' id='word_1_20' title='bbox 730 1582 994 1651; x_wconf 79' lang='lat' dir='ltr'><strong>Deinde</strong></span> <span class='ocrx_word' id='word_1_21' title='bbox 1051 1584 1379 1674; x_wconf 84' lang='lat' dir='ltr'><strong>quaeritur</strong></span> <span class='ocrx_word' id='word_1_22' title='bbox 1451 1582 1534 1650; x_wconf 88' lang='lat' dir='ltr'><strong>de</strong></span> <span class='ocrx_word' id='word_1_23' title='bbox 1579 1605 1898 1671; x_wconf 88' lang='lat' dir='ltr'><strong>processu</strong></span> <span class='ocrx_word' id='word_1_24' title='bbox 1940 1584 2186 1675; x_wconf 89' lang='lat' dir='ltr'><strong>Augu-</strong></span> 
     </span>
     <span class='ocr_line' id='line_1_7' title="bbox 642 1682 2188 1782; baseline 0.001 -27"><span class='ocrx_word' id='word_1_25' title='bbox 642 1690 803 1756; x_wconf 87' lang='lat' dir='ltr'><strong>stini</strong></span> <span class='ocrx_word' id='word_1_26' title='bbox 853 1712 1060 1780; x_wconf 87' lang='lat' dir='ltr'><strong>quem</strong></span> <span class='ocrx_word' id='word_1_27' title='bbox 1100 1691 1313 1779; x_wconf 89' lang='lat' dir='ltr'><strong>ponit,</strong></span> <span class='ocrx_word' id='word_1_28' title='bbox 1368 1690 1486 1771; x_wconf 90' lang='lat' dir='ltr'><strong>ibi,</strong></span> <span class='ocrx_word' id='word_1_29' title='bbox 1520 1682 1598 1770; x_wconf 82' lang='lat' dir='ltr'><strong>E‚&#39;</strong></span> <span class='ocrx_word' id='word_1_30' title='bbox 1636 1718 1669 1754; x_wconf 77' lang='grc' dir='ltr'><em>α</em></span> <span class='ocrx_word' id='word_1_31' title='bbox 1701 1693 1841 1758; x_wconf 81' lang='lat' dir='ltr'><strong>Aut</strong></span> <span class='ocrx_word' id='word_1_32' title='bbox 1891 1714 2022 1757; x_wconf 84' lang='lat' dir='ltr'><strong>non</strong></span> <span class='ocrx_word' id='word_1_33' title='bbox 2064 1713 2188 1782; x_wconf 87' lang='lat' dir='ltr'><strong>po-</strong></span> 
     </span>
     <span class='ocr_line' id='line_1_8' title="bbox 644 1797 1050 1874; baseline 0.002 -12"><span class='ocrx_word' id='word_1_34' title='bbox 644 1797 805 1874; x_wconf 80' lang='lat' dir='ltr'><strong>tuit,</strong></span> <span class='ocrx_word' id='word_1_35' title='bbox 837 1805 967 1865; x_wconf 79' lang='lat' dir='ltr'><strong>etc.</strong></span> <span class='ocrx_word' id='word_1_36' title='bbox 1017 1823 1050 1863; x_wconf 66' lang='lat' dir='ltr'>n</span> 
     </span>
    </p>

    <p class='ocr_par' dir='ltr' id='par_1_5' title="bbox 640 1904 2191 2428">
     <span class='ocr_line' id='line_1_9' title="bbox 731 1904 2186 1997; baseline 0.003 -27"><span class='ocrx_word' id='word_1_37' title='bbox 731 1904 1024 1974; x_wconf 88' lang='lat' dir='ltr'><strong>Videtur</strong></span> <span class='ocrx_word' id='word_1_38' title='bbox 1062 1907 1241 1974; x_wconf 91' lang='lat' dir='ltr'><strong>enim</strong></span> <span class='ocrx_word' id='word_1_39' title='bbox 1284 1907 1601 1974; x_wconf 86' lang='lat' dir='ltr'><strong>instantia</strong></span> <span class='ocrx_word' id='word_1_40' title='bbox 1645 1929 1824 1974; x_wconf 88' lang='lat' dir='ltr'><strong>esse:</strong></span> <span class='ocrx_word' id='word_1_41' title='bbox 1864 1909 2022 1997; x_wconf 86' lang='lat' dir='ltr'><strong>quia</strong></span> <span class='ocrx_word' id='word_1_42' title='bbox 2069 1916 2186 1975; x_wconf 86' lang='lat' dir='ltr'><strong>aut</strong></span> 
     </span>
     <span class='ocr_line' id='line_1_10' title="bbox 640 2011 2176 2102; baseline 0.001 -21"><span class='ocrx_word' id='word_1_43' title='bbox 640 2011 885 2094; x_wconf 82' lang='lat' dir='ltr'><strong>voluit,</strong></span> <span class='ocrx_word' id='word_1_44' title='bbox 937 2020 1005 2080; x_wconf 87' lang='lat' dir='ltr'><strong>et</strong></span> <span class='ocrx_word' id='word_1_45' title='bbox 1050 2014 1270 2102; x_wconf 90' lang='lat' dir='ltr'><strong>potuit</strong></span> <span class='ocrx_word' id='word_1_46' title='bbox 1325 2036 1434 2080; x_wconf 88' lang='lat' dir='ltr'><strong>me</strong></span> <span class='ocrx_word' id='word_1_47' title='bbox 1496 2013 1846 2081; x_wconf 88' lang='lat' dir='ltr'><strong>meliorem</strong></span> <span class='ocrx_word' id='word_1_48' title='bbox 1911 2014 2176 2082; x_wconf 81' lang='lat' dir='ltr'><strong>facere:</strong></span> 
     </span>
     <span class='ocr_line' id='line_1_11' title="bbox 644 2107 2184 2214; baseline 0.002 -25"><span class='ocrx_word' id='word_1_49' title='bbox 644 2130 762 2190; x_wconf 89' lang='lat' dir='ltr'><strong>aut</strong></span> <span class='ocrx_word' id='word_1_50' title='bbox 806 2107 1047 2199; x_wconf 42' lang='lat' dir='ltr'><strong>soluit,</strong></span> <span class='ocrx_word' id='word_1_51' title='bbox 1109 2122 1228 2190; x_wconf 91' lang='lat' dir='ltr'><strong>sed</strong></span> <span class='ocrx_word' id='word_1_52' title='bbox 1283 2145 1421 2191; x_wconf 91' lang='lat' dir='ltr'><strong>non</strong></span> <span class='ocrx_word' id='word_1_53' title='bbox 1466 2122 1686 2214; x_wconf 87' lang='lat' dir='ltr'><strong>potuit</strong></span> <span class='ocrx_word' id='word_1_54' title='bbox 1727 2141 1744 2191; x_wconf 75' lang='grc' dir='ltr'><em>τ</em></span> <span class='ocrx_word' id='word_1_55' title='bbox 1779 2132 1894 2191; x_wconf 86' lang='lat' dir='ltr'><strong>aut</strong></span> <span class='ocrx_word' id='word_1_56' title='bbox 1942 2124 2184 2214; x_wconf 85' lang='lat' dir='ltr'><strong>potuit,</strong></span> 
     </span>
     <span class='ocr_line' id='line_1_12' title="bbox 644 2228 2189 2323; baseline 0.002 -26"><span class='ocrx_word' id='word_1_57' title='bbox 644 2237 711 2297; x_wconf 88' lang='lat' dir='ltr'><strong>et</strong></span> <span class='ocrx_word' id='word_1_58' title='bbox 744 2252 883 2297; x_wconf 88' lang='lat' dir='ltr'><strong>non</strong></span> <span class='ocrx_word' id='word_1_59' title='bbox 920 2228 1165 2297; x_wconf 85' lang='lat' dir='ltr'><strong>voluit.</strong></span> <span class='ocrx_word' id='word_1_60' title='bbox 1209 2228 1282 2297; x_wconf 89' lang='lat' dir='ltr'><strong>Si</strong></span> <span class='ocrx_word' id='word_1_61' title='bbox 1314 2231 1536 2321; x_wconf 89' lang='lat' dir='ltr'><strong>primo</strong></span> <span class='ocrx_word' id='word_1_62' title='bbox 1571 2230 1772 2298; x_wconf 91' lang='lat' dir='ltr'><strong>modo</strong></span> <span class='ocrx_word' id='word_1_63' title='bbox 1808 2252 1823 2297; x_wconf 74' lang='grc' dir='ltr'>ε</span> <span class='ocrx_word' id='word_1_64' title='bbox 1868 2253 2030 2323; x_wconf 85' lang='lat' dir='ltr'><strong>ergo</strong></span> <span class='ocrx_word' id='word_1_65' title='bbox 2062 2254 2189 2323; x_wconf 87' lang='lat' dir='ltr'><strong>ego</strong></span> 
     </span>
     <span class='ocr_line' id='line_1_13' title="bbox 650 2337 2191 2428; baseline 0.001 -22"><span class='ocrx_word' id='word_1_66' title='bbox 650 2340 950 2428; x_wconf 87' lang='lat' dir='ltr'><strong>optimus</strong></span> <span class='ocrx_word' id='word_1_67' title='bbox 1008 2337 1222 2406; x_wconf 78' lang='lat' dir='ltr'><strong>factus</strong></span> <span class='ocrx_word' id='word_1_68' title='bbox 1269 2361 1448 2417; x_wconf 91' lang='lat' dir='ltr'><strong>sum,</strong></span> <span class='ocrx_word' id='word_1_69' title='bbox 1483 2347 1551 2407; x_wconf 86' lang='lat' dir='ltr'><strong>et</strong></span> <span class='ocrx_word' id='word_1_70' title='bbox 1579 2338 1817 2407; x_wconf 86' lang='lat' dir='ltr'><strong>eadem</strong></span> <span class='ocrx_word' id='word_1_71' title='bbox 1882 2347 1983 2407; x_wconf 90' lang='lat' dir='ltr'><strong>est</strong></span> <span class='ocrx_word' id='word_1_72' title='bbox 2021 2340 2191 2409; x_wconf 86' lang='lat' dir='ltr'><strong>ratio</strong></span> 
     </span>
    </p>
   </div>
   <div class='ocr_carea' id='block_1_5' title="bbox 1633 349 2240 419">
    <p class='ocr_par' dir='ltr' id='par_1_6' title="bbox 1633 349 2240 419">
     <span class='ocr_line' id='line_1_14' title="bbox 1633 349 2240 419; baseline 0.003 -2"><span class='ocrx_word' id='word_1_73' title='bbox 1633 351 1718 417; x_wconf 88' lang='lat' dir='ltr'><strong>D.</strong></span> <span class='ocrx_word' id='word_1_74' title='bbox 1771 349 1971 419; x_wconf 85' lang='lat' dir='ltr'><strong>ALB.</strong></span> <span class='ocrx_word' id='word_1_75' title='bbox 2023 349 2240 419; x_wconf 83' lang='lat' dir='ltr'><strong>MAG.</strong></span> 
     </span>
    </p>
   </div>
   <div class='ocr_carea' id='block_1_6' title="bbox 2292 340 2960 450">
    <p class='ocr_par' dir='ltr' id='par_1_7' title="bbox 2292 340 2960 450">
     <span class='ocr_line' id='line_1_15' title="bbox 2292 340 2960 450; baseline -0.013 -33"><span class='ocrx_word' id='word_1_76' title='bbox 2292 346 2499 417; x_wconf 91' lang='lat' dir='ltr'><strong>ORD.</strong></span> <span class='ocrx_word' id='word_1_77' title='bbox 2554 340 2848 410; x_wconf 83' lang='lat' dir='ltr'><strong>PRAED.</strong></span> <span class='ocrx_word' id='word_1_78' title='bbox 2897 405 2901 409; x_wconf 86' lang='lat'><strong>.</strong></span> <span class='ocrx_word' id='word_1_79' title='bbox 2955 445 2960 450; x_wconf 16' lang='grc' dir='ltr'><strong>θ</strong></span> 
     </span>
    </p>
   </div>
   <div class='ocr_carea' id='block_1_7' title="bbox 2383 451 4189 594">
    <p class='ocr_par' dir='ltr' id='par_1_8' title="bbox 2383 451 4189 594">
     <span class='ocr_line' id='line_1_16' title="bbox 4042 451 4133 474; baseline 0.011 -1"><span class='ocrx_word' id='word_1_80' title='bbox 4042 451 4079 474; x_wconf 51' lang='grc' dir='ltr'><strong>ι.</strong></span> <span class='ocrx_word' id='word_1_81' title='bbox 4128 468 4133 474; x_wconf 90' lang='grc'><strong><em>.</em></strong></span> 
     </span>
     <span class='ocr_line' id='line_1_17' title="bbox 2383 491 4189 594; baseline -0.02 -8"><span class='ocrx_word' id='word_1_82' title='bbox 2383 517 2688 586; x_wconf 77' lang='lat' dir='ltr'><strong>Somno.</strong></span> <span class='ocrx_word' id='word_1_83' title='bbox 2735 505 3118 581; x_wconf 75' lang='lat' dir='ltr'><strong>Dicendum</strong></span> <span class='ocrx_word' id='word_1_84' title='bbox 3170 500 3354 594; x_wconf 82' lang='lat' dir='ltr'><strong>quod</strong></span> <span class='ocrx_word' id='word_1_85' title='bbox 3397 494 3843 582; x_wconf 56' lang='lat' dir='ltr'><strong>inferiorssna-</strong></span> <span class='ocrx_word' id='word_1_86' title='bbox 3926 508 4123 554; x_wconf 63' lang='lat' dir='ltr'><strong>soluto.</strong></span> <span class='ocrx_word' id='word_1_87' title='bbox 4172 491 4189 522; x_wconf 65' lang='lat'>²</span> 
     </span>
    </p>
   </div>
   <div class='ocr_carea' id='block_1_8' title="bbox 2289 613 3853 2428">
    <p class='ocr_par' dir='ltr' id='par_1_9' title="bbox 2290 613 3845 1335">
     <span class='ocr_line' id='line_1_18' title="bbox 2290 613 3840 713; baseline -0.017 -20"><span class='ocrx_word' id='word_1_88' title='bbox 2290 635 2441 692; x_wconf 87' lang='lat' dir='ltr'><strong>tura</strong></span> <span class='ocrx_word' id='word_1_89' title='bbox 2469 622 2726 713; x_wconf 79' lang='lat' dir='ltr'><strong>aequari</strong></span> <span class='ocrx_word' id='word_1_90' title='bbox 2762 618 2908 687; x_wconf 90' lang='lat' dir='ltr'><strong>Deo</strong></span> <span class='ocrx_word' id='word_1_91' title='bbox 2966 637 3108 683; x_wconf 91' lang='lat' dir='ltr'><strong>non</strong></span> <span class='ocrx_word' id='word_1_92' title='bbox 3138 616 3389 703; x_wconf 86' lang='lat' dir='ltr'><strong>potest,</strong></span> <span class='ocrx_word' id='word_1_93' title='bbox 3424 615 3490 675; x_wconf 90' lang='lat' dir='ltr'><strong>et</strong></span> <span class='ocrx_word' id='word_1_94' title='bbox 3538 613 3640 672; x_wconf 87' lang='lat' dir='ltr'><strong>est</strong></span> <span class='ocrx_word' id='word_1_95' title='bbox 3668 625 3840 693; x_wconf 88' lang='lat' dir='ltr'><strong>opus</strong></span> 
     </span>
     <span class='ocr_line' id='line_1_19' title="bbox 2290 724 3838 815; baseline -0.016 -15"><span class='ocrx_word' id='word_1_96' title='bbox 2290 730 2658 799; x_wconf 85' lang='lat' dir='ltr'><strong>voluntatis</strong></span> <span class='ocrx_word' id='word_1_97' title='bbox 2688 727 2860 815; x_wconf 85' lang='lat' dir='ltr'><strong>ejus,</strong></span> <span class='ocrx_word' id='word_1_98' title='bbox 2904 731 2972 792; x_wconf 89' lang='lat' dir='ltr'><strong>et</strong></span> <span class='ocrx_word' id='word_1_99' title='bbox 3018 744 3162 789; x_wconf 92' lang='lat' dir='ltr'><strong>non</strong></span> <span class='ocrx_word' id='word_1_100' title='bbox 3201 724 3505 786; x_wconf 83' lang='lat' dir='ltr'><strong>naturae:</strong></span> <span class='ocrx_word' id='word_1_101' title='bbox 3558 731 3838 803; x_wconf 85' lang='lat' dir='ltr'><strong>genera-</strong></span> 
     </span>
     <span class='ocr_line' id='line_1_20' title="bbox 2290 819 3842 924; baseline -0.015 -17"><span class='ocrx_word' id='word_1_102' title='bbox 2290 841 2385 906; x_wconf 90' lang='lat' dir='ltr'><strong>tio</strong></span> <span class='ocrx_word' id='word_1_103' title='bbox 2432 846 2659 905; x_wconf 87' lang='lat' dir='ltr'><strong>autem</strong></span> <span class='ocrx_word' id='word_1_104' title='bbox 2729 842 2794 903; x_wconf 85' lang='lat' dir='ltr'><strong>et</strong></span> <span class='ocrx_word' id='word_1_105' title='bbox 2853 830 3198 924; x_wconf 80' lang='lat' dir='ltr'><strong>processio</strong></span> <span class='ocrx_word' id='word_1_106' title='bbox 3266 831 3427 893; x_wconf 90' lang='lat' dir='ltr'><strong>sunt</strong></span> <span class='ocrx_word' id='word_1_107' title='bbox 3474 823 3544 889; x_wconf 92' lang='lat' dir='ltr'><strong>in</strong></span> <span class='ocrx_word' id='word_1_108' title='bbox 3603 819 3842 888; x_wconf 86' lang='lat' dir='ltr'><strong>eadem</strong></span> 
     </span>
     <span class='ocr_line' id='line_1_21' title="bbox 2292 928 3843 1027; baseline -0.015 -13"><span class='ocrx_word' id='word_1_109' title='bbox 2292 933 2619 1014; x_wconf 77' lang='lat' dir='ltr'><strong>essentia:</strong></span> <span class='ocrx_word' id='word_1_110' title='bbox 2656 952 2721 1011; x_wconf 92' lang='lat' dir='ltr'><strong>et</strong></span> <span class='ocrx_word' id='word_1_111' title='bbox 2749 940 2901 1009; x_wconf 89' lang='lat' dir='ltr'><strong>ideo</strong></span> <span class='ocrx_word' id='word_1_112' title='bbox 2939 935 3402 1027; x_wconf 83' lang='lat' dir='ltr'><strong>aequalitatem</strong></span> <span class='ocrx_word' id='word_1_113' title='bbox 3439 928 3843 1021; x_wconf 85' lang='lat' dir='ltr'><strong>participare</strong></span> 
     </span>
     <span class='ocr_line' id='line_1_22' title="bbox 2293 1032 3842 1144; baseline -0.014 -23"><span class='ocrx_word' id='word_1_114' title='bbox 2293 1059 2585 1144; x_wconf 24' lang='lat' dir='ltr'><strong>possunt·</strong></span> <span class='ocrx_word' id='word_1_115' title='bbox 2613 1048 2821 1116; x_wconf 89' lang='lat' dir='ltr'><strong>Filius</strong></span> <span class='ocrx_word' id='word_1_116' title='bbox 2850 1055 2919 1115; x_wconf 91' lang='lat' dir='ltr'><strong>et</strong></span> <span class='ocrx_word' id='word_1_117' title='bbox 2960 1043 3258 1134; x_wconf 84' lang='lat' dir='ltr'><strong>Spiritus</strong></span> <span class='ocrx_word' id='word_1_118' title='bbox 3290 1045 3568 1108; x_wconf 83' lang='lat' dir='ltr'><strong>sanctus</strong></span> <span class='ocrx_word' id='word_1_119' title='bbox 3610 1058 3626 1104; x_wconf 72' lang='grc' dir='ltr'>ε</span> <span class='ocrx_word' id='word_1_120' title='bbox 3661 1032 3842 1100; x_wconf 90' lang='lat' dir='ltr'><strong>unde</strong></span> 
     </span>
     <span class='ocr_line' id='line_1_23' title="bbox 2293 1140 3845 1244; baseline -0.014 -18"><span class='ocrx_word' id='word_1_121' title='bbox 2293 1163 2361 1226; x_wconf 90' lang='lat' dir='ltr'><strong>in</strong></span> <span class='ocrx_word' id='word_1_122' title='bbox 2405 1158 2520 1226; x_wconf 83' lang='lat' dir='ltr'><strong>illa</strong></span> <span class='ocrx_word' id='word_1_123' title='bbox 2567 1164 2807 1224; x_wconf 83' lang='lat' dir='ltr'><strong>natura</strong></span> <span class='ocrx_word' id='word_1_124' title='bbox 2861 1153 3189 1244; x_wconf 87' lang='lat' dir='ltr'><strong>sequitur,</strong></span> <span class='ocrx_word' id='word_1_125' title='bbox 3235 1157 3303 1216; x_wconf 90' lang='lat' dir='ltr'><strong>et</strong></span> <span class='ocrx_word' id='word_1_126' title='bbox 3340 1168 3479 1214; x_wconf 91' lang='lat' dir='ltr'><strong>non</strong></span> <span class='ocrx_word' id='word_1_127' title='bbox 3532 1143 3602 1209; x_wconf 92' lang='lat' dir='ltr'><strong>in</strong></span> <span class='ocrx_word' id='word_1_128' title='bbox 3669 1140 3845 1207; x_wconf 77' lang='lat' dir='ltr'><strong>infe-</strong></span> 
     </span>
     <span class='ocr_line' id='line_1_24' title="bbox 2293 1268 2479 1335; baseline -0.011 0"><span class='ocrx_word' id='word_1_129' title='bbox 2293 1268 2479 1335; x_wconf 90' lang='lat' dir='ltr'><strong>riori.</strong></span> 
     </span>
    </p>

    <p class='ocr_par' dir='ltr' id='par_1_10' title="bbox 2289 1358 3853 2428">
     <span class='ocr_line' id='line_1_25' title="bbox 2382 1358 3842 1458; baseline -0.01 -17"><span class='ocrx_word' id='word_1_130' title='bbox 2382 1372 2457 1441; x_wconf 87' lang='lat' dir='ltr'><strong>Si</strong></span> <span class='ocrx_word' id='word_1_131' title='bbox 2487 1381 2713 1440; x_wconf 87' lang='lat' dir='ltr'><strong>autem</strong></span> <span class='ocrx_word' id='word_1_132' title='bbox 2746 1368 3052 1458; x_wconf 67' lang='lat' dir='ltr'><strong>objicias»,</strong></span> <span class='ocrx_word' id='word_1_133' title='bbox 3086 1364 3277 1456; x_wconf 90' lang='lat' dir='ltr'><strong>quod</strong></span> <span class='ocrx_word' id='word_1_134' title='bbox 3301 1361 3680 1431; x_wconf 89' lang='lat' dir='ltr'><strong>secundum</strong></span> <span class='ocrx_word' id='word_1_135' title='bbox 3710 1358 3842 1427; x_wconf 89' lang='lat' dir='ltr'><strong>hoc</strong></span> 
     </span>
     <span class='ocr_line' id='line_1_26' title="bbox 2294 1468 3844 1550; baseline -0.011 0"><span class='ocrx_word' id='word_1_136' title='bbox 2294 1481 2379 1550; x_wconf 85' lang='lat' dir='ltr'><strong>ad</strong></span> <span class='ocrx_word' id='word_1_137' title='bbox 2415 1482 2642 1548; x_wconf 88' lang='lat' dir='ltr'><strong>minus</strong></span> <span class='ocrx_word' id='word_1_138' title='bbox 2681 1499 2921 1548; x_wconf 86' lang='lat' dir='ltr'><strong>omnes</strong></span> <span class='ocrx_word' id='word_1_139' title='bbox 2960 1482 3303 1544; x_wconf 83' lang='lat' dir='ltr'><strong>creaturas</strong></span> <span class='ocrx_word' id='word_1_140' title='bbox 3344 1470 3581 1540; x_wconf 85' lang='lat' dir='ltr'><strong>debuit</strong></span> <span class='ocrx_word' id='word_1_141' title='bbox 3627 1468 3844 1537; x_wconf 78' lang='lat' dir='ltr'><strong>lacere</strong></span> 
     </span>
     <span class='ocr_line' id='line_1_27' title="bbox 2293 1581 3846 1679; baseline -0.01 -21"><span class='ocrx_word' id='word_1_142' title='bbox 2293 1591 2362 1658; x_wconf 88' lang='lat' dir='ltr'><strong>in</strong></span> <span class='ocrx_word' id='word_1_143' title='bbox 2402 1591 2661 1679; x_wconf 90' lang='lat' dir='ltr'><strong>optimo</strong></span> <span class='ocrx_word' id='word_1_144' title='bbox 2703 1589 2774 1654; x_wconf 93' lang='lat' dir='ltr'><strong>in</strong></span> <span class='ocrx_word' id='word_1_145' title='bbox 2813 1608 2891 1654; x_wconf 88' lang='lat' dir='ltr'><strong>ea</strong></span> <span class='ocrx_word' id='word_1_146' title='bbox 2920 1582 3281 1653; x_wconf 87' lang='lat' dir='ltr'><strong>nobilitate</strong></span> <span class='ocrx_word' id='word_1_147' title='bbox 3327 1581 3522 1670; x_wconf 87' lang='lat' dir='ltr'><strong>cujus</strong></span> <span class='ocrx_word' id='word_1_148' title='bbox 3560 1599 3846 1668; x_wconf 90' lang='lat' dir='ltr'><strong>percep-</strong></span> 
     </span>
     <span class='ocr_line' id='line_1_28' title="bbox 2293 1686 3844 1786; baseline -0.009 -21"><span class='ocrx_word' id='word_1_149' title='bbox 2293 1697 2514 1766; x_wconf 89' lang='lat' dir='ltr'><strong>tibiles</strong></span> <span class='ocrx_word' id='word_1_150' title='bbox 2550 1702 2767 1765; x_wconf 87' lang='lat' dir='ltr'><strong>erant.</strong></span> <span class='ocrx_word' id='word_1_151' title='bbox 2798 1690 3183 1786; x_wconf 83' lang='lat' dir='ltr'><strong>Dicendum</strong></span> <span class='ocrx_word' id='word_1_152' title='bbox 3224 1686 3411 1780; x_wconf 89' lang='lat' dir='ltr'><strong>quod</strong></span> <span class='ocrx_word' id='word_1_153' title='bbox 3439 1709 3581 1755; x_wconf 88' lang='lat' dir='ltr'><strong>non</strong></span> <span class='ocrx_word' id='word_1_154' title='bbox 3615 1686 3844 1775; x_wconf 83' lang='lat' dir='ltr'><strong>sequi·</strong></span> 
     </span>
     <span class='ocr_line' id='line_1_29' title="bbox 2293 1796 3846 1895; baseline -0.008 -22"><span class='ocrx_word' id='word_1_155' title='bbox 2293 1814 2435 1873; x_wconf 87' lang='lat' dir='ltr'><strong>tur:</strong></span> <span class='ocrx_word' id='word_1_156' title='bbox 2483 1805 2642 1895; x_wconf 85' lang='lat' dir='ltr'><strong>quia</strong></span> <span class='ocrx_word' id='word_1_157' title='bbox 2695 1801 2974 1871; x_wconf 83' lang='lat' dir='ltr'><strong>inferior</strong></span> <span class='ocrx_word' id='word_1_158' title='bbox 3017 1807 3265 1867; x_wconf 84' lang='lat' dir='ltr'><strong>natura</strong></span> <span class='ocrx_word' id='word_1_159' title='bbox 3325 1796 3597 1886; x_wconf 83' lang='lat' dir='ltr'><strong>respicit</strong></span> <span class='ocrx_word' id='word_1_160' title='bbox 3643 1816 3846 1862; x_wconf 89' lang='lat' dir='ltr'><strong>suum</strong></span> 
     </span>
     <span class='ocr_line' id='line_1_30' title="bbox 2289 1902 3849 2004; baseline -0.008 -24"><span class='ocrx_word' id='word_1_161' title='bbox 2289 1912 2700 2004; x_wconf 88' lang='lat' dir='ltr'><strong>principium</strong></span> <span class='ocrx_word' id='word_1_162' title='bbox 2746 1907 2930 2000; x_wconf 86' lang='lat' dir='ltr'><strong>quod</strong></span> <span class='ocrx_word' id='word_1_163' title='bbox 2978 1915 3083 1975; x_wconf 87' lang='lat' dir='ltr'><strong>est</strong></span> <span class='ocrx_word' id='word_1_164' title='bbox 3123 1904 3446 1974; x_wconf 82' lang='lat' dir='ltr'><strong>voluntas</strong></span> <span class='ocrx_word' id='word_1_165' title='bbox 3487 1911 3554 1971; x_wconf 91' lang='lat' dir='ltr'><strong>et</strong></span> <span class='ocrx_word' id='word_1_166' title='bbox 3582 1902 3849 1993; x_wconf 84' lang='lat' dir='ltr'><strong>sapien·</strong></span> 
     </span>
     <span class='ocr_line' id='line_1_31' title="bbox 2289 2008 3849 2101; baseline -0.006 -14"><span class='ocrx_word' id='word_1_167' title='bbox 2289 2021 2383 2087; x_wconf 85' lang='lat' dir='ltr'><strong>tia</strong></span> <span class='ocrx_word' id='word_1_168' title='bbox 2441 2016 2810 2085; x_wconf 85' lang='lat' dir='ltr'><strong>ordinans:</strong></span> <span class='ocrx_word' id='word_1_169' title='bbox 2873 2022 2941 2082; x_wconf 86' lang='lat' dir='ltr'><strong>et</strong></span> <span class='ocrx_word' id='word_1_170' title='bbox 3001 2012 3157 2081; x_wconf 90' lang='lat' dir='ltr'><strong>ideo</strong></span> <span class='ocrx_word' id='word_1_171' title='bbox 3197 2013 3340 2080; x_wconf 80' lang='lat' dir='ltr'><strong>exit</strong></span> <span class='ocrx_word' id='word_1_172' title='bbox 3396 2013 3467 2078; x_wconf 88' lang='lat' dir='ltr'><strong>in</strong></span> <span class='ocrx_word' id='word_1_173' title='bbox 3522 2008 3849 2101; x_wconf 84' lang='lat' dir='ltr'><strong>gradibus</strong></span> 
     </span>
     <span class='ocr_line' id='line_1_32' title="bbox 2296 2117 3851 2215; baseline -0.008 -20"><span class='ocrx_word' id='word_1_174' title='bbox 2296 2121 2845 2215; x_wconf 54' lang='lat' dir='ltr'><strong>competentibus,</strong></span> <span class='ocrx_word' id='word_1_175' title='bbox 2872 2120 3101 2190; x_wconf 89' lang='lat' dir='ltr'><strong>decori</strong></span> <span class='ocrx_word' id='word_1_176' title='bbox 3138 2117 3443 2187; x_wconf 87' lang='lat' dir='ltr'><strong>universi</strong></span> <span class='ocrx_word' id='word_1_177' title='bbox 3488 2140 3505 2186; x_wconf 90' lang='lat'><strong>:</strong></span> <span class='ocrx_word' id='word_1_178' title='bbox 3538 2119 3851 2207; x_wconf 87' lang='lat' dir='ltr'><strong>superior</strong></span> 
     </span>
     <span class='ocr_line' id='line_1_33' title="bbox 2297 2225 3848 2317; baseline -0.005 -17"><span class='ocrx_word' id='word_1_179' title='bbox 2297 2242 2525 2301; x_wconf 87' lang='lat' dir='ltr'><strong>autem</strong></span> <span class='ocrx_word' id='word_1_180' title='bbox 2558 2239 2797 2299; x_wconf 85' lang='lat' dir='ltr'><strong>natura</strong></span> <span class='ocrx_word' id='word_1_181' title='bbox 2834 2228 2996 2297; x_wconf 88' lang='lat' dir='ltr'><strong>huic</strong></span> <span class='ocrx_word' id='word_1_182' title='bbox 3042 2250 3186 2296; x_wconf 92' lang='lat' dir='ltr'><strong>non</strong></span> <span class='ocrx_word' id='word_1_183' title='bbox 3224 2226 3557 2317; x_wconf 83' lang='lat' dir='ltr'><strong>subjacet,</strong></span> <span class='ocrx_word' id='word_1_184' title='bbox 3600 2235 3668 2295; x_wconf 83' lang='lat' dir='ltr'><strong>et</strong></span> <span class='ocrx_word' id='word_1_185' title='bbox 3695 2225 3848 2293; x_wconf 88' lang='lat' dir='ltr'><strong>ideo</strong></span> 
     </span>
     <span class='ocr_line' id='line_1_34' title="bbox 2300 2334 3853 2428; baseline -0.006 -19"><span class='ocrx_word' id='word_1_186' title='bbox 2300 2362 2570 2408; x_wconf 86' lang='lat' dir='ltr'><strong>necesse</strong></span> <span class='ocrx_word' id='word_1_187' title='bbox 2624 2346 2749 2418; x_wconf 85' lang='lat' dir='ltr'><strong>est,</strong></span> <span class='ocrx_word' id='word_1_188' title='bbox 2784 2335 2970 2428; x_wconf 87' lang='lat' dir='ltr'><strong>quod</strong></span> <span class='ocrx_word' id='word_1_189' title='bbox 3012 2335 3488 2405; x_wconf 74' lang='lat' dir='ltr'><strong>emanationes</strong></span> <span class='ocrx_word' id='word_1_190' title='bbox 3516 2334 3665 2422; x_wconf 86' lang='lat' dir='ltr'><strong>ejus</strong></span> <span class='ocrx_word' id='word_1_191' title='bbox 3712 2336 3853 2401; x_wconf 88' lang='lat' dir='ltr'><strong>sint</strong></span> 
     </span>
    </p>
   </div>
   <div class='ocr_carea' id='block_1_9' title="bbox 650 2443 3380 2747">
    <p class='ocr_par' dir='ltr' id='par_1_11' title="bbox 650 2443 3380 2747">
     <span class='ocr_line' id='line_1_35' title="bbox 650 2443 3380 2550; baseline 0 -39"><span class='ocrx_word' id='word_1_192' title='bbox 650 2443 733 2513; x_wconf 91' lang='lat' dir='ltr'><strong>de</strong></span> <span class='ocrx_word' id='word_1_193' title='bbox 777 2444 1079 2536; x_wconf 85' lang='lat' dir='ltr'><strong>qualibet</strong></span> <span class='ocrx_word' id='word_1_194' title='bbox 1132 2453 1463 2514; x_wconf 85' lang='lat' dir='ltr'><strong>creatura.</strong></span> <span class='ocrx_word' id='word_1_195' title='bbox 1501 2443 1574 2513; x_wconf 89' lang='lat' dir='ltr'><strong>Si</strong></span> <span class='ocrx_word' id='word_1_196' title='bbox 1628 2444 1866 2531; x_wconf 81' lang='lat' dir='ltr'><strong>voluit,</strong></span> <span class='ocrx_word' id='word_1_197' title='bbox 1907 2445 2026 2515; x_wconf 84' lang='lat' dir='ltr'><strong>sed</strong></span> <span class='ocrx_word' id='word_1_198' title='bbox 2054 2469 2195 2515; x_wconf 90' lang='lat' dir='ltr'><strong>non</strong></span> <span class='ocrx_word' id='word_1_199' title='bbox 2299 2447 2671 2517; x_wconf 82' lang='lat' dir='ltr'><strong>secundum</strong></span> <span class='ocrx_word' id='word_1_200' title='bbox 2701 2444 2996 2550; x_wconf 73' lang='lat' dir='ltr'><strong>aequales</strong></span> <span class='ocrx_word' id='word_1_201' title='bbox 3027 2465 3380 2535; x_wconf 83' lang='lat' dir='ltr'><strong>personas.</strong></span> 
     </span>
     <span class='ocr_line' id='line_1_36' title="bbox 652 2551 2194 2643; baseline 0.002 -24"><span class='ocrx_word' id='word_1_202' title='bbox 652 2552 871 2642; x_wconf 87' lang='lat' dir='ltr'><strong>potuit</strong></span> <span class='ocrx_word' id='word_1_203' title='bbox 905 2574 922 2620; x_wconf 71' lang='grc' dir='ltr'>ε</span> <span class='ocrx_word' id='word_1_204' title='bbox 954 2574 1119 2642; x_wconf 85' lang='lat' dir='ltr'><strong>ergo</strong></span> <span class='ocrx_word' id='word_1_205' title='bbox 1152 2553 1512 2643; x_wconf 84' lang='lat' dir='ltr'><strong>impotens.</strong></span> <span class='ocrx_word' id='word_1_206' title='bbox 1552 2551 1623 2620; x_wconf 91' lang='lat' dir='ltr'><strong>Si</strong></span> <span class='ocrx_word' id='word_1_207' title='bbox 1664 2553 1906 2643; x_wconf 86' lang='lat' dir='ltr'><strong>potuit,</strong></span> <span class='ocrx_word' id='word_1_208' title='bbox 1950 2562 2018 2622; x_wconf 87' lang='lat' dir='ltr'><strong>et</strong></span> <span class='ocrx_word' id='word_1_209' title='bbox 2055 2577 2194 2623; x_wconf 92' lang='lat' dir='ltr'><strong>non</strong></span> 
     </span>
     <span class='ocr_line' id='line_1_37' title="bbox 653 2655 1631 2747; baseline 0 -24"><span class='ocrx_word' id='word_1_210' title='bbox 653 2655 872 2724; x_wconf 76' lang='lat' dir='ltr'><strong>voluit</strong></span> <span class='ocrx_word' id='word_1_211' title='bbox 906 2678 922 2723; x_wconf 90' lang='lat'><strong>:</strong></span> <span class='ocrx_word' id='word_1_212' title='bbox 967 2679 1131 2747; x_wconf 84' lang='lat' dir='ltr'><strong>ergo</strong></span> <span class='ocrx_word' id='word_1_213' title='bbox 1170 2657 1442 2724; x_wconf 80' lang='lat' dir='ltr'><strong>invidus</strong></span> <span class='ocrx_word' id='word_1_214' title='bbox 1481 2657 1631 2725; x_wconf 80' lang='lat' dir='ltr'><strong>tuit.</strong></span> 
     </span>
    </p>
   </div>
   <div class='ocr_carea' id='block_1_10' title="bbox 1375 3123 3141 3227">
    <p class='ocr_par' dir='ltr' id='par_1_12' title="bbox 1375 3123 3141 3227">
     <span class='ocr_line' id='line_1_38' title="bbox 1375 3123 3141 3227; baseline -0.001 -26"><span class='ocrx_word' id='word_1_215' title='bbox 1375 3126 1464 3201; x_wconf 90' lang='lat' dir='ltr'><strong>G.</strong></span> <span class='ocrx_word' id='word_1_216' title='bbox 1504 3123 1960 3224; x_wconf 80' lang='lat' dir='ltr'><strong>Opinionem</strong></span> <span class='ocrx_word' id='word_1_217' title='bbox 1996 3125 2345 3203; x_wconf 76' lang='lat' dir='ltr'><strong>leoeretici</strong></span> <span class='ocrx_word' id='word_1_218' title='bbox 2365 3126 2618 3227; x_wconf 79' lang='lat' dir='ltr'><strong>ponit,</strong></span> <span class='ocrx_word' id='word_1_219' title='bbox 2661 3131 2748 3203; x_wconf 82' lang='lat' dir='ltr'><strong>ut</strong></span> <span class='ocrx_word' id='word_1_220' title='bbox 2773 3125 3141 3202; x_wconf 77' lang='lat' dir='ltr'><strong>destruat.</strong></span> 
     </span>
    </p>
   </div>
   <div class='ocr_carea' id='block_1_11' title="bbox 661 3471 3871 5184">
    <p class='ocr_par' dir='ltr' id='par_1_13' title="bbox 661 3471 3871 4911">
     <span class='ocr_line' id='line_1_39' title="bbox 757 3471 3865 3572; baseline 0 -26"><span class='ocrx_word' id='word_1_221' title='bbox 757 3472 907 3548; x_wconf 85' lang='lat' dir='ltr'><strong>Sed</strong></span> <span class='ocrx_word' id='word_1_222' title='bbox 945 3472 1132 3547; x_wconf 75' lang='lat' dir='ltr'><strong>forte</strong></span> <span class='ocrx_word' id='word_1_223' title='bbox 1173 3471 1367 3548; x_wconf 88' lang='lat' dir='ltr'><strong>dicis</strong></span> <span class='ocrx_word' id='word_1_224' title='bbox 1399 3495 1416 3548; x_wconf 74' lang='grc' dir='ltr'>ε</span> <span class='ocrx_word' id='word_1_225' title='bbox 1465 3474 1573 3548; x_wconf 84' lang='lat' dir='ltr'><strong>Eo</strong></span> <span class='ocrx_word' id='word_1_226' title='bbox 1614 3472 1780 3571; x_wconf 91' lang='lat' dir='ltr'><strong>ipso</strong></span> <span class='ocrx_word' id='word_1_227' title='bbox 1817 3472 2044 3547; x_wconf 85' lang='lat' dir='ltr'><strong>Pater</strong></span> <span class='ocrx_word' id='word_1_228' title='bbox 2070 3484 2189 3549; x_wconf 88' lang='lat' dir='ltr'><strong>est</strong></span> <span class='ocrx_word' id='word_1_229' title='bbox 2218 3473 2460 3571; x_wconf 84' lang='lat' dir='ltr'><strong>major</strong></span> <span class='ocrx_word' id='word_1_230' title='bbox 2497 3474 2715 3565; x_wconf 82' lang='lat' dir='ltr'><strong>Filio,</strong></span> <span class='ocrx_word' id='word_1_231' title='bbox 2751 3472 2936 3572; x_wconf 85' lang='lat' dir='ltr'><strong>quia</strong></span> <span class='ocrx_word' id='word_1_232' title='bbox 2973 3472 3069 3548; x_wconf 93' lang='lat' dir='ltr'><strong>de</strong></span> <span class='ocrx_word' id='word_1_233' title='bbox 3103 3473 3322 3548; x_wconf 88' lang='lat' dir='ltr'><strong>nullo</strong></span> <span class='ocrx_word' id='word_1_234' title='bbox 3353 3472 3695 3570; x_wconf 83' lang='lat' dir='ltr'><strong>genitus,</strong></span> <span class='ocrx_word' id='word_1_235' title='bbox 3736 3496 3865 3569; x_wconf 83' lang='lat' dir='ltr'><strong>ge-</strong></span> 
     </span>
     <span class='ocr_line' id='line_1_40' title="bbox 661 3604 3864 3707; baseline 0 -27"><span class='ocrx_word' id='word_1_236' title='bbox 661 3605 1117 3681; x_wconf 84' lang='lat' dir='ltr'><strong>nuittamen</strong></span> <span class='ocrx_word' id='word_1_237' title='bbox 1151 3607 1559 3705; x_wconf 60' lang='lat' dir='ltr'><strong>(equalem.</strong></span> <span class='ocrx_word' id='word_1_238' title='bbox 1604 3605 1715 3681; x_wconf 78' lang='lat' dir='ltr'><strong>Ad</strong></span> <span class='ocrx_word' id='word_1_239' title='bbox 1757 3606 1963 3704; x_wconf 88' lang='lat' dir='ltr'><strong>quod</strong></span> <span class='ocrx_word' id='word_1_240' title='bbox 2005 3605 2157 3681; x_wconf 87' lang='lat' dir='ltr'><strong>cito</strong></span> <span class='ocrx_word' id='word_1_241' title='bbox 2213 3606 2739 3707; x_wconf 86' lang='lat' dir='ltr'><strong>respondebo:</strong></span> <span class='ocrx_word' id='word_1_242' title='bbox 2794 3606 2949 3681; x_wconf 89' lang='lat' dir='ltr'><strong>imo</strong></span> <span class='ocrx_word' id='word_1_243' title='bbox 3006 3604 3181 3681; x_wconf 92' lang='lat' dir='ltr'><strong>ideo</strong></span> <span class='ocrx_word' id='word_1_244' title='bbox 3246 3630 3401 3681; x_wconf 89' lang='lat' dir='ltr'><strong>non</strong></span> <span class='ocrx_word' id='word_1_245' title='bbox 3448 3616 3567 3682; x_wconf 90' lang='lat' dir='ltr'><strong>est</strong></span> <span class='ocrx_word' id='word_1_246' title='bbox 3634 3606 3864 3682; x_wconf 84' lang='lat' dir='ltr'><strong>Pater</strong></span> 
     </span>
     <span class='ocr_line' id='line_1_41' title="bbox 664 3740 3860 3841; baseline 0 -26"><span class='ocrx_word' id='word_1_247' title='bbox 664 3740 910 3837; x_wconf 78' lang='lat' dir='ltr'><strong>major</strong></span> <span class='ocrx_word' id='word_1_248' title='bbox 937 3740 1157 3833; x_wconf 80' lang='lat' dir='ltr'><strong>Filio,</strong></span> <span class='ocrx_word' id='word_1_249' title='bbox 1193 3741 1376 3838; x_wconf 84' lang='lat' dir='ltr'><strong>quia</strong></span> <span class='ocrx_word' id='word_1_250' title='bbox 1408 3742 1787 3839; x_wconf 63' lang='lat' dir='ltr'><strong>aequalem</strong></span> <span class='ocrx_word' id='word_1_251' title='bbox 1830 3740 1974 3816; x_wconf 86' lang='lat' dir='ltr'><strong>sibi</strong></span> <span class='ocrx_word' id='word_1_252' title='bbox 2006 3741 2301 3839; x_wconf 83' lang='lat' dir='ltr'><strong>genuit.</strong></span> <span class='ocrx_word' id='word_1_253' title='bbox 2339 3741 2677 3840; x_wconf 81' lang='lat' dir='ltr'><strong>Originis</strong></span> <span class='ocrx_word' id='word_1_254' title='bbox 2715 3741 2922 3818; x_wconf 87' lang='lat' dir='ltr'><strong>enim</strong></span> <span class='ocrx_word' id='word_1_255' title='bbox 2952 3741 3286 3841; x_wconf 58' lang='lat' dir='ltr'><strong>quaestio</strong></span> <span class='ocrx_word' id='word_1_256' title='bbox 3320 3741 3469 3818; x_wconf 83' lang='lat' dir='ltr'><strong>ista</strong></span> <span class='ocrx_word' id='word_1_257' title='bbox 3497 3752 3641 3838; x_wconf 88' lang='lat' dir='ltr'><strong>est,</strong></span> <span class='ocrx_word' id='word_1_258' title='bbox 3668 3742 3860 3829; x_wconf 80' lang='lat' dir='ltr'><strong>Quis</strong></span> 
     </span>
     <span class='ocr_line' id='line_1_42' title="bbox 661 3873 3859 3976; baseline 0 -27"><span class='ocrx_word' id='word_1_259' title='bbox 661 3875 755 3951; x_wconf 87' lang='lat' dir='ltr'><strong>de</strong></span> <span class='ocrx_word' id='word_1_260' title='bbox 783 3899 938 3974; x_wconf 80' lang='lat' dir='ltr'><strong>quo</strong></span> <span class='ocrx_word' id='word_1_261' title='bbox 970 3873 1128 3948; x_wconf 79' lang='lat' dir='ltr'><strong>sit?</strong></span> <span class='ocrx_word' id='word_1_262' title='bbox 1157 3874 1620 3974; x_wconf 65' lang='lat' dir='ltr'><strong>(equalitatis</strong></span> <span class='ocrx_word' id='word_1_263' title='bbox 1659 3883 1945 3970; x_wconf 85' lang='lat' dir='ltr'><strong>autem,</strong></span> <span class='ocrx_word' id='word_1_264' title='bbox 1976 3873 2244 3964; x_wconf 88' lang='lat' dir='ltr'><strong>Qualis</strong></span> <span class='ocrx_word' id='word_1_265' title='bbox 2273 3887 2401 3951; x_wconf 90' lang='lat' dir='ltr'><strong>aut</strong></span> <span class='ocrx_word' id='word_1_266' title='bbox 2433 3886 2776 3976; x_wconf 87' lang='lat' dir='ltr'><strong>quantus</strong></span> <span class='ocrx_word' id='word_1_267' title='bbox 2814 3876 2914 3952; x_wconf 90' lang='lat' dir='ltr'><strong>sit</strong></span> <span class='ocrx_word' id='word_1_268' title='bbox 2947 3899 2964 3951; x_wconf 75' lang='grc' dir='ltr'>ε</span> <span class='ocrx_word' id='word_1_269' title='bbox 3001 3875 3211 3975; x_wconf 80' lang='lat' dir='ltr'><strong>quod</strong></span> <span class='ocrx_word' id='word_1_270' title='bbox 3245 3886 3364 3952; x_wconf 88' lang='lat' dir='ltr'><strong>est</strong></span> <span class='ocrx_word' id='word_1_271' title='bbox 3401 3875 3688 3963; x_wconf 88' lang='lat' dir='ltr'><strong>dicere,</strong></span> <span class='ocrx_word' id='word_1_272' title='bbox 3751 3876 3859 3951; x_wconf 77' lang='lat' dir='ltr'><strong>Ad</strong></span> 
     </span>
     <span class='ocr_line' id='line_1_43' title="bbox 661 4007 3862 4111; baseline 0.001 -28"><span class='ocrx_word' id='word_1_273' title='bbox 661 4008 1039 4105; x_wconf 79' lang='lat' dir='ltr'><strong>originem</strong></span> <span class='ocrx_word' id='word_1_274' title='bbox 1074 4007 1398 4108; x_wconf 79' lang='lat' dir='ltr'><strong>pertinet</strong></span> <span class='ocrx_word' id='word_1_275' title='bbox 1430 4007 1757 4107; x_wconf 78' lang='lat' dir='ltr'><strong>quoestio</strong></span> <span class='ocrx_word' id='word_1_276' title='bbox 1797 4032 1953 4107; x_wconf 88' lang='lat' dir='ltr'><strong>qua</strong></span> <span class='ocrx_word' id='word_1_277' title='bbox 2005 4010 2408 4108; x_wconf 80' lang='lat' dir='ltr'><strong>qumritur,</strong></span> <span class='ocrx_word' id='word_1_278' title='bbox 2452 4009 2644 4098; x_wconf 85' lang='lat' dir='ltr'><strong>Quis</strong></span> <span class='ocrx_word' id='word_1_279' title='bbox 2671 4010 2766 4087; x_wconf 89' lang='lat' dir='ltr'><strong>de</strong></span> <span class='ocrx_word' id='word_1_280' title='bbox 2816 4034 2973 4109; x_wconf 88' lang='lat' dir='ltr'><strong>quo</strong></span> <span class='ocrx_word' id='word_1_281' title='bbox 3000 4009 3144 4085; x_wconf 87' lang='lat' dir='ltr'><strong>sit:</strong></span> <span class='ocrx_word' id='word_1_282' title='bbox 3181 4011 3277 4084; x_wconf 82' lang='lat' dir='ltr'><strong>ad</strong></span> <span class='ocrx_word' id='word_1_283' title='bbox 3339 4011 3862 4111; x_wconf 74' lang='lat' dir='ltr'><strong>mqualitntem</strong></span> 
     </span>
     <span class='ocr_line' id='line_1_44' title="bbox 663 4143 3867 4245; baseline 0.001 -28"><span class='ocrx_word' id='word_1_284' title='bbox 663 4169 843 4221; x_wconf 76' lang='lat' dir='ltr'><strong>vero</strong></span> <span class='ocrx_word' id='word_1_285' title='bbox 887 4144 1016 4218; x_wconf 88' lang='lat' dir='ltr'><strong>illa</strong></span> <span class='ocrx_word' id='word_1_286' title='bbox 1048 4166 1198 4242; x_wconf 88' lang='lat' dir='ltr'><strong>qua</strong></span> <span class='ocrx_word' id='word_1_287' title='bbox 1229 4143 1631 4242; x_wconf 79' lang='lat' dir='ltr'><strong>qua-rilur,</strong></span> <span class='ocrx_word' id='word_1_288' title='bbox 1652 4143 1918 4231; x_wconf 85' lang='lat' dir='ltr'><strong>Qualis</strong></span> <span class='ocrx_word' id='word_1_289' title='bbox 1947 4155 2079 4220; x_wconf 83' lang='lat' dir='ltr'><strong>aul</strong></span> <span class='ocrx_word' id='word_1_290' title='bbox 2110 4157 2446 4245; x_wconf 85' lang='lat' dir='ltr'><strong>quantus</strong></span> <span class='ocrx_word' id='word_1_291' title='bbox 2470 4145 2645 4244; x_wconf 86' lang='lat' dir='ltr'><strong>quis</strong></span> <span class='ocrx_word' id='word_1_292' title='bbox 2666 4145 2822 4219; x_wconf 85' lang='lat' dir='ltr'><strong>sit?</strong></span> <span class='ocrx_word' id='word_1_293' title='bbox 2861 4145 3019 4221; x_wconf 82' lang='lat' dir='ltr'><strong>Nec</strong></span> <span class='ocrx_word' id='word_1_294' title='bbox 3046 4169 3223 4220; x_wconf 85' lang='lat' dir='ltr'><strong>cum</strong></span> <span class='ocrx_word' id='word_1_295' title='bbox 3249 4144 3535 4220; x_wconf 84' lang='lat' dir='ltr'><strong>dicitur</strong></span> <span class='ocrx_word' id='word_1_296' title='bbox 3559 4145 3799 4222; x_wconf 85' lang='lat' dir='ltr'><strong>Filius</strong></span> <span class='ocrx_word' id='word_1_297' title='bbox 3821 4171 3867 4221; x_wconf 89' lang='lat' dir='ltr'><strong>a</strong></span> 
     </span>
     <span class='ocr_line' id='line_1_45' title="bbox 667 4279 3865 4382; baseline 0.001 -29"><span class='ocrx_word' id='word_1_298' title='bbox 667 4281 888 4355; x_wconf 83' lang='lat' dir='ltr'><strong>Patre</strong></span> <span class='ocrx_word' id='word_1_299' title='bbox 916 4279 1253 4374; x_wconf 65' lang='lat' dir='ltr'><strong>genitum,</strong></span> <span class='ocrx_word' id='word_1_300' title='bbox 1289 4279 1717 4355; x_wconf 75' lang='lat' dir='ltr'><strong>ostenditur</strong></span> <span class='ocrx_word' id='word_1_301' title='bbox 1757 4279 2243 4379; x_wconf 60' lang='lat' dir='ltr'><strong>inaequalitas</strong></span> <span class='ocrx_word' id='word_1_302' title='bbox 2265 4280 2749 4374; x_wconf 61' lang='lat' dir='ltr'><strong>substantiae,</strong></span> <span class='ocrx_word' id='word_1_303' title='bbox 2778 4280 2909 4357; x_wconf 86' lang='lat' dir='ltr'><strong>sed</strong></span> <span class='ocrx_word' id='word_1_304' title='bbox 2943 4281 3133 4356; x_wconf 89' lang='lat' dir='ltr'><strong>ordo</strong></span> <span class='ocrx_word' id='word_1_305' title='bbox 3156 4292 3487 4376; x_wconf 80' lang='lat' dir='ltr'><strong>naturw,</strong></span> <span class='ocrx_word' id='word_1_306' title='bbox 3521 4307 3674 4357; x_wconf 90' lang='lat' dir='ltr'><strong>non</strong></span> <span class='ocrx_word' id='word_1_307' title='bbox 3710 4306 3865 4382; x_wconf 83' lang='lat' dir='ltr'><strong>quo</strong></span> 
     </span>
     <span class='ocr_line' id='line_1_46' title="bbox 661 4410 3864 4510; baseline 0.001 -24"><span class='ocrx_word' id='word_1_308' title='bbox 661 4413 856 4486; x_wconf 78' lang='lat' dir='ltr'><strong>aller</strong></span> <span class='ocrx_word' id='word_1_309' title='bbox 895 4410 1105 4509; x_wconf 84' lang='lat' dir='ltr'><strong>prior</strong></span> <span class='ocrx_word' id='word_1_310' title='bbox 1141 4422 1340 4486; x_wconf 79' lang='lat' dir='ltr'><strong>esset</strong></span> <span class='ocrx_word' id='word_1_311' title='bbox 1382 4413 1651 4505; x_wconf 84' lang='lat' dir='ltr'><strong>allero,</strong></span> <span class='ocrx_word' id='word_1_312' title='bbox 1687 4411 1819 4485; x_wconf 85' lang='lat' dir='ltr'><strong>sed</strong></span> <span class='ocrx_word' id='word_1_313' title='bbox 1860 4434 2015 4510; x_wconf 89' lang='lat' dir='ltr'><strong>quo</strong></span> <span class='ocrx_word' id='word_1_314' title='bbox 2068 4412 2261 4487; x_wconf 86' lang='lat' dir='ltr'><strong>alter</strong></span> <span class='ocrx_word' id='word_1_315' title='bbox 2311 4425 2417 4487; x_wconf 88' lang='lat' dir='ltr'><strong>est</strong></span> <span class='ocrx_word' id='word_1_316' title='bbox 2466 4436 2557 4488; x_wconf 88' lang='lat' dir='ltr'><strong>ex</strong></span> <span class='ocrx_word' id='word_1_317' title='bbox 2610 4413 2877 4488; x_wconf 81' lang='lat' dir='ltr'><strong>altem.</strong></span> <span class='ocrx_word' id='word_1_318' title='bbox 2941 4412 3115 4488; x_wconf 87' lang='lat' dir='ltr'><strong>Non</strong></span> <span class='ocrx_word' id='word_1_319' title='bbox 3180 4436 3366 4510; x_wconf 82' lang='lat' dir='ltr'><strong>ergo</strong></span> <span class='ocrx_word' id='word_1_320' title='bbox 3433 4414 3864 4490; x_wconf 89' lang='lat' dir='ltr'><strong>secundum</strong></span> 
     </span>
     <span class='ocr_line' id='line_1_47' title="bbox 664 4542 3871 4644; baseline 0 -26"><span class='ocrx_word' id='word_1_321' title='bbox 664 4545 808 4618; x_wconf 78' lang='lat' dir='ltr'><strong>boc</strong></span> <span class='ocrx_word' id='word_1_322' title='bbox 851 4543 1055 4642; x_wconf 84' lang='lat' dir='ltr'><strong>quod</strong></span> <span class='ocrx_word' id='word_1_323' title='bbox 1114 4544 1341 4617; x_wconf 83' lang='lat' dir='ltr'><strong>Pater</strong></span> <span class='ocrx_word' id='word_1_324' title='bbox 1376 4543 1670 4640; x_wconf 78' lang='lat' dir='ltr'><strong>genuit,</strong></span> <span class='ocrx_word' id='word_1_325' title='bbox 1715 4552 1786 4617; x_wconf 84' lang='lat' dir='ltr'><strong>et</strong></span> <span class='ocrx_word' id='word_1_326' title='bbox 1829 4542 2067 4617; x_wconf 85' lang='lat' dir='ltr'><strong>Filius</strong></span> <span class='ocrx_word' id='word_1_327' title='bbox 2121 4543 2428 4640; x_wconf 83' lang='lat' dir='ltr'><strong>genitus</strong></span> <span class='ocrx_word' id='word_1_328' title='bbox 2470 4554 2611 4638; x_wconf 90' lang='lat' dir='ltr'><strong>est,</strong></span> <span class='ocrx_word' id='word_1_329' title='bbox 2657 4546 2776 4621; x_wconf 86' lang='lat' dir='ltr'><strong>vel</strong></span> <span class='ocrx_word' id='word_1_330' title='bbox 2819 4542 3157 4644; x_wconf 84' lang='lat' dir='ltr'><strong>Spiritus</strong></span> <span class='ocrx_word' id='word_1_331' title='bbox 3196 4556 3515 4621; x_wconf 87' lang='lat' dir='ltr'><strong>sanctus</strong></span> <span class='ocrx_word' id='word_1_332' title='bbox 3545 4546 3871 4622; x_wconf 84' lang='lat' dir='ltr'><strong>abutro-</strong></span> 
     </span>
     <span class='ocr_line' id='line_1_48' title="bbox 661 4677 3867 4779; baseline 0.001 -27"><span class='ocrx_word' id='word_1_333' title='bbox 661 4701 814 4777; x_wconf 86' lang='lat' dir='ltr'><strong>que</strong></span> <span class='ocrx_word' id='word_1_334' title='bbox 849 4678 1218 4779; x_wconf 83' lang='lat' dir='ltr'><strong>procedit,</strong></span> <span class='ocrx_word' id='word_1_335' title='bbox 1252 4678 1656 4776; x_wconf 60' lang='lat' dir='ltr'><strong>{equalitas</strong></span> <span class='ocrx_word' id='word_1_336' title='bbox 1694 4678 1811 4753; x_wconf 80' lang='lat' dir='ltr'><strong>vel</strong></span> <span class='ocrx_word' id='word_1_337' title='bbox 1855 4677 2343 4776; x_wconf 74' lang='lat' dir='ltr'><strong>inmqualitas</strong></span> <span class='ocrx_word' id='word_1_338' title='bbox 2384 4678 2485 4752; x_wconf 87' lang='lat' dir='ltr'><strong>ibi</strong></span> <span class='ocrx_word' id='word_1_339' title='bbox 2509 4679 2763 4754; x_wconf 85' lang='lat' dir='ltr'><strong>existit</strong></span> <span class='ocrx_word' id='word_1_340' title='bbox 2795 4703 2812 4755; x_wconf 74' lang='grc' dir='ltr'>ε</span> <span class='ocrx_word' id='word_1_341' title='bbox 2842 4678 3029 4779; x_wconf 87' lang='lat' dir='ltr'><strong>quia</strong></span> <span class='ocrx_word' id='word_1_342' title='bbox 3057 4704 3213 4756; x_wconf 91' lang='lat' dir='ltr'><strong>non</strong></span> <span class='ocrx_word' id='word_1_343' title='bbox 3249 4681 3687 4757; x_wconf 86' lang='lat' dir='ltr'><strong>secundum</strong></span> <span class='ocrx_word' id='word_1_344' title='bbox 3721 4683 3867 4757; x_wconf 82' lang='lat' dir='ltr'><strong>hoc</strong></span> 
     </span>
     <span class='ocr_line' id='line_1_49' title="bbox 664 4789 3353 4911; baseline 0.001 -27"><span class='ocrx_word' id='word_1_345' title='bbox 664 4812 813 4885; x_wconf 78' lang='lat' dir='ltr'><strong>alia</strong></span> <span class='ocrx_word' id='word_1_346' title='bbox 848 4836 1178 4911; x_wconf 79' lang='lat' dir='ltr'><strong>persona</strong></span> <span class='ocrx_word' id='word_1_347' title='bbox 1220 4810 1346 4885; x_wconf 84' lang='lat' dir='ltr'><strong>alii</strong></span> <span class='ocrx_word' id='word_1_348' title='bbox 1391 4811 1713 4909; x_wconf 58' lang='lat' dir='ltr'><strong>{vqualis</strong></span> <span class='ocrx_word' id='word_1_349' title='bbox 1751 4812 1872 4886; x_wconf 82' lang='lat' dir='ltr'><strong>vel</strong></span> <span class='ocrx_word' id='word_1_350' title='bbox 1942 4810 2349 4910; x_wconf 80' lang='lat' dir='ltr'><strong>inoequalis</strong></span> <span class='ocrx_word' id='word_1_351' title='bbox 2371 4811 2655 4887; x_wconf 88' lang='lat' dir='ltr'><strong>dicitur</strong></span> <span class='ocrx_word' id='word_1_352' title='bbox 2695 4812 2740 4887; x_wconf 83' lang='lat'><strong>¹.</strong></span> <span class='ocrx_word' id='word_1_353' title='bbox 3345 4789 3353 4797; x_wconf 37' lang='lat'>⁸</span> 
     </span>
    </p>

    <p class='ocr_par' dir='ltr' id='par_1_14' title="bbox 663 4946 3870 5184">
     <span class='ocr_line' id='line_1_50' title="bbox 767 4946 3870 5050; baseline 0.001 -29"><span class='ocrx_word' id='word_1_354' title='bbox 767 4949 957 5022; x_wconf 77' lang='lat' dir='ltr'><strong>Ecce</strong></span> <span class='ocrx_word' id='word_1_355' title='bbox 1007 4948 1412 5045; x_wconf 74' lang='lat' dir='ltr'><strong>mqualilas</strong></span> <span class='ocrx_word' id='word_1_356' title='bbox 1439 4946 1852 5041; x_wconf 78' lang='lat' dir='ltr'><strong>TrinitatiS‚</strong></span> <span class='ocrx_word' id='word_1_357' title='bbox 1887 4957 1964 5021; x_wconf 87' lang='lat' dir='ltr'><strong>et</strong></span> <span class='ocrx_word' id='word_1_358' title='bbox 2008 4970 2162 5021; x_wconf 88' lang='lat' dir='ltr'><strong>una</strong></span> <span class='ocrx_word' id='word_1_359' title='bbox 2200 4947 2627 5046; x_wconf 89' lang='lat' dir='ltr'><strong>eademque</strong></span> <span class='ocrx_word' id='word_1_360' title='bbox 2660 4949 3120 5039; x_wconf 88' lang='lat' dir='ltr'><strong>substantia,</strong></span> <span class='ocrx_word' id='word_1_361' title='bbox 3178 4960 3559 5050; x_wconf 84' lang='lat' dir='ltr'><strong>quantum</strong></span> <span class='ocrx_word' id='word_1_362' title='bbox 3611 4951 3870 5028; x_wconf 85' lang='lat' dir='ltr'><strong>brevi-</strong></span> 
     </span>
     <span class='ocr_line' id='line_1_51' title="bbox 663 5081 3868 5184; baseline 0.002 -28"><span class='ocrx_word' id='word_1_363' title='bbox 663 5093 779 5157; x_wconf 88' lang='lat' dir='ltr'><strong>ter</strong></span> <span class='ocrx_word' id='word_1_364' title='bbox 826 5081 1247 5181; x_wconf 79' lang='lat' dir='ltr'><strong>potuimuS‚</strong></span> <span class='ocrx_word' id='word_1_365' title='bbox 1304 5082 1822 5157; x_wconf 87' lang='lat' dir='ltr'><strong>demonstrata</strong></span> <span class='ocrx_word' id='word_1_366' title='bbox 1878 5090 1994 5156; x_wconf 90' lang='lat' dir='ltr'><strong>est</strong></span> <span class='ocrx_word' id='word_1_367' title='bbox 2043 5081 2116 5155; x_wconf 88' lang='lat' dir='ltr'><strong>in</strong></span> <span class='ocrx_word' id='word_1_368' title='bbox 2187 5082 2717 5182; x_wconf 85' lang='lat' dir='ltr'><strong>superioribus</strong></span> <span class='ocrx_word' id='word_1_369' title='bbox 2753 5109 2769 5160; x_wconf 90' lang='lat'>:</span> <span class='ocrx_word' id='word_1_370' title='bbox 2838 5084 3173 5184; x_wconf 87' lang='lat' dir='ltr'><strong>qualiter</strong></span> <span class='ocrx_word' id='word_1_371' title='bbox 3235 5083 3528 5161; x_wconf 87' lang='lat' dir='ltr'><strong>scilicet</strong></span> <span class='ocrx_word' id='word_1_372' title='bbox 3605 5085 3868 5184; x_wconf 84' lang='lat' dir='ltr'><strong>aliqua</strong></span> 
     </span>
    </p>
   </div>
   <div class='ocr_carea' id='block_1_12' title="bbox 666 5215 3865 5453">
    <p class='ocr_par' dir='ltr' id='par_1_15' title="bbox 666 5215 3865 5453">
     <span class='ocr_line' id='line_1_52' title="bbox 666 5215 3865 5316; baseline 0.002 -25"><span class='ocrx_word' id='word_1_373' title='bbox 666 5217 897 5291; x_wconf 88' lang='lat' dir='ltr'><strong>trium</strong></span> <span class='ocrx_word' id='word_1_374' title='bbox 934 5240 1437 5315; x_wconf 87' lang='lat' dir='ltr'><strong>personarum</strong></span> <span class='ocrx_word' id='word_1_375' title='bbox 1484 5215 1903 5314; x_wconf 85' lang='lat' dir='ltr'><strong>quamlibet</strong></span> <span class='ocrx_word' id='word_1_376' title='bbox 1944 5215 2172 5291; x_wconf 87' lang='lat' dir='ltr'><strong>aliam</strong></span> <span class='ocrx_word' id='word_1_377' title='bbox 2223 5241 2363 5293; x_wconf 89' lang='lat' dir='ltr'><strong>nec</strong></span> <span class='ocrx_word' id='word_1_378' title='bbox 2392 5219 2846 5314; x_wconf 59' lang='lat' dir='ltr'><strong>(eternitate,</strong></span> <span class='ocrx_word' id='word_1_379' title='bbox 2884 5243 3025 5294; x_wconf 89' lang='lat' dir='ltr'><strong>nec</strong></span> <span class='ocrx_word' id='word_1_380' title='bbox 3091 5219 3657 5316; x_wconf 83' lang='lat' dir='ltr'><strong>magnitudine,</strong></span> <span class='ocrx_word' id='word_1_381' title='bbox 3721 5245 3865 5297; x_wconf 89' lang='lat' dir='ltr'><strong>nec</strong></span> 
     </span>
     <span class='ocr_line' id='line_1_53' title="bbox 666 5352 1414 5453; baseline -0.003 -27"><span class='ocrx_word' id='word_1_382' title='bbox 666 5352 1010 5453; x_wconf 81' lang='lat' dir='ltr'><strong>potentin</strong></span> <span class='ocrx_word' id='word_1_383' title='bbox 1069 5352 1414 5427; x_wconf 84' lang='lat' dir='ltr'><strong>excellat.</strong></span> 
     </span>
    </p>
   </div>
   <div class='ocr_carea' id='block_1_13' title="bbox 738 5686 2493 5762">
    <p class='ocr_par' dir='ltr' id='par_1_16' title="bbox 738 5686 2493 5762">
     <span class='ocr_line' id='line_1_54' title="bbox 738 5686 2493 5762; baseline -0.001 -18"><span class='ocrx_word' id='word_1_384' title='bbox 738 5697 757 5733; x_wconf 80' lang='lat'>¹</span> <span class='ocrx_word' id='word_1_385' title='bbox 788 5688 847 5744; x_wconf 85' lang='lat' dir='ltr'><strong>S.</strong></span> <span class='ocrx_word' id='word_1_386' title='bbox 889 5689 1262 5762; x_wconf 51' lang='lat' dir='ltr'><strong>Accienses,</strong></span> <span class='ocrx_word' id='word_1_387' title='bbox 1300 5688 1420 5745; x_wconf 82' lang='lat' dir='ltr'><strong>Lib.</strong></span> <span class='ocrx_word' id='word_1_388' title='bbox 1455 5689 1765 5746; x_wconf 68' lang='lat' dir='ltr'><strong>incontra</strong></span> <span class='ocrx_word' id='word_1_389' title='bbox 1801 5686 2202 5760; x_wconf 69' lang='lat' dir='ltr'><strong>Maximinum,</strong></span> <span class='ocrx_word' id='word_1_390' title='bbox 2233 5703 2360 5761; x_wconf 87' lang='lat' dir='ltr'><strong>cap.</strong></span> <span class='ocrx_word' id='word_1_391' title='bbox 2409 5688 2493 5744; x_wconf 82' lang='lat'><strong>¹8.</strong></span> 
     </span>
    </p>
   </div>
  </div>
 </body>
</html>
