4897 6388
760 3157 962 3205 Sotutio.

1691 276 1784 342 IN
1831 277 1856 343 1
1911 274 2333 356 SENTENT.
2389 273 2612 352 [ηδτ.
2666 271 2859 360 XXI,
2913 272 2999 360 D,
3054 273 3250 356 ΛΒΤ,
3288 259 3344 341 ‘5
3396 274 3506 340 ET
3551 274 3614 339 6.

1516 866 2011 946 An'rthLUS
2066 867 2145 944 V.

1059 1049 1166 1151 An
1203 1167 1210 1176 α
1236 1082 1440 1148 dictio
1472 1083 1818 1149 exclusiva
1849 1080 2092 1146 addita
2134 1081 2335 1146 Patri
2363 1077 2600 1155 exc-‚lu-

1506 1190 1630 1256 dat
1693 1189 1979 1267 Filium,
2023 1195 2148 1254 etc.

1151 1517 1409 1586 Deinde
1475 1516 1797 1605 quaeritur
1860 1515 1940 1580 dc
2011 1512 2137 1580 hoc
2214 1512 2394 1602 quod
2442 1511 2605 1578 dicit

1065 1630 1135 1695 in
1168 1626 1407 1695 ultimo
1457 1624 1779 1715 capitulo,
1829 1623 1945 1706 ibi,
2002 1652 2031 1685 «
2100 1624 2598 1703 Verumtamen,

1062 1745 1141 1803 ul
1169 1736 1270 1803 ait
1299 1734 1753 1825 Auyeeste‘mm,
1808 1740 1934 1799 etc.
1983 1757 2014 1795 ι»

1151 1842 1299 1911 Hoc
1351 1844 1534 1909 enim
1594 1863 1730 1908 non
1811 1840 2126 1907 videtur:
2176 1861 2332 1907 cum
2418 1841 2600 1907 enim

1064 1952 1266 2020 Pater
1294 1949 1537 2018 habeat
1577 1949 1913 2017 alietatem
1945 1947 2028 2015 ad
2088 1947 2359 2027 Filium,
2419 1947 2606 2015 vide-

1063 2071 1173 2129 tur
1195 2061 1252 2127 si
1300 2060 1385 2126 ad
1436 2059 1701 2126 Patrem
1745 2058 1946 2125 dictio
1992 2055 2335 2123 exclusiva
2382 2078 2605 2145 pona-

1064 2185 1198 2260 tur,
1242 2175 1426 2267 quod
1464 2174 1771 2244 excludat
1807 2173 2071 2241 Filium.

1156 2284 1289 2352 Suu
1354 2305 1656 2352 comm:
1737 2283 1953 2372 Magis
2016 2292 2171 2349 sunt
2251 2306 2461 2349 ununn
2540 2292 2606 2348 et

1062 2396 1240 2465 idem
1312 2394 1510 2461 Pater
1565 2404 1628 2462 et
1707 2392 1935 2469 Filius,
2012 2415 2213 2482 quam
2290 2390 2606 2459 Socrates

1058 2512 1125 2570 et
1156 2524 1277 2593 pes
1312 2501 1612 2569 Socratis
1647 2523 1661 2566 :
1717 2522 1868 2567 cum
1909 2507 2133 2566 autem
2181 2498 2356 2575 dico,
2418 2497 2606 2565 solus

1065 2611 1380 2680 Soc-rates
1449 2611 1621 2676 inest
1678 2607 1907 2686 domo,
2006 2630 2142 2674 non
2226 2606 2607 2674 excluditur

1061 2743 1182 2810 pes
1215 2719 1518 2786 Socratis
1554 2740 1569 2784 ε
1613 2740 1775 2807 crgo
1807 2738 1844 2780 a
1884 2714 2085 2782 sitniti
2135 2722 2408 2805 propter
2456 2739 2606 2781 nta-

1051 2827 1274 2916 jorenn
1338 2825 1781 2898 identitatem,
1837 2845 1990 2889 cuin
2094 2821 2362 2900 dieitur,
2420 2820 2606 2887 solus

1065 2931 1267 3001 l’nter
1296 2941 1391 2999 est
1428 2930 1720 3021 sapienti,
1756 2951 1890 2995 non
1949 2926 2329 2994 excluditur
2372 2927 2599 2994 Filius.

1155 3143 1469 3211 Somno.
1537 3139 1937 3223 Dicendum,
1986 3139 2167 3231 quod
2216 3163 2459 3210 omnes
2505 3150 2608 3210 ta-

1066 3252 1162 3321 les
1228 3260 1383 3318 sunt
1444 3249 1744 3341 duplices
1833 3247 2067 3314 eadem
2172 3248 2605 3315 distinctione

1062 3382 1268 3452 quam
1311 3382 1515 3449 supra
1560 3357 1882 3437 diximus,
1951 3355 2197 3423 scilieet
2260 3355 2442 3447 quod
2503 3355 2603 3422 di·

1069 3473 1204 3540 ctio
1234 3469 1576 3539 exclusiva
1628 3477 1846 3560 potest
1902 3477 2135 3534 notare
2208 3467 2608 3558 implicatio·

1064 3603 1220 3648 neni
1254 3602 1391 3646 sua·
1431 3579 1664 3645 fornia·
1695 3579 1870 3644 circa
1901 3575 2202 3663 subjectu
2218 3601 2310 3653 m,
2356 3577 2462 3644 vel
2495 3578 2609 3645 ael·

1062 3687 1127 3755 (li
1158 3689 1217 3755 ei
1251 3688 1549 3754 notando
1582 3686 2027 3777 privationem
2079 3687 2550 3753 associationis
2587 3709 2601 3753 ε

1060 3806 1126 3863 et
1167 3795 1294 3863 hoc
1352 3794 1731 3885 dupliciter,
1801 3793 2048 3861 scilicet
2120 3794 2184 3859 in
2243 3817 2607 3884 compara-

1059 3905 1245 3972 tione
1283 3902 1366 3970 acl
1396 3903 1683 3969 tonnam
1717 3901 2023 3988 subjecti,
2077 3901 2181 3968 vel
2217 3904 2284 3969 in
2325 3904 2606 3993 partici-

1061 4016 1334 4104 patione
1383 4010 1772 4102 praedicati:
1834 4020 1893 4076 et
1965 4012 2182 4099 primo
2238 4019 2307 4079 et
2363 4011 2603 4080 ultimo

1056 4144 1291 4201 sensu,
1324 4120 1489 4188 falsa
1523 4129 1618 4186 est
1654 4119 1929 4188 locutio.
1968 4120 2032 4185 in
2086 4120 2313 4186 medio
2373 4130 2601 4188 autem

1060 4252 1245 4297 vera.

1148 4339 1250 4405 Λυ
1288 4357 1731 4404 Αιιαικκηικτιικι
1774 4358 1934 4425 ergo
1966 4336 2146 4426 quod
2189 4335 2437 4404 factum
2472 4348 2597 4415 est,

1055 4445 1243 4537 quod
1311 4469 1448 4512 non
1515 4444 1894 4512 excluditur
1953 4469 2239 4535 persona
2295 4446 2425 4513 alia
2485 4471 2604 4537 per

1062 4555 1427 4624 dictionem
1460 4553 1871 4620 exclusivum
1909 4576 1924 4620 ε
1968 4553 2354 4631 dicendum,
2417 4557 2599 4646 quod

1061 4663 1215 4731 licet
1257 4663 1477 4751 major
1505 4661 1816 4730 identitas
1854 4672 1918 4729 ct
1951 4663 2174 4729 minor
2244 4663 2601 4730 diversitas

1059 4772 1146 4839 sit
1187 4772 1363 4839 inter
1399 4770 1666 4838 Patrem
1717 4780 1776 4836 et
1841 4769 2108 4849 Filium,
2170 4794 2375 4862 quam
2426 4772 2602 4840 inter

1055 4887 1276 4947 totum
1307 4887 1374 4947 et
1431 4887 1741 4970 partem:
1804 4888 2029 4945 tannen
2087 4877 2198 4944 illa
2254 4878 2599 4946 distinctio

1055 5012 1207 5081 quae
1246 4999 1344 5056 est
1392 4990 1567 5055 inter
1615 4987 1881 5055 Patrem
1938 4996 2001 5055 et
2074 4988 2343 5069 Filium,
2411 4991 2603 5079 ponit

1056 5098 1394 5167 alietatem
1431 5121 1894 5188 personarum,
1937 5099 2152 5188 gratia
2199 5098 2393 5187 cujus
2442 5108 2604 5188 pot-

1059 5215 1161 5274 est
1201 5230 1344 5275 esse
1376 5206 1678 5275 exclusio
1724 5230 1737 5274 :
1774 5206 1890 5274 sed
1931 5206 2045 5275 illa
2085 5230 2235 5297 quae
2275 5215 2376 5275 est
2429 5208 2602 5273 inter

1061 5322 1280 5382 totuin
1312 5322 1376 5381 et
1409 5323 1668 5403 partem
1711 5337 1845 5381 non
1893 5336 1907 5380 ε
1952 5321 2015 5381 et
2059 5314 2206 5382 ideo
2239 5313 2330 5381 ibi
2363 5312 2601 5381 exclu-

1057 5422 1161 5488 sio
1193 5443 1332 5488 non
1364 5420 1433 5488 tit
1471 5420 1682 5510 partis
1719 5444 1757 5487 a
1787 5429 1954 5489 toto.

1145 5529 1224 5596 Et
1293 5536 1477 5609 uota,
1545 5529 1729 5620 quod
1812 5530 2087 5620 quidam
2172 5530 2603 5629 distinguunt

1050 5638 1256 5723 hanc,
1303 5637 1504 5705 Pater
1532 5647 1629 5705 est
1670 5638 1855 5705 solus
1890 5638 2092 5717 neus,
2136 5662 2219 5707 ex
2259 5665 2342 5714 eo
2416 5642 2608 5739 quod

4140 274 4343 352 563-

2726 439 2795 530 ly
2823 442 3016 524 solus
3046 451 3272 531 potest
3301 444 3464 535 poni
3499 465 3619 534 pro
3651 450 3942 521 tantum,
4008 451 4073 508 et
4128 451 4288 516 ,tunc

2728 547 2966 615 dicunt
3004 572 3156 615 eam
3190 572 3337 617 esse
3377 571 3610 616 veram
3651 571 3664 614 :
3711 548 3820 615 vel
3854 572 3934 616 ex
3985 571 4063 615 eo
4106 548 4290 638 quod

2728 664 2956 744 potest
3013 665 3251 724 notare
3318 657 3868 746 adaequationem
3949 655 4290 744 praedicati

2724 762 2809 831 ad
2869 762 3280 852 subjectum,
3343 771 3410 831 et
3477 766 3573 837 sio
3637 763 3869 830 dicunt
3930 785 4078 829 eam
4139 785 4284 829 esse

2724 872 2962 956 falsam
3013 875 3218 966 gquia
3260 873 3415 956 licet
3464 873 3669 955 Pater
3716 875 3801 942 sit
3862 873 4065 952 DeuS,
4138 895 4273 942 non

2723 989 2950 1061 tamen
3015 982 3107 1056 ita
3164 989 3269 1056 est
3324 980 3531 1064 DeuS,
3603 981 3768 1070 quin
3831 980 4011 1046 Deus
4067 981 4269 1058 etiam

2720 1088 2870 1164 aliis
2910 1092 3277 1168 conveniat
3309 1113 3323 1157 ε
3361 1098 3427 1166 ct
3457 1091 3547 1168 ita
3581 1090 3848 1166 videtur
3887 1087 4056 1166 velle
4122 1088 4274 1162 Ma-

2719 1197 2930 1286 gister
2962 1198 3028 1263 in
3060 1199 3350 1280 Littera,
3386 1207 3452 1266 et
3483 1199 3550 1264 in
3584 1198 3713 1264 hoc
3752 1220 3951 1264 sensu
3983 1196 4048 1286 ly
4086 1196 4275 1262 solus

2721 1306 2911 1394 quasi
2944 1308 3135 1373 venit
3207 1328 3331 1395 per
3396 1313 3689 1383 tantum,
3761 1307 3850 1371 ita
3906 1304 4086 1395 quod
4147 1328 4274 1371 no-

2719 1421 2812 1479 tet
2852 1412 3401 1504 adaequationetn
3447 1436 3461 1480 :
3506 1413 3623 1481 sed
3684 1412 3793 1480 ille
3852 1435 4091 1480 sensus
4141 1413 4271 1479 im·-

2719 1524 3038 1610 proprius
3069 1531 3170 1589 est
3200 1522 3423 1590 valde.
3480 1521 3566 1589 Et
3620 1521 3750 1589 hoc
3798 1531 3897 1588 est
3942 1521 4125 1611 quod
4174 1520 4270 1587 di·

2717 1638 2879 1697 cunt
2913 1629 3259 1721 Sophistae
3319 1631 3471 1699 aliis
3529 1632 3778 1710 verbis,
3832 1630 4013 1720 quod
4065 1630 4266 1699 dictio

2717 1736 3061 1804 exclusiva
3091 1739 3311 1827 posita
3369 1738 3441 1805 in
3489 1738 3849 1829 praedicato
3882 1746 4100 1827 potest
4158 1759 4268 1804 ex-

2716 1843 2987 1911 cludere
3018 1867 3056 1910 a
3089 1846 3606 1935 participatione
3636 1845 3871 1912 tormae
3900 1844 4262 1934 praedicati‚

2716 1950 2826 2019 vel
2897 1975 2934 2018 a
2992 1953 3515 2043 participatione
3580 1952 3908 2041 subjecti:
3973 1961 4048 2019 ut
4111 1975 4265 2020 cum

2716 2058 2990 2142 dicitur,
3023 2060 3148 2127 iste
3179 2060 3368 2128 solus
3406 2060 3639 2140 currit,
3685 2058 3790 2126 vel
3819 2060 4024 2126 currit
4056 2059 4265 2128 solus,

2720 2168 2794 2234 Si
2829 2174 3057 2235 autem
3099 2166 3416 2235 excludat
3455 2191 3492 2234 a
3523 2168 4040 2257 participatione
4098 2190 4272 2256 prae·

2717 2273 2946 2351 dicati,
2982 2297 3225 2341 sensus
3255 2283 3382 2357 est,
3419 2274 3599 2365 quod
3631 2274 3753 2341 iste
3785 2275 3992 2341 currit
4020 2284 4083 2340 et
4116 2274 4271 2339 nut-

2717 2380 2826 2448 lus
2851 2379 3051 2448 aliuS.
3089 2380 3161 2447 Si
3212 2389 3443 2450 autem
3493 2404 3533 2448 a
3597 2383 4267 2471 comparticipatione

2716 2489 3034 2578 subjecti,
3086 2514 3328 2558 sensus
3395 2498 3521 2568 est,
3578 2491 3759 2581 quod
3807 2493 3928 2557 etsi
3968 2501 4264 2571 currant,

2718 2608 2950 2667 tamen
2983 2599 3213 2667 nullus
3247 2602 3313 2667 in
3354 2599 3595 2668 eodem
3631 2598 3780 2668 loco
3833 2623 4060 2667 secum
4109 2621 4266 2690 par·

2718 2707 2949 2798 ticipat
2981 2730 3302 2775 cursum:
3347 2715 3416 2776 et
3468 2707 3694 2798 quoad
3755 2707 3935 2775 hunc
3992 2730 4265 2775 sensum

2717 2813 2925 2880 dictio
2968 2814 3311 2882 exclusiva
3346 2815 3617 2905 proprie
3667 2817 3973 2904 sequitur
4047 2816 4271 2882 termi-

2719 2943 2912 2998 num,
2957 2944 2996 2986 a
3025 2921 3221 3009 cujus
3264 2920 3780 3011 participatione
3815 2929 4001 2988 notat
4036 2921 4272 2987 exclu-

2716 3028 3035 3094 sionem:
3117 3037 3189 3095 ut
3257 3052 3415 3096 cum
3473 3029 3742 3105 dicitur,
3815 3028 3999 3095 solus
4065 3029 4272 3096 abbas

2716 3139 3044 3219 comedit,
3078 3137 3255 3207 alius
3292 3163 3534 3208 sensus
3560 3148 3658 3207 est
3700 3164 3908 3232 quant
3968 3164 4124 3208 euin
4176 3140 4271 3208 di·

2716 3248 2917 3324 citur,
2979 3246 3192 3314 abbas
3259 3248 3554 3315 eomedit
3622 3247 3859 3315 sotus:
3908 3258 3973 3316 et
4029 3250 4123 3316 sic
4165 3250 4273 3315 in-

2718 3354 2932 3421 tendit
2967 3352 3311 3444 Magister,
3346 3355 3531 3446 quod
3560 3355 3800 3423 uttinno
3836 3354 4039 3422 niodo
4090 3358 4271 3422 ucci-

2720 3462 2969 3551 piatur‚
3043 3472 3115 3529 ut
3176 3462 3262 3529 sit
3328 3486 3595 3543 sensus‘,
3651 3462 3849 3529 Pater
3918 3471 4015 3529 est
4084 3463 4269 3529 sutus

2722 3569 2927 3644 Deus,
2967 3568 3073 3636 vel
3106 3580 3204 3635 est
3245 3569 3426 3636 Deus
3464 3569 3651 3637 solus
3686 3590 3701 3639 ε
3756 3573 3913 3662 quia
3945 3573 4036 3637 sic
4103 3569 4269 3638 salsa

2718 3686 2815 3743 est
2854 3699 2868 3742 :
2914 3686 2978 3744 et
3014 3686 3243 3744 tamen
3277 3701 3434 3745 vere
3484 3687 3550 3745 et
3598 3677 3936 3745 subtiliter
3975 3679 4277 3745 conside·

2720 3784 2934 3850 rando
2979 3786 3045 3851 in
3123 3787 3317 3853 omni
3389 3809 3593 3854 sensu
3662 3784 3865 3851 dictio
3931 3784 4282 3852 exclusiva

2719 3900 3152 3981 retorquetur
3180 3893 3261 3959 aet
3315 3892 3728 3984 subjectum,
3800 3895 3925 3960 nisi
3991 3905 4284 3983 ponatur

2716 4022 2839 4088 pro
2890 4008 3189 4067 lautum.

3136 4435 3644 4505 Anticus-s
3722 4438 3836 4506 W.

2714 4653 2816 4716 Au
2888 4650 3024 4715 isla
3078 4652 3170 4715 si!
3239 4674 3423 4732 rem,
3467 4650 3679 4717 Nemo
3737 4653 3922 4716 nori!
3984 4654 4260 4719 ΙίιΙιϊηι

3252 4757 3391 4822 m’se‘
3418 4755 3649 4825 Filius
3693 4757 3734 4822 :²

2806 5083 3063 5150 Deinde
3117 5083 3449 5171 qua-ritur
3498 5080 3580 5148 de
3631 5080 3757 5149 hue
3801 5082 3980 5171 qum!
4042 5082 4200 5148 «licit
4244 5104 4257 5147 :

2713 5218 2744 5256 α
2782 5194 2995 5259 Nemo
3026 5190 3215 5256 novit
3258 5191 3567 5271 Patrem,
3609 5190 3745 5255 nise·
3776 5189 4026 5267 I·'1'le'11s‚
4071 5198 4196 5255 etc.
4227 5214 4260 5254 »

2800 5299 2936 5365 Aut
2970 5296 3153 5365 enim
3202 5294 3272 5385 ly
3328 5297 3466 5362 nisi
3523 5296 3769 5386 excipit
3844 5320 3882 5363 a
3950 5295 4016 5387 ly
4073 5320 4265 5364 nemo

2710 5407 3046 5477 scutulum
3114 5402 3303 5495 quod
3369 5428 3494 5496 pro
3558 5406 3882 5473 creaturis
3949 5407 4262 5488 sumitur,

2715 5527 2786 5586 ct
2851 5516 2946 5584 sic
3003 5512 3174 5581 nihil
3243 5520 3345 5580 est
3428 5512 3612 5603 quod
3689 5512 3900 5581 dicit:
3971 5523 4087 5582 aut
4159 5538 4271 5580 sc-

2726 5623 3023 5696 cundum
3090 5618 3275 5711 quod
3331 5626 3463 5686 stat
3510 5642 3631 5710 pro
3682 5619 4020 5699 increato,
4054 5629 4119 5687 et
4172 5621 4269 5687 sic
