4897 6388
811 4521 1015 4573 Somno.

1830 296 2005 426 1Ns1
2055 332 2484 428 SENTENT.
2538 340 2787 430 01qu
2820 352 3263 465 1‚3A‘,ART.
3323 369 3351 435 1
3406 370 3514 438 ET
3560 372 3623 438 2.
4236 373 4316 441 15

1114 539 1270 585 rum
1327 524 1629 589 continet
1701 526 2004 614 primum
2064 530 2467 620 capitulum,
2548 532 2666 600 uhi
2767 536 2948 622 jecta
2995 560 3009 605 :
3071 538 3410 629 praecipue
3461 541 3731 631 quando
3792 550 3948 609 sunt
4005 541 4313 618 occultae,

1113 622 1437 716 Magister
1514 630 1758 716 probat
1845 641 2205 704 tractatum
2272 637 2671 729 Theologiae

1112 736 1367 800 versari
1387 735 1564 801 circa
1592 760 1699 805 res
1729 748 1794 807 et
1825 742 2044 833 signa.
2068 743 2399 811 ¹Secunda
2438 753 2668 812 autem

1116 839 1356 927 incipit
1393 841 1458 907 in
1491 846 1790 915 secundo
1820 849 2117 938 capitulo
2138 864 2185 932 ¹,
2221 850 2342 928 ibi,
2377 850 2462 931 B,
2508 876 2542 915 ε
2584 851 2674 918 Id

1115 944 1336 1034 iqitur
1369 948 1439 1015 in
1468 952 1691 1033 rebus,
1736 963 1868 1023 etc.
1905 979 1938 1019 ι)
1970 954 2056 1022 Et
2094 954 2225 1024 hoc
2272 957 2428 1025 ideo
2466 958 2671 1025 indu-

1114 1053 1312 1139 citur,
1346 1059 1507 1147 quia
1543 1067 1681 1127 tam
1713 1082 1820 1127 res
1859 1084 2065 1153 quam
2096 1064 2294 1155 sigua
2346 1088 2670 1134 commu-

1116 1162 1328 1230 nioris
1364 1165 1878 1253 significationis
1942 1178 2103 1238 sunt
2155 1193 2367 1262 quam
2424 1174 2496 1240 in
2537 1172 2668 1241 hac

1114 1267 1396 1336 scientia
1433 1272 1871 1342 intendantur
1903 1298 1920 1343 ε
1958 1284 2026 1344 et
2050 1277 2215 1345 ‘ideo
2247 1301 2387 1347 non
2425 1301 2668 1347 omnes

1112 1376 1559 1464 proprietates
1589 1402 1846 1466 rerum,
1882 1405 2010 1451 nec
2057 1406 2300 1476 omnes
2349 1386 2669 1475 proprie-

1114 1486 1286 1547 tates
1315 1481 1671 1574 signorum
1711 1479 2154 1578 inquiruntur
2188 1490 2301 1559 hic
2351 1512 2366 1557 :
2404 1490 2665 1559 et·ideo

1114 1592 1382 1677 o‘portet
1472 1591 1921 1664 determinare
2031 1598 2404 1667 secundum
2495 1622 2666 1692 quas

1111 1698 1556 1785 proprietates
1594 1700 1691 1769 de'
1725 1701 1928 1771 rebus
1966 1710 2034 1771 et
2088 1706 2302 1797 signis
2351 1708 2667 1799 inquira-

1112 1808 1247 1868 tur.

1578 2260 2083 2331 ARTICULUS
2132 2262 2189 2333 1.

2776 650 2852 706 ut
2885 642 2951 708 in
2974 645 3273 712 scient-iis
3312 646 3487 728 altis»,
3523 671 3809 739 quarum
3842 650 4166 716 altissima
4213 656 4314 716 est

2774 745 3150 838 Theologia
3193 760 3309 818 :et
3367 774 3483 840 per
3521 751 3653 821 hoc
3697 764 3880 844 patet
3945 757 4193 824 solutio
4231 758 4319 825 ad

2777 862 3174 945 utrumque.

2867 1173 2946 1238 In
2982 1176 3205 1263 primo
3246 1177 3452 1266 igitur
3470 1180 3764 1268 capitulo
3803 1181 4122 1272 Magister
4157 1194 4311 1252 tan·
4343 1206 4521 1318 ⁰³3&
4544 1216 4654 1304 ιω-

2775 1280 2875 1368 git
2905 1281 3208 1371 quinque
3243 1306 3259 1367 ς
3295 1306 3587 1373 quorum
3617 1288 3910 1377 primum
3943 1298 4044 1358 est
4070 1292 4312 1382 proba-

2775 1385 2870 1453 tio
2917 1386 3227 1476 subjecti,
3261 1412 3381 1479 per
3418 1392 3762 1490 ductivum
3810 1396 3878 1462 in
3927 1396 4091 1464 illud
4130 1399 4314 1490 quod

2776 1500 2880 1560 est
2909 1496 3129 1584 gratia
3165 1494 3292 1564 Dei
3338 1499 3616 1588 praevia.
3667 1498 4055 1571 Secundum
4083 1512 4309 1574 autem

2776 1591 2877 1667 est
2917 1600 3228 1691 probatio
3265 1603 3477 1694 ipsius
3514 1629 3637 1697 per
3663 1610 4157 1696 auctoritatem,
4189 1613 4307 1691 ibi,

2776 1732 2813 1775 ι
2851 1711 2940 1778 Ut
2979 1713 3162 1779 enim
3199 1716 3512 1806 cyre-qius
3566 1720 3819 1787 Doctor
3858 1722 4310 1811 Anqustinus,

2776 1827 2903 1889 etc.
2943 1846 2978 1887 x·
3013 1822 3316 1892 Tertium
3346 1834 3448 1894 est
3500 1829 3906 1920 exemplatio
3971 1855 4196 1900 rerum
4247 1839 4315 1902 et

2775 1929 3159 2019 signorum,
3222 1931 3341 2015 ihi,
3419 1959 3452 1999 «
3521 1938 3811 2028 Proprie
3895 1950 4122 2007 autem
4174 1940 4307 2021 laic,

2773 2042 2901 2101 etc.
2968 2060 3002 2102 n
3071 2036 3430 2123 Quartum,
3475 2043 3821 2113 conclusio
3869 2045 3954 2113 ad
3990 2045 4305 2126 alterum,

2774 2141 2960 2230 quod
3006 2142 3263 2213 scilicet
3298 2148 3579 2237 quilibet
3619 2149 3902 2220 advertit
3939 2152 4115 2222 hanc
4163 2177 4307 2223 esse

2771 2245 3065 2317 sormam
3125 2250 3519 2343 Scripturae,
3569 2256 3690 2340 ibi,
3774 2288 3808 2320 α
3866 2260 4170 2351 Cumque
4204 2263 4313 2330 lu‘s

2669 2438 2670 2441 Ἴ
2774 2354 3163 2437 intenderit,
3223 2367 3352 2429 etc.
3398 2389 3431 2424 »
3484 2360 3816 2442 Quintum
3873 2373 3939 2433 et
3991 2367 4309 2436 ultimum

1290 2467 1643 2550 Quomodo
1682 2470 2048 2560 investt‘qat
2088 2471 2483 2562 subjectum

1650 2577 2034 2669 Theoloqiae
2064 2579 2106 2648 ?
2145 2674 2149 2678 ,

1196 2895 1543 2967 Οωιοιτυιι
1603 2907 1835 2967 autem
1908 2907 2145 2969 contra
2230 2898 2409 2969 hanc
2473 2901 2661 2971 diffi-

1104 3005 1659 3090 nitionem,sicut
1687 3006 1851 3076 dicit
1888 3004 2380 3097 Philosophus,

1197 3115 1258 3180 1.
1302 3110 1645 3192 Quoniam
1709 3112 1794 3182 de
1858 3113 2163 3205 subjecto
2227 3122 2504 3207 oportet
2548 3139 2655 3185 re·

1101 3219 1411 3313 linquere
1450 3231 1519 3291 et
1543 3243 1932 3314 supponere
1971 3225 2135 3315 quia
2183 3233 2287 3292 est
2340 3248 2357 3294 ε
2401 3247 2568 3317 ergo
2597 3225 2655 3294 si

1101 3337 1371 3420 oportet
1441 3351 1988 3421 praesupponere,
2055 3330 2234 3401 male
2286 3331 2450 3402 facit
2505 3333 2656 3403 Au-

1100 3445 1248 3504 ctor
1330 3436 1803 3529 investigando
1889 3437 2270 3529 subjectum
2356 3442 2658 3513 scientim

1104 3543 1321 3610 istius.

1191 3650 1258 3718 2.
1301 3648 1499 3732 Item,
1530 3650 1906 3732 Avicenna,
1948 3654 2020 3722 in
2064 3655 2285 3745 primo
2327 3656 2659 3725 Philoso-

1099 3755 1286 3846 phiae
1323 3754 1511 3838 dicit,
1541 3758 1728 3848 quod
1770 3758 1843 3826 in
1899 3757 2090 3827 nulla
2151 3761 2435 3831 scientia
2474 3762 2656 3832 idem

1105 3870 1210 3931 est
1261 3861 1671 3953 subjectum,
1707 3873 1777 3933 et
1817 3865 2177 3957 quesitum
2217 3867 2289 3936 in
2328 3891 2407 3937 ea
2444 3892 2461 3938 ε
2507 3871 2653 3950 sed,

1104 3977 1183 4038 ut
1218 3970 1381 4041 dicit
1412 3973 1695 4054 Auctor,
1739 3975 1917 4045 circa
1948 4000 2056 4047 res
2084 3987 2153 4047 et
2191 3981 2391 4072 signa
2418 4006 2661 4052 versa-

1106 4085 1219 4145 tur
1272 4079 1645 4170 speculatio
1708 4081 2103 4176 Theologiae
2162 4108 2179 4154 τ
2238 4109 2404 4180 ergo
2446 4112 2554 4159 res
2592 4101 2661 4161 et

1106 4186 1302 4276 signa
1341 4208 1479 4254 non
1513 4187 1760 4256 debent
1790 4191 2005 4280 quaeri
2045 4192 2117 4260 in
2155 4215 2233 4261 ea
2279 4215 2297 4265 t
2347 4195 2468 4265 sed
2510 4198 2661 4266 Au-

1109 4300 1257 4361 ctor
1294 4295 1559 4384 quaerit,
1593 4317 1757 4387 ergo
1797 4307 2054 4388 peccat.

1201 4505 1559 4577 ltnsrossro
1598 4516 1700 4578 est
1743 4510 1829 4578 ad
1858 4510 2015 4593 hoc,
2050 4516 2234 4606 quod
2299 4526 2405 4587 est
2443 4520 2663 4590 scien-

1107 4613 1273 4682 tiam
1329 4616 1755 4686 considerare
1818 4619 2087 4690 duobus
2159 4626 2385 4696 modis
2430 4651 2448 4698 z
2517 4654 2659 4699 uno

1107 4722 1314 4791 modo
1354 4723 1422 4790 in
1461 4729 1970 4817 comparatione
2026 4730 2111 4798 ad
2157 4738 2518 4806 materiam
2575 4739 2659 4809 de

1107 4850 1240 4918 qua
1283 4839 1384 4898 est
1440 4831 1746 4913 scientia,
1789 4842 1857 4903 et
1909 4836 2006 4905 sic
2052 4842 2326 4930 proprie
2373 4844 2658 4915 scientia

1104 4943 1412 5018 vocatur,
1443 4943 1512 5004 et
1548 4960 1687 5005 non
1719 4942 1962 5030 quaerit
2007 4942 2391 5034 subjectum
2421 4972 2654 5032 suum,

1105 5041 1226 5110 sed
1261 5044 1589 5134 supponit
1628 5066 1649 5113 ε
1689 5045 1826 5114 alio
1865 5048 2073 5117 modo
2112 5060 2316 5141 prout
2373 5063 2475 5123 est
2529 5056 2660 5126 do-

1104 5150 1320 5218 ctrina
1357 5173 1510 5243 quse
1553 5153 1836 5223 faciliori
1894 5158 2100 5226 modo
2146 5159 2451 5233 discendi
2490 5189 2658 5257 pro·

1104 5256 1342 5326 cedere
1389 5257 1619 5339 habet,
1680 5269 1757 5330 ut
1824 5263 1983 5332 dicit
2041 5265 2530 5361 Philosophus»,
2592 5283 2659 5345 et

1103 5365 1199 5433 sic
1229 5365 1542 5455 quaedam
1579 5369 1879 5438 scientim
1908 5371 2323 5466 investigant
2343 5400 2471 5447 sua
2491 5381 2661 5449 sub-

1179 5614 1198 5651 ¹
1227 5613 1371 5672 Vide
1409 5614 1587 5682 infra,
1619 5616 1682 5689 B,
1712 5617 1895 5675 Artic.
1929 5637 2023 5677 viu
2052 5627 2113 5678 et
2140 5639 2265 5697 seq.

1181 5702 1205 5738 ⁸
1238 5704 1295 5761 S.
1338 5706 1710 5776 Aucusrums,
1744 5707 1867 5792 Lib,
1899 5712 1922 5766 1
1952 5709 2025 5768 de
2055 5712 2334 5773 Doctrina
2377 5716 2658 5777 christia-

2770 2471 2873 2531 est
2901 2463 2985 2532 de
3013 2465 3251 2536 ordine
3280 2470 3687 2559 procedendi
3719 2474 3786 2542 in
3828 2475 4156 2565 partibus,
4188 2476 4309 2557 ibi,

2774 2596 2807 2636 ι
2840 2575 2946 2641 De
2971 2575 3082 2643 lais
3110 2576 3331 2667 iqt'lur
3357 2579 3574 2665 nobis,
3607 2589 3737 2652 etc.
3780 2611 3811 2646 »

2858 2680 3122 2749 Littera
3141 2691 3326 2774 patet
3365 2708 3444 2755 ex
3484 2686 3910 2759 diffinitione.

3236 3124 3737 3201 ARTICULUS
3783 3131 3867 3201 11.
3893 3154 3900 3160 ·

2950 3334 3144 3417 Quid
3164 3337 3256 3403 sit
3278 3337 3664 3428 subjectum
3709 3345 3767 3412 Τ
3756 3344 4084 3436 heoloqiae
4103 3348 4145 3416 P

2859 3642 2998 3711 Sed
3034 3642 3354 3734 objicitur
3425 3649 3508 3718 de
3563 3649 3693 3720 hoc
3755 3656 3935 3746 quod
3981 3657 4164 3741 dicit,
4197 3681 4313 3727 sa-

2767 3773 2954 3820 cram
3009 3751 3427 3845 Scripturam
3486 3781 3633 3828 csse
3688 3762 3861 3830 circa
3921 3788 4025 3833 res
4092 3775 4159 3834 et
4213 3769 4314 3834 si-

2767 3880 2929 3950 gna.

2857 3968 2945 4036 Et
2973 3978 3369 4062 quaeruntur
3422 3985 3716 4066 quatuor
3782 4000 3798 4047 ε
3842 4002 4133 4071 quorum
4172 3987 4312 4075 pri·

2771 4100 2961 4146 mum
3000 4087 3127 4160 est,
3159 4081 3321 4171 quid
3349 4085 3433 4151 sit
3470 4083 3860 4180 Theologiae
3891 4091 4317 4182 subjectum?

2773 4185 3194 4266 Secundum,
3242 4187 3479 4259 Utrum
3513 4194 3658 4286 ipsa
3704 4197 3787 4264 sit
3826 4200 4102 4268 scientia
4147 4225 4310 4279 una,

2770 4291 2879 4360 vcl
2908 4291 3140 4383 plures
3167 4295 3203 4362 ⁴?
3244 4295 3570 4381 Tertium,
3619 4302 3852 4372 Utrum
3893 4307 3976 4373 sit
4006 4308 4320 4399 specula-

2770 4403 2937 4483 tiva,
2995 4402 3106 4470 vel
3164 4407 3507 4494 practica?
3569 4410 3898 4490 Quartum
3957 4416 4040 4485 de
4093 4417 4318 4486 modis

2770 4510 3305 4600 expositionum,
3338 4522 3405 4582 et
3454 4516 3927 4605 probationum
3961 4526 4130 4612 ejus.

2861 4729 3055 4801 Circa
3086 4733 3384 4823 primum
3426 4737 3520 4805 sic
3557 4739 3943 4830 proceditur
3977 4766 3993 4811 :

2867 4841 2928 4908 Ι.
2970 4841 3396 4932 Augustinus
3439 4843 3546 4914 hic
3575 4845 3761 4931 dicit,
3796 4850 3973 4938 quod
4012 4862 4321 4921 versatur

2770 4949 2950 5015 circa
3005 4970 3111 5017 res
3141 4958 3207 5018 et
3235 4952 3468 5042 signa⁸
3506 4977 3523 5022 ε
3565 4963 3630 5022 et
3668 4957 3843 5025 circa
3899 4982 4049 5049 quae
4084 4982 4319 5030 versa-

2772 5062 2884 5121 tur
2906 5054 3213 5134 scientia,
3274 5057 3680 5148 inquirendo
3726 5065 4073 5152 passiones
4102 5073 4167 5135 et
4197 5066 4317 5137 dif-

2769 5161 3115 5243 ferentias,
3146 5161 3295 5233 haec
3356 5174 3513 5233 sunt
3549 5169 3848 5259 subjecta
3895 5172 4103 5262 ipsius
4146 5196 4162 5242 ι
4205 5197 4319 5242 er-

2772 5291 2862 5359 go
2893 5291 3001 5338 res
3057 5278 3125 5337 et
3161 5272 3357 5363 signa
3386 5283 3541 5342 sunt
3588 5276 3963 5365 subjectum
4019 5278 4318 5350 Theolo-

2771 5398 2926 5467 gtae·

2775 5644 2875 5699 na,
2905 5645 3036 5704 cap.
3071 5632 3125 5686 2.
