4897 6388
2061 392 2152 457 IN
2195 391 2222 458 1
2274 385 2700 455 sssx‘rfflx‘r
2749 383 2972 452 msT.
3028 385 3148 470 lx,
3201 388 3286 453 A.
4152 390 4276 455 271

2211 1002 2908 1099 DISTINCTIO
2982 1005 3135 1098 IX.

1863 1391 1950 1463 A.
1988 1387 2111 1463 De
2150 1387 2640 1466 distinctione
2679 1388 2915 1464 triu-m
2938 1411 3476 1486 personarum.

1151 1835 1376 1910 Nunc
1417 1836 1511 1909 ad
1540 1834 2110 1909 distinctionem
2149 1834 2377 1909 trium
2413 1860 2916 1934 personarum
2961 1835 3441 1910 accedamus.
3478 1836 3899 1912 Teneamus
3929 1862 4138 1936 erge,
4175 1850 4255 1914 ut
4283 1880 4353 1924 ω
4378 1882 4616 1938 propria*

4283 1987 4613 2099 sitiam.

1050 1970 1273 2044 docet
1312 1970 1795 2068 Augustinus
1836 1968 1912 2043 in
1975 1969 2170 2043 libro
2211 1970 2304 2046 de
2334 1971 2531 2045 Fide
2570 1972 2675 2047 ad
2714 1972 3035 2046 Petram
3079 1987 3124 2062 ¹,
3205 1972 3507 2047 Patrem
3540 1982 3615 2047 et
3658 1973 3928 2048 Filium
3964 1983 4040 2050 et
4077 1974 4254 2074 Spi-
4322 1934 4566 1980 mmmm

1052 2105 1282 2179 ritum
1316 2115 1667 2181 sanctum
1699 2130 1943 2181 unum
1978 2129 2147 2181 esse
2180 2105 2424 2181 Deum
2462 2107 2916 2182 naturaliter
2950 2131 2965 2180 ε
3008 2129 3146 2182 nee
3175 2117 3431 2183 tamen
3467 2106 3715 2206 ipsum
3748 2110 4051 2186 Patrem
4083 2135 4252 2187 esse
4282 2094 4608 2204 33Ϋῖἒῖξὲξὲἓῖ

1048 2242 1179 2338 qui
1215 2241 1451 2317 Filius
1491 2251 1633 2335 est,
1680 2266 1824 2315 nee.
1858 2241 2132 2315 Filium
2190 2265 2359 2317 esse
2395 2242 2645 2340 ipsum
2690 2242 2821 2339 qui
2859 2242 3082 2316 Pater
3118 2251 3254 2328 est,
3290 2265 3429 2317 nec
3475 2242 3842 2341 Spiritum
3901 2257 4251 2322 sanctum
4404 2206 4485 2252 '¹⁸'

1045 2399 1214 2452 esse
1258 2377 1509 2475 ipsum
1552 2377 1684 2475 qui
1728 2377 1958 2452 Pater
1997 2387 2115 2452 est.
2151 2387 2286 2451 aut
2327 2377 2593 2452 Filius.
2633 2376 2805 2452 Una
2859 2377 3064 2452 enim
3119 2387 3235 2453 est
3291 2379 3624 2455 essentia
3665 2380 3911 2457 Patris
3960 2391 4035 2459 et
4083 2381 4253 2458 Filii

1044 2523 1116 2587 et
1159 2512 1497 2612 Spiritus
1530 2512 1775 2589 sancti
1816 2537 1832 2588 ε
1872 2512 1946 2587 in
1992 2535 2148 2612 qua
2179 2537 2332 2587 non
2395 2525 2501 2589 est
2568 2514 2774 2588 aliud
2828 2516 3080 2609 Pater,
3116 2513 3324 2589 ali‘ud
3361 2513 3623 2610 Filius,
3660 2517 3864 2593 aliud
3921 2519 4255 2620 Spiritus

1044 2660 1358 2724 sanetus
1404 2674 1420 2724 ε
1467 2649 1827 2749 quamvis
1883 2650 2393 2749 personaliter
2442 2651 2644 2726 atius
2683 2651 2783 2726 sit
2833 2652 3084 2747 Pater,
3119 2650 3320 2727 alius
3367 2653 3630 2749 Filius,
3675 2655 3874 2734 alius
3924 2658 4256 2759 Spiritus

1048 2794 1392 2861 sanctus·

1536 3264 1775 3309 mvtslo
1823 3265 2093 3310 TssxTUS.

1137 3484 1166 3514 a
1217 3456 1415 3524 Num·
1461 3453 1559 3520 ad
1604 3454 2108 3524 distinctionem
2148 3480 2598 3546 personarum

1040 3562 1470 3638 accedamus,
1514 3570 1640 3628 etc.
1691 3588 1724 3628 ι

1137 3670 1256 3737 nie
1292 3672 1526 3759 incipit
1563 3680 1804 3761 quarta
1849 3683 1908 3739 et
1981 3673 2222 3742 ultima
2265 3698 2417 3765 pars
2460 3685 2600 3742 tra-

1042 3788 1261 3846 ctatus
1291 3778 1833 3868 degeneratione
1870 3779 2017 3849 Filii
2052 3803 2066 3850 :
2099 3785 2164 3849 in
2196 3805 2328 3874 qun
2378 3784 2604 3872 agitur

1045 3886 1311 3976 (teipsa
1373 3894 1679 3974 respectu
1740 3890 2197 3957 mensurantis
2255 3897 2442 3957 extra
2493 3913 2603 3955 se-

1045 3992 1342 4061 cundum
1379 3995 1735 4061 rationem.
1776 3994 1965 4062 Sicut
2010 3998 2193 4063 enim
2235 3996 2394 4064 dicit
2435 3996 2602 4063 Phi-

1045 4099 1397 4189 losopliuS,
1468 4101 1651 4191 quod
1732 4112 1830 4168 est
1902 4112 2230 4171 :eternum
2317 4114 2597 4186 :vti-ruo,

1045 4205 1173 4274 hoc
1220 4217 1319 4273 est
1358 4208 1759 4275 aeviternum
1810 4212 2164 4289 aeviterno,
2222 4222 2283 4278 et
2337 4225 2603 4303 tempus

1046 4315 1431 4405 temporali,
1470 4326 1747 4406 propter
1777 4341 1983 4385 unum
2039 4320 2369 4387 rationem
2421 4345 2605 4389 men·

1046 4447 1219 4490 sura·
1287 4425 1352 4489 in
1421 4426 1798 4494 communi.
1892 4425 2083 4494 Unde
2143 4429 2469 4518 probatur
2534 4431 2601 4497 in

1049 4531 1171 4597 ista
1239 4530 1672 4599 distinctione
1733 4531 1943 4600 Filius
2026 4559 2172 4602 esse.
2230 4547 2604 4605 coa‘ternus

1051 4635 1259 4705 Patri.
1334 4635 1674 4704 Dividitur
1738 4646 1965 4704 autem
2036 4640 2103 4706 in
2161 4650 2295 4710 tres
2355 4653 2599 4732 partes,

1050 4740 1123 4808 ln
1159 4745 1373 4832 prima
1413 4744 1742 4833 probatur
1773 4744 1985 4812 Filius
2032 4770 2178 4816 esse
2224 4758 2603 4817 coa-ternus

1053 4849 1231 4917 Patri
1290 4860 1524 4918 eontra
1574 4852 1868 4919 Arianos
1926 4852 2308 4926 haereticos.
2367 4856 2440 4925 ln
2494 4882 2606 4927 se-

1047 4961 1263 5027 cunda
1308 4963 1657 5050 quaeritur,
1694 4961 1942 5052 quibus
1974 4962 2198 5031 verbis
2230 4989 2604 5055 congruen-

1048 5068 1226 5135 tibus
1267 5070 1669 5159 exprimitur
1735 5074 2079 5139 miei-nitas
2146 5078 2603 5160 generationis

1052 5177 1224 5259 Filii,
1262 5176 1381 5261 ibi,
1447 5179 1531 5255 K,
1579 5206 1610 5242 κ
1665 5182 1794 5247 llic
1849 5183 2070 5272 quaeri
2116 5194 2363 5273 polest,
2428 5187 2602 5253 Cum

1045 5290 1395 5375 marratio
1428 5290 1626 5371 Filii,
1672 5298 1802 5359 etc.
1842 5317 1874 5355 n
1931 5290 2006 5359 ln
2055 5294 2275 5373 tertia,
2318 5294 2606 5363 solvitur

1050 5394 1342 5482 objectio
1400 5396 1546 5462 Arii
1615 5420 1696 5465 ex
1743 5398 1970 5466 verbis
2019 5399 2285 5483 Hilarii,
2349 5401 2464 5486 ibi,
2518 5401 2599 5487 Ρ,

1050 5527 1081 5566 α
1126 5503 1267 5570 Sed
1302 5505 1567 5594 inquiet
1593 5506 1973 5591 haereticus,
2009 5518 2134 5580 etc.
2173 5536 2206 5573 ι

1123 5739 1133 5771 ¹
1174 5737 1229 5791 S.
1267 5739 1642 5806 ,tostin-risus,
1678 5737 1796 5793 Lib.
1834 5739 1849 5792 Ι
1897 5736 1969 5791 «te
2010 5739 2149 5797 Fide
2205 5741 2279 5797 aa
2342 5744 2600 5812 Petrum,

2809 3145 3034 3212 Prima
3076 3143 3320 3213 harum
3362 3146 3813 3218 subdividitur
3844 3152 3909 3220 in
3949 3151 4139 3221 duas.
4177 3151 4253 3221 In

2712 3254 2933 3343 prima
2970 3252 3300 3343 probatur
3337 3258 3682 3346 generatio
3722 3282 3865 3328 esse
3918 3269 4259 3330 coaeterna

2717 3360 2895 3428 Patri
2947 3363 3320 3451 generanti.
3387 3363 3459 3430 1η
3517 3367 3832 3446 secunda,
3884 3371 4263 3440 ostenditur

2711 3491 2857 3537 esse
2907 3469 3292 3547 ineffabilis,
3341 3472 3459 3551 ibi,
3521 3473 3603 3551 ΙΙ,
3667 3504 3700 3538 «
3747 3478 3887 3544 Sed
3920 3480 4170 3568 quat-ris
4217 3504 4260 3547 a

2712 3599 2841 3662 mc,
2880 3578 3128 3668 inquit,
3173 3586 3300 3647 etc.
3343 3608 3374 3641 n

2805 3685 3032 3752 Prima
3062 3685 3308 3755 harum
3348 3689 3568 3758 adhue
3612 3693 3893 3763 ulterius
3932 3696 4260 3766 scinditur

2714 3804 2778 3868 in
2821 3800 3136 3881 quatuor.
3193 3793 3424 3863 Primo
3473 3798 3652 3866 enim
3696 3802 4077 3872 manifestat
4127 3804 4264 3873 t‘a-

2712 3899 2830 3966 tris
2860 3907 2924 3966 et
2959 3898 3104 3966 Filii
3146 3907 3707 3975 coaeternitatem.
3756 3908 4095 3992 Secunde,
4129 3936 4261 4004 po-

2716 4007 2809 4073 uit
2832 4015 3068 4074 contra
3097 4031 3246 4075 enm
3280 4008 3750 4083 haereticorum
3776 4017 4257 4108 objectionem,

2716 4113 2830 4191 iiii,
2875 4115 2950 4192 (3,
2999 4143 3029 4179 α
3087 4117 3230 4185 Sed
3270 4130 3504 4187 contra
3552 4122 3675 4190 leoc
3725 4126 3948 4217 inquit
3990 4129 4260 4197 leaereli-

2714 4245 2853 4292 σιω.
2892 4251 2924 4285 ι)
2974 4222 3047 4291 ln
3079 4227 3300 4305 tertia,
3342 4226 3633 4298 haeretici
3667 4232 4026 4322 objectioni
4069 4240 4262 4329 ponit

2714 4332 3075 4421 Augustini
3129 4338 3665 4425 responsionem,
3719 4341 3835 4423 ilii,
3890 4342 3971 4423 1),
4036 4370 4070 4409 α
4126 4347 4265 4432 Qui

2712 4436 2836 4502 lem,-
2864 4438 3031 4505 dicit
3067 4464 3200 4507 nnn
3235 4441 3589 4533 inlelliqil,
3634 4457 3759 4515 etc.
3815 4477 3842 4510 ι
3885 4449 3967 4518 Et
4014 4450 4263 4542 adjun-

2713 4547 2811 4634 git
2845 4546 3201 4636 Augustini
3235 4558 3467 4617 contra
3502 4549 3886 4623 haereticum
3927 4555 4262 4647 objectio-

2715 4676 2896 4732 nem,
2934 4654 3048 4733 ibi,
3078 4655 3154 4734 Ε,
3203 4685 3238 4719 «ι
3286 4659 3478 4739 Item,
3512 4663 3595 4728 Si
3631 4666 3758 4731 Dei
3786 4666 4035 4750 Filius,
4067 4675 4191 4737 etc.
4223 4695 4256 4732 ι

2717 4759 2791 4827 ln
2815 4769 3077 4850 quarta,
3112 4774 3346 4833 contra
3379 4768 3692 4837 eumdem
3721 4771 4107 4842 haereticum
4133 4799 4262 4866 po·-

2715 4870 2811 4935 nit
2851 4868 3196 4939 Ambrosii
3229 4877 3771 4965 responsionem,
3808 4879 3922 4961 ibi,
3960 4881 4034 4962 1³,
4073 4910 4104 4949 α
4139 4885 4262 4951 Ei·

2715 4978 2864 5046 dem
2896 5003 3164 5072 quoque
3192 4984 3467 5053 Arianae
3516 4990 3893 5078 qaeestioui.
3937 5017 3969 5056 »
4013 4992 4095 5060 Et
4135 4993 4261 5060 nd-

2706 5087 2931 5177 jungit
2974 5088 3313 5157 Ambrosii
3346 5102 3577 5162 contra
3626 5096 4006 5167 haereticum
4063 5101 4262 5169 inve-

2715 5196 3024 5263 ctionem.
3063 5198 3489 5283 rationalem,
3544 5202 3658 5282 ibi,
3703 5205 3782 5285 G,
3841 5236 3874 5270 «
3918 5209 4080 5276 Item
4122 5209 4254 5290 dic,

2719 5304 3027 5394 iuquam,
3073 5307 3267 5387 milei,
3302 5316 3429 5376 etc.
3482 5337 3513 5375 n

2717 5760 2840 5814 cap.
2888 5744 2933 5801 t.
