4897 6388
704 485 916 533 Solutio.

727 4070 799 4114 Ad
834 4071 872 4117 Ι.

1735 294 1828 360 lN
1876 293 1905 360 1
1956 286 2376 361 sEN‘rssur.
2429 285 2659 364 ms‘r.
2711 287 2935 384 xxu,
2989 293 3074 375 Α,
3127 294 3326 362 ART.
3384 298 3446 363 ι.

1094 463 1400 533 Somno.
1465 464 1867 548 Dicendum,
1927 462 2105 554 quod
2172 461 2541 530 divisiones

999 574 1311 639 omnium
1378 578 1766 639 sanctorum
1824 569 2230 637 sufficientes
2304 573 2464 635 sunt
2520 586 2537 636 t

997 680 1109 747 sed
1154 703 1294 749 non
1335 681 1757 770 accipiuntur
1793 700 1911 768 per
1956 699 2166 744 unum
2226 676 2535 744 modum.

993 787 1258 855 Divisio
1289 795 1517 854 autem
1549 786 1895 854 Ambrosii
1933 785 2089 852 licet
2117 788 2204 852 sit
2238 785 2541 851 trimem-

992 894 1160 974 bris,
1199 904 1427 964 tamen
1460 894 1687 962 reduci
1736 891 1937 961 babet
1993 891 2074 959 ad
2132 892 2297 959 duas
2356 889 2540 959 divi-

990 1001 1220 1071 siones
1258 1002 1672 1069 bimembres
1713 1003 1830 1078 sic,
1875 999 2093 1068 Omne
2133 1022 2381 1066 nomen
2426 1001 2537 1066 di-

990 1122 1174 1179 etum
1218 1111 1300 1178 de
1342 1111 1513 1189 Dee,
1577 1119 1693 1178 aut
1748 1110 1989 1178 dicitur
2050 1111 2320 1199 proprie
2385 1132 2541 1199 pro·

987 1222 1271 1310 prietate
1303 1221 1425 1299 rei,
1460 1228 1578 1287 aut
1608 1219 1852 1287 dieitur
1879 1241 1999 1309 per
2028 1217 2537 1285 translationem

987 1330 1456 1398 similitudinis
1497 1331 1615 1399 rei.
1664 1329 1736 1396 Si
1778 1330 2019 1398 dicitur
2061 1330 2354 1419 proprie,
2417 1336 2538 1396 aut

989 1438 1149 1508 dicit
1189 1427 1672 1529 proprietatem
1709 1461 1841 1528 qua
1880 1459 2169 1527 persona
2225 1459 2261 1502 a
2300 1459 2540 1526 perso·

990 1570 1079 1614 na
1109 1545 1574 1638 distinguitur,
1619 1553 1738 1612 aut
1781 1544 1938 1612 dicit
1996 1545 2355 1611 essentiam
2393 1567 2407 1611 ε
2469 1544 2536 1610 in

990 1652 1113 1721 bas
1172 1653 1356 1722 enim
1414 1653 1583 1721 duas
1621 1653 1988 1720 divisiones
2053 1652 2287 1719 incidit
2334 1674 2538 1719 omne

991 1751 1244 1833 nomen
1301 1765 1384 1834 de
1455 1763 1595 1833 Deo
1671 1764 1954 1832 dictum.
2020 1763 2261 1830 Primae
2308 1770 2537 1830 autem

992 1872 1357 1940 divisionis
1388 1871 1533 1940 baec
1572 1872 1743 1939 ratio
1775 1878 1899 1951 est,
1933 1870 2087 1961 quia
2117 1893 2370 1937 nomen
2435 1868 2538 1936 di-

954 2044 960 2051 .
992 1981 1083 2048 cit
1113 2002 1253 2048 rem
1290 2003 1330 2048 a
1368 2001 1504 2071 qua
1540 1977 1939 2069 imponitur,
1983 1986 2050 2046 et
2087 2001 2225 2047 rem
2264 1973 2369 2045 cui
2402 1973 2540 2043 im-

992 2088 1271 2179 ponitur
1304 2109 1320 2155 :
1365 2085 1479 2157 illa
1514 2110 1618 2155 res
1647 2086 1755 2155 cui
1824 2085 2194 2177 imponitur
2254 2107 2537 2163 nomen,

994 2197 1175 2289 apud
1205 2196 1743 2266 Grammaticum
1785 2203 1884 2265 est
1910 2194 2282 2264 substantia
2313 2193 2543 2261 nomi-

995 2306 1149 2374 nis:
1200 2305 1312 2373 illa
1359 2307 1584 2374 autem
1628 2309 1664 2372 a
1722 2327 1853 2396 qua
1912 2303 2305 2395 imponitur,
2384 2323 2541 2369 cum

998 2411 1112 2482 illa
1149 2413 1238 2481 sit
1277 2413 1684 2503 principium
1740 2408 2154 2501 intelligendi
2224 2406 2291 2476 id
2356 2406 2541 2498 quod

999 2522 1247 2590 dicitur
1274 2544 1395 2613 per
1426 2541 1702 2598 nomen,
1746 2527 1844 2586 est
1873 2516 2158 2609 qualitas
2187 2515 2485 2585 nominis
2521 2537 2536 2582 :

1001 2626 1168 2697 illud
1227 2651 1391 2719 ergo
1468 2650 1508 2695 a
1564 2649 1701 2717 quo
1769 2626 2161 2716 imponitur,
2240 2632 2356 2690 aut
2424 2645 2546 2712 per

1001 2736 1190 2827 prius
1227 2741 1328 2803 est
1359 2735 1428 2802 in
1461 2733 1604 2803 Deo
1646 2741 1711 2801 et
1740 2755 1857 2824 per
1886 2732 2215 2822 posterius
2254 2731 2323 2798 in
2361 2752 2545 2798 crea·

1001 2855 1151 2913 tura
1195 2866 1211 2912 :
1255 2851 1321 2912 et
1377 2843 1475 2913 sie
1548 2842 1793 2910 dicitur
1842 2841 2140 2932 proprie,
2201 2847 2275 2907 ut
2340 2837 2546 2907 Pater

999 2961 1316 3028 aeternus,
1353 2950 1667 3034 essentia,
1700 2950 1863 3033 vita,
1904 2947 2255 3040 sapientia,
2299 2954 2361 3014 et
2404 2943 2541 3013 bu-

993 3057 1323 3149 jusmodi.
1371 3057 1443 3124 Si
1474 3062 1700 3125 autem
1732 3053 1897 3122 illud
1940 3078 1977 3122 a
2045 3077 2180 3145 quo
2240 3052 2543 3144 imponi-

1000 3179 1133 3254 tur,
1171 3176 1503 3261 repugnat
1542 3172 1800 3234 naturae
1865 3163 2134 3247 divium,
2196 3169 2358 3231 tunc
2421 3183 2543 3252 per

999 3275 1300 3367 aliquam
1358 3273 1871 3343 similitudinem
1936 3267 2387 3362 corporalium
2455 3267 2540 3336 ad

999 3384 1229 3452 divina
1261 3379 1663 3451 translatum
1694 3379 1775 3448 de
1805 3378 1948 3448 Deo
1987 3378 2255 3458 dieitur,
2323 3384 2395 3444 ut
2433 3375 2543 3444 la-

1000 3493 1129 3584 pis,
1164 3490 1298 3571 leo,
1333 3488 1679 3583 splendor,
1728 3487 2104 3579 speculum,
2171 3495 2236 3554 et
2301 3483 2539 3575 hujus·

1001 3598 1213 3669 modi.
1257 3598 1425 3669 ltaec
1453 3622 1616 3692 ergo
1646 3605 1746 3665 est
1787 3597 1956 3665 ratio
1994 3594 2345 3664 divisionis
2377 3594 2541 3661 Am-

999 3708 1204 3778 brosii
1244 3732 1260 3776 :
1321 3706 1501 3777 unde
1566 3729 1689 3774 sua
1727 3705 1969 3774 divisio
2041 3712 2139 3771 est
2177 3701 2537 3795 generalis,

997 3824 1064 3885 et
1094 3813 1612 3906 comprehendit
1639 3811 2005 3880 divisiones
2033 3811 2340 3878 omnium
2375 3809 2543 3877 alio-

999 3946 1150 3992 rum
1181 3931 1597 3992 sanctorum.

1091 4029 1195 4099 Λυ
1226 4053 1290 4098 u»
1319 4053 1483 4123 ergo
1516 4026 1697 4120 quod
1738 4034 1968 4095 contra
2020 4023 2361 4114 objicitur,
2429 4024 2540 4091 di-

999 4139 1293 4209 cendum
1332 4138 1516 4231 quod
1545 4160 1830 4229 persona
1869 4144 1930 4204 et
1971 4134 2263 4202 Trinitas
2323 4133 2542 4224 signi-

1003 4252 1205 4318 ficant
1243 4248 1725 4341 proprietatem
1769 4243 2149 4312 indistincte
2194 4264 2211 4313 ε
2255 4243 2414 4335 quia
2472 4241 2540 4307 iu

999 4357 1252 4426 divinis
1281 4358 1659 4449 proprietas
1698 4355 1840 4422 sive
1884 4348 2116 4421 relatio
2191 4351 2542 4444 signitica-

998 4475 1108 4534 tur
1167 4464 1400 4534 multis
1466 4462 1710 4543 modis,
1790 4469 1861 4529 ut
1918 4483 2118 4551 supra
2186 4459 2536 4528 diximus:

998 4575 1312 4669 quaedam
1370 4574 1553 4643 enim
1621 4571 1999 4661 significant
2056 4567 2138 4636 ad
2170 4567 2423 4659 aliquid
2469 4574 2541 4635 ut

998 4686 1083 4755 ad
1113 4682 1399 4777 aliquid,
1433 4692 1503 4750 ut
1547 4678 1749 4747 Pater
1788 4702 1802 4747 :
1837 4688 1901 4746 et
1932 4675 2242 4771 quaedam
2275 4677 2544 4768 signiti-

1002 4802 1157 4864 cant
1197 4794 1282 4863 ad
1323 4791 1577 4884 aliquid
1608 4800 1681 4858 ut
1717 4788 1799 4857 ad
1849 4812 1943 4867 se,
2014 4798 2082 4855 ut
2144 4784 2537 4880 paternitas,

1001 4915 1066 4974 et
1104 4899 1497 4994 hujusmodi
1545 4927 1561 4968 z
1633 4896 1939 4990 quaedam
1997 4907 2221 4965 autern
2272 4896 2543 4986 signiti-

999 5024 1155 5083 cant
1189 5012 1255 5080 id
1296 5007 1479 5102 quod
1521 5017 1620 5075 est
1650 5007 1731 5074 ad
1789 5030 1883 5084 se,
1937 5016 2009 5073 ut
2074 5005 2317 5084 bonus,
2386 5005 2544 5072 sub-

999 5125 1273 5201 stantia,
1307 5129 1374 5188 et
1400 5118 1788 5210 hujusmodi
1826 5138 1840 5185 ε
1876 5115 2181 5207 quaedam
2221 5112 2542 5182 autemid

1007 5232 1190 5323 quod
1222 5238 1322 5299 est
1353 5227 1436 5297 ad
1468 5252 1539 5297 se
1570 5237 1643 5296 ut
1681 5226 1764 5295 ad
1796 5224 2075 5317 aliquid,
2143 5233 2217 5291 ut
2271 5222 2539 5303 similis,

1002 5349 1070 5409 et
1098 5339 1385 5432 aequalis
1419 5361 1434 5405 :
1470 5348 1537 5407 et
1566 5359 1703 5405 non
1743 5345 1841 5404 est
1891 5336 2208 5402 instantia
2268 5334 2334 5398 in
2389 5332 2542 5411 'rst-

1076 5592 1093 5627 ¹
1121 5590 1207 5648 Cl'.
1231 5590 1441 5662 Supra,
1476 5588 1617 5644 nist.
1649 5590 1720 5658 11,
1750 5602 1928 5659 super
1954 5584 2105 5640 istud
2138 5599 2380 5651 nomen,
2437 5583 2545 5648 Oui

1003 5687 1103 5739 esi.

2648 465 2862 534 nitate
2895 475 2958 533 et
2997 487 3285 555 persona
3326 489 3340 532 z
3386 468 3545 555 quia
3588 465 3702 533 illa
3751 467 3819 533 in
3878 489 3950 533 se
4016 453 4207 532 clauss

2647 572 2815 640 dunt
2858 573 3162 640 relativa.

2734 680 2839 749 An
2880 705 3078 749 Amen
3111 682 3499 762 dicendum,
3536 683 3719 773 quod
3763 683 3915 750 illos
3959 682 4200 749 modos

2644 789 3026 880 specialiter
3100 815 3239 858 non
3299 792 3683 860 considerat
3763 791 4194 868 Ambrosius,

2645 896 2757 964 sed
2792 900 3019 987 potius
3052 897 3457 988 generaliter
3492 921 3505 964 ε
3544 907 3608 966 et
3642 898 3791 966 ideo
3832 900 4063 966 omnia
4095 908 4200 966 ta-

2644 1003 2733 1069 lia
2774 1003 3024 1071 eadunt
3062 1005 3186 1070 sub
3230 1005 3361 1071 illis
3401 1027 3554 1095 quae
3601 1009 3993 1095 exprimunt
4052 1028 4201 1071 ma-

2635 1113 2955 1201 jestatem
2996 1112 3241 1179 divinae
3274 1114 3609 1188 essentiae,
3651 1113 3759 1181 vel
3828 1114 3895 1180 in
3953 1135 4024 1180 se
4088 1111 4194 1177 vel

2644 1219 2712 1284 in
2755 1221 3089 1308 personis,
3127 1220 3236 1287 vel
3273 1227 3520 1288 aeterne
3554 1221 3661 1289 vel
3700 1220 4190 1312 temporaliter.

2733 1329 2837 1395 Λι)
2897 1350 3022 1395 uoc
3096 1329 3280 1420 quod
3348 1330 3664 1419 objicitur
3725 1330 3806 1399 de
3855 1329 4190 1398 divisione

2642 1438 3079 1516 Damasceni,
3112 1436 3502 1517 dicendum,
3538 1439 3716 1528 quod
3745 1442 3886 1531 ipse
3921 1462 4056 1508 non
4088 1440 4194 1507 di-

2646 1544 2814 1612 vidit
2855 1545 2983 1613 nisi
3018 1546 3403 1614 essentialia
3439 1575 3457 1614 ι
3503 1547 3618 1614 illa
3657 1557 3886 1617 autem
3935 1572 4195 1618 conno-

2644 1664 2790 1723 tant
2820 1654 3136 1723 ell'ertum
3170 1658 3236 1723 in
3277 1659 3629 1738 ereaturiS,
3665 1667 3783 1727 aut
3810 1659 4199 1751 significant

2643 1764 3008 1830 essentiam
3050 1763 3195 1830 sine
3225 1763 3494 1833 effectu.
3540 1765 3704 1832 Etsi
3763 1767 3988 1856 primo
4059 1789 4204 1833 mo-

2645 1872 2731 1939 do
2778 1893 2793 1937 :
2841 1880 3001 1939 tunc
3031 1881 3190 1939 sunt
3220 1873 3395 1940 sieut
3422 1878 3711 1952 creator,
3759 1897 3901 1954 rex,
3946 1883 4013 1942 et
4068 1873 4204 1942 bu-

2635 1978 2967 2068 jusmodi.
3006 1977 3080 2045 Si
3111 1986 3339 2046 autem
3373 1978 3761 2072 significant
3805 1983 4199 2063 essentiam,

2644 2092 2763 2154 aut
2821 2087 2887 2152 in
2964 2106 3035 2152 se
3092 2083 3481 2154 distinctam
3546 2086 3654 2155 vel
3714 2088 4199 2170 indistinctam,

2645 2199 2764 2261 aut
2830 2198 2904 2259 ut
2944 2214 3337 2283 assequens,
3397 2199 3515 2260 aut
3579 2193 3644 2262 id
3690 2194 3872 2285 quod
3905 2218 4043 2263 non
4073 2203 4196 2262 est.

2648 2302 2722 2370 Si
2764 2304 2986 2392 primo
3020 2300 3226 2368 modo
3263 2318 3280 2369 :
3315 2302 3412 2369 sic
3443 2310 3567 2380 est,
3615 2305 3738 2393 (μα’
3793 2312 3916 2386 est,
3975 2326 4201 2371 essen-

2645 2411 2766 2493 tia,
2808 2407 3212 2490 substantia,
3282 2418 3444 2487 etc.,
3489 2409 3648 2500 quia
3708 2413 3832 2502 qui
3884 2421 3981 2478 est
4040 2410 4199 2478 «licit

2648 2517 3106 2584 indistinctam
3140 2523 3204 2582 et
3234 2537 3374 2582 nou
3409 2525 3773 2605 ponentem
3821 2520 3890 2585 in
3950 2540 4201 2584 nume-

2648 2648 2825 2701 rum,
2889 2633 2964 2690 ut
3031 2632 3341 2690 notatum
3393 2632 3493 2690 est
3563 2622 3644 2689 «le
3702 2622 3832 2693 boc
3888 2626 4194 2698 nomine,

2650 2734 2788 2818 (ὶηί
2851 2741 3012 2799 0³1¹.
3084 2730 3481 2798 Substantia
3550 2731 3710 2800 dicit
3776 2733 4191 2807 distinctam,

2645 2850 2710 2910 et
2741 2839 3059 2907 similiter
3095 2839 3410 2917 essentia,
3456 2847 3521 2907 et
3575 2838 3995 2929 hujusmodi.
4062 2842 4195 2908 Sed

2645 2949 2711 3017 id
2753 2947 2936 3040 quod
2978 2946 3366 3036 assequitur
3401 2944 3876 3025 substantiam,
3921 2958 4043 3017 aut
4097 2956 4199 3015 est

2646 3053 3045 3132 utbabitus,
3079 3061 3196 3121 aut
3246 3054 3712 3143 operationem
3771 3078 4140 3146 assequens
4176 3078 4192 3122 ε

2647 3161 3022 3233 seeundum
3102 3161 3518 3230 intellectum
3578 3160 3879 3242 babitus,
3952 3171 4023 3231 ut
4080 3162 4200 3230 bo·

2647 3295 2804 3355 nus,
2837 3272 3110 3361 sapiens
3143 3293 3158 3337 ε
3193 3271 3659 3361 operationem
3693 3294 4091 3363 assequens,
4127 3281 4200 3339 ut

2646 3378 2856 3446 Deus.
2892 3376 3092 3457 Quod
3123 3383 3348 3444 autem
3383 3399 3519 3443 non
3552 3384 3650 3444 est
3683 3376 3846 3445 dicit
3911 3380 4199 3445 immen-

2645 3510 2786 3565 sus,
2830 3493 2894 3553 et
2928 3483 3346 3572 hujusmodi,
3382 3506 3534 3575 quas
3566 3484 3916 3553 notificant
3976 3485 4193 3554 Deum

2648 3595 3006 3686 negatione
3036 3613 3051 3659 ε
3089 3602 3152 3658 et
3185 3591 3559 3660 secundum
3602 3590 3763 3684 quid
3798 3595 4196 3686 negationes

2645 3701 3039 3793 hujusmodi
3065 3703 3419 3769 neuuiuare
3441 3709 3504 3770 et
3531 3702 3881 3771 notiticare
3907 3704 4192 3795 possint,

2644 3836 2847 3904 supra
2880 3813 3269 3901 expositum
3302 3818 3430 3877 est.

2738 3930 2841 3997 An
2873 3951 3072 3996 Auru
3102 3926 3492 4003 dicendum,
3527 3926 3708 4016 quud
3743 3929 3914 3997 iufra
3954 3932 4197 4020 proba·

2647 4039 2853 4116 bitur,
2897 4037 3080 4128 quod
3116 4038 3461 4126 fraqe-nitus
3515 4035 3690 4107 dicat
3732 4039 4127 4107 relationem
4176 4063 4190 4107 :

2648 4147 2808 4238 quia
2876 4145 2965 4214 ibi
3035 4145 3216 4212 dabit
3280 4146 3706 4231 Augustinus
3758 4171 3878 4240 pru
3936 4148 4192 4233 regula,

2645 4253 2828 4346 quod
2864 4254 2929 4321 iu
2972 4253 3210 4321 eodeni
3242 4277 3493 4341 genere
3520 4254 3587 4321 in
3627 4280 3765 4347 quo
3795 4255 4087 4326 affirmat
4131 4266 4195 4325 et

2646 4362 2836 4454 ponit
2868 4361 3256 4435 affirmatio,
3292 4362 3359 4429 in
3390 4362 3631 4431 eodem
3666 4366 3937 4452 negatio
3967 4374 4192 4456 negt-t.

2735 4468 2840 4534 An
2881 4490 3078 4534 muru
3124 4466 3516 4551 dicendum,
3575 4469 3758 4561 quod
3829 4470 4197 4562 Dionysius

2644 4575 2877 4643 divisit
2917 4577 3197 4642 nomina
3226 4575 3455 4643 divina
3488 4600 3609 4668 per
3637 4587 3992 4647 tractatum
4026 4602 4200 4670 qua-

2647 4695 2805 4751 tuor
2843 4682 3174 4752 librorum
3215 4709 3229 4752 ε
3273 4683 3355 4753 ‹le
3387 4685 3794 4777 quibusdam
3828 4688 4011 4756 enim
4058 4698 4200 4754 tra-

2646 4799 2781 4859 ctat
2815 4792 2882 4858 in
2916 4791 3089 4859 libro
3156 4815 3282 4858 suo
3323 4815 3526 4883 quem
3568 4804 3762 4863 vocat
3831 4796 3912 4862 d«-
3973 4797 4202 4887 Hypo-

2642 4900 3009 4981 slasilms',
3073 4900 3135 4967 id
3178 4910 3302 4980 est,
3372 4901 3455 4968 de
3515 4907 3872 4992 personis:
3946 4905 4013 4972 in
4064 4927 4200 4995 quo

2650 5008 2795 5098 ipse
2827 5008 3231 5077 determinat
3292 5007 3374 5075 de
3418 5032 3556 5077 uno
3634 5012 3944 5080 membro
4012 5014 4204 5079 istius

2648 5116 3008 5186 divisionis
3040 5117 3414 5199 Ambrosii,
3449 5119 3700 5188 scilicet
3746 5119 3827 5189 de
3891 5119 3997 5188 bis
4053 5145 4203 5213 quae

2650 5229 3100 5318 proprietates
3158 5224 3386 5294 dicunt
3449 5228 3514 5294 in
3575 5228 3846 5298 divinis.
3919 5228 3994 5296 ln
4070 5229 4205 5296 alio

2651 5338 2872 5425 tangit
2914 5334 2996 5402 de
3037 5333 3141 5401 bis
3181 5358 3330 5425 quae
3382 5336 3752 5403 seeundum
3825 5337 4210 5404 translatio·
4262 5394 4263 5397 ,

2719 5581 2741 5617 ²
2775 5579 2889 5637 Atii
2921 5584 3133 5635 vocant
3160 5578 3970 5656 demit-iuisi-hypotyposibus,
4003 5583 4060 5638 id
4095 5590 4205 5642 est.

2660 5668 3108 5729 characteribus
3141 5668 3230 5725 vel
3264 5669 3770 5729 distinctionibus.
3808 5674 3895 5742 (Β.
3930 5671 3970 5729 Ι.
4000 5674 4038 5729 5».

4083 293 4209 361 567

4327 672 4479 746 Ades

4318 1374 4397 1419 Au
4426 1373 4467 1420 3.

4304 3982 4383 4029 Ad
4428 3987 4470 4030 ⁴.

4315 4526 4392 4573 Ad
4411 4529 4456 4574 5.
