4897 6388
734 640 836 686 Sed
862 646 1053 690 contra.

711 5177 815 5225 Sed
842 5187 1030 5227 eontra.

1839 255 1935 320 IN
1983 196 2010 322 i
2061 254 2490 332 SENTENT.
2519 251 2771 331 vms'r.
2825 253 2984 336 xv,
3037 254 3122 331 K,
3167 256 3364 352 ΛΒΤ.
3415 258 3519 323 16.

1085 440 1210 486 mae
1254 442 1267 484 :
1312 444 1476 513 ergo
1515 423 1801 506 videtur,
1847 424 2031 515 quod
2063 399 2271 492 Filius
2312 423 2637 512 spiritua-

1083 525 1234 594 liter
1263 550 1400 598 non
1434 531 1741 598 mittatur
1770 531 1896 598 nisi
1939 532 2008 596 in
2044 530 2355 596 Sanctos.

1177 632 1308 702 Seu
1348 658 1600 702 cosma
1636 659 1652 703 :

1181 742 1234 805 l.
1286 740 1579 831 Spiritus
1619 752 1889 822 sanctus
1920 743 2212 810 mittitur
2261 741 2345 808 ad
2375 740 2634 807 sancti-

1082 847 1415 916 ficandam
1487 859 1864 918 creaturam
1923 873 1938 920 :
2003 860 2068 917 et
2115 850 2200 918 ad
2252 850 2430 917 idem
2489 872 2628 916 non

1079 963 1365 1043 possunt
1429 955 1564 1024 duo
1620 959 1817 1042 mitti,
1862 959 1991 1025 nisi
2051 966 2333 1048 uterque
2392 980 2631 1024 eorum

1077 1061 1450 1129 secundum
1492 1085 1563 1131 se
1602 1065 1687 1131 sit
1717 1064 2130 1133 insufficiens
2178 1086 2192 1130 :
2238 1087 2401 1153 ergo
2434 1063 2634 1129 vide-

1079 1175 1211 1245 tur,
1248 1170 1432 1258 quod
1475 1195 1631 1240 cum
1678 1194 1748 1248 se
1808 1172 2122 1240 transfert
2171 1172 2507 1262 sapientia
2564 1173 2632 1239 in

1076 1277 1340 1345 animas
1379 1288 1671 1364 sanctaS,
1704 1280 1886 1370 quod
1914 1279 2047 1348 hoc
2074 1281 2162 1350 sit
2195 1281 2428 1349 missio
2474 1282 2634 1370 Spi-

1079 1386 1245 1456 ritus
1275 1391 1489 1456 sancti
1531 1397 1597 1456 et
1635 1411 1775 1458 non
1814 1389 1991 1456 Filii.

1165 1496 1231 1561 2.
1269 1495 1462 1581 ltem,
1509 1495 1971 1566 Sanctificatio
2013 1501 2237 1568 omnis
2286 1507 2387 1568 est
2426 1499 2635 1590 bonif

1076 1602 1232 1668 tatis
1265 1625 1280 1668 ;
1315 1602 1586 1673 bonitas
1626 1613 1853 1673 autem
1885 1614 1986 1673 est
2017 1605 2422 1673 attributum
2467 1606 2630 1696 Spi-

1077 1710 1247 1789 ritus
1298 1712 1510 1780 sancti
1560 1735 1782 1803 :ergo
1860 1713 2156 1796 videtur,
2218 1713 2404 1805 quod
2464 1715 2630 1781 mis-

1075 1814 1178 1885 sio
1229 1816 1297 1896 in
1336 1819 1600 1888 animas
1639 1818 1727 1886 sit
1777 1818 2071 1908 Spiritus
2110 1820 2323 1896 sancti
2383 1828 2451 1887 et
2493 1842 2632 1886 non

1079 1922 1259 2002 Filii.

1168 2031 1231 2100 3.
1306 2030 1501 2117 Item,
1582 2031 1805 2124 Supra
1869 2033 2180 2116 habitum
2249 2043 2374 2118 est,
2444 2034 2632 2126 quod

1078 2139 1310 2208 missio
1354 2151 1458 2210 est
1484 2141 1571 2218 ad
1599 2141 2153 2216 sanctificandam
2195 2152 2262 2212 et
2298 2167 2631 2211 revocan-

1076 2244 1234 2313 dam
1265 2256 1644 2314 creaturam
1687 2248 2114 2328 rationalem,
2160 2272 2311 2339 qua}
2351 2249 2631 2317 aberra-

1072 2363 1311 2430 verat:
1350 2355 1480 2430 ltoc
1527 2366 1755 2438 autem
1809 2381 1948 2428 non
2012 2366 2235 2448 potest
2296 2358 2436 2426 fieri
2500 2359 2629 2427 nisi

1072 2487 1194 2554 per
1237 2465 1527 2554 gratiam
1557 2474 1827 2556 gratum
1860 2466 2216 2540 facientem
2264 2490 2278 2535 ε
2325 2489 2478 2536 cum
2513 2489 2628 2533 er-

1073 2597 1162 2664 go
1213 2574 1281 2645 in
1337 2572 1451 2643 illa
1492 2575 1800 2648 mittatur
1848 2573 2146 2665 Spiritus
2175 2584 2478 2653 sanctus,
2524 2575 2626 2641 vi-

1075 2678 1272 2754 detur
1302 2678 1485 2770 quod
1522 2679 1728 2750 Filius
1759 2704 1894 2748 non
1928 2682 2238 2751 mittatur
2266 2681 2337 2749 in
2362 2682 2627 2750 animas

1078 2788 1249 2879 pias.

1163 2896 1229 2966 4.
1266 2895 1461 2973 Item,
1520 2896 1800 2966 Amicos
1853 2896 1976 2972 Dei
2016 2898 2429 2969 constituere
2476 2920 2631 2987 pro-

1072 3004 1216 3096 prie
1245 3003 1623 3078 dilectionis
1662 3011 1762 3076 est
1795 3028 1811 3073 ε
1844 3028 2001 3075 cum
2032 3029 2195 3096 ergo
2229 3009 2333 3093 (ut
2360 3004 2471 3073 hic
2503 3004 2632 3076 ha-

1075 3090 1292 3202 hetur5
1331 3114 1590 3184 amicos
1637 3112 2177 3185 Dei'constituat
2224 3115 2486 3193 missio,
2527 3115 2632 3182 vi·

1072 3219 1271 3290 detur
1302 3220 1598 3311 Spiritus
1634 3232 1908 3293 sanctus
1957 3222 2161 3302 mitti,
2199 3222 2313 3312 qui
2355 3224 2630 3314 proprie

1073 3329 1146 3398 in
1171 3325 1499 3398 Trinitate
1527 3326 1796 3398 dilectio
1823 3337 1946 3400 est.

1159 3436 1227 3506 5.
1292 3434 1364 3502 Si
1412 3456 1619 3504 nonu
1672 3434 1880 3516 dicas,
1923 3433 2108 3526 quod
2168 3438 2404 3506 missio
2477 3435 2628 3506 Filii

1074 3550 1177 3612 est
1241 3542 1310 3612 in
1373 3540 1505 3613 hoc
1557 3541 1740 3633 quod
1806 3544 2158 3614 constituit
2221 3542 2625 3634 Prophetas,

1073 3648 1257 3739 quod
1310 3650 1597 3739 pertinet
1653 3650 1737 3717 ad
1787 3649 2353 3718 illuminationem
2425 3652 2625 3722 intel·

1074 3756 1288 3827 lectus
1335 3778 1352 3825 t
1392 3765 1462 3826 et
1501 3757 1737 3829 missio
1783 3758 2074 3849 Spiritus
2128 3760 2344 3829 sancti
2384 3768 2486 3829 est
2542 3761 2628 3828 ad

1074 3864 1559 3953 perfectionem
1633 3864 1913 3936 affectus
1988 3865 2058 3934 in
2143 3867 2626 3937 constituendo

1073 3974 1330 4041 amicos
1362 3972 1482 4041 Dei
1527 3995 1644 4063 per
1673 3995 2001 4041 amorem.

1161 4083 1426 4148 CoSTnA
1459 4105 1474 4149 :
1514 4080 1534 4147 Ι
1591 4080 1673 4148 ad
1713 4081 2023 4160 Corinth,
2064 4105 2207 4166 xix,
2263 4083 2298 4149 -i
2340 4092 2407 4151 et
2445 4109 2622 4175 seq„

1071 4190 1247 4257 inter
1300 4189 1479 4257 dona
1543 4189 1862 4280 Spiritus,
1924 4190 1991 4258 in
2042 4190 2294 4281 quihus
2353 4196 2625 4283 proprie

1071 4298 1365 4388 Spiritus
1403 4298 1898 4377 manifestatur,
1943 4300 2220 4389 ponitur
2258 4301 2616 4391 sapientia,

1066 4404 1372 4489 scientia,
1453 4405 1643 4484 tides,
1713 4407 2018 4497 operatio
2097 4407 2617 4489 miraculorum,

1065 4513 1423 4604 prophetia
1457 4538 1472 4582 :
1507 4538 1670 4605 ergo
1708 4516 2001 4597 videtur,
2036 4515 2220 4606 quod
2254 4525 2621 4607 utrumque

1064 4621 1377 4690 ostendat
1444 4622 1838 4691 missionem
1909 4624 2208 4713 Spiritus
2267 4627 2509 4708 sancti,
2555 4635 2618 4693 et

1067 4752 1203 4797 non
1239 4729 1409 4797 Filii.

1156 4841 1220 4906 ti.
1267 4838 1338 4904 Si
1376 4862 1579 4907 rom-r:
1608 4838 1817 4921 dicaS,
1851 4838 2034 4930 quod
2086 4837 2293 4912 Filius
2327 4841 2623 4909 mittitur

1066 4946 1134 5013 in
1196 4945 1691 5018 illuminatione
1758 4945 2138 5017 intellectus
2195 4950 2339 5017 sine
2399 4953 2618 5041 gratia

1065 5064 1333 5145 gratum
1376 5057 1688 5138 faciente,
1731 5060 1897 5127 sicut
1943 5058 2220 5149 quidam
2263 5058 2522 5127 dicunt.

1156 5164 1419 5232 Cos-raa
1457 5187 1472 5235 ε

1157 5274 1214 5339 Ι.
1243 5271 1474 5341 Missio
1512 5297 1649 5342 non
1672 5284 1767 5345 est
1802 5284 1874 5345 ut
1902 5275 2077 5347 adsit
2109 5276 2226 5369 qui
2258 5277 2446 5367 prius
2477 5300 2618 5354 non

1061 5378 1278 5461 affuit,
1370 5404 1525 5450 cum
1565 5382 1883 5479 quaelibet
1924 5406 2215 5482 persona
2242 5384 2420 5455 adsit
2458 5386 2619 5460 ubi-

1136 5618 1153 5652 ¹
1178 5613 1440 5688 Sapient.
1474 5632 1555 5684 ix,
1590 5617 1675 5674 ¹0.

2745 443 2878 510 que
2915 445 2928 485 :
2965 422 3084 489 sed
3112 433 3188 491 ut
3217 425 3435 509 aliter,
3467 426 3576 492 vel
3608 427 3690 492 ad
3722 426 3905 492 aliud
3943 424 4138 508 adsit,
4173 426 4287 515 qui

2745 528 2932 615 prius
2955 530 3406 598 essentialiter
3433 532 3940 621 praeseutialiter
3969 541 4035 598 et
4059 539 4291 620 poten-

2743 633 2992 701 tialiter
3032 635 3249 704 affuit.

2831 744 2895 807 2.
2946 739 3296 825 Similiter,
3343 745 3575 812 missio
3610 767 3744 811 non
3786 753 3886 813 est
3917 748 4006 812 ita
4038 753 4110 812 ut
4150 754 4293 812 tan·

2742 855 2888 914 tum
2932 848 3187 915 donum
3240 873 3549 940 persouae
3601 852 3795 929 adsit,
3850 861 3915 920 et
3952 876 4088 920 non
4137 876 4289 942 per-

2741 977 2912 1021 sona
2946 978 2960 1022 :
2994 957 3153 1046 quia
3198 958 3294 1024 sic
3332 980 3617 1046 persona
3670 960 3813 1048 ipsa
3878 958 4046 1026 falso
4090 961 4294 1026 missa

2741 1061 3084 1129 diceretur
3118 1085 3130 1128 :
3168 1086 3325 1131 cum
3359 1088 3520 1154 ergo
3551 1089 3687 1132 non
3720 1067 3926 1155 possit
3958 1067 4154 1134 aliter
4179 1066 4287 1134 vel

2741 1168 2826 1235 ad
2858 1168 3043 1237 aliud
3082 1170 3317 1239 adesse
3358 1173 3485 1239 nisi
3535 1197 3654 1264 per
3701 1176 3988 1263 gratiam
4022 1184 4289 1266 gratum

2740 1275 3129 1356 facientem,
3183 1288 3453 1369 oportet
3495 1281 3676 1371 quod
3718 1291 3784 1349 et
3850 1283 4081 1351 missio
4142 1282 4292 1349 Filii

2740 1392 2808 1451 et
2848 1385 3083 1452 missio
3145 1384 3438 1477 Spiritus
3494 1389 3703 1456 sancti
3763 1391 3897 1456 sint
3954 1391 4024 1458 in
4078 1393 4296 1482 gratia

2738 1499 3013 1581 gratum
3047 1491 3354 1563 faciente.

2832 1602 2896 1665 3.
2948 1598 3311 1694 Praeterea‚
3363 1601 3460 1669 De
3500 1603 3821 1672 missione
3860 1605 4007 1672 Filii
4051 1605 4289 1674 dicun·

2744 1712 2854 1771 tur
2880 1704 2991 1774 hic
3029 1706 3192 1789 du0,
3226 1709 3479 1777 scilicet
3517 1710 3699 1801 quod
3733 1713 3797 1778 in
3831 1713 4092 1781 animas
4133 1737 4295 1781 san-

2740 1823 2883 1881 ctas
2941 1838 3012 1883 se
3073 1819 3409 1895 transfert,
3472 1822 3726 1889 amicos
3786 1832 3852 1890 et
3916 1822 4291 1916 Prophetas

2739 1924 3093 1991 constituit
3127 1944 3143 1992 ε
3179 1934 3242 1992 et
3282 1926 3468 1994 aliud
3519 1928 3699 2019 quod
3729 1929 3914 2011 dicit,
3955 1932 4155 1999 Mille
4192 1931 4290 1997 i!-

2744 2028 2890 2097 lam
2929 2031 3013 2099 de
3068 2031 3256 2100 coelis
3291 2036 3548 2102 sanclis
3575 2039 3735 2114 tuis,
3787 2047 3861 2105 ut
3900 2061 4159 2107 mecum
4199 2039 4291 2106 sit

2739 2147 2805 2203 el
2853 2159 3117 2207 mecum
3161 2140 3449 2220 laboret,
3486 2151 3562 2208 ut
3594 2146 3806 2211 sciam
3844 2146 4020 2236 quid
4052 2171 4291 2239 accep-

2741 2252 2890 2312 tum
2947 2248 3036 2313 sit
3086 2248 3281 2340 apud
3331 2257 3397 2316 le
3443 2251 3628 2317 omni
3662 2261 3964 2345 tempore
4017 2258 4059 2322 ¹.
4103 2252 4293 2321 Neu-

2740 2358 2923 2420 trum
2964 2361 3190 2421 autem
3235 2356 3522 2425 istorum
3566 2368 3665 2426 est
3702 2363 3847 2429 sine
3885 2362 4103 2452 gratia
4130 2385 4292 2452 gra-

2742 2466 2888 2524 tum
2921 2457 3229 2529 faciente.
3268 2461 3447 2553 Ergo
3478 2486 3629 2532 cum
3672 2465 3753 2534 de
3802 2467 4122 2535 missione
4154 2491 4289 2537 non

2741 2566 3086 2656 possimus
3134 2567 3347 2660 loqui,
3393 2571 3520 2637 nisi
3567 2573 3737 2642 sicut
3777 2572 4108 2643 habemus
4146 2584 4290 2644 tra-

2739 2673 2960 2743 ditum
2988 2699 3026 2743 a
3064 2677 3357 2764 Sanctis,
3383 2677 3647 2748 videtur
3669 2681 3851 2772 quod
3879 2705 4018 2752 non
4049 2682 4290 2753 debeat

2739 2782 2900 2866 dici,
2962 2785 3148 2876 quod
3212 2786 3522 2858 mittatur
3594 2788 3799 2859 Filius
3864 2792 4008 2862 sine
4072 2793 4285 2884 gratia

2737 2900 3012 2984 gratum
3046 2894 3356 2967 faciente.

2831 2999 2897 3068 4.
2937 2997 3130 3081 ltem,
3176 3000 3481 3094 Sapient.
3535 3028 3581 3085 1,
3626 3006 3665 3073 -ί
3701 3029 3716 3075 :
3753 3007 3833 3074 Ιη
3873 3008 4281 3078 malevolam

2741 3108 3052 3176 animam
3091 3132 3226 3178 non
3267 3111 3580 3181 introibit
3604 3117 3968 3207 sapientia,
3999 3141 4119 3187 nec
4151 3118 4283 3186 lm-

2742 3212 2991 3283 bitabie
3018 3217 3087 3284 in
3135 3241 3415 3314 corpore
3447 3219 3721 3289 subdito
3760 3227 4077 3318 peccatis.
4112 3225 4281 3295 Cum

2739 3345 2905 3412 ergo
2947 3326 3353 3416 sapientiam
3405 3328 3681 3398 introire
3728 3330 3793 3398 in
3852 3342 4147 3402 mentem
4199 3334 4287 3403 sit

2738 3427 3144 3520 sapientiam
3177 3434 3379 3513 mitti,
3419 3434 3687 3501 videtur
3724 3436 3906 3526 quod
3947 3461 4082 3506 non
4126 3440 4287 3505 mit-

2739 3560 2924 3620 tatur
2952 3554 3079 3622 nisi
3121 3556 3275 3648 piis.

2830 3662 2897 3727 Ξῖ.
2945 3659 3140 3741 ltem,
3190 3662 3424 3734 Missio
3462 3668 3807 3758 sapientiae
3842 3671 3909 3737 in
3955 3670 4285 3740 mundum

2742 3765 2869 3837 fuit
2917 3768 2988 3838 in
3044 3769 3403 3842 collatione
3445 3776 3761 3845 maximae
3789 3779 4024 3870 gratia*
4068 3801 4085 3848 ε
4128 3803 4284 3849 cum

2741 3900 2907 3967 ergo
2963 3901 3099 3948 una
3165 3882 3568 3952 missionum
3637 3885 4035 3975 respondeat
4088 3888 4200 3957 alii
4261 3910 4279 3959 t

2742 3986 3037 4054 mittitur
3074 3989 3255 4057 enim
3296 3990 3365 4058 in
3400 4000 3720 4072 mentem,
3764 4003 3834 4061 ut
3866 3998 4079 4086 gratia
4121 3998 4290 4066 mis-

2738 4092 2954 4161 sionis
2983 4093 3053 4162 in
3092 4095 3425 4165 mundum
3454 4098 3670 4169 valeat
3714 4100 3956 4173 nobis:
4024 4104 4291 4174 videtur

2740 4202 2923 4293 quod
2956 4211 3024 4271 et
3064 4205 3300 4274 missio
3333 4209 3398 4274 in
3434 4218 3726 4278 mentem
3758 4212 3840 4278 sit
3877 4212 3943 4281 in
3972 4214 4289 4282 collatio-

2740 4333 2823 4378 ne
2863 4311 3124 4403 gratiae.

2830 4522 3139 4595 Somno.
3188 4525 3561 4599 Dicendum
3602 4530 3683 4596 ad
3727 4533 4049 4625 primum,
4095 4537 4276 4627 quod

2736 4629 2908 4697 sicut
2958 4631 3449 4703 ordinabantur
3485 4645 3729 4727 apertae
3777 4640 4134 4712 missiones
4165 4643 4279 4713 Fi-

2735 4736 2806 4803 lii
2867 4746 2933 4805 et
2991 4739 3288 4830 Spiritus
3344 4744 3582 4820 sancti,
3636 4746 3725 4813 ita
3759 4755 3822 4814 et
3881 4747 4281 4820 ordinantur

2736 4846 3023 4915 occultae
3059 4870 3075 4915 ε
3112 4858 3176 4916 et
3217 4871 3487 4940 semper
3514 4850 3732 4920 ambae
3764 4864 3919 4922 sunt
3970 4856 4055 4926 ad
4084 4882 4281 4929 eum-

2736 4956 2895 5026 dem
2930 4957 3162 5040 finem,
3194 4958 3346 5029 licet
3395 4983 3532 5033 non
3573 4962 3656 5031 ad
3696 4965 4009 5035 eumdem
4055 4977 4279 5038 aetum

2734 5088 3032 5157 semper.
3097 5065 3291 5137 Sicut
3345 5069 3528 5138 enim
3582 5070 3740 5140 dicit
3809 5072 4192 5145 Bernardus
4262 5103 4278 5148 z

2738 5199 2773 5241 ι
2809 5174 3044 5246 l‘rimo
3077 5178 3262 5247 venit
3294 5178 3528 5260 Filius,
3560 5189 3625 5249 et
3654 5180 3882 5253 docuit
3913 5184 4113 5257 fidem
4158 5207 4175 5256 ε
4218 5197 4281 5255 et

2745 5308 2777 5345 α
2816 5292 3052 5373 postea
3092 5284 3278 5353 venit
3310 5283 3604 5378 Spiritus
3632 5297 3929 5374 sanctus,
3964 5301 4029 5361 et
4052 5315 4286 5365 accen-

2737 5414 2769 5452 «
2805 5388 2905 5459 dit
2936 5389 3021 5459 ad
3052 5413 3385 5463 amorem.
3431 5417 3467 5457 n
3512 5393 3594 5462 Et
3624 5395 3773 5466 ideo
3800 5398 4097 5471 concedo
4131 5400 4279 5480 hoc.

4164 255 4287 323 431
4380 307 4384 312 .

4359 4559 4562 4608 Solone.

4387 4614 4474 4659 Ad.
4511 4616 4551 4658 Ι.
