<?xml version="1.0" encoding="UTF-8"?>
<!DOCTYPE html PUBLIC "-//W3C//DTD XHTML 1.0 Transitional//EN"
    "http://www.w3.org/TR/xhtml1/DTD/xhtml1-transitional.dtd">
<html xmlns="http://www.w3.org/1999/xhtml" xml:lang="en" lang="en">
 <head>
  <title>
</title>
<meta http-equiv="Content-Type" content="text/html;charset=utf-8" />
  <meta name='ocr-system' content='tesseract 3.04.00' />
  <meta name='ocr-capabilities' content='ocr_page ocr_carea ocr_par ocr_line ocrx_word'/>
</head>
<body>
  <div class='ocr_page' id='page_1' title='image "balbertimagnira03chgoog_0366.png"; bbox 0 0 4897 6388; ppageno 0'>
   <div class='ocr_carea' id='block_1_1' title="bbox 314 4544 516 4594">
    <p class='ocr_par' dir='ltr' id='par_1_1' title="bbox 314 4544 516 4594">
     <span class='ocr_line' id='line_1_1' title="bbox 314 4544 516 4594; baseline 0.005 -1"><span class='ocrx_word' id='word_1_1' title='bbox 314 4544 516 4594; x_wconf 73' lang='lat' dir='ltr'>Solane.</span> 
     </span>
    </p>
   </div>
   <div class='ocr_carea' id='block_1_2' title="bbox 603 384 733 452">
    <p class='ocr_par' dir='ltr' id='par_1_2' title="bbox 603 384 733 452">
     <span class='ocr_line' id='line_1_2' title="bbox 603 384 733 452; baseline -0.023 0"><span class='ocrx_word' id='word_1_2' title='bbox 603 384 733 452; x_wconf 76' lang='lat'>342</span> 
     </span>
    </p>
   </div>
   <div class='ocr_carea' id='block_1_3' title="bbox 600 541 2161 4416">
    <p class='ocr_par' dir='ltr' id='par_1_3' title="bbox 601 541 2148 860">
     <span class='ocr_line' id='line_1_3' title="bbox 601 541 2148 646; baseline 0.003 -26"><span class='ocrx_word' id='word_1_3' title='bbox 601 561 788 621; x_wconf 89' lang='lat' dir='ltr'>ctum</span> <span class='ocrx_word' id='word_1_4' title='bbox 823 577 840 622; x_wconf 78' lang='lat' dir='ltr'><strong><em>z</em></strong></span> <span class='ocrx_word' id='word_1_5' title='bbox 876 554 1004 622; x_wconf 88' lang='lat' dir='ltr'>erit</span> <span class='ocrx_word' id='word_1_6' title='bbox 1050 555 1270 623; x_wconf 84' lang='lat' dir='ltr'>etiam</span> <span class='ocrx_word' id='word_1_7' title='bbox 1306 541 1377 622; x_wconf 86' lang='lat' dir='ltr'>in</span> <span class='ocrx_word' id='word_1_8' title='bbox 1418 547 1677 646; x_wconf 81' lang='lat' dir='ltr'>Spiritu</span> <span class='ocrx_word' id='word_1_9' title='bbox 1722 564 1954 624; x_wconf 88' lang='lat' dir='ltr'>sancto</span> <span class='ocrx_word' id='word_1_10' title='bbox 2004 556 2148 624; x_wconf 80' lang='lat' dir='ltr'>suf-</span> 
     </span>
     <span class='ocr_line' id='line_1_4' title="bbox 601 662 2144 754; baseline 0.002 -25"><span class='ocrx_word' id='word_1_11' title='bbox 601 662 836 730; x_wconf 89' lang='lat' dir='ltr'>ficiens</span> <span class='ocrx_word' id='word_1_12' title='bbox 877 663 1066 754; x_wconf 90' lang='lat' dir='ltr'>quod</span> <span class='ocrx_word' id='word_1_13' title='bbox 1139 664 1350 753; x_wconf 84' lang='lat' dir='ltr'>spiret</span> <span class='ocrx_word' id='word_1_14' title='bbox 1394 663 1728 754; x_wconf 91' lang='lat' dir='ltr'>Spiritum</span> <span class='ocrx_word' id='word_1_15' title='bbox 1811 673 2144 742; x_wconf 89' lang='lat' dir='ltr'>sanctum,</span> 
     </span>
     <span class='ocr_line' id='line_1_5' title="bbox 603 770 1318 860; baseline 0.004 -23"><span class='ocrx_word' id='word_1_16' title='bbox 603 770 792 860; x_wconf 90' lang='lat' dir='ltr'>quod</span> <span class='ocrx_word' id='word_1_17' title='bbox 845 770 1103 839; x_wconf 80' lang='lat' dir='ltr'>falsum</span> <span class='ocrx_word' id='word_1_18' title='bbox 1193 782 1318 842; x_wconf 87' lang='lat' dir='ltr'>est.</span> 
     </span>
    </p>

    <p class='ocr_par' dir='ltr' id='par_1_4' title="bbox 600 875 2154 2690">
     <span class='ocr_line' id='line_1_6' title="bbox 691 875 2148 969; baseline 0.002 -26"><span class='ocrx_word' id='word_1_19' title='bbox 691 878 756 944; x_wconf 84' lang='lat'>2.</span> <span class='ocrx_word' id='word_1_20' title='bbox 797 875 871 943; x_wconf 93' lang='lat' dir='ltr'>Si</span> <span class='ocrx_word' id='word_1_21' title='bbox 903 878 1074 946; x_wconf 81' lang='lat' dir='ltr'>forte</span> <span class='ocrx_word' id='word_1_22' title='bbox 1124 878 1333 961; x_wconf 74' lang='lat' dir='ltr'>dicaS,</span> <span class='ocrx_word' id='word_1_23' title='bbox 1377 878 1559 969; x_wconf 87' lang='lat' dir='ltr'>quod</span> <span class='ocrx_word' id='word_1_24' title='bbox 1599 879 1668 944; x_wconf 92' lang='lat' dir='ltr'>in</span> <span class='ocrx_word' id='word_1_25' title='bbox 1700 877 1956 966; x_wconf 83' lang='lat' dir='ltr'>Spiritu</span> <span class='ocrx_word' id='word_1_26' title='bbox 1984 901 2148 946; x_wconf 89' lang='lat' dir='ltr'>san-</span> 
     </span>
     <span class='ocr_line' id='line_1_7' title="bbox 601 985 2146 1081; baseline 0.001 -28"><span class='ocrx_word' id='word_1_27' title='bbox 601 995 710 1054; x_wconf 92' lang='lat' dir='ltr'>cto</span> <span class='ocrx_word' id='word_1_28' title='bbox 777 985 1128 1053; x_wconf 80' lang='lat' dir='ltr'>relationis</span> <span class='ocrx_word' id='word_1_29' title='bbox 1161 1076 1166 1081; x_wconf 89' lang='lat'><strong>.</strong></span> <span class='ocrx_word' id='word_1_30' title='bbox 1202 985 1407 1053; x_wconf 87' lang='lat' dir='ltr'>habet</span> <span class='ocrx_word' id='word_1_31' title='bbox 1489 986 1987 1076; x_wconf 88' lang='lat' dir='ltr'>oppositionem</span> <span class='ocrx_word' id='word_1_32' title='bbox 2063 988 2146 1055; x_wconf 91' lang='lat' dir='ltr'>ad</span> 
     </span>
     <span class='ocr_line' id='line_1_8' title="bbox 601 1088 2150 1180; baseline 0.001 -24"><span class='ocrx_word' id='word_1_33' title='bbox 601 1092 882 1180; x_wconf 89' lang='lat' dir='ltr'>spirare,</span> <span class='ocrx_word' id='word_1_34' title='bbox 937 1099 1003 1158; x_wconf 92' lang='lat' dir='ltr'>et</span> <span class='ocrx_word' id='word_1_35' title='bbox 1046 1090 1119 1156; x_wconf 93' lang='lat' dir='ltr'>in</span> <span class='ocrx_word' id='word_1_36' title='bbox 1161 1088 1362 1157; x_wconf 87' lang='lat' dir='ltr'>Patre</span> <span class='ocrx_word' id='word_1_37' title='bbox 1410 1098 1476 1158; x_wconf 90' lang='lat' dir='ltr'>et</span> <span class='ocrx_word' id='word_1_38' title='bbox 1524 1089 1694 1158; x_wconf 86' lang='lat' dir='ltr'>Filio</span> <span class='ocrx_word' id='word_1_39' title='bbox 1742 1090 1947 1158; x_wconf 88' lang='lat' dir='ltr'>hahet</span> <span class='ocrx_word' id='word_1_40' title='bbox 1983 1090 2150 1158; x_wconf 89' lang='lat' dir='ltr'>rela-</span> 
     </span>
     <span class='ocr_line' id='line_1_9' title="bbox 600 1197 2152 1288; baseline 0 -24"><span class='ocrx_word' id='word_1_41' title='bbox 600 1197 806 1264; x_wconf 82' lang='lat' dir='ltr'>tionis</span> <span class='ocrx_word' id='word_1_42' title='bbox 848 1197 1354 1287; x_wconf 88' lang='lat' dir='ltr'>oppositionem</span> <span class='ocrx_word' id='word_1_43' title='bbox 1403 1197 1487 1264; x_wconf 91' lang='lat' dir='ltr'>ad</span> <span class='ocrx_word' id='word_1_44' title='bbox 1527 1197 1790 1288; x_wconf 81' lang='lat' dir='ltr'>spirari,</span> <span class='ocrx_word' id='word_1_45' title='bbox 1846 1200 1914 1267; x_wconf 83' lang='lat' dir='ltr'>et</span> <span class='ocrx_word' id='word_1_46' title='bbox 1952 1197 2152 1266; x_wconf 90' lang='lat' dir='ltr'>Pater</span> 
     </span>
     <span class='ocr_line' id='line_1_10' title="bbox 603 1304 2146 1397; baseline 0.001 -24"><span class='ocrx_word' id='word_1_47' title='bbox 603 1313 669 1373; x_wconf 92' lang='lat' dir='ltr'>et</span> <span class='ocrx_word' id='word_1_48' title='bbox 715 1304 929 1373; x_wconf 91' lang='lat' dir='ltr'>Filius</span> <span class='ocrx_word' id='word_1_49' title='bbox 958 1329 1081 1396; x_wconf 89' lang='lat' dir='ltr'>per</span> <span class='ocrx_word' id='word_1_50' title='bbox 1117 1307 1452 1374; x_wconf 91' lang='lat' dir='ltr'>unitatem</span> <span class='ocrx_word' id='word_1_51' title='bbox 1492 1309 1800 1375; x_wconf 87' lang='lat' dir='ltr'>essentiae</span> <span class='ocrx_word' id='word_1_52' title='bbox 1839 1309 2095 1397; x_wconf 81' lang='lat' dir='ltr'>spirant</span> <span class='ocrx_word' id='word_1_53' title='bbox 2131 1329 2146 1374; x_wconf 90' lang='lat'>:</span> 
     </span>
     <span class='ocr_line' id='line_1_11' title="bbox 605 1413 2152 1506; baseline 0 -25"><span class='ocrx_word' id='word_1_54' title='bbox 605 1413 901 1505; x_wconf 83' lang='lat' dir='ltr'>Spiritus</span> <span class='ocrx_word' id='word_1_55' title='bbox 956 1422 1231 1483; x_wconf 86' lang='lat' dir='ltr'>sanctus</span> <span class='ocrx_word' id='word_1_56' title='bbox 1279 1423 1506 1483; x_wconf 88' lang='lat' dir='ltr'>autem</span> <span class='ocrx_word' id='word_1_57' title='bbox 1573 1438 1712 1483; x_wconf 91' lang='lat' dir='ltr'>non</span> <span class='ocrx_word' id='word_1_58' title='bbox 1770 1416 1980 1506; x_wconf 83' lang='lat' dir='ltr'>spirat</span> <span class='ocrx_word' id='word_1_59' title='bbox 2033 1437 2152 1505; x_wconf 88' lang='lat' dir='ltr'>per</span> 
     </span>
     <span class='ocr_line' id='line_1_12' title="bbox 600 1522 2144 1613; baseline 0.001 -26"><span class='ocrx_word' id='word_1_60' title='bbox 600 1523 936 1601; x_wconf 86' lang='lat' dir='ltr'>unitatem</span> <span class='ocrx_word' id='word_1_61' title='bbox 965 1524 1300 1601; x_wconf 86' lang='lat' dir='ltr'>essentiae,</span> <span class='ocrx_word' id='word_1_62' title='bbox 1336 1523 1455 1592; x_wconf 91' lang='lat' dir='ltr'>sed</span> <span class='ocrx_word' id='word_1_63' title='bbox 1484 1524 1802 1613; x_wconf 87' lang='lat' dir='ltr'>spiratur.</span> <span class='ocrx_word' id='word_1_64' title='bbox 1830 1522 2095 1591; x_wconf 52' lang='lat' dir='ltr'>Comus</span> <span class='ocrx_word' id='word_1_65' title='bbox 2129 1546 2144 1590; x_wconf 72' lang='grc' dir='ltr'>ε</span> 
     </span>
     <span class='ocr_line' id='line_1_13' title="bbox 605 1627 2151 1721; baseline 0.001 -26"><span class='ocrx_word' id='word_1_66' title='bbox 605 1627 1002 1697; x_wconf 91' lang='lat' dir='ltr'>Secundum</span> <span class='ocrx_word' id='word_1_67' title='bbox 1039 1628 1174 1698; x_wconf 91' lang='lat' dir='ltr'>hoc</span> <span class='ocrx_word' id='word_1_68' title='bbox 1210 1630 1386 1698; x_wconf 84' lang='lat' dir='ltr'>redit</span> <span class='ocrx_word' id='word_1_69' title='bbox 1433 1633 1919 1700; x_wconf 80' lang='lat' dir='ltr'>inconveniens</span> <span class='ocrx_word' id='word_1_70' title='bbox 1967 1629 2151 1721; x_wconf 90' lang='lat' dir='ltr'>quod</span> 
     </span>
     <span class='ocr_line' id='line_1_14' title="bbox 601 1738 2151 1830; baseline 0.001 -26"><span class='ocrx_word' id='word_1_71' title='bbox 601 1760 807 1829; x_wconf 88' lang='lat' dir='ltr'>supra</span> <span class='ocrx_word' id='word_1_72' title='bbox 856 1738 1319 1829; x_wconf 89' lang='lat' dir='ltr'>improbatum</span> <span class='ocrx_word' id='word_1_73' title='bbox 1387 1748 1489 1808; x_wconf 91' lang='lat' dir='ltr'>est</span> <span class='ocrx_word' id='word_1_74' title='bbox 1535 1741 1580 1820; x_wconf 84' lang='lat'>¹,</span> <span class='ocrx_word' id='word_1_75' title='bbox 1662 1740 1915 1808; x_wconf 91' lang='lat' dir='ltr'>scilicet</span> <span class='ocrx_word' id='word_1_76' title='bbox 1969 1739 2151 1830; x_wconf 92' lang='lat' dir='ltr'>quod</span> 
     </span>
     <span class='ocr_line' id='line_1_15' title="bbox 602 1846 2147 1939; baseline 0 -26"><span class='ocrx_word' id='word_1_77' title='bbox 602 1846 897 1914; x_wconf 83' lang='lat' dir='ltr'>essentia</span> <span class='ocrx_word' id='word_1_78' title='bbox 935 1846 1169 1914; x_wconf 91' lang='lat' dir='ltr'>divina</span> <span class='ocrx_word' id='word_1_79' title='bbox 1219 1847 1660 1939; x_wconf 85' lang='lat' dir='ltr'>distinguitur</span> <span class='ocrx_word' id='word_1_80' title='bbox 1707 1849 1778 1915; x_wconf 91' lang='lat' dir='ltr'>iu</span> <span class='ocrx_word' id='word_1_81' title='bbox 1833 1869 2147 1938; x_wconf 85' lang='lat' dir='ltr'>persona,</span> 
     </span>
     <span class='ocr_line' id='line_1_16' title="bbox 600 1953 2154 2046; baseline 0.001 -26"><span class='ocrx_word' id='word_1_82' title='bbox 600 1954 790 2021; x_wconf 86' lang='lat' dir='ltr'>etsie</span> <span class='ocrx_word' id='word_1_83' title='bbox 828 1955 1122 2022; x_wconf 84' lang='lat' dir='ltr'>essentia</span> <span class='ocrx_word' id='word_1_84' title='bbox 1159 1953 1391 2022; x_wconf 89' lang='lat' dir='ltr'>divina</span> <span class='ocrx_word' id='word_1_85' title='bbox 1419 1956 1491 2023; x_wconf 90' lang='lat' dir='ltr'>in</span> <span class='ocrx_word' id='word_1_86' title='bbox 1528 1979 1665 2024; x_wconf 91' lang='lat' dir='ltr'>una</span> <span class='ocrx_word' id='word_1_87' title='bbox 1693 1977 1981 2046; x_wconf 89' lang='lat' dir='ltr'>persona</span> <span class='ocrx_word' id='word_1_88' title='bbox 2052 1961 2154 2022; x_wconf 91' lang='lat' dir='ltr'>est</span> 
     </span>
     <span class='ocr_line' id='line_1_17' title="bbox 602 2061 2151 2154; baseline 0.001 -26"><span class='ocrx_word' id='word_1_89' title='bbox 602 2061 735 2129; x_wconf 90' lang='lat' dir='ltr'>alia</span> <span class='ocrx_word' id='word_1_90' title='bbox 775 2084 1002 2152; x_wconf 34' lang='lat' dir='ltr'>quam,</span> <span class='ocrx_word' id='word_1_91' title='bbox 1025 2064 1322 2132; x_wconf 88' lang='lat' dir='ltr'>essentia</span> <span class='ocrx_word' id='word_1_92' title='bbox 1356 2063 1594 2132; x_wconf 87' lang='lat' dir='ltr'>divina</span> <span class='ocrx_word' id='word_1_93' title='bbox 1631 2066 1702 2131; x_wconf 91' lang='lat' dir='ltr'>in</span> <span class='ocrx_word' id='word_1_94' title='bbox 1759 2063 1892 2131; x_wconf 89' lang='lat' dir='ltr'>alia</span> <span class='ocrx_word' id='word_1_95' title='bbox 1928 2084 2151 2154; x_wconf 89' lang='lat' dir='ltr'>perso·</span> 
     </span>
     <span class='ocr_line' id='line_1_18' title="bbox 600 2161 2152 2262; baseline 0.002 -25"><span class='ocrx_word' id='word_1_96' title='bbox 600 2192 717 2255; x_wconf 89' lang='lat' dir='ltr'>na,</span> <span class='ocrx_word' id='word_1_97' title='bbox 752 2172 823 2238; x_wconf 86' lang='lat' dir='ltr'>et</span> <span class='ocrx_word' id='word_1_98' title='bbox 859 2161 1239 2238; x_wconf 86' lang='lat' dir='ltr'>secundum</span> <span class='ocrx_word' id='word_1_99' title='bbox 1278 2170 1410 2239; x_wconf 88' lang='lat' dir='ltr'>hoc</span> <span class='ocrx_word' id='word_1_100' title='bbox 1450 2173 1656 2240; x_wconf 89' lang='lat' dir='ltr'>etiam</span> <span class='ocrx_word' id='word_1_101' title='bbox 1712 2171 2152 2262; x_wconf 85' lang='lat' dir='ltr'>proprietates</span> 
     </span>
     <span class='ocr_line' id='line_1_19' title="bbox 603 2266 2150 2372; baseline 0 -26"><span class='ocrx_word' id='word_1_102' title='bbox 603 2278 1066 2347; x_wconf 85' lang='lat' dir='ltr'>determinant</span> <span class='ocrx_word' id='word_1_103' title='bbox 1101 2266 1467 2349; x_wconf 77' lang='lat' dir='ltr'>essentiam</span> <span class='ocrx_word' id='word_1_104' title='bbox 1505 2281 1580 2348; x_wconf 89' lang='lat' dir='ltr'>in</span> <span class='ocrx_word' id='word_1_105' title='bbox 1605 2302 1895 2372; x_wconf 89' lang='lat' dir='ltr'>persona</span> <span class='ocrx_word' id='word_1_106' title='bbox 1936 2298 1953 2349; x_wconf 71' lang='grc' dir='ltr'><strong>ε</strong></span> <span class='ocrx_word' id='word_1_107' title='bbox 1997 2300 2150 2370; x_wconf 86' lang='lat' dir='ltr'>quae</span> 
     </span>
     <span class='ocr_line' id='line_1_20' title="bbox 602 2385 2152 2477; baseline -0.001 -24"><span class='ocrx_word' id='word_1_108' title='bbox 602 2387 838 2453; x_wconf 88' lang='lat' dir='ltr'>omnia</span> <span class='ocrx_word' id='word_1_109' title='bbox 868 2388 1126 2477; x_wconf 87' lang='lat' dir='ltr'>respuit</span> <span class='ocrx_word' id='word_1_110' title='bbox 1163 2386 1330 2455; x_wconf 87' lang='lat' dir='ltr'>fides</span> <span class='ocrx_word' id='word_1_111' title='bbox 1369 2385 1702 2456; x_wconf 87' lang='lat' dir='ltr'>catholica</span> <span class='ocrx_word' id='word_1_112' title='bbox 1753 2409 1768 2454; x_wconf 75' lang='grc' dir='ltr'><strong><em>ε</em></strong></span> <span class='ocrx_word' id='word_1_113' title='bbox 1809 2409 1972 2477; x_wconf 90' lang='lat' dir='ltr'>ergo</span> <span class='ocrx_word' id='word_1_114' title='bbox 2011 2408 2152 2453; x_wconf 93' lang='lat' dir='ltr'>non</span> 
     </span>
     <span class='ocr_line' id='line_1_21' title="bbox 600 2491 2153 2586; baseline 0.001 -26"><span class='ocrx_word' id='word_1_115' title='bbox 600 2492 900 2579; x_wconf 88' lang='lat' dir='ltr'>videtur,</span> <span class='ocrx_word' id='word_1_116' title='bbox 980 2493 1166 2584; x_wconf 89' lang='lat' dir='ltr'>quod</span> <span class='ocrx_word' id='word_1_117' title='bbox 1238 2496 1498 2584; x_wconf 85' lang='lat' dir='ltr'>spirent</span> <span class='ocrx_word' id='word_1_118' title='bbox 1550 2497 1774 2586; x_wconf 89' lang='lat' dir='ltr'>ipsum</span> <span class='ocrx_word' id='word_1_119' title='bbox 1838 2518 1958 2586; x_wconf 89' lang='lat' dir='ltr'>per</span> <span class='ocrx_word' id='word_1_120' title='bbox 2022 2491 2153 2562; x_wconf 91' lang='lat' dir='ltr'>hoc</span> 
     </span>
     <span class='ocr_line' id='line_1_22' title="bbox 606 2600 1703 2690; baseline 0.003 -23"><span class='ocrx_word' id='word_1_121' title='bbox 606 2600 791 2690; x_wconf 88' lang='lat' dir='ltr'>quod</span> <span class='ocrx_word' id='word_1_122' title='bbox 829 2607 992 2668; x_wconf 92' lang='lat' dir='ltr'>sunt</span> <span class='ocrx_word' id='word_1_123' title='bbox 1027 2623 1244 2669; x_wconf 90' lang='lat' dir='ltr'>unum</span> <span class='ocrx_word' id='word_1_124' title='bbox 1278 2602 1348 2669; x_wconf 90' lang='lat' dir='ltr'>in</span> <span class='ocrx_word' id='word_1_125' title='bbox 1389 2604 1703 2670; x_wconf 88' lang='lat' dir='ltr'>essentia.</span> 
     </span>
    </p>

    <p class='ocr_par' dir='ltr' id='par_1_5' title="bbox 603 2704 2161 4416">
     <span class='ocr_line' id='line_1_23' title="bbox 696 2704 2157 2799; baseline 0 -25"><span class='ocrx_word' id='word_1_126' title='bbox 696 2707 760 2774; x_wconf 88' lang='lat'>3.</span> <span class='ocrx_word' id='word_1_127' title='bbox 825 2704 900 2774; x_wconf 93' lang='lat' dir='ltr'>Si</span> <span class='ocrx_word' id='word_1_128' title='bbox 941 2715 1221 2797; x_wconf 89' lang='lat' dir='ltr'>propter</span> <span class='ocrx_word' id='word_1_129' title='bbox 1264 2706 1396 2776; x_wconf 91' lang='lat' dir='ltr'>hoc</span> <span class='ocrx_word' id='word_1_130' title='bbox 1440 2708 1726 2790; x_wconf 89' lang='lat' dir='ltr'>dicatur,</span> <span class='ocrx_word' id='word_1_131' title='bbox 1786 2706 1970 2799; x_wconf 90' lang='lat' dir='ltr'>quod</span> <span class='ocrx_word' id='word_1_132' title='bbox 2013 2707 2157 2797; x_wconf 88' lang='lat' dir='ltr'>spi-</span> 
     </span>
     <span class='ocr_line' id='line_1_24' title="bbox 604 2812 2156 2906; baseline 0.002 -25"><span class='ocrx_word' id='word_1_133' title='bbox 604 2820 755 2882; x_wconf 86' lang='lat' dir='ltr'>rant</span> <span class='ocrx_word' id='word_1_134' title='bbox 779 2836 939 2882; x_wconf 91' lang='lat' dir='ltr'>eum</span> <span class='ocrx_word' id='word_1_135' title='bbox 968 2836 1091 2904; x_wconf 89' lang='lat' dir='ltr'>per</span> <span class='ocrx_word' id='word_1_136' title='bbox 1118 2812 1248 2884; x_wconf 92' lang='lat' dir='ltr'>hoc</span> <span class='ocrx_word' id='word_1_137' title='bbox 1276 2815 1457 2906; x_wconf 90' lang='lat' dir='ltr'>quod</span> <span class='ocrx_word' id='word_1_138' title='bbox 1491 2825 1654 2884; x_wconf 90' lang='lat' dir='ltr'>sunt</span> <span class='ocrx_word' id='word_1_139' title='bbox 1680 2837 1894 2882; x_wconf 91' lang='lat' dir='ltr'>unum</span> <span class='ocrx_word' id='word_1_140' title='bbox 1924 2816 1994 2882; x_wconf 90' lang='lat' dir='ltr'>in</span> <span class='ocrx_word' id='word_1_141' title='bbox 2025 2836 2156 2884; x_wconf 87' lang='lat' dir='ltr'>no·</span> 
     </span>
     <span class='ocr_line' id='line_1_25' title="bbox 606 2920 2154 3014; baseline 0.001 -26"><span class='ocrx_word' id='word_1_142' title='bbox 606 2922 795 2990; x_wconf 87' lang='lat' dir='ltr'>tione</span> <span class='ocrx_word' id='word_1_143' title='bbox 824 2944 978 3013; x_wconf 83' lang='lat' dir='ltr'>quae</span> <span class='ocrx_word' id='word_1_144' title='bbox 1017 2930 1120 2991; x_wconf 91' lang='lat' dir='ltr'>est</span> <span class='ocrx_word' id='word_1_145' title='bbox 1174 2923 1484 3014; x_wconf 87' lang='lat' dir='ltr'>spiratio.</span> <span class='ocrx_word' id='word_1_146' title='bbox 1547 2921 1814 2991; x_wconf 64' lang='lat' dir='ltr'>Con-rna</span> <span class='ocrx_word' id='word_1_147' title='bbox 1874 2944 1891 2991; x_wconf 73' lang='grc' dir='ltr'>ε</span> <span class='ocrx_word' id='word_1_148' title='bbox 1951 2920 2154 2990; x_wconf 85' lang='lat' dir='ltr'>Notio</span> 
     </span>
     <span class='ocr_line' id='line_1_26' title="bbox 606 3030 2156 3122; baseline 0 -25"><span class='ocrx_word' id='word_1_149' title='bbox 606 3030 986 3122; x_wconf 87' lang='lat' dir='ltr'>proprietas</span> <span class='ocrx_word' id='word_1_150' title='bbox 1044 3038 1150 3099; x_wconf 87' lang='lat' dir='ltr'>est</span> <span class='ocrx_word' id='word_1_151' title='bbox 1187 3052 1340 3121; x_wconf 80' lang='lat' dir='ltr'>quae</span> <span class='ocrx_word' id='word_1_152' title='bbox 1392 3030 1767 3098; x_wconf 90' lang='lat' dir='ltr'>secundum</span> <span class='ocrx_word' id='word_1_153' title='bbox 1824 3031 2156 3098; x_wconf 87' lang='lat' dir='ltr'>rationem</span> 
     </span>
     <span class='ocr_line' id='line_1_27' title="bbox 605 3136 2155 3230; baseline 0.001 -25"><span class='ocrx_word' id='word_1_154' title='bbox 605 3136 1032 3230; x_wconf 86' lang='lat' dir='ltr'>intelligendi</span> <span class='ocrx_word' id='word_1_155' title='bbox 1056 3137 1504 3230; x_wconf 88' lang='lat' dir='ltr'>principiatur</span> <span class='ocrx_word' id='word_1_156' title='bbox 1559 3136 1645 3207; x_wconf 89' lang='lat' dir='ltr'>ab</span> <span class='ocrx_word' id='word_1_157' title='bbox 1697 3146 1851 3207; x_wconf 91' lang='lat' dir='ltr'>actu</span> <span class='ocrx_word' id='word_1_158' title='bbox 1897 3137 2155 3228; x_wconf 89' lang='lat' dir='ltr'>spiran-</span> 
     </span>
     <span class='ocr_line' id='line_1_28' title="bbox 608 3244 2161 3340; baseline -0.001 -26"><span class='ocrx_word' id='word_1_159' title='bbox 608 3247 708 3315; x_wconf 88' lang='lat' dir='ltr'>di:</span> <span class='ocrx_word' id='word_1_160' title='bbox 744 3245 907 3315; x_wconf 91' lang='lat' dir='ltr'>dicit</span> <span class='ocrx_word' id='word_1_161' title='bbox 925 3246 1111 3314; x_wconf 91' lang='lat' dir='ltr'>enim</span> <span class='ocrx_word' id='word_1_162' title='bbox 1142 3246 1597 3340; x_wconf 79' lang='lat' dir='ltr'>Augustinus,</span> <span class='ocrx_word' id='word_1_163' title='bbox 1631 3244 1815 3338; x_wconf 90' lang='lat' dir='ltr'>quod</span> <span class='ocrx_word' id='word_1_164' title='bbox 1839 3245 2039 3313; x_wconf 82' lang='lat' dir='ltr'>l‘ater</span> <span class='ocrx_word' id='word_1_165' title='bbox 2059 3252 2161 3313; x_wconf 89' lang='lat' dir='ltr'>est</span> 
     </span>
     <span class='ocr_line' id='line_1_29' title="bbox 606 3350 2158 3445; baseline -0.003 -23"><span class='ocrx_word' id='word_1_166' title='bbox 606 3362 823 3445; x_wconf 87' lang='lat' dir='ltr'>pater,</span> <span class='ocrx_word' id='word_1_167' title='bbox 857 3353 1019 3443; x_wconf 90' lang='lat' dir='ltr'>quia</span> <span class='ocrx_word' id='word_1_168' title='bbox 1048 3353 1288 3444; x_wconf 86' lang='lat' dir='ltr'>genuit</span> <span class='ocrx_word' id='word_1_169' title='bbox 1319 3376 1336 3420; x_wconf 77' lang='lat'>2</span> <span class='ocrx_word' id='word_1_170' title='bbox 1370 3374 1535 3444; x_wconf 85' lang='lat' dir='ltr'>ergo</span> <span class='ocrx_word' id='word_1_171' title='bbox 1580 3360 1650 3421; x_wconf 89' lang='lat' dir='ltr'>et</span> <span class='ocrx_word' id='word_1_172' title='bbox 1693 3351 1895 3421; x_wconf 83' lang='lat' dir='ltr'>Pater</span> <span class='ocrx_word' id='word_1_173' title='bbox 1940 3359 2008 3420; x_wconf 89' lang='lat' dir='ltr'>et</span> <span class='ocrx_word' id='word_1_174' title='bbox 2046 3350 2158 3417; x_wconf 78' lang='lat' dir='ltr'>Fi-</span> 
     </span>
     <span class='ocr_line' id='line_1_30' title="bbox 603 3459 2157 3552; baseline -0.002 -22"><span class='ocrx_word' id='word_1_175' title='bbox 603 3461 739 3530; x_wconf 91' lang='lat' dir='ltr'>lius</span> <span class='ocrx_word' id='word_1_176' title='bbox 784 3469 948 3529; x_wconf 89' lang='lat' dir='ltr'>sunt</span> <span class='ocrx_word' id='word_1_177' title='bbox 975 3483 1196 3529; x_wconf 89' lang='lat' dir='ltr'>unum</span> <span class='ocrx_word' id='word_1_178' title='bbox 1246 3461 1681 3552; x_wconf 88' lang='lat' dir='ltr'>principium,</span> <span class='ocrx_word' id='word_1_179' title='bbox 1733 3460 1891 3552; x_wconf 87' lang='lat' dir='ltr'>quia</span> <span class='ocrx_word' id='word_1_180' title='bbox 1934 3459 2157 3550; x_wconf 89' lang='lat' dir='ltr'>spira-</span> 
     </span>
     <span class='ocr_line' id='line_1_31' title="bbox 604 3566 2158 3659; baseline -0.002 -22"><span class='ocrx_word' id='word_1_181' title='bbox 604 3576 855 3639; x_wconf 84' lang='lat' dir='ltr'>verunt</span> <span class='ocrx_word' id='word_1_182' title='bbox 884 3566 1220 3659; x_wconf 89' lang='lat' dir='ltr'>Spiritum</span> <span class='ocrx_word' id='word_1_183' title='bbox 1259 3576 1571 3637; x_wconf 90' lang='lat' dir='ltr'>sanctum</span> <span class='ocrx_word' id='word_1_184' title='bbox 1605 3591 1620 3635; x_wconf 74' lang='grc' dir='ltr'><strong><em>ε</em></strong></span> <span class='ocrx_word' id='word_1_185' title='bbox 1653 3590 1818 3659; x_wconf 83' lang='lat' dir='ltr'>ergo</span> <span class='ocrx_word' id='word_1_186' title='bbox 1848 3590 1986 3635; x_wconf 91' lang='lat' dir='ltr'>non</span> <span class='ocrx_word' id='word_1_187' title='bbox 2015 3568 2158 3658; x_wconf 91' lang='lat' dir='ltr'>spi-</span> 
     </span>
     <span class='ocr_line' id='line_1_32' title="bbox 605 3676 2156 3768; baseline -0.003 -21"><span class='ocrx_word' id='word_1_188' title='bbox 605 3679 781 3747; x_wconf 83' lang='lat' dir='ltr'>ratio</span> <span class='ocrx_word' id='word_1_189' title='bbox 809 3699 1016 3747; x_wconf 87' lang='lat' dir='ltr'>causa</span> <span class='ocrx_word' id='word_1_190' title='bbox 1055 3685 1160 3746; x_wconf 87' lang='lat' dir='ltr'>est</span> <span class='ocrx_word' id='word_1_191' title='bbox 1188 3676 1513 3768; x_wconf 85' lang='lat' dir='ltr'>spirandi,</span> <span class='ocrx_word' id='word_1_192' title='bbox 1566 3677 1684 3746; x_wconf 89' lang='lat' dir='ltr'>sed</span> <span class='ocrx_word' id='word_1_193' title='bbox 1722 3679 1948 3768; x_wconf 89' lang='lat' dir='ltr'>potius</span> <span class='ocrx_word' id='word_1_194' title='bbox 1998 3698 2156 3745; x_wconf 87' lang='lat' dir='ltr'>cau·</span> 
     </span>
     <span class='ocr_line' id='line_1_33' title="bbox 606 3784 2160 3879; baseline -0.001 -24"><span class='ocrx_word' id='word_1_195' title='bbox 606 3796 753 3855; x_wconf 89' lang='lat' dir='ltr'>sata</span> <span class='ocrx_word' id='word_1_196' title='bbox 792 3809 834 3855; x_wconf 86' lang='lat' dir='ltr'>a</span> <span class='ocrx_word' id='word_1_197' title='bbox 869 3785 1220 3877; x_wconf 87' lang='lat' dir='ltr'>spirando.</span> <span class='ocrx_word' id='word_1_198' title='bbox 1270 3786 1634 3866; x_wconf 63' lang='lat' dir='ltr'>Praeterea,</span> <span class='ocrx_word' id='word_1_199' title='bbox 1670 3787 1994 3879; x_wconf 81' lang='lat' dir='ltr'>Sequitur</span> <span class='ocrx_word' id='word_1_200' title='bbox 2027 3784 2160 3855; x_wconf 83' lang='lat' dir='ltr'>hoc</span> 
     </span>
     <span class='ocr_line' id='line_1_34' title="bbox 608 3892 2160 3985; baseline 0.001 -24"><span class='ocrx_word' id='word_1_201' title='bbox 608 3894 794 3985; x_wconf 89' lang='lat' dir='ltr'>quod</span> <span class='ocrx_word' id='word_1_202' title='bbox 831 3892 1197 3962; x_wconf 89' lang='lat' dir='ltr'>ridiculum</span> <span class='ocrx_word' id='word_1_203' title='bbox 1254 3892 1416 3962; x_wconf 88' lang='lat' dir='ltr'>dicit</span> <span class='ocrx_word' id='word_1_204' title='bbox 1462 3893 1856 3974; x_wconf 86' lang='lat' dir='ltr'>Anselmus,</span> <span class='ocrx_word' id='word_1_205' title='bbox 1908 3892 2160 3981; x_wconf 85' lang='lat' dir='ltr'>scilicet</span> 
     </span>
     <span class='ocr_line' id='line_1_35' title="bbox 608 3995 2160 4089; baseline -0.001 -24"><span class='ocrx_word' id='word_1_206' title='bbox 608 3996 795 4089; x_wconf 90' lang='lat' dir='ltr'>quod</span> <span class='ocrx_word' id='word_1_207' title='bbox 836 3996 1076 4066; x_wconf 87' lang='lat' dir='ltr'>relatio</span> <span class='ocrx_word' id='word_1_208' title='bbox 1108 3996 1215 4065; x_wconf 86' lang='lat' dir='ltr'>vel</span> <span class='ocrx_word' id='word_1_209' title='bbox 1258 3998 1449 4066; x_wconf 91' lang='lat' dir='ltr'>notio</span> <span class='ocrx_word' id='word_1_210' title='bbox 1507 4019 1712 4066; x_wconf 89' lang='lat' dir='ltr'>causa</span> <span class='ocrx_word' id='word_1_211' title='bbox 1765 4008 1941 4066; x_wconf 86' lang='lat' dir='ltr'>esset</span> <span class='ocrx_word' id='word_1_212' title='bbox 1976 3995 2160 4088; x_wconf 91' lang='lat' dir='ltr'>quod</span> 
     </span>
     <span class='ocr_line' id='line_1_36' title="bbox 606 4104 2159 4196; baseline 0 -23"><span class='ocrx_word' id='word_1_213' title='bbox 606 4113 749 4174; x_wconf 90' lang='lat' dir='ltr'>tota</span> <span class='ocrx_word' id='word_1_214' title='bbox 789 4104 1112 4173; x_wconf 89' lang='lat' dir='ltr'>divinitas</span> <span class='ocrx_word' id='word_1_215' title='bbox 1142 4113 1243 4173; x_wconf 87' lang='lat' dir='ltr'>est</span> <span class='ocrx_word' id='word_1_216' title='bbox 1292 4106 1360 4172; x_wconf 90' lang='lat' dir='ltr'>in</span> <span class='ocrx_word' id='word_1_217' title='bbox 1420 4104 1676 4196; x_wconf 83' lang='lat' dir='ltr'>Spiritu</span> <span class='ocrx_word' id='word_1_218' title='bbox 1728 4114 1987 4186; x_wconf 88' lang='lat' dir='ltr'>sancto,</span> <span class='ocrx_word' id='word_1_219' title='bbox 2035 4127 2159 4174; x_wconf 89' lang='lat' dir='ltr'>nec</span> 
     </span>
     <span class='ocr_line' id='line_1_37' title="bbox 606 4211 2155 4306; baseline 0.001 -25"><span class='ocrx_word' id='word_1_220' title='bbox 606 4220 833 4303; x_wconf 86' lang='lat' dir='ltr'>potest</span> <span class='ocrx_word' id='word_1_221' title='bbox 859 4212 1017 4292; x_wconf 89' lang='lat' dir='ltr'>dici,</span> <span class='ocrx_word' id='word_1_222' title='bbox 1051 4211 1238 4303; x_wconf 87' lang='lat' dir='ltr'>quod</span> <span class='ocrx_word' id='word_1_223' title='bbox 1267 4214 1525 4303; x_wconf 86' lang='lat' dir='ltr'>spirent</span> <span class='ocrx_word' id='word_1_224' title='bbox 1543 4236 1701 4282; x_wconf 90' lang='lat' dir='ltr'>eum</span> <span class='ocrx_word' id='word_1_225' title='bbox 1729 4215 1797 4282; x_wconf 93' lang='lat' dir='ltr'>in</span> <span class='ocrx_word' id='word_1_226' title='bbox 1827 4222 2155 4306; x_wconf 88' lang='lat' dir='ltr'>quantum</span> 
     </span>
     <span class='ocr_line' id='line_1_38' title="bbox 608 4324 1293 4416; baseline 0.001 -25"><span class='ocrx_word' id='word_1_227' title='bbox 608 4332 769 4393; x_wconf 92' lang='lat' dir='ltr'>sunt</span> <span class='ocrx_word' id='word_1_228' title='bbox 798 4346 936 4392; x_wconf 90' lang='lat' dir='ltr'>una</span> <span class='ocrx_word' id='word_1_229' title='bbox 973 4324 1293 4416; x_wconf 75' lang='lat' dir='ltr'>perfecta.</span> 
     </span>
    </p>
   </div>
   <div class='ocr_carea' id='block_1_4' title="bbox 602 4536 2158 5601">
    <p class='ocr_par' dir='ltr' id='par_1_6' title="bbox 602 4536 2158 5601">
     <span class='ocr_line' id='line_1_39' title="bbox 701 4536 2156 4628; baseline 0.001 -24"><span class='ocrx_word' id='word_1_230' title='bbox 701 4537 1011 4606; x_wconf 73' lang='lat' dir='ltr'>Somno.</span> <span class='ocrx_word' id='word_1_231' title='bbox 1066 4536 1446 4606; x_wconf 84' lang='lat' dir='ltr'>Dicendum</span> <span class='ocrx_word' id='word_1_232' title='bbox 1521 4539 1668 4605; x_wconf 89' lang='lat' dir='ltr'>sine</span> <span class='ocrx_word' id='word_1_233' title='bbox 1740 4536 2156 4628; x_wconf 61' lang='lat' dir='ltr'>praejudicio,</span> 
     </span>
     <span class='ocr_line' id='line_1_40' title="bbox 610 4643 2157 4736; baseline -0.001 -24"><span class='ocrx_word' id='word_1_234' title='bbox 610 4643 792 4735; x_wconf 90' lang='lat' dir='ltr'>quod</span> <span class='ocrx_word' id='word_1_235' title='bbox 834 4643 1041 4713; x_wconf 91' lang='lat' dir='ltr'>Pater</span> <span class='ocrx_word' id='word_1_236' title='bbox 1096 4651 1164 4712; x_wconf 92' lang='lat' dir='ltr'>et</span> <span class='ocrx_word' id='word_1_237' title='bbox 1223 4643 1435 4711; x_wconf 85' lang='lat' dir='ltr'>Filius</span> <span class='ocrx_word' id='word_1_238' title='bbox 1487 4645 1746 4736; x_wconf 88' lang='lat' dir='ltr'>spirant</span> <span class='ocrx_word' id='word_1_239' title='bbox 1831 4643 2157 4735; x_wconf 88' lang='lat' dir='ltr'>Spiritum</span> 
     </span>
     <span class='ocr_line' id='line_1_41' title="bbox 609 4753 2158 4843; baseline -0.001 -23"><span class='ocrx_word' id='word_1_240' title='bbox 609 4760 921 4820; x_wconf 87' lang='lat' dir='ltr'>sanctum</span> <span class='ocrx_word' id='word_1_241' title='bbox 946 4754 1016 4819; x_wconf 92' lang='lat' dir='ltr'>in</span> <span class='ocrx_word' id='word_1_242' title='bbox 1046 4759 1378 4843; x_wconf 89' lang='lat' dir='ltr'>quantum</span> <span class='ocrx_word' id='word_1_243' title='bbox 1403 4761 1562 4820; x_wconf 91' lang='lat' dir='ltr'>sunt</span> <span class='ocrx_word' id='word_1_244' title='bbox 1582 4775 1794 4819; x_wconf 89' lang='lat' dir='ltr'>unum</span> <span class='ocrx_word' id='word_1_245' title='bbox 1819 4754 1885 4820; x_wconf 91' lang='lat' dir='ltr'>in</span> <span class='ocrx_word' id='word_1_246' title='bbox 1911 4753 2158 4822; x_wconf 79' lang='lat' dir='ltr'>virtute</span> 
     </span>
     <span class='ocr_line' id='line_1_42' title="bbox 608 4859 2156 4951; baseline 0.001 -24"><span class='ocrx_word' id='word_1_247' title='bbox 608 4860 893 4951; x_wconf 82' lang='lat' dir='ltr'>spirali:</span> <span class='ocrx_word' id='word_1_248' title='bbox 949 4861 1123 4928; x_wconf 87' lang='lat' dir='ltr'>sicut</span> <span class='ocrx_word' id='word_1_249' title='bbox 1190 4859 1395 4928; x_wconf 87' lang='lat' dir='ltr'>Pater</span> <span class='ocrx_word' id='word_1_250' title='bbox 1457 4867 1734 4951; x_wconf 87' lang='lat' dir='ltr'>generat</span> <span class='ocrx_word' id='word_1_251' title='bbox 1797 4860 2035 4928; x_wconf 80' lang='lat' dir='ltr'>Filium</span> <span class='ocrx_word' id='word_1_252' title='bbox 2088 4861 2156 4928; x_wconf 91' lang='lat' dir='ltr'>in</span> 
     </span>
     <span class='ocr_line' id='line_1_43' title="bbox 608 4969 2151 5060; baseline 0.001 -25"><span class='ocrx_word' id='word_1_253' title='bbox 608 4975 942 5060; x_wconf 90' lang='lat' dir='ltr'>quantum</span> <span class='ocrx_word' id='word_1_254' title='bbox 1002 4969 1073 5036; x_wconf 92' lang='lat' dir='ltr'>in</span> <span class='ocrx_word' id='word_1_255' title='bbox 1120 4970 1270 5060; x_wconf 91' lang='lat' dir='ltr'>ipso</span> <span class='ocrx_word' id='word_1_256' title='bbox 1327 4978 1429 5037; x_wconf 88' lang='lat' dir='ltr'>est</span> <span class='ocrx_word' id='word_1_257' title='bbox 1466 4971 1683 5037; x_wconf 84' lang='lat' dir='ltr'>virtus</span> <span class='ocrx_word' id='word_1_258' title='bbox 1738 4971 2151 5060; x_wconf 83' lang='lat' dir='ltr'>generativa,</span> 
     </span>
     <span class='ocr_line' id='line_1_44' title="bbox 607 5075 2156 5167; baseline 0 -24"><span class='ocrx_word' id='word_1_259' title='bbox 607 5099 759 5167; x_wconf 80' lang='lat' dir='ltr'>quae</span> <span class='ocrx_word' id='word_1_260' title='bbox 799 5098 940 5144; x_wconf 91' lang='lat' dir='ltr'>non</span> <span class='ocrx_word' id='word_1_261' title='bbox 979 5085 1081 5145; x_wconf 87' lang='lat' dir='ltr'>est</span> <span class='ocrx_word' id='word_1_262' title='bbox 1110 5077 1181 5145; x_wconf 93' lang='lat' dir='ltr'>in</span> <span class='ocrx_word' id='word_1_263' title='bbox 1219 5075 1392 5145; x_wconf 91' lang='lat' dir='ltr'>Filio</span> <span class='ocrx_word' id='word_1_264' title='bbox 1431 5099 1556 5145; x_wconf 90' lang='lat' dir='ltr'>nec</span> <span class='ocrx_word' id='word_1_265' title='bbox 1593 5079 1662 5145; x_wconf 90' lang='lat' dir='ltr'>in</span> <span class='ocrx_word' id='word_1_266' title='bbox 1705 5075 1960 5167; x_wconf 88' lang='lat' dir='ltr'>Spiritu</span> <span class='ocrx_word' id='word_1_267' title='bbox 2002 5099 2156 5144; x_wconf 89' lang='lat' dir='ltr'>san-</span> 
     </span>
     <span class='ocr_line' id='line_1_45' title="bbox 604 5183 2154 5276; baseline -0.001 -24"><span class='ocrx_word' id='word_1_268' title='bbox 604 5192 737 5262; x_wconf 90' lang='lat' dir='ltr'>cto,</span> <span class='ocrx_word' id='word_1_269' title='bbox 764 5191 839 5251; x_wconf 93' lang='lat' dir='ltr'>ut</span> <span class='ocrx_word' id='word_1_270' title='bbox 859 5205 1066 5275; x_wconf 89' lang='lat' dir='ltr'>supra</span> <span class='ocrx_word' id='word_1_271' title='bbox 1084 5184 1449 5276; x_wconf 87' lang='lat' dir='ltr'>probatum</span> <span class='ocrx_word' id='word_1_272' title='bbox 1471 5195 1572 5253; x_wconf 89' lang='lat' dir='ltr'>est</span> <span class='ocrx_word' id='word_1_273' title='bbox 1591 5183 1614 5219; x_wconf 82' lang='lat'><strong>’</strong></span> <span class='ocrx_word' id='word_1_274' title='bbox 1640 5207 1655 5252; x_wconf 90' lang='lat'>:</span> <span class='ocrx_word' id='word_1_275' title='bbox 1682 5186 1906 5252; x_wconf 90' lang='lat' dir='ltr'>unitas</span> <span class='ocrx_word' id='word_1_276' title='bbox 1929 5194 2154 5253; x_wconf 90' lang='lat' dir='ltr'>autem</span> 
     </span>
     <span class='ocr_line' id='line_1_46' title="bbox 602 5294 2155 5387; baseline 0.001 -25"><span class='ocrx_word' id='word_1_277' title='bbox 602 5295 876 5363; x_wconf 90' lang='lat' dir='ltr'>virtutis</span> <span class='ocrx_word' id='word_1_278' title='bbox 941 5294 1210 5385; x_wconf 73' lang='lat' dir='ltr'>spiratis</span> <span class='ocrx_word' id='word_1_279' title='bbox 1284 5294 1756 5387; x_wconf 84' lang='lat' dir='ltr'>complectitur</span> <span class='ocrx_word' id='word_1_280' title='bbox 1826 5296 2155 5364; x_wconf 88' lang='lat' dir='ltr'>unitatem</span> 
     </span>
     <span class='ocr_line' id='line_1_47' title="bbox 604 5402 2154 5494; baseline 0.001 -25"><span class='ocrx_word' id='word_1_281' title='bbox 604 5404 936 5481; x_wconf 79' lang='lat' dir='ltr'>essentiae,</span> <span class='ocrx_word' id='word_1_282' title='bbox 970 5409 1036 5470; x_wconf 91' lang='lat' dir='ltr'>et</span> <span class='ocrx_word' id='word_1_283' title='bbox 1079 5404 1413 5471; x_wconf 87' lang='lat' dir='ltr'>unitatem</span> <span class='ocrx_word' id='word_1_284' title='bbox 1461 5404 1787 5487; x_wconf 88' lang='lat' dir='ltr'>notionis,</span> <span class='ocrx_word' id='word_1_285' title='bbox 1844 5425 1923 5471; x_wconf 90' lang='lat' dir='ltr'>eo</span> <span class='ocrx_word' id='word_1_286' title='bbox 1973 5402 2154 5494; x_wconf 89' lang='lat' dir='ltr'>quod</span> 
     </span>
     <span class='ocr_line' id='line_1_48' title="bbox 604 5509 2152 5601; baseline 0.001 -23"><span class='ocrx_word' id='word_1_287' title='bbox 604 5509 907 5578; x_wconf 88' lang='lat' dir='ltr'>medium</span> <span class='ocrx_word' id='word_1_288' title='bbox 949 5517 1051 5577; x_wconf 92' lang='lat' dir='ltr'>est</span> <span class='ocrx_word' id='word_1_289' title='bbox 1087 5510 1267 5579; x_wconf 88' lang='lat' dir='ltr'>inter</span> <span class='ocrx_word' id='word_1_290' title='bbox 1292 5534 1657 5601; x_wconf 84' lang='lat' dir='ltr'>personam</span> <span class='ocrx_word' id='word_1_291' title='bbox 1688 5520 1755 5581; x_wconf 87' lang='lat' dir='ltr'>et</span> <span class='ocrx_word' id='word_1_292' title='bbox 1792 5512 2152 5581; x_wconf 85' lang='lat' dir='ltr'>essentiam</span> 
     </span>
    </p>
   </div>
   <div class='ocr_carea' id='block_1_5' title="bbox 673 5743 1386 5817">
    <p class='ocr_par' dir='ltr' id='par_1_7' title="bbox 673 5743 1386 5817">
     <span class='ocr_line' id='line_1_49' title="bbox 673 5743 1386 5817; baseline 0 -17"><span class='ocrx_word' id='word_1_293' title='bbox 673 5748 691 5782; x_wconf 89' lang='lat'><strong>¹</strong></span> <span class='ocrx_word' id='word_1_294' title='bbox 722 5744 808 5801; x_wconf 74' lang='lat' dir='ltr'>Cf.</span> <span class='ocrx_word' id='word_1_295' title='bbox 837 5744 1054 5817; x_wconf 86' lang='lat' dir='ltr'>Supra,</span> <span class='ocrx_word' id='word_1_296' title='bbox 1084 5743 1233 5803; x_wconf 83' lang='lat' dir='ltr'>Dist.</span> <span class='ocrx_word' id='word_1_297' title='bbox 1268 5745 1386 5801; x_wconf 85' lang='lat' dir='ltr'>vn.</span> 
     </span>
    </p>
   </div>
   <div class='ocr_carea' id='block_1_6' title="bbox 1615 381 2825 452">
    <p class='ocr_par' dir='ltr' id='par_1_8' title="bbox 1615 381 2825 452">
     <span class='ocr_line' id='line_1_50' title="bbox 1615 381 2825 452; baseline -0.002 -2"><span class='ocrx_word' id='word_1_298' title='bbox 1615 382 1700 450; x_wconf 92' lang='lat' dir='ltr'>D.</span> <span class='ocrx_word' id='word_1_299' title='bbox 1750 382 1949 451; x_wconf 85' lang='lat' dir='ltr'>ALB.</span> <span class='ocrx_word' id='word_1_300' title='bbox 2000 382 2219 452; x_wconf 83' lang='lat' dir='ltr'><strong>MAG.</strong></span> <span class='ocrx_word' id='word_1_301' title='bbox 2272 382 2477 452; x_wconf 89' lang='lat' dir='ltr'>ORD.</span> <span class='ocrx_word' id='word_1_302' title='bbox 2529 381 2825 451; x_wconf 88' lang='lat' dir='ltr'>PRAED.</span> 
     </span>
    </p>
   </div>
   <div class='ocr_carea' id='block_1_7' title="bbox 2262 541 3819 1591">
    <p class='ocr_par' dir='ltr' id='par_1_9' title="bbox 2265 541 3819 1052">
     <span class='ocr_line' id='line_1_51' title="bbox 2267 541 3814 643; baseline -0.006 -18"><span class='ocrx_word' id='word_1_303' title='bbox 2267 541 2638 625; x_wconf 75' lang='lat' dir='ltr'>secundum</span> <span class='ocrx_word' id='word_1_304' title='bbox 2686 555 2965 624; x_wconf 91' lang='lat' dir='ltr'>modum</span> <span class='ocrx_word' id='word_1_305' title='bbox 3009 550 3457 643; x_wconf 87' lang='lat' dir='ltr'>intelligendi,</span> <span class='ocrx_word' id='word_1_306' title='bbox 3499 556 3575 616; x_wconf 90' lang='lat' dir='ltr'>ut</span> <span class='ocrx_word' id='word_1_307' title='bbox 3611 561 3814 638; x_wconf 80' lang='lat' dir='ltr'>su‘pra</span> 
     </span>
     <span class='ocr_line' id='line_1_52' title="bbox 2265 655 3818 754; baseline -0.008 -21"><span class='ocrx_word' id='word_1_308' title='bbox 2265 665 2625 754; x_wconf 90' lang='lat' dir='ltr'>probatum</span> <span class='ocrx_word' id='word_1_309' title='bbox 2669 671 2767 731; x_wconf 91' lang='lat' dir='ltr'>est</span> <span class='ocrx_word' id='word_1_310' title='bbox 2806 662 2887 729; x_wconf 91' lang='lat' dir='ltr'>de</span> <span class='ocrx_word' id='word_1_311' title='bbox 2940 662 3244 752; x_wconf 88' lang='lat' dir='ltr'>potentia</span> <span class='ocrx_word' id='word_1_312' title='bbox 3294 656 3688 750; x_wconf 86' lang='lat' dir='ltr'>generandi.</span> <span class='ocrx_word' id='word_1_313' title='bbox 3734 655 3818 722; x_wconf 90' lang='lat' dir='ltr'>Et</span> 
     </span>
     <span class='ocr_line' id='line_1_53' title="bbox 2267 762 3816 861; baseline -0.007 -24"><span class='ocrx_word' id='word_1_314' title='bbox 2267 772 2323 838; x_wconf 94' lang='lat' dir='ltr'>si</span> <span class='ocrx_word' id='word_1_315' title='bbox 2354 772 2699 861; x_wconf 69' lang='lat' dir='ltr'>quaeritur,</span> <span class='ocrx_word' id='word_1_316' title='bbox 2751 767 2901 859; x_wconf 81' lang='lat' dir='ltr'>quae</span> <span class='ocrx_word' id='word_1_317' title='bbox 2932 771 3019 835; x_wconf 89' lang='lat' dir='ltr'>sit</span> <span class='ocrx_word' id='word_1_318' title='bbox 3073 770 3202 835; x_wconf 86' lang='lat' dir='ltr'>ista</span> <span class='ocrx_word' id='word_1_319' title='bbox 3238 767 3455 834; x_wconf 86' lang='lat' dir='ltr'>virtus</span> <span class='ocrx_word' id='word_1_320' title='bbox 3493 762 3757 854; x_wconf 90' lang='lat' dir='ltr'>spiralis</span> <span class='ocrx_word' id='word_1_321' title='bbox 3785 763 3816 826; x_wconf 71' lang='grc' dir='ltr'>’ἶ</span> 
     </span>
     <span class='ocr_line' id='line_1_54' title="bbox 2266 868 3819 967; baseline -0.005 -25"><span class='ocrx_word' id='word_1_322' title='bbox 2266 878 2335 943; x_wconf 91' lang='lat' dir='ltr'>in</span> <span class='ocrx_word' id='word_1_323' title='bbox 2375 875 2681 967; x_wconf 87' lang='lat' dir='ltr'>sequenti</span> <span class='ocrx_word' id='word_1_324' title='bbox 2732 874 3131 964; x_wconf 70' lang='lat' dir='ltr'>quaestionis</span> <span class='ocrx_word' id='word_1_325' title='bbox 3169 872 3454 941; x_wconf 90' lang='lat' dir='ltr'>articulo</span> <span class='ocrx_word' id='word_1_326' title='bbox 3507 868 3819 939; x_wconf 90' lang='lat' dir='ltr'>determi-</span> 
     </span>
     <span class='ocr_line' id='line_1_55' title="bbox 2268 984 2563 1052; baseline -0.007 0"><span class='ocrx_word' id='word_1_327' title='bbox 2268 984 2563 1052; x_wconf 88' lang='lat' dir='ltr'>nabitur.</span> 
     </span>
    </p>

    <p class='ocr_par' dir='ltr' id='par_1_10' title="bbox 2262 1083 3817 1591">
     <span class='ocr_line' id='line_1_56' title="bbox 2351 1083 3817 1179; baseline -0.004 -23"><span class='ocrx_word' id='word_1_328' title='bbox 2351 1089 2457 1156; x_wconf 84' lang='lat' dir='ltr'>An</span> <span class='ocrx_word' id='word_1_329' title='bbox 2495 1112 2749 1156; x_wconf 74' lang='lat' dir='ltr'>ramim</span> <span class='ocrx_word' id='word_1_330' title='bbox 2789 1109 2950 1179; x_wconf 89' lang='lat' dir='ltr'>ergo</span> <span class='ocrx_word' id='word_1_331' title='bbox 2992 1086 3382 1168; x_wconf 88' lang='lat' dir='ltr'>dicendum,</span> <span class='ocrx_word' id='word_1_332' title='bbox 3436 1085 3619 1175; x_wconf 90' lang='lat' dir='ltr'>quod</span> <span class='ocrx_word' id='word_1_333' title='bbox 3666 1083 3817 1150; x_wconf 87' lang='lat' dir='ltr'>An-</span> 
     </span>
     <span class='ocr_line' id='line_1_57' title="bbox 2263 1195 3815 1287; baseline -0.006 -18"><span class='ocrx_word' id='word_1_334' title='bbox 2263 1198 2515 1269; x_wconf 88' lang='lat' dir='ltr'>selmus</span> <span class='ocrx_word' id='word_1_335' title='bbox 2573 1199 2737 1267; x_wconf 92' lang='lat' dir='ltr'>dicit</span> <span class='ocrx_word' id='word_1_336' title='bbox 2789 1221 3056 1278; x_wconf 89' lang='lat' dir='ltr'>verum,</span> <span class='ocrx_word' id='word_1_337' title='bbox 3121 1195 3307 1287; x_wconf 93' lang='lat' dir='ltr'>quod</span> <span class='ocrx_word' id='word_1_338' title='bbox 3377 1195 3669 1264; x_wconf 87' lang='lat' dir='ltr'>essentia</span> <span class='ocrx_word' id='word_1_339' title='bbox 3716 1202 3815 1260; x_wconf 90' lang='lat' dir='ltr'>est</span> 
     </span>
     <span class='ocr_line' id='line_1_58' title="bbox 2264 1303 3815 1397; baseline -0.005 -22"><span class='ocrx_word' id='word_1_340' title='bbox 2264 1329 2471 1375; x_wconf 89' lang='lat' dir='ltr'>causa</span> <span class='ocrx_word' id='word_1_341' title='bbox 2510 1309 2683 1375; x_wconf 89' lang='lat' dir='ltr'>sicut</span> <span class='ocrx_word' id='word_1_342' title='bbox 2720 1307 2789 1374; x_wconf 92' lang='lat' dir='ltr'>in</span> <span class='ocrx_word' id='word_1_343' title='bbox 2821 1329 2957 1397; x_wconf 89' lang='lat' dir='ltr'>qua</span> <span class='ocrx_word' id='word_1_344' title='bbox 2991 1314 3071 1373; x_wconf 92' lang='lat' dir='ltr'>ut</span> <span class='ocrx_word' id='word_1_345' title='bbox 3107 1307 3176 1372; x_wconf 91' lang='lat' dir='ltr'>in</span> <span class='ocrx_word' id='word_1_346' title='bbox 3208 1304 3432 1372; x_wconf 88' lang='lat' dir='ltr'>radice</span> <span class='ocrx_word' id='word_1_347' title='bbox 3464 1310 3564 1370; x_wconf 90' lang='lat' dir='ltr'>est</span> <span class='ocrx_word' id='word_1_348' title='bbox 3599 1303 3815 1369; x_wconf 80' lang='lat' dir='ltr'>virtus</span> 
     </span>
     <span class='ocr_line' id='line_1_59' title="bbox 2263 1409 3815 1484; baseline -0.003 -3"><span class='ocrx_word' id='word_1_349' title='bbox 2263 1415 2380 1484; x_wconf 90' lang='lat' dir='ltr'>illa</span> <span class='ocrx_word' id='word_1_350' title='bbox 2416 1439 2430 1483; x_wconf 74' lang='grc' dir='ltr'>ε</span> <span class='ocrx_word' id='word_1_351' title='bbox 2465 1416 2579 1483; x_wconf 91' lang='lat' dir='ltr'>sed</span> <span class='ocrx_word' id='word_1_352' title='bbox 2613 1438 2751 1484; x_wconf 94' lang='lat' dir='ltr'>non</span> <span class='ocrx_word' id='word_1_353' title='bbox 2782 1422 3013 1483; x_wconf 89' lang='lat' dir='ltr'>tamen</span> <span class='ocrx_word' id='word_1_354' title='bbox 3043 1413 3190 1482; x_wconf 90' lang='lat' dir='ltr'>sola</span> <span class='ocrx_word' id='word_1_355' title='bbox 3218 1413 3513 1482; x_wconf 90' lang='lat' dir='ltr'>essentia</span> <span class='ocrx_word' id='word_1_356' title='bbox 3542 1419 3644 1480; x_wconf 91' lang='lat' dir='ltr'>est</span> <span class='ocrx_word' id='word_1_357' title='bbox 3680 1409 3815 1478; x_wconf 88' lang='lat' dir='ltr'>suf-</span> 
     </span>
     <span class='ocr_line' id='line_1_60' title="bbox 2262 1523 2755 1591; baseline 0 0"><span class='ocrx_word' id='word_1_358' title='bbox 2262 1523 2493 1591; x_wconf 83' lang='lat' dir='ltr'>ficiens</span> <span class='ocrx_word' id='word_1_359' title='bbox 2531 1545 2755 1591; x_wconf 90' lang='lat' dir='ltr'>causa.</span> 
     </span>
    </p>
   </div>
   <div class='ocr_carea' id='block_1_8' title="bbox 2229 1626 4162 1828">
    <p class='ocr_par' dir='ltr' id='par_1_11' title="bbox 2229 1626 4162 1828">
     <span class='ocr_line' id='line_1_61' title="bbox 2348 1626 4162 1721; baseline -0.002 -23"><span class='ocrx_word' id='word_1_360' title='bbox 2348 1631 2453 1699; x_wconf 86' lang='lat' dir='ltr'>An</span> <span class='ocrx_word' id='word_1_361' title='bbox 2492 1655 2555 1699; x_wconf 82' lang='grc' dir='ltr'>ιι)</span> <span class='ocrx_word' id='word_1_362' title='bbox 2584 1639 2811 1700; x_wconf 90' lang='lat' dir='ltr'>autem</span> <span class='ocrx_word' id='word_1_363' title='bbox 2852 1628 3037 1721; x_wconf 92' lang='lat' dir='ltr'>quod</span> <span class='ocrx_word' id='word_1_364' title='bbox 3065 1638 3302 1699; x_wconf 88' lang='lat' dir='ltr'>contra</span> <span class='ocrx_word' id='word_1_365' title='bbox 3340 1628 3678 1718; x_wconf 88' lang='lat' dir='ltr'>objicitur,</span> <span class='ocrx_word' id='word_1_366' title='bbox 3712 1626 3809 1694; x_wconf 91' lang='lat' dir='ltr'>di·</span> <span class='ocrx_word' id='word_1_367' title='bbox 3836 1646 3916 1694; x_wconf 69' lang='lat' dir='ltr'>ad</span> <span class='ocrx_word' id='word_1_368' title='bbox 3930 1643 4162 1703; x_wconf 64' lang='lat' dir='ltr'>osseam.</span> 
     </span>
     <span class='ocr_line' id='line_1_62' title="bbox 2229 1736 4015 1828; baseline -0.006 -20"><span class='ocrx_word' id='word_1_369' title='bbox 2229 1737 2549 1808; x_wconf 77' lang='lat' dir='ltr'>,cendum</span> <span class='ocrx_word' id='word_1_370' title='bbox 2580 1746 2658 1805; x_wconf 91' lang='lat' dir='ltr'>ut</span> <span class='ocrx_word' id='word_1_371' title='bbox 2690 1760 2890 1828; x_wconf 90' lang='lat' dir='ltr'>supra</span> <span class='ocrx_word' id='word_1_372' title='bbox 2933 1736 3013 1804; x_wconf 90' lang='lat' dir='ltr'>de</span> <span class='ocrx_word' id='word_1_373' title='bbox 3045 1737 3350 1826; x_wconf 87' lang='lat' dir='ltr'>potentia</span> <span class='ocrx_word' id='word_1_374' title='bbox 3388 1736 3804 1825; x_wconf 81' lang='lat' dir='ltr'>generativa,</span> <span class='ocrx_word' id='word_1_375' title='bbox 4009 1747 4015 1753; x_wconf 86' lang='grc'><em>·</em></span> 
     </span>
    </p>
   </div>
   <div class='ocr_carea' id='block_1_9' title="bbox 2260 1846 3813 2588">
    <p class='ocr_par' dir='ltr' id='par_1_12' title="bbox 2260 1846 3813 2588">
     <span class='ocr_line' id='line_1_63' title="bbox 2263 1846 3813 1938; baseline -0.003 -24"><span class='ocrx_word' id='word_1_376' title='bbox 2263 1848 2446 1938; x_wconf 93' lang='lat' dir='ltr'>quod</span> <span class='ocrx_word' id='word_1_377' title='bbox 2483 1846 2637 1915; x_wconf 88' lang='lat' dir='ltr'>licet</span> <span class='ocrx_word' id='word_1_378' title='bbox 2663 1870 2800 1915; x_wconf 91' lang='lat' dir='ltr'>una</span> <span class='ocrx_word' id='word_1_379' title='bbox 2827 1848 2914 1915; x_wconf 91' lang='lat' dir='ltr'>sit</span> <span class='ocrx_word' id='word_1_380' title='bbox 2941 1846 3233 1915; x_wconf 89' lang='lat' dir='ltr'>essentia</span> <span class='ocrx_word' id='word_1_381' title='bbox 3261 1847 3496 1924; x_wconf 90' lang='lat' dir='ltr'>trium,</span> <span class='ocrx_word' id='word_1_382' title='bbox 3548 1866 3685 1911; x_wconf 92' lang='lat' dir='ltr'>non</span> <span class='ocrx_word' id='word_1_383' title='bbox 3715 1850 3813 1910; x_wconf 89' lang='lat' dir='ltr'>ta-</span> 
     </span>
     <span class='ocr_line' id='line_1_64' title="bbox 2264 1949 3812 2045; baseline -0.004 -21"><span class='ocrx_word' id='word_1_384' title='bbox 2264 1979 2420 2024; x_wconf 91' lang='lat' dir='ltr'>men</span> <span class='ocrx_word' id='word_1_385' title='bbox 2467 1957 2699 2024; x_wconf 90' lang='lat' dir='ltr'>eadem</span> <span class='ocrx_word' id='word_1_386' title='bbox 2753 1962 2856 2024; x_wconf 89' lang='lat' dir='ltr'>est</span> <span class='ocrx_word' id='word_1_387' title='bbox 2910 1955 3328 2045; x_wconf 88' lang='lat' dir='ltr'>comparatio</span> <span class='ocrx_word' id='word_1_388' title='bbox 3370 1953 3679 2021; x_wconf 85' lang='lat' dir='ltr'>essentiae</span> <span class='ocrx_word' id='word_1_389' title='bbox 3726 1949 3812 2019; x_wconf 88' lang='lat' dir='ltr'>ad</span> 
     </span>
     <span class='ocr_line' id='line_1_65' title="bbox 2260 2060 3806 2151; baseline -0.004 -18"><span class='ocrx_word' id='word_1_390' title='bbox 2260 2065 2573 2134; x_wconf 88' lang='lat' dir='ltr'>notiones</span> <span class='ocrx_word' id='word_1_391' title='bbox 2610 2072 2679 2133; x_wconf 87' lang='lat' dir='ltr'>et</span> <span class='ocrx_word' id='word_1_392' title='bbox 2722 2062 3085 2132; x_wconf 87' lang='lat' dir='ltr'>relationes</span> <span class='ocrx_word' id='word_1_393' title='bbox 3153 2063 3222 2130; x_wconf 89' lang='lat' dir='ltr'>in</span> <span class='ocrx_word' id='word_1_394' title='bbox 3264 2060 3478 2130; x_wconf 89' lang='lat' dir='ltr'>tribus</span> <span class='ocrx_word' id='word_1_395' title='bbox 3515 2083 3531 2128; x_wconf 88' lang='lat'>:</span> <span class='ocrx_word' id='word_1_396' title='bbox 3573 2061 3806 2151; x_wconf 66' lang='lat' dir='ltr'>praeci·</span> 
     </span>
     <span class='ocr_line' id='line_1_66' title="bbox 2260 2169 3810 2265; baseline -0.005 -23"><span class='ocrx_word' id='word_1_397' title='bbox 2260 2196 2393 2265; x_wconf 90' lang='lat' dir='ltr'>pue</span> <span class='ocrx_word' id='word_1_398' title='bbox 2421 2175 2580 2265; x_wconf 90' lang='lat' dir='ltr'>quia</span> <span class='ocrx_word' id='word_1_399' title='bbox 2618 2172 2926 2264; x_wconf 88' lang='lat' dir='ltr'>potentia</span> <span class='ocrx_word' id='word_1_400' title='bbox 2962 2171 3126 2240; x_wconf 88' lang='lat' dir='ltr'>dicit</span> <span class='ocrx_word' id='word_1_401' title='bbox 3163 2172 3529 2240; x_wconf 87' lang='lat' dir='ltr'>essentiam</span> <span class='ocrx_word' id='word_1_402' title='bbox 3566 2169 3638 2236; x_wconf 90' lang='lat' dir='ltr'>in</span> <span class='ocrx_word' id='word_1_403' title='bbox 3683 2191 3810 2259; x_wconf 88' lang='lat' dir='ltr'>po-</span> 
     </span>
     <span class='ocr_line' id='line_1_67' title="bbox 2260 2278 3808 2361; baseline -0.005 -11"><span class='ocrx_word' id='word_1_404' title='bbox 2260 2289 2469 2361; x_wconf 89' lang='lat' dir='ltr'>tente,</span> <span class='ocrx_word' id='word_1_405' title='bbox 2503 2289 2569 2350; x_wconf 90' lang='lat' dir='ltr'>et</span> <span class='ocrx_word' id='word_1_406' title='bbox 2606 2304 2744 2350; x_wconf 90' lang='lat' dir='ltr'>non</span> <span class='ocrx_word' id='word_1_407' title='bbox 2782 2284 2855 2350; x_wconf 91' lang='lat' dir='ltr'>in</span> <span class='ocrx_word' id='word_1_408' title='bbox 2893 2302 2989 2361; x_wconf 83' lang='lat' dir='ltr'>se.</span> <span class='ocrx_word' id='word_1_409' title='bbox 3031 2278 3202 2349; x_wconf 91' lang='lat' dir='ltr'>Dico</span> <span class='ocrx_word' id='word_1_410' title='bbox 3241 2286 3471 2348; x_wconf 90' lang='lat' dir='ltr'>autem</span> <span class='ocrx_word' id='word_1_411' title='bbox 3499 2300 3637 2346; x_wconf 93' lang='lat' dir='ltr'>non</span> <span class='ocrx_word' id='word_1_412' title='bbox 3666 2298 3808 2344; x_wconf 87' lang='lat' dir='ltr'>esse</span> 
     </span>
     <span class='ocr_line' id='line_1_68' title="bbox 2263 2385 3810 2481; baseline -0.003 -24"><span class='ocrx_word' id='word_1_413' title='bbox 2263 2412 2469 2458; x_wconf 90' lang='lat' dir='ltr'>unam</span> <span class='ocrx_word' id='word_1_414' title='bbox 2499 2392 3102 2481; x_wconf 88' lang='lat' dir='ltr'>comparationem,</span> <span class='ocrx_word' id='word_1_415' title='bbox 3136 2387 3297 2478; x_wconf 90' lang='lat' dir='ltr'>quia</span> <span class='ocrx_word' id='word_1_416' title='bbox 3325 2409 3465 2454; x_wconf 94' lang='lat' dir='ltr'>non</span> <span class='ocrx_word' id='word_1_417' title='bbox 3495 2385 3581 2454; x_wconf 91' lang='lat' dir='ltr'>ad</span> <span class='ocrx_word' id='word_1_418' title='bbox 3617 2406 3810 2453; x_wconf 89' lang='lat' dir='ltr'>eam-</span> 
     </span>
     <span class='ocr_line' id='line_1_69' title="bbox 2263 2494 3625 2588; baseline -0.001 -23"><span class='ocrx_word' id='word_1_419' title='bbox 2263 2497 2418 2566; x_wconf 89' lang='lat' dir='ltr'>dem</span> <span class='ocrx_word' id='word_1_420' title='bbox 2443 2500 2773 2568; x_wconf 89' lang='lat' dir='ltr'>rationem</span> <span class='ocrx_word' id='word_1_421' title='bbox 2805 2505 3240 2588; x_wconf 89' lang='lat' dir='ltr'>comparatur</span> <span class='ocrx_word' id='word_1_422' title='bbox 3275 2497 3348 2563; x_wconf 90' lang='lat' dir='ltr'>in</span> <span class='ocrx_word' id='word_1_423' title='bbox 3386 2494 3625 2565; x_wconf 77' lang='lat' dir='ltr'>tribuS.</span> 
     </span>
    </p>
   </div>
   <div class='ocr_carea' id='block_1_10' title="bbox 2351 2602 4152 2696">
    <p class='ocr_par' dir='ltr' id='par_1_13' title="bbox 2351 2602 4152 2696">
     <span class='ocr_line' id='line_1_70' title="bbox 2351 2602 4152 2696; baseline -0.002 -23"><span class='ocrx_word' id='word_1_424' title='bbox 2351 2606 2457 2673; x_wconf 84' lang='lat' dir='ltr'>An</span> <span class='ocrx_word' id='word_1_425' title='bbox 2497 2629 2559 2673; x_wconf 81' lang='grc' dir='ltr'>ιι)</span> <span class='ocrx_word' id='word_1_426' title='bbox 2590 2615 2815 2674; x_wconf 90' lang='lat' dir='ltr'>autem</span> <span class='ocrx_word' id='word_1_427' title='bbox 2869 2604 3054 2696; x_wconf 89' lang='lat' dir='ltr'>quod</span> <span class='ocrx_word' id='word_1_428' title='bbox 3092 2604 3432 2693; x_wconf 86' lang='lat' dir='ltr'>objicitur,</span> <span class='ocrx_word' id='word_1_429' title='bbox 3482 2602 3664 2694; x_wconf 90' lang='lat' dir='ltr'>quod</span> <span class='ocrx_word' id='word_1_430' title='bbox 3702 2625 3807 2670; x_wconf 90' lang='lat' dir='ltr'>es·</span> <span class='ocrx_word' id='word_1_431' title='bbox 3837 2617 3909 2660; x_wconf 69' lang='lat' dir='ltr'>Ad</span> <span class='ocrx_word' id='word_1_432' title='bbox 3927 2612 4152 2671; x_wconf 68' lang='lat' dir='ltr'>object-²·</span> 
     </span>
    </p>
   </div>
   <div class='ocr_carea' id='block_1_11' title="bbox 2263 2710 3817 3779">
    <p class='ocr_par' dir='ltr' id='par_1_14' title="bbox 2263 2710 3817 3779">
     <span class='ocr_line' id='line_1_71' title="bbox 2263 2710 3812 2800; baseline -0.003 -18"><span class='ocrx_word' id='word_1_433' title='bbox 2263 2715 2483 2782; x_wconf 88' lang='lat' dir='ltr'>sentia</span> <span class='ocrx_word' id='word_1_434' title='bbox 2519 2712 2890 2782; x_wconf 88' lang='lat' dir='ltr'>secundum</span> <span class='ocrx_word' id='word_1_435' title='bbox 2930 2710 3063 2781; x_wconf 87' lang='lat' dir='ltr'>hoc</span> <span class='ocrx_word' id='word_1_436' title='bbox 3113 2710 3606 2779; x_wconf 88' lang='lat' dir='ltr'>determinatur</span> <span class='ocrx_word' id='word_1_437' title='bbox 3644 2731 3812 2800; x_wconf 91' lang='lat' dir='ltr'>pro-</span> 
     </span>
     <span class='ocr_line' id='line_1_72' title="bbox 2265 2817 3812 2912; baseline -0.004 -23"><span class='ocrx_word' id='word_1_438' title='bbox 2265 2823 2571 2912; x_wconf 90' lang='lat' dir='ltr'>prietate,</span> <span class='ocrx_word' id='word_1_439' title='bbox 2605 2819 3007 2900; x_wconf 88' lang='lat' dir='ltr'>Dicendum,</span> <span class='ocrx_word' id='word_1_440' title='bbox 3033 2817 3483 2910; x_wconf 83' lang='lat' dir='ltr'>quodfalsum</span> <span class='ocrx_word' id='word_1_441' title='bbox 3506 2825 3646 2886; x_wconf 87' lang='lat' dir='ltr'>est:</span> <span class='ocrx_word' id='word_1_442' title='bbox 3674 2839 3812 2884; x_wconf 89' lang='lat' dir='ltr'>non</span> 
     </span>
     <span class='ocr_line' id='line_1_73' title="bbox 2266 2923 3816 3015; baseline -0.005 -17"><span class='ocrx_word' id='word_1_443' title='bbox 2266 2928 2448 2998; x_wconf 89' lang='lat' dir='ltr'>enim</span> <span class='ocrx_word' id='word_1_444' title='bbox 2507 2927 2683 2995; x_wconf 90' lang='lat' dir='ltr'>idem</span> <span class='ocrx_word' id='word_1_445' title='bbox 2735 2935 2836 2996; x_wconf 90' lang='lat' dir='ltr'>est</span> <span class='ocrx_word' id='word_1_446' title='bbox 2873 2926 3236 2995; x_wconf 87' lang='lat' dir='ltr'>essentiam</span> <span class='ocrx_word' id='word_1_447' title='bbox 3293 2947 3688 3015; x_wconf 88' lang='lat' dir='ltr'>comparare</span> <span class='ocrx_word' id='word_1_448' title='bbox 3730 2923 3816 2991; x_wconf 84' lang='lat' dir='ltr'>ad</span> 
     </span>
     <span class='ocr_line' id='line_1_74' title="bbox 2269 3032 3815 3128; baseline -0.002 -24"><span class='ocrx_word' id='word_1_449' title='bbox 2269 3037 2747 3128; x_wconf 89' lang='lat' dir='ltr'>proprietatem</span> <span class='ocrx_word' id='word_1_450' title='bbox 2812 3057 2933 3125; x_wconf 90' lang='lat' dir='ltr'>per</span> <span class='ocrx_word' id='word_1_451' title='bbox 2994 3033 3415 3104; x_wconf 86' lang='lat' dir='ltr'>identitatem</span> <span class='ocrx_word' id='word_1_452' title='bbox 3475 3056 3631 3102; x_wconf 89' lang='lat' dir='ltr'>cum</span> <span class='ocrx_word' id='word_1_453' title='bbox 3688 3032 3815 3101; x_wconf 79' lang='lat' dir='ltr'>liac</span> 
     </span>
     <span class='ocr_line' id='line_1_75' title="bbox 2266 3140 3810 3236; baseline -0.002 -23"><span class='ocrx_word' id='word_1_454' title='bbox 2266 3165 2555 3236; x_wconf 91' lang='lat' dir='ltr'>persona</span> <span class='ocrx_word' id='word_1_455' title='bbox 2616 3142 2726 3213; x_wconf 85' lang='lat' dir='ltr'>vel</span> <span class='ocrx_word' id='word_1_456' title='bbox 2764 3141 2880 3211; x_wconf 86' lang='lat' dir='ltr'>illa</span> <span class='ocrx_word' id='word_1_457' title='bbox 2936 3141 3120 3234; x_wconf 89' lang='lat' dir='ltr'>quod</span> <span class='ocrx_word' id='word_1_458' title='bbox 3178 3149 3279 3212; x_wconf 88' lang='lat' dir='ltr'>est</span> <span class='ocrx_word' id='word_1_459' title='bbox 3325 3140 3810 3211; x_wconf 86' lang='lat' dir='ltr'>determinari:</span> 
     </span>
     <span class='ocr_line' id='line_1_76' title="bbox 2266 3252 3817 3346; baseline -0.001 -25"><span class='ocrx_word' id='word_1_460' title='bbox 2266 3255 2425 3346; x_wconf 89' lang='lat' dir='ltr'>quia</span> <span class='ocrx_word' id='word_1_461' title='bbox 2482 3254 2915 3322; x_wconf 89' lang='lat' dir='ltr'>determinari</span> <span class='ocrx_word' id='word_1_462' title='bbox 2971 3261 3076 3321; x_wconf 89' lang='lat' dir='ltr'>est</span> <span class='ocrx_word' id='word_1_463' title='bbox 3131 3252 3456 3343; x_wconf 85' lang='lat' dir='ltr'>distingui</span> <span class='ocrx_word' id='word_1_464' title='bbox 3509 3253 3817 3343; x_wconf 90' lang='lat' dir='ltr'>proprie-</span> 
     </span>
     <span class='ocr_line' id='line_1_77' title="bbox 2263 3358 3815 3453; baseline -0.002 -23"><span class='ocrx_word' id='word_1_465' title='bbox 2263 3370 2401 3431; x_wconf 85' lang='lat' dir='ltr'>tate</span> <span class='ocrx_word' id='word_1_466' title='bbox 2435 3385 2452 3429; x_wconf 91' lang='lat'><strong>:</strong></span> <span class='ocrx_word' id='word_1_467' title='bbox 2485 3361 2878 3453; x_wconf 83' lang='lat' dir='ltr'>comparare</span> <span class='ocrx_word' id='word_1_468' title='bbox 2908 3368 3137 3429; x_wconf 88' lang='lat' dir='ltr'>autem</span> <span class='ocrx_word' id='word_1_469' title='bbox 3179 3358 3262 3428; x_wconf 87' lang='lat' dir='ltr'>ad</span> <span class='ocrx_word' id='word_1_470' title='bbox 3293 3358 3424 3428; x_wconf 85' lang='lat' dir='ltr'>hoc</span> <span class='ocrx_word' id='word_1_471' title='bbox 3453 3369 3555 3428; x_wconf 87' lang='lat' dir='ltr'>est</span> <span class='ocrx_word' id='word_1_472' title='bbox 3591 3383 3815 3428; x_wconf 88' lang='lat' dir='ltr'>essen-</span> 
     </span>
     <span class='ocr_line' id='line_1_78' title="bbox 2265 3470 3813 3562; baseline -0.003 -21"><span class='ocrx_word' id='word_1_473' title='bbox 2265 3473 2429 3541; x_wconf 90' lang='lat' dir='ltr'>tiam</span> <span class='ocrx_word' id='word_1_474' title='bbox 2470 3474 2538 3542; x_wconf 92' lang='lat' dir='ltr'>in</span> <span class='ocrx_word' id='word_1_475' title='bbox 2596 3470 2724 3541; x_wconf 88' lang='lat' dir='ltr'>hac</span> <span class='ocrx_word' id='word_1_476' title='bbox 2770 3470 2880 3540; x_wconf 90' lang='lat' dir='ltr'>vel</span> <span class='ocrx_word' id='word_1_477' title='bbox 2946 3470 3063 3539; x_wconf 89' lang='lat' dir='ltr'>illa</span> <span class='ocrx_word' id='word_1_478' title='bbox 3116 3493 3409 3562; x_wconf 89' lang='lat' dir='ltr'>persona</span> <span class='ocrx_word' id='word_1_479' title='bbox 3460 3471 3813 3540; x_wconf 89' lang='lat' dir='ltr'>ostendere</span> 
     </span>
     <span class='ocr_line' id='line_1_79' title="bbox 2265 3577 3816 3671; baseline 0.001 -23"><span class='ocrx_word' id='word_1_480' title='bbox 2265 3580 2443 3650; x_wconf 87' lang='lat' dir='ltr'>idem</span> <span class='ocrx_word' id='word_1_481' title='bbox 2484 3580 2605 3661; x_wconf 89' lang='lat' dir='ltr'>illi,</span> <span class='ocrx_word' id='word_1_482' title='bbox 2641 3588 2708 3649; x_wconf 90' lang='lat' dir='ltr'>et</span> <span class='ocrx_word' id='word_1_483' title='bbox 2744 3601 3021 3649; x_wconf 85' lang='lat' dir='ltr'>causare</span> <span class='ocrx_word' id='word_1_484' title='bbox 3060 3577 3403 3648; x_wconf 88' lang='lat' dir='ltr'>naturales</span> <span class='ocrx_word' id='word_1_485' title='bbox 3440 3579 3512 3648; x_wconf 90' lang='lat' dir='ltr'>in</span> <span class='ocrx_word' id='word_1_486' title='bbox 3552 3602 3629 3649; x_wconf 87' lang='lat' dir='ltr'>ea</span> <span class='ocrx_word' id='word_1_487' title='bbox 3659 3602 3816 3671; x_wconf 86' lang='lat' dir='ltr'>ope·</span> 
     </span>
     <span class='ocr_line' id='line_1_80' title="bbox 2264 3688 3542 3779; baseline -0.002 -22"><span class='ocrx_word' id='word_1_488' title='bbox 2264 3690 2563 3758; x_wconf 88' lang='lat' dir='ltr'>rationes</span> <span class='ocrx_word' id='word_1_489' title='bbox 2601 3696 2803 3779; x_wconf 88' lang='lat' dir='ltr'>prout</span> <span class='ocrx_word' id='word_1_490' title='bbox 2839 3688 3141 3779; x_wconf 88' lang='lat' dir='ltr'>potentia</span> <span class='ocrx_word' id='word_1_491' title='bbox 3173 3694 3272 3755; x_wconf 93' lang='lat' dir='ltr'>est</span> <span class='ocrx_word' id='word_1_492' title='bbox 3312 3709 3542 3755; x_wconf 87' lang='lat' dir='ltr'>causa.</span> 
     </span>
    </p>
   </div>
   <div class='ocr_carea' id='block_1_12' title="bbox 2350 3793 4155 3887">
    <p class='ocr_par' dir='ltr' id='par_1_15' title="bbox 2350 3793 4155 3887">
     <span class='ocr_line' id='line_1_81' title="bbox 2350 3793 4155 3887; baseline -0.002 -24"><span class='ocrx_word' id='word_1_493' title='bbox 2350 3796 2456 3863; x_wconf 84' lang='lat' dir='ltr'>An</span> <span class='ocrx_word' id='word_1_494' title='bbox 2492 3818 2557 3864; x_wconf 86' lang='grc' dir='ltr'>ιιι</span> <span class='ocrx_word' id='word_1_495' title='bbox 2596 3794 2777 3887; x_wconf 87' lang='lat' dir='ltr'>quod</span> <span class='ocrx_word' id='word_1_496' title='bbox 2827 3794 3167 3884; x_wconf 86' lang='lat' dir='ltr'>objicitur,</span> <span class='ocrx_word' id='word_1_497' title='bbox 3236 3793 3423 3886; x_wconf 88' lang='lat' dir='ltr'>quod</span> <span class='ocrx_word' id='word_1_498' title='bbox 3479 3796 3668 3863; x_wconf 89' lang='lat' dir='ltr'>notio</span> <span class='ocrx_word' id='word_1_499' title='bbox 3726 3796 3812 3863; x_wconf 91' lang='lat' dir='ltr'>sit</span> <span class='ocrx_word' id='word_1_500' title='bbox 3839 3800 4155 3861; x_wconf 55' lang='lat' dir='ltr'>Nobi-ess-</span> 
     </span>
    </p>
   </div>
   <div class='ocr_carea' id='block_1_13' title="bbox 2261 3903 3812 4732">
    <p class='ocr_par' dir='ltr' id='par_1_16' title="bbox 2261 3903 3812 4732">
     <span class='ocr_line' id='line_1_82' title="bbox 2263 3903 3806 3998; baseline -0.002 -24"><span class='ocrx_word' id='word_1_501' title='bbox 2263 3913 2415 3998; x_wconf 89' lang='lat' dir='ltr'>post</span> <span class='ocrx_word' id='word_1_502' title='bbox 2445 3913 2667 3973; x_wconf 88' lang='lat' dir='ltr'>actum</span> <span class='ocrx_word' id='word_1_503' title='bbox 2712 3903 3011 3997; x_wconf 87' lang='lat' dir='ltr'>spirandi</span> <span class='ocrx_word' id='word_1_504' title='bbox 3059 3903 3435 3972; x_wconf 86' lang='lat' dir='ltr'>secundum</span> <span class='ocrx_word' id='word_1_505' title='bbox 3475 3905 3806 3972; x_wconf 89' lang='lat' dir='ltr'>rationem</span> 
     </span>
     <span class='ocr_line' id='line_1_83' title="bbox 2263 4012 3807 4106; baseline -0.001 -24"><span class='ocrx_word' id='word_1_506' title='bbox 2263 4014 2707 4106; x_wconf 83' lang='lat' dir='ltr'>intelligendi,</span> <span class='ocrx_word' id='word_1_507' title='bbox 2750 4012 3156 4094; x_wconf 87' lang='lat' dir='ltr'>Dicendum,</span> <span class='ocrx_word' id='word_1_508' title='bbox 3200 4013 3385 4105; x_wconf 87' lang='lat' dir='ltr'>quod</span> <span class='ocrx_word' id='word_1_509' title='bbox 3435 4014 3505 4081; x_wconf 93' lang='lat' dir='ltr'>in</span> <span class='ocrx_word' id='word_1_510' title='bbox 3561 4013 3807 4082; x_wconf 81' lang='lat' dir='ltr'>divinis</span> 
     </span>
     <span class='ocr_line' id='line_1_84' title="bbox 2262 4124 3808 4214; baseline 0.001 -22"><span class='ocrx_word' id='word_1_511' title='bbox 2262 4146 2402 4192; x_wconf 90' lang='lat' dir='ltr'>non</span> <span class='ocrx_word' id='word_1_512' title='bbox 2451 4130 2553 4190; x_wconf 88' lang='lat' dir='ltr'>est</span> <span class='ocrx_word' id='word_1_513' title='bbox 2586 4144 2867 4191; x_wconf 86' lang='lat' dir='ltr'>verum:</span> <span class='ocrx_word' id='word_1_514' title='bbox 2913 4145 3051 4191; x_wconf 91' lang='lat' dir='ltr'>non</span> <span class='ocrx_word' id='word_1_515' title='bbox 3105 4124 3287 4191; x_wconf 89' lang='lat' dir='ltr'>enim</span> <span class='ocrx_word' id='word_1_516' title='bbox 3342 4132 3564 4214; x_wconf 88' lang='lat' dir='ltr'>potest</span> <span class='ocrx_word' id='word_1_517' title='bbox 3609 4145 3808 4214; x_wconf 87' lang='lat' dir='ltr'>agere</span> 
     </span>
     <span class='ocr_line' id='line_1_85' title="bbox 2264 4230 3812 4322; baseline 0.001 -24"><span class='ocrx_word' id='word_1_518' title='bbox 2264 4231 2392 4298; x_wconf 91' lang='lat' dir='ltr'>nisi</span> <span class='ocrx_word' id='word_1_519' title='bbox 2432 4253 2717 4322; x_wconf 87' lang='lat' dir='ltr'>persona</span> <span class='ocrx_word' id='word_1_520' title='bbox 2747 4230 3102 4299; x_wconf 87' lang='lat' dir='ltr'>distincta:</span> <span class='ocrx_word' id='word_1_521' title='bbox 3151 4253 3290 4299; x_wconf 90' lang='lat' dir='ltr'>non</span> <span class='ocrx_word' id='word_1_522' title='bbox 3317 4239 3545 4299; x_wconf 89' lang='lat' dir='ltr'>autem</span> <span class='ocrx_word' id='word_1_523' title='bbox 3568 4231 3812 4299; x_wconf 85' lang='lat' dir='ltr'>distin-</span> 
     </span>
     <span class='ocr_line' id='line_1_86' title="bbox 2262 4339 3810 4431; baseline 0 -24"><span class='ocrx_word' id='word_1_524' title='bbox 2262 4342 2492 4430; x_wconf 85' lang='lat' dir='ltr'>guitur</span> <span class='ocrx_word' id='word_1_525' title='bbox 2530 4339 2653 4407; x_wconf 91' lang='lat' dir='ltr'>nisi</span> <span class='ocrx_word' id='word_1_526' title='bbox 2685 4340 3140 4431; x_wconf 85' lang='lat' dir='ltr'>proprietate:</span> <span class='ocrx_word' id='word_1_527' title='bbox 3185 4362 3350 4431; x_wconf 83' lang='lat' dir='ltr'>ergo</span> <span class='ocrx_word' id='word_1_528' title='bbox 3389 4339 3810 4431; x_wconf 84' lang='lat' dir='ltr'>distinguens</span> 
     </span>
     <span class='ocr_line' id='line_1_87' title="bbox 2262 4446 3810 4541; baseline 0.001 -26"><span class='ocrx_word' id='word_1_529' title='bbox 2262 4455 2328 4515; x_wconf 85' lang='lat' dir='ltr'>et</span> <span class='ocrx_word' id='word_1_530' title='bbox 2356 4446 2771 4526; x_wconf 82' lang='lat' dir='ltr'>distinctum,</span> <span class='ocrx_word' id='word_1_531' title='bbox 2808 4447 2875 4515; x_wconf 89' lang='lat' dir='ltr'>id</span> <span class='ocrx_word' id='word_1_532' title='bbox 2905 4456 3029 4533; x_wconf 82' lang='lat' dir='ltr'>est,</span> <span class='ocrx_word' id='word_1_533' title='bbox 3071 4471 3364 4539; x_wconf 81' lang='lat' dir='ltr'>persona</span> <span class='ocrx_word' id='word_1_534' title='bbox 3394 4457 3462 4517; x_wconf 91' lang='lat' dir='ltr'>et</span> <span class='ocrx_word' id='word_1_535' title='bbox 3504 4451 3810 4541; x_wconf 84' lang='lat' dir='ltr'>proprie-</span> 
     </span>
     <span class='ocr_line' id='line_1_88' title="bbox 2261 4554 3806 4647; baseline 0.001 -25"><span class='ocrx_word' id='word_1_536' title='bbox 2261 4561 2364 4622; x_wconf 86' lang='lat' dir='ltr'>tas</span> <span class='ocrx_word' id='word_1_537' title='bbox 2393 4554 2763 4623; x_wconf 89' lang='lat' dir='ltr'>secundum</span> <span class='ocrx_word' id='word_1_538' title='bbox 2809 4555 3141 4623; x_wconf 86' lang='lat' dir='ltr'>rationem</span> <span class='ocrx_word' id='word_1_539' title='bbox 3190 4554 3611 4647; x_wconf 84' lang='lat' dir='ltr'>intelligendi</span> <span class='ocrx_word' id='word_1_540' title='bbox 3650 4564 3806 4624; x_wconf 86' lang='lat' dir='ltr'>sunt</span> 
     </span>
     <span class='ocr_line' id='line_1_89' title="bbox 2261 4661 3811 4732; baseline 0.001 -2"><span class='ocrx_word' id='word_1_541' title='bbox 2261 4670 2416 4730; x_wconf 87' lang='lat' dir='ltr'>ante</span> <span class='ocrx_word' id='word_1_542' title='bbox 2445 4670 2671 4730; x_wconf 88' lang='lat' dir='ltr'>actum</span> <span class='ocrx_word' id='word_1_543' title='bbox 2710 4661 3168 4731; x_wconf 82' lang='lat' dir='ltr'>notionalem:</span> <span class='ocrx_word' id='word_1_544' title='bbox 3220 4663 3339 4732; x_wconf 88' lang='lat' dir='ltr'>sed</span> <span class='ocrx_word' id='word_1_545' title='bbox 3370 4665 3438 4731; x_wconf 93' lang='lat' dir='ltr'>in</span> <span class='ocrx_word' id='word_1_546' title='bbox 3482 4664 3811 4731; x_wconf 77' lang='lat' dir='ltr'>inferiori·</span> 
     </span>
    </p>
   </div>
   <div class='ocr_carea' id='block_1_14' title="bbox 2260 4769 3810 5051">
    <p class='ocr_par' dir='ltr' id='par_1_17' title="bbox 2260 4769 3810 5051">
     <span class='ocr_line' id='line_1_90' title="bbox 2260 4769 3810 4861; baseline 0.002 -23"><span class='ocrx_word' id='word_1_547' title='bbox 2260 4770 2387 4839; x_wconf 91' lang='lat' dir='ltr'>bus</span> <span class='ocrx_word' id='word_1_548' title='bbox 2417 4773 2486 4838; x_wconf 90' lang='lat' dir='ltr'>in</span> <span class='ocrx_word' id='word_1_549' title='bbox 2518 4769 2761 4861; x_wconf 87' lang='lat' dir='ltr'>quibus</span> <span class='ocrx_word' id='word_1_550' title='bbox 2790 4769 3151 4839; x_wconf 88' lang='lat' dir='ltr'>relationes</span> <span class='ocrx_word' id='word_1_551' title='bbox 3186 4793 3228 4839; x_wconf 89' lang='lat' dir='ltr'>a</span> <span class='ocrx_word' id='word_1_552' title='bbox 3267 4778 3459 4841; x_wconf 92' lang='lat' dir='ltr'>motu</span> <span class='ocrx_word' id='word_1_553' title='bbox 3499 4780 3810 4841; x_wconf 82' lang='lat' dir='ltr'>et-muta·</span> 
     </span>
     <span class='ocr_line' id='line_1_91' title="bbox 2261 4877 3808 4968; baseline 0.003 -25"><span class='ocrx_word' id='word_1_554' title='bbox 2261 4877 2445 4944; x_wconf 89' lang='lat' dir='ltr'>tione</span> <span class='ocrx_word' id='word_1_555' title='bbox 2486 4883 2870 4958; x_wconf 83' lang='lat' dir='ltr'>causantur,</span> <span class='ocrx_word' id='word_1_556' title='bbox 2911 4899 3148 4944; x_wconf 84' lang='lat' dir='ltr'>verum</span> <span class='ocrx_word' id='word_1_557' title='bbox 3191 4885 3289 4945; x_wconf 87' lang='lat' dir='ltr'>est</span> <span class='ocrx_word' id='word_1_558' title='bbox 3328 4877 3514 4968; x_wconf 88' lang='lat' dir='ltr'>quod</span> <span class='ocrx_word' id='word_1_559' title='bbox 3565 4877 3808 4967; x_wconf 86' lang='lat' dir='ltr'>objici-</span> 
     </span>
     <span class='ocr_line' id='line_1_92' title="bbox 2263 4989 2394 5051; baseline 0.015 -2"><span class='ocrx_word' id='word_1_560' title='bbox 2263 4989 2394 5051; x_wconf 90' lang='lat' dir='ltr'>tur.</span> 
     </span>
    </p>
   </div>
   <div class='ocr_carea' id='block_1_15' title="bbox 2335 5751 3050 5826">
    <p class='ocr_par' dir='ltr' id='par_1_18' title="bbox 2335 5751 3050 5826">
     <span class='ocr_line' id='line_1_93' title="bbox 2335 5751 3050 5826; baseline 0.007 -18"><span class='ocrx_word' id='word_1_561' title='bbox 2335 5751 2358 5787; x_wconf 79' lang='lat'>⁸</span> <span class='ocrx_word' id='word_1_562' title='bbox 2384 5752 2467 5809; x_wconf 85' lang='lat' dir='ltr'>Ct&#39;.</span> <span class='ocrx_word' id='word_1_563' title='bbox 2502 5752 2710 5826; x_wconf 85' lang='lat' dir='ltr'>Supra,</span> <span class='ocrx_word' id='word_1_564' title='bbox 2754 5754 2902 5817; x_wconf 79' lang='lat' dir='ltr'>nist.</span> <span class='ocrx_word' id='word_1_565' title='bbox 2934 5756 3050 5813; x_wconf 85' lang='lat' dir='ltr'>vn.</span> 
     </span>
    </p>
   </div>
  </div>
 </body>
</html>
