4897 6388
306 730 387 775 Ad
414 730 583 784 quoest.

625 355 709 420 40

627 521 786 600 bile,
858 531 925 591 et
963 523 1112 592 ideo
1170 524 1332 591 dicit
1361 525 1564 616 plene
1603 544 1625 587 .·
1684 528 1747 587 et
1785 520 1881 585 sic
1937 518 2205 584 in'via‘

634 629 866 701 Sancti
897 657 1038 702 non
1070 634 1264 724 plene
1309 634 1645 709 fruuntur,
1725 628 1842 697 sed
1896 651 2054 696 vere
2101 637 2168 695 et

631 742 898 831 proprie
935 750 1220 831 possunt
1258 740 1409 806 frui.

717 850 821 916 An
894 871 1191 915 nmmum
1244 846 1628 925 dicendum,
1703 843 1883 934 quod
1952 843 2169 931 prima

630 954 940 1022 diffinitio
1001 954 1145 1041 ejus
1213 952 1296 1020 ad
1336 952 1517 1042 quod
1575 960 1675 1018 est
1711 950 1840 1046 frui
1899 947 2169 1035 respicit

624 1060 914 1129 formam
954 1067 1019 1124 et
1059 1068 1284 1126 actum
1321 1084 1334 1126 :
1380 1061 1696 1134 formam,
1734 1055 1911 1134 dico,
1947 1075 2167 1120 com-

623 1166 950 1256 pletivam
991 1189 1141 1255 quae
1189 1175 1290 1234 est
1328 1187 1545 1247 amor,
1579 1171 1654 1229 ut
1684 1163 1868 1251 prius
1912 1161 2165 1228 dictum

621 1281 721 1339 est
765 1294 780 1340 ε
818 1281 883 1339 et
912 1271 1064 1338 ideo
1104 1273 1324 1339 forma
1364 1279 1430 1337 et
1466 1278 1656 1336 actus
1693 1276 2041 1359 ponuntur
2099 1269 2166 1334 in

621 1400 725 1456 ea,
759 1378 1037 1455 scilicet,
1072 1399 1305 1444 amore
1347 1374 1793 1443 inhaerentiae.
1856 1371 2168 1441 Secunda

1578 353 1699 419 Ἰ).
1750 350 1949 416 ALB.
2000 347 2219 414 MAG.

2273 348 2477 433 ofin.
2534 349 2830 415 PRAED.

2277 526 2498 585 antem
2535 520 2749 611 tangit
2779 522 3164 606 materiam,
3199 532 3266 591 et
3305 498 3509 591 fidem
3544 545 3560 593 :
3605 506 3821 594 mate-

2278 627 2470 704 riam,
2505 651 2660 694 cum
2689 628 2874 711 dicit,
2911 655 2945 695 α
2989 632 3325 699 Fruimw·
3397 634 3687 720 coqnitis
3726 656 3749 699 .·
3786 660 3816 697 »

2276 734 2479 802 finem
2513 745 2768 820 autem,
2803 761 2958 805 cum
3000 737 3185 817 dicit,
3233 767 3263 802 «
3301 742 3382 806 In
3421 740 3668 831 quibus
3699 763 3819 806 vo-

2279 842 2510 908 luntas
2540 845 2877 911 delectata
2906 847 3213 934 quiescit.
3250 873 3277 909 υ
3331 849 3556 916 Tertia
3594 857 3817 915 autem

2277 949 2546 1037 respicit
2613 948 2928 1016 effectum
2985 950 3327 1019 fruitionis
3395 955 3464 1019 in
3529 955 3814 1033 fruente,

2276 1076 2429 1120 cum
2471 1054 2656 1139 dicit,
2696 1085 2727 1118 «
2766 1055 2938 1124 Cum
2973 1058 3239 1146 qaudio
3273 1060 3401 1142 uti,
3447 1067 3575 1127 etc.
3623 1086 3656 1125 ιο

2361 1161 2532 1229 Aliae
2572 1163 3028 1232 dubitationes
3060 1188 3214 1256 quae
3256 1176 3632 1244 remanent,
3692 1168 3828 1233 suf-

2276 1269 2579 1337 ficienter
2606 1272 2969 1338 solvuntur
2997 1296 3036 1339 a
3069 1273 3394 1363 Magistro
3428 1276 3494 1340 in
3535 1276 3819 1341 Littera.

1206 1864 1298 1937 D.
1338 1864 1898 1941 Decet-minatio
1930 1887 2193 1941 eorum
2226 1888 2396 1962 quer»
2431 1865 2789 1939 videnlur
2812 1867 3230 1941 contraria.

720 2201 905 2276 llaec
947 2225 1130 2299 ergo
1163 2224 1339 2299 quae
1380 2199 1524 2275 sibi
1566 2198 2088 2275 contradicere
2128 2199 2515 2291 videntur,
2552 2200 2662 2275 sie
2702 2202 3314 2277 determinamus
3387 2228 3403 2276 ;

3485 2203 3827 2277 dicentes

620 2358 762 2409 nos
800 2344 875 2410 et
917 2336 1042 2410 hic
1072 2344 1147 2411 et
1187 2335 1263 2409 in
1308 2336 1561 2409 futuro
1604 2333 1799 2408 frui:
1837 2334 1970 2409 sed
2005 2335 2106 2407 ibi
2150 2336 2482 2434 proprie,
2536 2347 2612 2410 et
2667 2338 3025 2434 perfecte,
3094 2348 3170 2413 et
3209 2340 3466 2436 plene,
3517 2339 3645 2413 ubi
3692 2361 3826 2435 per

619 2470 955 2569 speciem
986 2469 1424 2544 videbimus
1455 2492 1608 2565 quo
1642 2469 2024 2543 fruemur‘
2064 2492 2081 2543 ε
2132 2469 2253 2543 hie
2293 2480 2548 2545 autem
2581 2470 2766 2544 dum
2802 2471 2876 2544 in
2912 2495 3048 2569 spe
3080 2473 3603 2562 ambulamus,
3652 2473 3826 2546 frui-

625 2628 796 2678 mur
820 2603 1166 2702 quidem‚
1203 2604 1336 2677 sed
1379 2626 1532 2677 non
1566 2601 1757 2678 adeo
1790 2605 2044 2701 plene.
2095 2602 2312 2678 Unde
2369 2605 2853 2700 Augustinus
2911 2606 3105 2680 libro
3146 2607 3209 2679 X
3256 2607 3350 2681 de
3400 2607 3772 2682 Trinilale
3804 2636 3828 2682 .·

628 2739 990 2814 Fruimur
1028 2737 1355 2833 cognitis
1424 2738 1494 2810 in
1555 2737 1839 2836 quibus
1902 2739 2263 2813 voluntas
2319 2750 2430 2814 est
2462 2739 2508 2813 ¹.
2571 2740 2807 2827 ldem,
2875 2741 2949 2814 in
3021 2741 3218 2814 libro
3287 2742 3381 2817 de
3448 2743 3829 2818 Dor-trina

635 2872 1101 2966 Christiana,
1131 2872 1237 2946 ait
1279 2896 1295 2946 :
1341 2872 1612 2969 Angeli
1656 2872 1786 2946 illo
1829 2872 2166 2947 fruentes
2195 2872 2355 2969 jam
2402 2875 2598 2948 beati
2644 2887 2853 2968 sunt,
2899 2899 3054 2973 quo
3123 2886 3199 2951 et
3267 2900 3409 2951 uos
3453 2878 3594 2951 frui
3637 2878 3834 2954 desi-

626 3009 988 3082 deramus
1033 3030 1049 3082 :
1096 3016 1171 3081 et
1209 3016 1581 3104 quantum
1627 3006 1701 3079 in
1748 3008 1891 3079 hac
1930 3006 2083 3080 vita
2116 3007 2273 3101 jam
2323 3007 2675 3102 fruimur,
2718 3010 2841 3083 vel
2887 3033 3025 3109 per
3062 3012 3500 3108 speculum,
3564 3015 3680 3087 vel
3756 3013 3826 3085 in

620 3142 1059 3237 miiigmate,
1107 3150 1315 3215 tanto
1358 3150 1694 3215 nostram
1738 3140 2432 3242 peregrimuionem
2491 3152 2561 3215 et
2637 3143 3113 3219 tolerabilius
3181 3145 3686 3242 sustinemus,
3756 3162 3821 3222 et

614 3276 1013 3351 ardentius
1057 3274 1277 3349 finire
1320 3279 1676 3377 cupimus
1703 3276 1752 3347 ³.

1005 3693 1398 3775 Expositio
1436 3695 1741 3758 Textus.

697 3899 979 3966 lun-ans
1011 3900 1107 3965 sic
1147 3900 1508 3990 exponitur
1542 3920 1557 3966 ε

697 4033 731 4066 α
770 4008 1121 4087 (mutatum
1156 4006 1223 4070 in
1253 4005 1382 4070 leae.-
1413 4005 1576 4085 rita,
1626 4014 1749 4070 etr.
1802 4031 1833 4065 »
1903 4007 2144 4093 Augu-

603 4115 821 4180 stinus
878 4115 946 4179 in
985 4111 1161 4179 libro
1202 4111 1259 4179 X
1307 4114 1826 4200 Confessiotmm
1865 4135 1879 4180 ε
1931 4142 1962 4174 ιι
1992 4113 2141 4178 Ali-

602 4220 873 4309 quando
906 4220 1303 4286 intromittis
1335 4242 1440 4285 me
1485 4220 1550 4285 in
1581 4219 1894 4285 allectum
1963 4218 2143 4285 mul-

604 4336 746 4394 tum
827 4329 1223 4393 inusitatum
1330 4328 1658 4393 introrsus
1743 4325 1829 4393 ad
1917 4329 2141 4393 nescio

605 4457 807 4525 quam
841 4433 1320 4502 dulcedinem:
1360 4457 1509 4524 quae
1542 4435 1595 4499 si
1632 4433 2014 4523 perficiatur
2076 4435 2140 4501 in

604 4564 739 4611 me.
773 4541 999 4608 neseio
1032 4540 1192 4630 quid
1226 4543 1349 4607 erit
1389 4541 1569 4630 quod
1608 4541 1747 4606 vita
1813 4542 1936 4607 ista
2005 4562 2141 4606 non

605 4649 726 4716 erit
764 4671 780 4715 ε
816 4647 930 4715 sed
974 4648 1198 4714 recido
1233 4648 1299 4714 in
1332 4646 1474 4714 lia-c
1521 4650 1923 4714 aerumnosis
1981 4669 2145 4737 pou·

602 4751 901 4828 deribuS,
935 4761 1002 4820 et
1035 4751 1387 4819 resorbeor
1416 4751 1656 4828 solitis,
1691 4761 1757 4818 et
1786 4762 2045 4827 teneor,
2080 4761 2146 4818 et

604 4861 892 4928 multum
928 4862 1059 4927 ileo
1096 4879 1112 4928 ε
1157 4860 1274 4927 sed
1305 4860 1593 4927 multum
1649 4871 1882 4927 teneor
1916 4882 1931 4926 :
1991 4870 2142 4927 tuu-

606 4977 747 5035 tum
787 4968 1297 5035 consuetudinis
1337 4969 1597 5035 sarcina
1629 4967 1972 5057 degravat.
2021 4967 2143 5034 llic

603 5097 746 5142 esse
776 5074 997 5153 valeO,
1043 5096 1167 5140 nec
1197 5072 1354 5139 volo
1398 5095 1413 5140 ε
1448 5073 1603 5141 illuc
1646 5073 1824 5149 volu,
1871 5095 1992 5140 nec
2031 5096 2144 5141 va-

603 5180 738 5259 le0‚
772 5181 979 5247 miser
1018 5181 1404 5270 utrobique.
1452 5206 1485 5245 n

694 5314 726 5350 α
762 5290 897 5355 I’er
957 5287 1311 5376 speculum
1355 5289 1420 5352 in
1480 5289 1864 5375 «ῬηίφηαΙε,
1928 5295 2053 5353 etc.
2104 5315 2132 5345 υ

678 5563 691 5596 ¹
727 5558 815 5613 Ct'.
851 5559 869 5612 1
904 5557 978 5613 ad
1008 5557 1278 5615 Corinth.
1316 5575 1440 5624 xnu,
1480 5560 1543 5614 12
1573 5566 1632 5613 et
1669 5561 1749 5615 ¹3.

678 5648 700 5683 ¹
730 5647 786 5701 S.
823 5649 1198 5713 Aversa-ism,
1232 5646 1354 5703 Lib.
1386 5648 1432 5702 X
1461 5647 1532 5703 de
1566 5648 1873 5716 Trinitate,
1901 5663 2028 5718 cap.
2061 5651 2141 5704 to.

2255 3587 2395 3656 lad
2461 3589 2769 3658 Corinth.
2833 3613 2978 3665 xm,
3029 3592 3131 3658 ¹2.
3171 3590 3440 3674 Glossa,
3495 3590 3794 3658 ibidem:

2255 3695 2623 3785 Speculum
2654 3706 2751 3763 est
2783 3697 3149 3785 vestigium
3190 3697 3299 3764 vot
3353 3698 3579 3787 imago
3623 3721 3802 3764 crea·

2253 3813 2555 3872 turarum
2593 3827 2607 3871 :
2646 3807 2940 3895 a·nigina
2971 3815 3199 3871 autem
3241 3815 3344 3872 est
3384 3806 3670 3872 obseura
3702 3806 3802 3871 al-

2250 3909 2532 4000 legoria.
2582 3911 2656 3979 131
2700 3910 3075 3980 secundum
3110 3909 3238 3978 boc
3284 3915 3543 4003 species
3603 3915 3803 4001 poui-

2254 4031 2362 4086 tur
2392 4043 2512 4111 pru
2579 4045 2829 4110 genere
2867 4043 2880 4087 :
2944 4021 3103 4110 quia
3153 4019 3528 4087 secundum
3574 4019 3806 4087 Dona-

2255 4139 2395 4197 tum
2455 4132 2746 4219 {enigma
2814 4138 2910 4195 est
2945 4131 3233 4219 quwstio
3275 4129 3805 4197 obscuritatibus

2252 4236 2617 4302 verborum
2654 4236 2958 4301 involuta
2995 4257 3010 4301 ε
3056 4236 3225 4302 sicut
3271 4221 3487 4302 mater
3527 4260 3631 4303 me
3681 4262 3802 4325 ge-

2256 4344 2425 4414 nuit.
2458 4343 2691 4409 eade-m
2730 4365 2886 4409 mox
2918 4342 3225 4431 gignitur
3255 4365 3292 4408 a
3364 4366 3495 4408 me.
3571 4342 3646 4409 tit
3706 4353 3801 4411 est

2254 4452 2511 4539 species
2551 4451 2915 4537 alle-gurim.
2946 4449 3068 4515 llic
3100 4459 3329 4516 aulem
3372 4473 3493 4541 pro
3536 4453 3677 4539 ipsa
3712 4450 3805 4517 al-

2257 4556 2510 4642 legoria
2553 4560 2849 4646 ponitur.
2892 4556 3260 4624 l‘ossemus
3296 4566 3523 4624 tamen
3557 4558 3800 4635 dice-re,

2253 4664 2433 4753 quod
2468 4663 2719 4752 duplex
2751 4673 2851 4731 est
2916 4663 3297 4752 speculum,
3368 4665 3648 4745 scilieet,
3709 4667 3806 4753 pi·

2254 4783 2434 4836 ctum
2478 4771 2706 4859 aliquo
2742 4769 2945 4838 modo
2989 4771 3178 4846 lau-ie,
3241 4779 3302 4835 et
3340 4792 3475 4836 nou
3518 4773 3800 4860 pictum,

2254 4876 2501 4940 scilicet
2541 4884 3033 4962 repra-sentens
3073 4873 3360 4940 obscure
3407 4897 3421 4940 :
3478 4884 3539 4939 et
3584 4877 3801 4963 primo

2255 4982 2459 5046 unuln
2530 4985 2758 5070 imago
2829 4982 2891 5045 in
2937 4978 3215 5046 homine
3256 4980 3605 5069 speculum
3675 4991 3800 5063 est,

2255 5089 2553 5154 secundo
2588 5088 2792 5153 modo
2836 5088 3198 5174 vestigium
3235 5089 3302 5153 in
3347 5085 3498 5154 aliis
3538 5097 3802 5154 creatu·

2258 5194 2367 5259 ris.
2405 5196 2716 5271 Quattuor
2746 5197 2948 5260 etiam
3013 5200 3172 5258 sunt
3214 5216 3364 5278 quae
3408 5195 3651 5261 faciunt
3685 5194 3805 5260 ob-

2255 5302 2642 5365 scuritatem
2703 5299 3109 5388 aetiigtuatis,
3190 5298 3448 5366 scilicet
3505 5293 3668 5389 quia'
3715 5301 3810 5365 in-

2325 5558 2347 5593 ⁸
2380 5560 2530 5623 locu,
2564 5557 2733 5612 l.ib.t
2797 5557 2869 5612 de
2926 5558 3203 5613 nucu-ina
3252 5558 3612 5623 Christiana,
3671 5575 3797 5630 cap.

2258 5654 2344 5705 30.
