4897 6388
747 276 875 342 430
1744 273 1828 339 D.
1883 271 2080 338 ALB.
2136 270 2353 339 MAG.
2408 269 2613 338 0111).
2670 265 2963 337 PRAED.

1177 1095 1262 1166 B.
1308 1092 1550 1165 Prius
1576 1092 1669 1166 de
1693 1088 1828 1163 z'llo
1871 1091 2096 1166 modo
2137 1090 2528 1165 missionis
2569 1091 2704 1188 qui
2735 1088 2830 1187 fit
2853 1089 3282 1206 visibiliter,
3315 1092 3496 1187 assit.

825 1644 916 1717 Et
955 1643 1202 1742 primo
1244 1666 1567 1738 agamus
1607 1641 1701 1716 de
1749 1640 1878 1713 illo
1937 1639 2326 1714 missionis
2379 1640 2601 1713 modo
2658 1639 2788 1736 qui
2831 1636 2915 1710 fit
2962 1636 3245 1712 visibili
3289 1637 3570 1735 specie.
3609 1637 3719 1712 De
3783 1641 3925 1713 hoc

719 1778 1203 1875 Augustinus
1269 1778 1340 1850 in
1388 1778 1583 1850 libro
1627 1777 1694 1849 ΙΙ
1738 1777 1830 1849 ‹le
1889 1776 2264 1850 Trinicate
2316 1776 2416 1849 ita
2447 1775 2554 1849 ait
2598 1799 2613 1849 :
2663 1775 2743 1848 In
2798 1785 3155 1873 promptu
3205 1783 3322 1848 est
3362 1773 3792 1870 intelligere
3834 1775 3927 1849 de

721 1912 1009 2010 Spiritu
1052 1891 1316 1987 saneto
1358 1934 1498 1985 cur
1541 1911 1822 1984 missus
1862 1922 1934 1984 et
1977 1909 2139 2008 ipse
2171 1910 2495 1984 dicatur.
2540 1910 2763 1983 Facta
2799 1920 2916 1984 est
2953 1908 3163 1983 enim
3214 1908 3571 2006 quaedain
3613 1919 3918 1983 ereatu-

721 2069 829 2122 rae
886 2045 1185 2145 species
1242 2069 1332 2121 ex
1377 2055 1746 2143 tempore,
1786 2044 1863 2118 in
1915 2067 2071 2141 qua
2117 2043 2526 2119 visibiliter
2582 2043 3118 2119 ostenderetur
3177 2042 3512 2142 Spiritus
3551 2053 3914 2119 sanctus:

718 2181 881 2258 sive
912 2205 1089 2258 cum
1124 2181 1196 2255 in
1230 2181 1483 2280 ipsum
1517 2180 1935 2255 Dominum
1968 2180 2344 2278 corporali
2369 2178 2625 2279 specie
2652 2179 3034 2255 columba}
3062 2179 3458 2256 descendit
3482 2190 3529 2275 ¹,
3559 2180 3718 2255 sive
3745 2207 3915 2256 euin

713 2314 792 2389 in
852 2315 976 2392 die
1017 2316 1513 2391 Pentecostes
1572 2315 1817 2389 sactus
1870 2325 1985 2389 est
2034 2314 2289 2389 subito
2332 2313 2425 2389 de
2487 2315 2680 2389 coelo
2738 2338 3006 2408 sonus,
3055 2313 3277 2411 quasi
3326 2314 3653 2389 serretur
3696 2315 3921 2390 ssatus

709 2453 1161 2547 vehemenS,
1206 2463 1277 2527 et
1318 2451 1508 2526 visoe
1549 2463 1733 2525 sunt
1773 2451 1926 2525 illis
1982 2451 2270 2549 liuguae
2309 2450 2581 2525 divisae
2631 2450 2828 2526 sieut
2880 2450 3107 2548 igniS,
3143 2449 3274 2548 qui
3327 2461 3404 2525 et
3444 2450 3723 2525 insedit
3791 2476 3916 2526 su·

709 2609 848 2683 per
905 2609 1544 2685 unumquemque
1578 2610 1846 2661 eorum
1889 2603 1939 2658 ⁸.
1982 2585 2166 2661 llaec
2215 2586 2558 2684 operatio
2618 2584 3025 2661 visibiliter
3090 2608 3483 2683 expressa,
3545 2595 3619 2659 et
3659 2586 3910 2660 oeulis

709 2718 966 2796 oblata
1021 2720 1501 2815 mortalibuS,
1551 2719 1814 2796 missio
1856 2720 2189 2818 Spiritus
2238 2720 2482 2795 sancti
2539 2718 2739 2794 (licta
2787 2729 2957 2796 est:
3000 2744 3149 2794 non
3218 2729 3295 2793 ut
3354 2729 3757 2818 appareret
3808 2719 3918 2794 eis

710 2855 877 2954 ipsa
916 2857 1373 2950 substantia,
1420 2882 1572 2956 qua
1605 2867 1681 2932 et
1712 2857 1875 2955 ipse
1923 2856 2333 2932 invisibilis
2373 2867 2448 2932 et
2491 2856 3145 2932 incommutabilis
3183 2867 3321 2942 est,
3353 2856 3550 2931 sicut
3584 2846 3808 2931 l‘atei·
3845 2866 3919 2931 et

711 2991 950 3068 Filius
983 3015 1000 3068 ε
1032 2993 1164 3068 sed
1210 3005 1285 3067 ut
1329 2992 1842 3069 exterioribus
1882 2992 2070 3068 visis
2113 2992 2344 3067 eorda
2380 2992 2782 3066 hominum
2828 3001 3211 3067 commota
3242 3016 3287 3067 a
3328 2992 3725 3091 temporali
3763 3016 3915 3066 ma-

709 3127 1193 3205 nisestatione
1235 3127 1646 3216 venientis,
1690 3127 1783 3203 ad
1818 3128 2201 3203 occultam
2247 3126 2752 3203 wternitatem
2807 3150 3114 3226 semper
3155 3126 3563 3226 praesentis
3604 3150 3915 3202 conver·

701 3275 1046 3341 terentur
1083 3271 1132 3338 ⁸.
1173 3266 1366 3341 Erre
1413 3263 1533 3339 liis
1581 3262 1839 3339 verbis
1882 3264 2126 3363 aperit
2161 3263 2643 3357 Augustinus
2686 3262 2898 3337 illum
2959 3262 3267 3336 modum
3317 3262 3730 3349 missioniS,
3776 3262 3911 3361 qui

698 3397 1107 3474 visibiliter
1145 3398 1585 3483 exhibetur,
1631 3423 1805 3471 eum
1847 3409 2097 3473 tamen
2134 3398 2299 3495 ipse
2333 3396 2666 3494 Spiritus
2708 3396 2783 3469 iu
2827 3396 2944 3469 sui
2988 3406 3264 3469 natura
3307 3421 3458 3471 nou
3503 3396 3904 3470 videatur:

697 3532 830 3631 qui
875 3556 1016 3608 nee
1068 3532 1142 3606 in
1203 3531 1354 3606 illis
1394 3532 1773 3607 creaturis
1808 3533 2054 3626 magis
2104 3544 2296 3625 erat,
2333 3555 2563 3629 quam
2611 3530 2681 3604 in
2754 3531 2952 3619 aliis,
3003 3530 3134 3605 sed
3177 3530 3269 3604 ad
3327 3530 3566 3604 aliud.
3632 3530 3710 3605 ln
3761 3530 3909 3604 illis

697 3665 904 3743 enim
948 3675 1133 3751 erat,
1178 3676 1258 3741 ut
1319 3690 1455 3766 per
1497 3691 1631 3741 eas
1688 3667 1779 3740 ad
1840 3666 2195 3742 homines
2237 3666 2589 3759 veniens,
2633 3665 3171 3741 ostenderetur
3245 3689 3416 3740 esse
3481 3666 3553 3738 in
3612 3664 3761 3738 illis
3813 3665 3904 3738 ad

697 3828 894 3902 quos
927 3803 1078 3876 illa·
1118 3813 1495 3878 ereatura·
1539 3803 1980 3877 veniebant.
2026 3802 2194 3877 Nun
2240 3803 2444 3877 enim
2490 3802 2824 3901 Spiritus
2853 3814 3195 3892 sanetus,
3246 3800 3642 3900 temporali
3694 3811 3903 3874 motu

698 3946 880 4010 tuuc
911 3936 1149 4026 veuit,
1195 3937 1312 4011 vel
1350 3936 1424 4009 iu
1459 3937 1814 4012 homines
1845 3937 2271 4029 deseendit,
2316 3938 2445 4011 sed
2488 3962 2621 4035 per
2664 3937 3160 4036 temporalem
3200 3947 3489 4010 mutum
3526 3947 3906 4009 ereatura·

696 4069 1128 4167 significata
1169 4082 1281 4143 est
1314 4070 1738 4168 spiritualis
1770 4085 1836 4145 et
1888 4071 2298 4146 invisibilis
2325 4071 2658 4170 Spiritus
2690 4071 2930 4146 salicti
2970 4071 3280 4145 infusio.
3332 4073 3416 4144 til
3464 4081 3540 4143 ut
3569 4069 3906 4168 apertius

691 4203 965 4286 «licam.
1009 4229 1145 4302 per
1177 4204 1390 4279 illum
1438 4208 1749 4279 ιιιυιΙιιιιι
1797 4206 2187 4281 missionis
2242 4207 2577 4305 Spiritus
2618 4207 2857 4282 saneti
2906 4206 3413 4306 rurpnruliter
3444 4206 3899 4299 exhibitum,

699 4349 1119 4415 monstrata
1147 4351 1263 4415 est
1302 4340 1727 4439 spiritualis
1759 4355 1828 4416 vt
1877 4342 2195 4417 interior
2248 4342 2509 4415 missin
2561 4343 2799 4416 suncti
2846 4343 3181 4441 Spiritus
3215 4341 3379 4414 sive
3428 4340 3764 4434 «lunatio,
3810 4341 3902 4414 «le

695 4500 849 4574 qua
890 4476 1275 4571 agendum
1321 4488 1461 4551 est.

769 4775 896 4831 *ΟΕ
936 4777 1133 4836 Manui.
1179 4798 1258 4847 ιιι,
1294 4784 1395 4843 ίϋ;
1433 4782 1566 4837 Luc.
1605 4800 1685 4849 ιιι,
1721 4788 1808 4841 22.

764 4864 786 4900 ⁹
814 4866 897 4923 Cf.
935 4872 1060 4924 Act.
1095 4887 1157 4935 ιι,
1205 4881 1217 4923 t
1259 4878 1314 4924 ot
1349 4889 1477 4940 seq.

763 4955 785 4986 ³
811 4958 870 5014 S.
904 4961 1284 5026 Aversrixrs,
1311 4960 1427 5015 Lib.
1459 4960 1500 5015 ll
1534 4963 1605 5015 do
1629 4965 1936 5025 Trinitate,
1962 4982 2090 5037 cap.
2115 4966 2168 5021 5.
