4897 6388
1836 158 2015 270 ’ῐΝἸ
2065 201 2487 307 SENTENT.
2539 203 2765 274 DIST.
2818 206 2905 281 11,
2965 206 3041 284 n,
3096 207 3291 275 ΛΒΤ.
3352 213 3455 277 12.

4138 169 4237 285 ὅτ’

1016 384 1084 451 in
1126 407 1299 470 esse,
1355 364 1433 457 etf
1468 391 1665 457 tertio
1708 398 1810 457 est
1868 398 2056 458 actus
2095 391 2415 464 bonitatis
2452 386 2570 464 o'r-
2675 375 2785 445 ¹¹30
2822 387 2920 446 est
2962 379 3213 452 ῙΟΟΠῙῙΟ
3244 386 3556 476 quaedflm
3593 411 3609 455 ²
3645 411 3806 479 ‘³ng
3851 413 3987 457 ¹¹⁰⁰
4045 414 4208 459 (3οΠ-

1012 492 1314 562 dinantis
1367 495 1450 562 ad
1509 497 1991 586 perfectionem
2038 522 2052 567 τ
2100 525 2183 570 ex
2221 504 2351 573 hoc
2382 509 2567 598 quod

1012 601 1236 693 diligit
1267 605 1499 670 omnia
1532 628 1684 694 quae
1717 617 1899 687 sunt,
1947 618 2011 678 et
2050 611 2217 679 nihil
2263 615 2406 682 odit
2442 639 2566 683 eo-

1013 731 1164 774 rum
1199 731 1353 797 quae
1387 709 1565 776 fec-it.
1608 712 1687 780 Et
1725 712 1852 782 hos
1902 719 2176 785 eosdem
2209 729 2394 787 actus
2434 744 2565 810 po-

1009 816 1111 879 nit
1177 814 1576 906 DionysiuS‚
1646 833 1887 911 praeter
1942 823 2074 891 hoc
2129 826 2311 914 quod
2378 826 2566 894 addit

1009 920 1481 1011 impletionem
1573 951 1727 1017 quae
1822 933 2016 1019 ponit
2078 933 2558 1022 perfectionem

1009 1032 1100 1098 rei
1140 1054 1155 1098 τ
1193 1056 1279 1101 ex
1321 1034 1451 1103 hoc
1477 1039 1658 1103 enim
1701 1040 1883 1128 quod
1917 1040 2099 1109 Deus
2158 1044 2223 1110 in
2266 1045 2410 1135 ipsa
2460 1054 2561 1114 est

1007 1140 1482 1220 essentialiter,
1557 1147 2095 1232 praesentialiter,
2167 1158 2232 1217 et
2310 1160 2558 1242 poten-

1004 1246 1283 1325 tialiter,
1318 1249 1589 1316 ordinat
1628 1252 1845 1341 ipsam
1914 1254 1997 1322 ad
2062 1257 2432 1347 perfectum
2492 1269 2559 1328 et

938 1438 941 1441 .
1001 1362 1190 1422 tenet
1221 1356 1290 1421 in
1324 1377 1469 1424 esse
1505 1380 1520 1423 ε
1560 1360 1720 1448 quia
1761 1365 1994 1431 omnia
2023 1364 2092 1430 in
2123 1365 2411 1432 nihilum
2444 1367 2556 1434 de-

643 1779 725 1826 Ad
735 1765 894 1839 queat
924 1778 967 1824 3.

1002 1462 1330 1540 ciderent,
1375 1465 1506 1532 nisi
1547 1489 1623 1534 ea
1657 1490 1900 1537 manus
1935 1471 2059 1538 Dei
2129 1475 2554 1564 omnipoten-

1001 1570 1088 1636 tis
1127 1573 1532 1641 contineret.

1087 1783 1197 1847 An
1248 1803 1313 1846 m
1344 1782 1527 1872 quod
1568 1782 1851 1853 ulterius
1889 1788 2212 1876 quaeritur
2249 1790 2329 1859 de
2368 1791 2551 1858 difli-

994 1887 1263 1956 nitione
1293 1892 1618 1970 nominis,
1656 1892 2034 1962 Dicendum
2068 1897 2250 1987 quod
2278 1900 2344 1965 in
2364 1902 2551 1967 veri-

994 2000 1136 2061 tate
1192 1994 1442 2064 dicitur
1476 1998 1572 2066 sic
1614 2002 1989 2091 aequivoce,
2058 2001 2214 2072 licet
2268 2028 2405 2073 non
2461 2008 2549 2075 sit

997 2105 1433 2194 aequivocum
1492 2129 1531 2174 a
1587 2130 1747 2177 casu
1801 2119 1865 2179 et
1903 2109 2224 2180 fortuna:
2272 2113 2389 2182 sed
2426 2138 2548 2206 po-

994 2210 1129 2277 tius
1167 2234 1290 2301 per
1317 2215 1508 2303 prius
1537 2224 1605 2282 et
1637 2218 1968 2305 posterius
2000 2241 2071 2286 se
2101 2217 2413 2289 habendo
2459 2221 2543 2289 ad

990 2314 1271 2407 aliquod
1329 2341 1570 2402 unum,
1650 2322 1831 2412 quod
1898 2324 2430 2395 substantialiter
2477 2339 2545 2397 et

990 2425 1394 2495 naturaliter
1424 2437 1523 2495 est
1565 2430 1631 2496 in
1664 2430 1808 2499 Deo
1884 2455 2075 2514 vern,
2146 2436 2214 2502 in
2275 2434 2542 2505 Sanctis

988 2541 1219 2603 autem
1289 2537 1809 2628 participatione
1876 2542 2171 2632 quadam
2237 2567 2389 2635 quae
2439 2555 2542 2615 est

984 2642 1366 2711 secundum
1403 2654 1663 2735 partem
1697 2656 1763 2715 et.
1797 2649 2184 2741 imperfecta
2219 2675 2235 2719 ε
2282 2654 2352 2720 in
2409 2654 2539 2721 diis

984 2757 1217 2817 autem
1249 2755 1713 2844 nuncupative
1756 2779 1876 2846 per
1948 2769 2323 2849 respectum
2390 2762 2538 2851 opi-

985 2857 1216 2925 nionis
1285 2868 1580 2940 tantum,
1642 2872 1704 2930 et
1773 2864 1903 2933 lioc
1944 2865 2143 2934 habet
2174 2869 2534 2937 minimum

984 2962 1258 3065 deitatis
1298 2989 1315 3034 :
1360 2969 1519 3057 quia
1550 2991 1697 3037 esse
1739 2970 1805 3038 in
1846 2973 2191 3062 opinione,
2235 2984 2334 3043 est
2390 2999 2536 3045 esse

982 3072 1364 3142 secundum
1435 3076 1622 3166 quid,
1664 3087 1731 3146 et
1785 3101 1923 3146 non
1979 3081 2394 3171 simpliciter.
2452 3084 2528 3152 Et

982 3198 1109 3266 per
1147 3174 1280 3246 hoc
1307 3186 1492 3269 patet
1524 3178 1774 3251 solutio
1815 3182 1899 3251 ad
1932 3192 2175 3252 totum.

1401 3585 1905 3658 ARTlClTLUS
1956 3590 2109 3659 Xll.

980 3795 1154 3878 Quis
1181 3795 1366 3863 dia-ie
1396 3799 1647 3884 llloyse',
1694 3798 1838 3888 Ego
1876 3822 2029 3868 sum
2062 3803 2173 3893 qui
2207 3826 2384 3887 sum,
2432 3831 2524 3873 em

1200 3915 1487 3980 natura,
1541 3906 1650 3972 vel
1668 3930 1962 3996 persono
2001 3909 2236 3978 divina
2262 3910 2303 3978 ?

1065 4161 1323 4229 Deinde
1382 4165 1709 4254 quaeritur
1771 4166 1853 4233 de
1927 4165 2055 4237 hoc
2123 4172 2304 4261 quod
2361 4173 2516 4242 dicit

972 4297 1004 4332 ι
1056 4272 1207 4360 1390
1248 4293 1403 4337 sum
1435 4275 1560 4363 qm‘
1603 4297 1784 4356 sum,
1847 4284 1909 4343 et
1983 4279 2120 4360 Qui
2180 4291 2277 4346 es!
2333 4285 2523 4351 misit

972 4402 1102 4459 mr,
1146 4387 1273 4446 etc.
1334 4408 1366 4437 n
1428 4378 1510 4446 Et
1575 4391 1973 4471 quaeruntur
2031 4386 2178 4458 tria,
2239 4389 2539 4468 scilicet,-

971 4485 1143 4566 Quis
1191 4486 1278 4554 sit
1309 4488 1423 4577 qui
1457 4485 1585 4555 hoc
1625 4489 1792 4557 dixit
1832 4490 2078 4583 Moysi,
2139 4504 2365 4564 utrum
2406 4522 2523 4566 na-

970 4603 1150 4672 tura,
1182 4592 1294 4661 vel
1315 4616 1608 4685 persona
1636 4598 1671 4663 ‘3
1712 4595 2099 4666 Secundum
2133 4611 2255 4678 est,
2290 4613 2518 4673 utrum

971 4700 1103 4769 hoc
1142 4701 1228 4767 sit
1265 4723 1518 4769 nomen
1553 4706 1905 4794 proprium
1947 4706 2013 4773 in
2046 4707 2213 4787 Deo,
2249 4718 2310 4778 et
2357 4714 2523 4804 quid

972 4810 1289 4878 nominat
1320 4811 1389 4877 in
1432 4812 1634 4900 ipso?
1660 4813 1960 4882 Tertium
1992 4824 2115 4894 est,
2158 4817 2240 4886 de
2279 4822 2516 4891 ordine

975 4915 1169 4982 istius
1211 4915 1514 4982 nominis
1545 4916 1626 4984 ad
1657 4917 1790 4986 alia
1830 4921 2135 4991 nomina.

1063 5023 1167 5090 Ao
1216 5046 1471 5090 rammi
1513 5025 1902 5115 proceditur
1929 5030 2023 5095 sic
2059 5052 2074 5096 ε
2124 5069 2128 5073 -

1072 5131 1127 5196 l.
1179 5129 1503 5198 Essentiae
1551 5133 1923 5202 secundum
1968 5135 2377 5207 intellectum
2423 5165 2525 5209 es-

973 5239 1209 5306 sentiae
1237 5259 1379 5304 non
1419 5247 1517 5306 est
1549 5239 1763 5333 loqui,
1824 5241 1938 5311 sed
2002 5266 2350 5335 personae:
2403 5249 2523 5318 sed

1044 5491 1064 5527 ¹
1099 5486 1348 5564 Vulgata
1376 5487 1580 5558 habet,
1613 5490 1792 5550 Exod.
1827 5509 1916 5565 m,
1943 5495 1981 5550 7
2014 5512 2029 5554 :
2080 5497 2185 5557 Cui
2210 5501 2292 5558 αἰε
2343 5502 2527 5559 Domi·

972 5593 1078 5636 nus
1119 5579 1300 5635 :Vidi
1353 5581 1710 5651 afflictionem
1763 5585 1965 5655 populi
2020 5591 2126 5644 met
2152 5591 2209 5645 in
2261 5592 2521 5664 AEqypto,

2671 492 2857 556 venit
2886 495 3221 574 essentiae,
3258 496 3374 564 sed
3414 519 3749 587 personae.

2760 599 2823 663 2.
2874 597 3228 679 Prseterea,
3299 601 3526 671 Sancti
3579 612 3930 695 exponunt
3969 603 4097 675 hoc
4129 608 4210 676 de

2671 700 2839 768 Filio
2885 726 2898 767 :
2937 707 3095 793 quia
3142 731 3261 797 per
3326 710 3723 780 descensum
3794 716 4213 806 significatur

2668 811 3040 879 incarnatio
3081 840 3094 880 ε
3133 838 3251 904 per
3289 819 3514 908 ignem
3577 821 3722 888 rubi
3794 824 4211 914 significatur

2667 924 2965 1009 acceptio
2997 924 3452 994 tribulationis
3481 939 3737 998 naturae
3777 933 3845 998 in
3915 957 4046 1023 qua
4101 943 4209 1001 ta-

2666 1050 2820 1095 men
2878 1031 3170 1099 virorem
3264 1033 3637 1104 divinitatis
3727 1062 3866 1108 non
3951 1042 4198 1109 amisit.

2666 1134 2860 1203 Unde
2892 1136 3097 1204 dicit:
3147 1140 3387 1208 Videns
3415 1144 3628 1226 vidi',
3671 1154 3798 1214 eto.
3853 1146 3984 1215 Per
4029 1148 4205 1217 libe-

2664 1242 2992 1310 rationem
3020 1244 3105 1311 ab
3146 1246 3450 1338 AEgypto
3506 1252 3927 1341 significatur
3962 1254 4205 1324 libera·

2662 1350 2754 1416 tio
2786 1373 2822 1416 a
2849 1361 3123 1440 peccato
3156 1362 3221 1422 et
3259 1355 3532 1425 diabolo
3592 1360 3709 1450 qui
3739 1383 3858 1451 per
3888 1361 4199 1431 Pharao-

2658 1479 2813 1524 nem
2882 1459 3305 1549 signisicatur
3375 1486 3389 1530 :
3459 1486 3621 1556 ergo
3679 1467 3971 1554 videtur,
4017 1471 4202 1561 quod

2658 1561 2788 1631 hoc
2815 1568 3178 1636 conveniat
3205 1592 3531 1659 personae.

2748 1674 2808 1739 2.
2848 1673 3044 1757 Item,
3081 1675 3226 1746 Iloc
3255 1682 3460 1748 etiam
3494 1682 3770 1772 quidam
3810 1685 4050 1755 volunt
4080 1711 4198 1757 ac-

2656 1780 2877 1869 cipere
2909 1805 2991 1850 ex
3030 1784 3161 1853 hoc
3188 1791 3620 1878 pronomine,
3666 1815 3813 1882 eqo,
3851 1795 4034 1884 quod
4073 1795 4197 1865 de-

2657 1891 3177 1959 monstrativum
3238 1902 3338 1962 est
3403 1894 3918 1967 determinatam
3969 1925 4198 1992 perso·

2653 2018 2811 2062 nam
2869 1999 3284 2089 signiticans.
3333 2004 3471 2088 Qui
3533 2007 3737 2074 etiam
3796 2030 4047 2078 nomen
4095 2022 4200 2080 est

2654 2104 3014 2174 articulum
3080 2109 3587 2200 subjunctivum
3630 2116 3699 2182 in
3764 2138 3835 2183 se
3909 2117 4191 2202 habens,

2652 2216 2912 2282 ratione
2967 2217 3163 2305 cujus
3246 2221 3735 2291 articulationis
3814 2226 4194 2316 significare

2650 2322 2853 2392 habet
2884 2348 3243 2415 personam
3302 2351 3424 2397 sua
3497 2334 3907 2423 proprietate
3973 2335 4191 2404 deter-

2651 2434 2975 2500 minatam
3022 2456 3038 2502 :

2649 2564 2940 2633 persona
2982 2542 3159 2612 Filii.

2739 2649 2870 2718 San
2918 2675 3170 2720 cosma
3205 2675 3222 2722 ε

2739 2762 2796 2826 l.
2835 2759 3130 2829 lndivisa
3160 2772 3319 2831 sunt
3376 2786 3582 2855 opera
3630 2767 3977 2838 Trinitatis
4013 2794 4029 2839 ε
4089 2794 4194 2840 er-

2643 2891 2733 2960 go
2764 2869 3018 2938 dictum
3062 2872 3262 2940 unius
3292 2881 3393 2941 est
3434 2874 3692 2943 dictum
3725 2876 4025 2948 alterius.

2734 2982 2799 3046 2.
2840 2979 2986 3047 Iloc
3023 2982 3228 3047 etiam
3268 2983 3545 3073 quidam
3619 2984 3861 3056 volunt
3925 2989 4190 3062 trahere

2643 3109 2724 3153 ex
2767 3087 2988 3154 modis
3026 3089 3454 3180 significandi
3521 3095 3997 3175 terminorum,
4068 3101 4185 3191 qui

2644 3194 2731 3262 ibi
2780 3206 3174 3287 ponuntur:
3213 3202 3370 3291 quia
3410 3225 3530 3292 φο
3562 3211 3663 3272 est
3705 3204 4185 3279 demonstrati-

2642 3327 2804 3372 vum
2837 3306 3071 3396 primm
3112 3329 3446 3396 personae,
3486 3321 3551 3379 et
3588 3312 3686 3381 sic
3735 3312 3938 3384 habet
3982 3319 4187 3411 signi-

2640 3412 2839 3482 ficare
2884 3413 3153 3483 l‘atrem
3186 3417 3302 3507 qui
3336 3417 3401 3485 in
3440 3418 3768 3490 Trinitate
3799 3446 3936 3492 non
3967 3435 4070 3495 est
4099 3426 4183 3498 de

2639 3521 2770 3588 alia
2811 3545 3125 3611 persona,
3168 3524 3284 3592 sed
3326 3526 3734 3618 principium
3761 3533 3971 3600 totius
4011 3533 4184 3605 divi-

2638 3629 2891 3706 nitatis,
2930 3639 2995 3697 et
3037 3631 3441 3722 principium
3473 3657 3613 3703 non
3655 3645 3754 3704 est
3795 3638 3875 3707 de
3931 3641 4182 3731 princi-

2637 3739 2776 3827 pio.
2816 3738 2953 3822 Qui
2982 3750 3210 3808 autem
3242 3763 3495 3810 nomen
3526 3751 3626 3811 est
3682 3767 3837 3813 cum
3896 3748 4179 3820 articulo

2636 3845 3094 3933 subjunctivo,
3130 3849 3243 3937 qui
3276 3851 3642 3918 secundam
3689 3855 3999 3923 notitiam
4059 3857 4183 3926 de-

2639 3963 2996 4031 monstrat,
3040 3965 3105 4023 et
3146 3955 3346 4025 habet
3403 3967 3578 4028 stare
3642 3983 3766 4051 pro
3832 3962 4003 4032 Filio
4063 3967 4180 4058 qui

2635 4071 2736 4129 est
2801 4063 2991 4152 quasi
3070 4064 3429 4143 secundus,
3507 4068 3665 4159 quia
3732 4078 3832 4138 est
3871 4094 3910 4139 a
3952 4073 4178 4146 Patre.

2634 4172 2805 4238 Sum
2864 4177 3089 4237 autem
3150 4172 3480 4260 significat
3564 4175 4012 4245 substantiam
4106 4187 4185 4247 ut

2635 4285 2857 4345 actum
2893 4301 3029 4369 quo
3060 4278 3406 4369 egreditur
3442 4279 3526 4347 ab
3567 4292 3881 4376 utroque,
3932 4294 3997 4354 et
4052 4284 4182 4355 ha-

2633 4386 2742 4455 bet
2775 4389 3156 4476 significare
3190 4387 3520 4478 Spiritum
3552 4401 3863 4461 sanctum
3924 4395 4042 4483 qui
4078 4403 4179 4463 est

2636 4496 2721 4564 al»
2762 4505 3076 4586 utroque.
3121 4507 3184 4564 et
3217 4497 3370 4565 ideo
3405 4501 3725 4589 repetitur
3761 4503 3963 4570 etiam
4022 4525 4177 4574 curn

2636 4613 2952 4696 utroque,
2976 4627 3131 4672 cum
3157 4604 3427 4688 dicitur,
3459 4609 3612 4697 qu
3640 4631 3794 4676 sum
3825 4612 3950 4702 qui
3973 4633 4126 4681 sum
4150 4634 4177 4682 .·

2636 4713 2825 4779 etsie
2867 4714 2990 4779 erit
3029 4712 3316 4780 verbum
3350 4716 3555 4781 trium
3594 4738 4064 4806 personarum.

2729 4818 2862 4885 Seu
2910 4842 3159 4888 cosma
3196 4843 3213 4888 z

2732 4929 2790 4992 l.
2866 4926 3329 4995 Damascenus
3367 4927 3552 5007 dicit,
3620 4930 3803 5020 quod
3840 4932 4178 5025 significat

2634 5032 2918 5124 pelagus
2974 5035 3368 5102 substantia²
3407 5035 3772 5117 inlinitum,
3825 5062 3963 5108 non
4016 5041 4174 5133 quid

2637 5148 2733 5207 cst
2782 5162 2990 5232 :ergo
3020 5141 3311 5219 videtur,
3357 5143 3543 5233 quod
3603 5144 3692 5212 sit
3754 5145 4008 5216 dictum
4064 5171 4179 5218 es-

2637 5248 2894 5316 sentiae.

2640 5500 2754 5553 etc.

3110 2444 3176 2503 et
3214 2438 3312 2507 sic
3380 2438 3648 2508 videtur
3702 2442 3880 2509 istud
3946 2443 4192 2514 dixisse
4295 2487 4305 2496 -

4218 2709 4318 2758 sna
4344 2715 4536 2761 eontra.

4204 4864 4511 4916 Μοοιηιι.
