4897 6388
699 232 826 296 498

693 400 1014 480 donandi,
1050 403 1162 491 qui
1197 425 1333 469 non
1381 411 1481 470 est
1513 409 1703 469 actus
1742 411 2053 490 aeternus,
2114 400 2233 469 sed

690 507 1104 598 temporaliS‚
1156 532 1236 577 eo
1281 510 1467 603 ⁸quod
1500 532 1635 580 non
1677 509 1838 578 dant
1881 509 2007 576 sibi
2048 509 2229 575 invi-

686 635 831 679 cem
875 614 1074 682 Pater
1112 625 1177 682 et
1236 615 1442 682 Filius
1500 615 1826 706 Spiritum
1885 626 2220 692 sanctum,

685 721 802 788 sed
850 721 1090 787 nobis:
1136 744 1297 812 ergo
1360 723 1649 802 videtur,
1715 725 1895 813 quod
1953 747 2092 790 non
2144 744 2223 789 eo

684 837 783 896 est
819 830 1115 917 spiritus,
1162 851 1297 918 quo
1338 829 1619 897 donum.

770 936 832 1001 3.
863 933 962 999 Ex
982 934 1188 1000 altera
1213 943 1398 1023 parte
1425 935 1690 1001 videtur
1711 936 1912 1002 etiam
1946 935 2212 1010 falsum,

679 1039 931 1107 scilicet
977 1041 1156 1131 quod
1206 1064 1285 1107 eo
1327 1043 1411 1107 sit
1454 1041 1736 1118 donum,
1795 1066 1929 1132 quo
1981 1067 2221 1132 prooe-

677 1145 882 1212 dens:
929 1149 1083 1236 quia
1113 1149 1168 1213 si
1212 1170 1571 1236 ponamus,
1617 1149 1796 1238 quod
1838 1172 2216 1240 numquam

677 1257 1007 1322 rationem
1053 1255 1209 1322 (loni
1275 1255 1516 1322 habeat
1554 1258 1658 1323 vel
1706 1257 1926 1334 detur,
1994 1259 2215 1326 adhuc

675 1363 813 1450 ipse
846 1362 1160 1450 procedet
1200 1385 1237 1428 a
1297 1362 1494 1429 Patre
1527 1372 1590 1429 et
1628 1363 1836 1430 Filio:
1876 1387 2014 1430 non
2050 1387 2211 1454 ergo

672 1491 753 1536 eo
795 1469 1049 1536 donum
1111 1479 1235 1544 est.
1281 1493 1415 1560 quo
1460 1471 1853 1560 procedens

761 1685 1153 1754 I‘nAErssnssA.
1193 1686 1291 1752 Ex
1329 1686 1504 1752 dicto
1551 1687 1906 1776 Augustini
1959 1685 2068 1753 hio
2104 1689 2214 1753 vi-

670 1797 864 1864 detur
891 1797 1126 1886 accipi,
1170 1795 1352 1885 quod
1384 1795 1667 1868 donum.
1701 1797 1997 1883 spiritus,
2044 1819 2206 1883 pro·

667 1904 935 1980 cudens.
971 1913 1033 1973 et
1062 1926 1281 1986 amor,
1315 1904 1694 1992 significent
1728 1904 2033 1970 eamdem
2077 1927 2205 1970 no·-

669 2011 965 2078 tionem:
1006 2021 1069 2077 et
1110 2008 1238 2077 hoe
1271 2032 1406 2075 non
1439 2009 1705 2076 videtur
1743 2033 1886 2077 esse
1928 2033 2200 2077 verum:

665 2115 823 2206 quia
891 2118 1089 2182 unius
1148 2115 1445 2180 notionis
1499 2139 1633 2182 una
1690 2124 1789 2182 est
1846 2118 2014 2183 ratio
2074 2140 2207 2206 qua

664 2247 1022 2315 personam
1072 2232 1306 2292 notam
1376 2224 1482 2290 vel
1542 2226 1957 2293 innotescere
1997 2224 2201 2293 facit:

665 2360 802 2404 non
833 2349 1055 2404 autem
1089 2359 1225 2404 una
1267 2337 1527 2405 ratione
1568 2337 2036 2405 manifestatur
2073 2337 2208 2426 spi-

665 2445 832 2512 ritus
871 2443 995 2510 sub
1055 2443 1160 2511 his
1209 2443 1651 2511 nominibus:
1695 2468 1854 2534 ergo
1896 2444 2021 2510 ista
2068 2466 2205 2511 non

664 2552 1039 2641 significant
1099 2551 1449 2618 notionem
1499 2574 1730 2630 unam,
1777 2561 1851 2618 ut
1906 2552 2202 2619 videtur.

756 2658 890 2726 Seu
926 2681 1175 2726 coxTnA
1207 2681 1222 2725 ε
1259 2645 1265 2651 ’

759 2767 821 2832 1.
866 2762 1190 2832 Notiones
1228 2772 1386 2830 sunt
1431 2764 1758 2853 quinque,
1801 2786 2090 2853 quarum
2135 2765 2205 2832 in

664 2874 863 2943 Patre
912 2882 1069 2941 sunt
1123 2881 1284 2952 tres,
1355 2873 1421 2939 in
1478 2872 1646 2940 Filio
1687 2872 1858 2948 duze,
1913 2873 2028 2940 sed
2070 2863 2204 2940 u‘na

663 2990 766 3049 est
793 2981 1027 3050 eadem
1061 3003 1346 3047 numero
1377 2980 1442 3046 in
1482 2978 1677 3047 Patre
1697 2989 1761 3047 et
1796 2978 2004 3047 Filio:
2040 3003 2204 3071 ergo

664 3088 1091 3179 relinquitur,
1135 3087 1317 3178 quod
1359 3087 1425 3153 in
1478 3085 1732 3176 Spiritu
1785 3097 2020 3156 sancto
2060 3096 2204 3154 tan-

662 3206 809 3265 tum
860 3198 944 3264 sit
985 3217 1167 3263 una:
1226 3217 1389 3285 crgo
1447 3217 1880 3285 quocumque
1924 3197 2200 3264 nomine

662 3306 938 3396 proprio
969 3302 1094 3370 sibi
1138 3305 1582 3393 significetur,
1626 3324 1763 3369 non
1816 3311 2034 3392 potest
2064 3304 2203 3393 sig·

664 3412 920 3479 nificari
952 3411 1077 3478 nisi
1119 3412 1309 3478 notio
1343 3430 1504 3477 una.

750 3521 816 3588 3.
851 3518 1047 3597 Item,
1088 3518 1305 3588 Unam
1337 3516 1587 3586 liabent
1619 3520 1967 3586 notionem
1999 3520 2203 3587 Pater

659 3637 720 3695 et
819 3625 1050 3705 Filius,
1120 3625 1491 3694 secundum
1563 3649 1765 3717 quam
1824 3626 2205 3694 reseruntur

660 3735 740 3802 ad
786 3734 1112 3825 Spiritum
1146 3743 1454 3802 sanetum
1489 3753 1505 3801 t
1551 3759 1711 3824 ergo
1745 3758 1877 3801 una
1916 3734 2058 3802 sola
2102 3745 2201 3801 est

662 3844 728 3910 in
772 3841 1024 3932 Spiritu
1079 3851 1312 3910 sancto
1379 3842 1790 3932 respondens
1831 3841 1977 3909 illi:
2039 3865 2201 3931 ergo

662 3974 794 4018 una
853 3951 995 4018 sola
1035 3952 1223 4018 notio
1291 3953 1358 4018 in
1425 3950 1744 4017 omnibus
1810 3950 2202 4017 nominibus

663 4059 950 4148 propriis
991 4056 1285 4147 Spiritus
1314 4058 1523 4124 sancti
1573 4056 2013 4147 significatur.

390 1705 507 1758 Quoe
515 1715 568 1756 qt.

319 2696 417 2744 sod
452 2704 635 2743 eontra.

371 4277 570 4325 solutio.

335 4335 403 4377 Μ
438 4336 454 4375 ¹
485 4340 532 4377 e«
560 4334 600 4376 2·
754 4275 1056 4342 Suntne.
1106 4274 1480 4341 Dicendum
1514 4274 1596 4340 ad
1636 4274 1957 4362 primum,
2019 4273 2196 4362 quod

661 4407 814 4451 cum
867 4382 1287 4474 Augustinus
1342 4381 1525 4457 dicit,
1589 4380 1770 4470 quod
1819 4402 1899 4447 eo
1938 4379 2194 4446 donum

658 4502 782 4572 est,
848 4515 983 4583 quo
1045 4499 1142 4559 est
1213 4491 1514 4581 spiritus,
1576 4488 1678 4554 vel
1721 4512 1756 4555 e
1813 4510 2190 4555 converso:

655 4599 855 4668 debet
886 4598 1167 4689 intelligi
1203 4598 1269 4663 in
1302 4596 1538 4665 eadem
1588 4596 2019 4686 proprietate,
2055 4618 2192 4662 non

654 4708 887 4776 eadem
941 4708 1198 4773 ratione
1249 4705 1544 4773 nominis
1580 4726 1594 4770 ε
1631 4706 1789 4793 quia
1832 4702 1997 4769 bene
2027 4726 2195 4769 con-

652 4814 843 4895 cedo,
878 4813 1054 4905 quod
1091 4836 1224 4879 una
1258 4813 1631 4903 proprietas
1663 4820 1925 4878 tantum
1968 4820 2067 4877 est
2127 4812 2191 4878 in

656 4922 911 5011 Spiritu
976 4928 1235 4997 sanct0,
1296 4918 1410 4986 sed
1476 4918 1588 4985 illa
1639 4917 1921 4984 diversis
1968 4917 2192 4986 modis

654 5039 874 5121 potest
929 5030 1339 5119 significari:
1388 5034 1453 5095 et
1492 5027 1642 5094 ideo
1684 5026 1949 5092 diversa
1991 5025 2195 5094 habet

658 5140 958 5205 nomina.
995 5138 1125 5205 Per
1157 5136 1284 5205 hoc
1299 5145 1480 5227 patet
1505 5135 1751 5202 solutio
1773 5134 1856 5200 ad
1877 5157 2186 5224 sequens.

747 5248 849 5313 An
896 5270 1020 5314 noc
1049 5245 1230 5337 quod
1260 5245 1544 5313 ulterius
1583 5244 1925 5335 quaeritur,
1960 5241 2192 5311 dicen-

658 5355 819 5422 dum
861 5356 1096 5422 eodem
1131 5352 1335 5421 modo
1371 5377 1386 5420 :
1431 5354 1590 5443 quia
1638 5354 1702 5418 in
1760 5352 2036 5417 veritate
2067 5350 2192 5416 ad-

659 5461 788 5529 huc
820 5462 1208 5551 procederet
1237 5462 1292 5528 si
1327 5485 1460 5527 non
1499 5468 1667 5527 esset
1704 5459 1959 5526 donum
1995 5480 2011 5524 :
2073 5457 2189 5525 sed

400 5259 470 5305 Ad
493 5260 533 5307 3.

1682 230 1763 297 D.
1818 230 2012 296 ALB.
2067 228 2282 296 MAG.
2335 228 2542 296 ORD.
2602 227 2895 293 PRAED.

2343 410 2479 469 tate
2509 423 2648 476 non
2706 399 2971 468 dicatur
3027 399 3289 474 donum
3345 420 3483 488 qua
3539 396 3891 486 procedit:

2332 509 2452 578 sed
2481 513 2667 600 cogit
2695 510 2781 576 ad
2820 508 2950 577 hoc
2982 508 3169 599 quod
3209 508 3276 573 in
3307 506 3440 574 alio
3476 506 3682 573 modo
3734 525 3896 593 pro-

2331 618 2587 708 prietas
2630 617 2741 684 illa
2781 627 3072 707 utroque
3105 619 3383 684 nomine
3444 616 3886 706 significetur.

2418 831 2522 897 An
2554 854 2618 897 ιι)
2677 829 2865 920 quod
2907 829 3191 896 ulterius
3250 830 3603 918 quaeritur,
3667 826 3889 892 dicen·
3938 845 4005 886 Ad
4042 852 4211 900 qnoesz.

2332 938 2495 1006 dum
2519 938 2705 1028 quod
2730 937 3050 1027 Spiritus,
3086 937 3483 1026 procedens,
3521 957 3739 1012 amor,
3774 934 3888 999 do·

2329 1069 2496 1113 num
2538 1046 2772 1112 dicunt
2812 1045 3126 1112 eamdem
3187 1045 3697 1133 proprietatem,
3734 1064 3882 1130 quoe

2322 1157 2513 1222 notio
2556 1163 2657 1222 est
2695 1153 2821 1221 sub
2854 1155 3124 1221 diverso
3179 1152 3382 1220 modo
3425 1150 3876 1240 significandi.

2324 1261 2618 1352 Spiritus
2658 1264 2841 1329 enim
2884 1261 3043 1327 dicit
3079 1269 3220 1326 uta
3263 1261 3327 1326 vi
3360 1260 3684 1348 spirativa
3744 1257 3879 1323 Ρα-

2321 1369 2437 1432 tris
2478 1376 2545 1433 et.
2603 1365 2796 1431 Filii:
2870 1364 3249 1454 procedens
3300 1374 3526 1429 autem
3588 1362 3748 1428 dicit
3805 1370 3877 1426 ut

2318 1483 2547 1541 actum
2589 1495 2723 1564 quo
2762 1472 3209 1539 indistinctio
3248 1492 3261 1536 :
3299 1470 3418 1537 sed
3467 1493 3664 1536 amor
3720 1469 3878 1535 dicit

2318 1581 2602 1648 modurn
2687 1581 3257 1648 determinantem
3338 1578 3868 1668 processionem.

2314 1688 2591 1756 Donum
2624 1698 2849 1756 autem
2892 1687 3081 1754 addit
3124 1687 3207 1754 ad
3248 1710 3527 1754 amoren
3562 1686 3869 1754 habitua-

2313 1796 2571 1864 litatem
2596 1795 3149 1864 communicandi
3184 1794 3374 1862 alteri
3414 1818 3428 1861 :
3464 1803 3530 1861 et
3576 1795 3725 1860 iden
3759 1816 3867 1860 se-

2313 1904 2609 1972 cundum
2638 1904 2918 1971 modum
2948 1902 3366 1993 intelligendi
3402 1905 3497 1968 sic
3528 1911 3629 1969 est
3670 1902 3861 1977 ordo,

2311 2011 2495 2101 quod
2530 2013 2667 2100 ipse
2694 2021 2784 2076 est
2811 2010 3184 2099 procedens
3214 2010 3513 2096 spiritns.
3546 2017 3613 2075 ut
3647 2032 3862 2084 amor,

2312 2118 2425 2206 qui
2461 2126 2560 2184 est
2602 2117 2856 2184 «ionum
2890 2115 3461 2185 communicabile
3494 2117 3729 2183 amicis
3761 2115 3863 2180 vel

2309 2238 2635 2295 creaturae
2670 2227 3009 2294 rationali.

2399 2333 2473 2402 Si
2516 2343 2745 2404 autem
2802 2334 3111 2424 ol»JiciaS‚
3175 2334 3358 2426 quod
3393 2335 3578 2400 notio
3621 2334 3865 2402 dicitur

2309 2442 2393 2509 ab
2425 2442 2940 2521 innotescendo,
2977 2444 3137 2533 quia
3181 2443 3332 2508 lacit
3392 2443 3809 2509 innotescere
3849 2466 3861 2509 :

2308 2558 2556 2617 etcum
2600 2551 2831 2617 multis
2875 2551 3096 2617 niudis
3129 2552 3273 2616 istis
3314 2550 3708 2616 nominibus
3759 2552 3869 2617 in·-

2308 2663 2615 2724 notescat
2673 2658 2969 2747 Spiritus
3009 2667 3309 2736 sanetus,
3366 2658 3687 2724 videntur
3758 2656 3869 2723 illa

2309 2763 2591 2828 nomina
2650 2761 2871 2829 dicere
2912 2761 3165 2830 multas
3222 2763 3558 2830 notioneS.
3628 2762 3871 2828 Dicen-

2307 2868 2500 2945 dum.
2546 2869 2728 2960 qnod
2774 2873 2900 2937 ista
2934 2869 3149 2937 multa
3189 2871 3465 2937 nomina
3496 2879 3874 2961 sequuntur

2308 2998 2390 3042 ex
2410 2998 2573 3052 unc,
2598 2974 2852 3044 scilicet
2876 2976 3060 3066 quod
3085 2977 3181 3044 sic
3205 2976 3507 3067 procedit
3540 2977 3865 3067 spiratus:

2307 3090 2371 3150 ct
2412 3081 2563 3149 ideo
2607 3082 2877 3150 realiter
2933 3082 3167 3150 dicunt
3226 3106 3433 3151 unam
3494 3085 3869 3156 notionem.

2309 3189 2516 3258 modo
2554 3189 2981 3281 significandi
3017 3201 3287 3260 tantum
3329 3191 3779 3261 differentem.

2762 3843 3271 3910 Alt'l'ltll’lA’S
3335 3843 3418 3909 Υ.

2305 4057 2408 4119 ,1η
2468 4052 2726 4118 drumm
2784 4054 2989 4120 elium
3058 4056 3387 4145 Imponat!
3463 4054 3860 4120 relationem

2387 4160 2567 4225 se'ceel
2609 4163 2818 4227 l'nlee·
2875 4173 2939 4227 e!
3000 4162 3249 4234 Filius.
3331 4162 3855 4249 distiti-qumana

2392 4271 2735 4358 Spirileem
2774 4283 3092 4338 sanctum
3126 4271 3212 4337 ab
3246 4285 3533 4361 utroque
3559 4274 3599 4337 :²

2392 4591 2654 4659 Deinde
2683 4593 3013 4683 ‹lnaeritur
3043 4592 3126 4660 de
3169 4592 3296 4660 hoc
3327 4593 3509 4684 qnod
3559 4594 3744 4669 dicit.
3784 4593 3859 4669 li.

2314 4730 2342 4763 α
2372 4702 2514 4767 Sed
2559 4703 2707 4792 ipsa
2776 4702 3021 4767 ιϊΙαΙίο
3090 4728 3224 4768 mm
3292 4715 3581 4793 appare!
3634 4704 3702 4770 in
3741 4705 3863 4769 lmc

2299 4812 2591 4878 nomine.
2628 4813 2938 4902 Apparet
2978 4821 3207 4878 aalma
3257 4836 3409 4878 cum
3444 4813 3700 4879 dieitur
3737 4815 3863 4879 ‹lc›-

2297 4942 2463 4985 mem
2496 4920 2650 4995 Dee’,
2686 4930 2811 4986 cte.
2854 4948 2885 4981 υ

2392 5024 2487 5091 Ex
2528 5023 2659 5092 hoc
2726 5026 2907 5092 enim
2951 5026 3305 5115 accipitur,
3377 5026 3558 5115 quod
3599 5026 3859 5095 donum

2297 5139 2394 5199 est
2428 5132 2665 5200 relatio
2707 5133 3136 5223 distinguens
3170 5133 3501 5223 Spiritum
3546 5145 3852 5203 sanctum

2295 5264 2331 5306 a
2377 5241 2573 5309 l’atre
2605 5251 2667 5309 et
2705 5242 2915 5310 Filio:
2963 5241 3092 5309 lio«.-
3126 5252 3352 5310 autem
3406 5266 3545 5311 non
3585 5246 3854 5311 videtur

2295 5372 2442 5418 csse
2475 5376 2711 5419 verum
2743 5377 2758 5420 :
2805 5354 2963 5443 quia

2389 5461 2447 5530 1.
2480 5459 2788 5527 Relatis-a
2810 5470 2966 5528 sunt
2993 5484 3289 5552 quorum
3312 5461 3440 5529 hoc
3464 5463 3684 5552 ipsum
3708 5488 3850 5531 esse

660 5569 788 5638 hoc
828 5591 965 5636 non
1004 5576 1334 5646 removet,
1377 5567 1560 5659 quod
1590 5567 1824 5635 eadem
1881 5565 2191 5656 proprie·
2291 5567 2472 5657 quod
2507 5576 2688 5649 sunt,
2732 5566 2817 5635 ad
2855 5566 3039 5635 aliud
3070 5577 3229 5637 sunt
3260 5592 3275 5637 :
3309 5569 3424 5638 sed
3456 5568 3710 5641 donum
3746 5581 3843 5639 est
