4897 6388
2466 173 2755 243 JNDEX
3322 271 3325 272 f
3519 271 3525 278 .
4090 177 4213 242 ou

2161 681 2877 812 DJSTJNCTIO
2947 687 3063 779 Π.

1778 1044 1891 1104 De
1974 1043 2360 1122 mysterio
2444 1041 2849 1102 trinitatis
2933 1039 3022 1100 et
3108 1040 3481 1102 unitatis,

1163 1454 1246 1516 A.
1292 1450 1395 1514 De
1437 1451 1745 1514 Trinitate
1771 1458 1831 1514 et
1858 1451 2097 1513 unitate
2124 1452 2465 1514 secundum
2495 1452 2669 1534 qaod
2691 1451 3002 1514 creditur.
4148 1459 4224 1520 53

1965 1641 2179 1699 Divisio
2211 1648 2425 1700 textus.
4156 1635 4226 1702 5⁰4

1572 1739 1712 1790 Aur.
1790 1737 1841 1788 1.
1874 1738 1962 1789 An
1992 1735 2412 1792 convenienter
2440 1736 2798 1793 ordinentur
2826 1736 2954 1791 hoec
2984 1735 3121 1805 tria,
3155 1735 3375 1806 dicere,
3432 1737 3696 1809 credere,
3750 1743 3808 1794 et
3865 1737 4085 1795 intelli-

2000 1841 2137 1899 gere
2163 1825 2193 1881 ?
4153 1832 4225 1886 54

1785 1916 1837 1969 2.
1871 1914 2077 1970 Utrum
2131 1931 2398 1972 surnmum
2454 1915 2684 1988 aliquid
2738 1915 2919 1973 addat
2966 1915 3144 1985 bono,
3189 1933 3324 1974 eum
3363 1916 3585 1975 dicitur
3639 1935 3943 1976 summum
3971 1919 4082 1977 ho-

1927 2020 2071 2061 num
2089 2004 2120 2061 ¹?
4155 2014 4222 2067 53

1791 2097 1845 2150 3.
1879 2097 2083 2153 Utrum
2112 2096 2549 2171 purgatissimis
2572 2097 2877 2155 mentibus
2907 2102 3143 2155 tantum
3173 2105 3456 2156 cernatur
3483 2101 3637 2156 Deus
3656 2100 3685 2156 ⁶?
4153 2105 4221 2157 57

1788 2186 1841 2240 4.
1875 2186 2082 2243 Utrum
2112 2186 2213 2242 lux
2245 2187 2443 2244 divina
2471 2186 2730 2245 excellat
2766 2188 3160 2261 capacitatem
3203 2188 3392 2246 nostri
3422 2188 3803 2247 intellectus?
4151 2194 4223 2247 58

1788 2278 1841 2330 5.
1872 2278 1961 2331 An
1988 2292 2165 2332 omne
2198 2293 2400 2354 verum
2429 2277 2646 2333 scitum
2677 2277 2753 2334 sit
2779 2295 2817 2334 a
2846 2278 3071 2351 Spiritu
3102 2283 3308 2335 sancto
3338 2278 3693 2352 inspiratum
3712 2278 3742 2336 ‘i
4154 2284 4223 2335 59

1789 2366 1842 2419 6.
1873 2367 1962 2420 An
1984 2365 2044 2421 in
2075 2367 2327 2423 materia
2353 2365 2426 2423 de
2456 2367 2744 2423 Trinitate
2774 2366 3172 2440 periculosius
3210 2373 3445 2424 erratur
3464 2368 3494 2426 7
4153 2373 4222 2425 60

1792 2459 1846 2511 7.
1877 2459 1963 2512 An
1995 2456 2146 2514 nihil
2169 2456 2534 2515 fructuosius
2565 2459 2907 2516 inveniatur
2932 2475 3117 2531 quam
3148 2459 3209 2515 in
3247 2459 3497 2517 materia
3525 2458 3598 2517 de
3626 2459 3960 2517 Trinitate?
4155 2464 4225 2518 60

1182 2690 1250 2753 Β.
1304 2687 1463 2769 Quae
1474 2688 1696 2769 suerit
1723 2688 1986 2750 intentio
2012 2685 2418 2749 scribentium
2447 2688 2528 2749 de
2566 2687 2880 2750 Trinitate
2902 2687 2933 2749 f
4150 2689 4222 2749 61

1576 2878 1713 2933 Ant.
1787 2877 1840 2932 8.
1873 2874 2024 2942 Quid
2057 2874 2272 2933 melius
2300 2875 2521 2933 dicitur
2547 2875 2621 2933 de
2650 2875 3026 2944 Patre,Filio,
3048 2880 3107 2932 et
3154 2875 3376 2948 Spiritu
3432 2881 3664 2946 sancto,
3694 2874 3860 2950 quod
3888 2891 4081 2933 uuum

1927 2971 2090 3033 sunt,
2121 2965 2211 3022 vel
2243 2965 2403 3038 quod
2429 2983 2618 3024 unum
2650 2966 2792 3024 est?
4156 2969 4219 3021 61

1784 3060 1838 3111 9.
1872 3059 1959 3111 Au
1987 3054 2203 3112 melius
2230 3054 2486 3124 dicatur,
2522 3056 2686 3112 Alter
2712 3058 2913 3124 Pater,
2938 3055 3095 3113 alter
3123 3056 3306 3113 Filius
3336 3072 3351 3113 ε
3382 3056 3477 3114 vel
3512 3055 3689 3124 alius.
3720 3061 3779 3112 et
3809 3054 4008 3113 alius?
4161 3058 4222 3109 61

1167 3290 1243 3354 C.
1297 3288 1468 3370 Quis
1495 3290 1652 3352 ordo
1682 3288 1772 3351 sit
1796 3289 2141 3352 servandus
2166 3311 2306 3352 cum
2336 3290 2415 3352 de
2457 3288 2770 3354 Trinitate
2794 3290 3026 3374 agitur
3048 3291 3079 3353 ,ἲ
4151 3292 4233 3353 62

1579 3483 1713 3536 Αιιτ.
1761 3483 1844 3536 10.
1876 3482 1964 3536 An
1996 3477 2055 3535 in
2079 3477 2189 3534 hac
2219 3477 2470 3534 scientia
2498 3477 2578 3535 sit
2607 3476 2803 3551 primo
2833 3478 3281 3551 procedendum
3314 3495 3423 3552 per
3449 3479 3837 3535 auctoritates
3856 3477 3887 3534 t
4058 3528 4069 3537 .
4159 3479 4231 3534 63

1158 3709 1240 3773 D.
1299 3708 1676 3772 Testimonia
1705 3706 2076 3770 Sanctorum
2101 3708 2180 3770 de
2219 3706 2552 3770 Trinitate.
4152 3713 4236 3774 63

1970 3894 2186 3950 Divisio
2219 3900 2434 3951 textus.
4164 3900 4232 3954 6³

1577 3989 1716 4043 Aur.
1762 3989 1845 4039 11.
1878 3987 1965 4039 An
1998 3984 2150 4039 Deus
2179 3984 2256 4041 sit
2287 4000 2509 4041 nomen
2537 3991 2770 4041 naturae
2789 3984 2821 4040 ⁶?
4160 3986 4232 4043 6⁴

1766 4076 1851 4129 ¹2.
1880 4074 2021 4139 Quis
2053 4073 2202 4128 dixit
2227 4071 2431 4145 Moysi,
2464 4074 2580 4144 Ego
2608 4089 2729 4130 sum
2756 4074 2859 4145 qui
2874 4088 3017 4138 sum,
3049 4089 3127 4129 an
3163 4080 3400 4143 natura,
3432 4075 3520 4132 vei
3553 4091 3808 4148 persona
3835 4075 4034 4132 divina
4054 4074 4084 4132 ‘i
4163 4078 4233 4130 67

1758 4165 1841 4218 13.
1875 4166 1962 4218 An
1994 4164 2097 4229 Qui
2127 4170 2204 4218 est
2235 4163 2309 4218 sit
2340 4177 2562 4219 nomen
2598 4164 2717 4218 Deo
2748 4161 3059 4235 proprium
3082 4162 3113 4217 Ῥ
4164 4167 4233 4221 68

1760 4254 1846 4308 ss.
1877 4256 1966 4308 An
1992 4254 2097 4318 Oui
2124 4259 2202 4308 est
2232 4253 2311 4308 sit
2341 4251 2603 4324 primum
2633 4251 2793 4308 inter
2823 4251 3073 4308 nomina
3096 4252 3298 4309 divina
3318 4253 3348 4309 ξ’
4170 4257 4241 4308 ’ῐο

1763 4346 1845 4397 iti.
1878 4347 1965 4398 An
1999 4342 2283 4399 Dominus
2313 4343 2388 4398 sit
2419 4357 2641 4398 nomen
2665 4340 3031 4415 potestatis?
4170 4348 4230 4400 ῗ1

1762 4435 1848 4487 16.
1882 4436 1969 4489 An
1996 4433 2151 4489 Deus
2170 4432 2248 4489 sit
2274 4431 2663 4489 nominabilis
2694 4449 2729 4489 a
2759 4430 2940 4488 nobis
2962 4430 2991 4487 7
4169 4437 4231 4489 71

1767 4524 1849 4575 17.
1884 4525 1925 4576 Α
1959 4521 2178 4593 quibus
2209 4521 2557 4577 nominatur
2585 4520 2763 4587 Deus,
2820 4536 2898 4576 an
2952 4519 3027 4576 ab
3057 4520 3223 4577 omni
3256 4537 3327 4577 eo
3384 4521 3545 4595 quod
3593 4521 3810 4579 melius
3841 4528 3932 4579 est
3961 4539 4094 4580 esse

2011 4626 2190 4682 quam
2224 4626 2345 4667 non
2376 4625 2510 4666 esse
2538 4607 2568 4665 ⁶?
4168 4616 4237 4668 '02

1192 4849 1257 4911 Ε.
1301 4848 1539 4932 Aperte
1559 4846 1855 4918 ostendit,
1886 4845 2055 4929 quod
2081 4866 2191 4908 nec
2217 4845 2524 4926 solitudo,
2555 4865 2669 4907 nec
2695 4844 3067 4918 diversitas,
3120 4865 3229 4909 nec
3277 4845 3703 4928 singularitas
3744 4844 3836 4908 ibi
3883 4852 3999 4924 est,

1382 4947 1496 5010 sed
1521 4946 1905 5010 similitudo.
4164 4949 4243 5010 ‘n

1590 5139 1725 5193 An.
1771 5138 1855 5192 18.
1885 5137 1997 5190 Pro
2040 5152 2159 5207 quo
2211 5134 2495 5208 supponit
2549 5136 2760 5206 imavo,
2791 5150 2931 5191 cum
2987 5134 3212 5191 dicitur
3266 5151 3281 5191 :
3345 5136 3633 5192 Faciamus
3694 5134 3973 5193 hominem
4029 5135 4105 5192 ad

2011 5226 2305 5297 imaqinem
2334 5229 2580 5280 nostram
2610 5227 2641 5279 ξ)
4175 5228 4243 5279 'ati

1764 5318 1848 5370 19.
1889 5317 1976 5372 An
2013 5314 2251 5375 termini
2279 5312 2622 5369 numerales
2649 5314 2709 5370 in
2741 5314 2964 5369 divinis
2989 5313 3221 5385 aliquid
3257 5314 3530 5387 ponant?
4178 5317 4246 5368 ’Π

1765 5407 1848 5458 20.
1883 5405 2201 5472 Quanritun
2232 5404 2422 5470 Quare
2448 5403 2510 5458 in
2541 5402 2679 5460 aliis
2708 5403 2950 5461 entibus
2996 5403 3073 5459 ad
3128 5418 3450 5460 numerum
3487 5404 3873 5477 hypostasum
3906 5404 4109 5478 sequi-

2020 5514 2119 5569 ωι·
2140 5509 2427 5557 numerus
2458 5499 2713 5564 naturai,
2760 5499 2825 5549 et
2852 5508 2972 5549 non
3003 5492 3282 5564 sequitur
3310 5493 3370 5548 in
3402 5492 3664 5550 divinis?
4185 5493 4252 5546 78

1312 5627 1423 5666 xxv
3901 5612 3963 5666 41
