4897 6388
601 302 715 394 ‚22⁰
794 393 803 401 ἡ
1472 320 1507 377 ῃ
1600 300 1680 366 D.
1735 299 1930 366 ALB.
1983 294 2209 363 MAa-
2251 289 2805 360 eademne.

635 464 934 543 duobus„
979 467 1224 551 modis,
1293 467 1570 549 scilicet,
1641 468 2057 558 simpliciter,
2114 474 2179 533 et
2287 461 2565 541 luntatis
2617 484 2634 527 ε
2702 443 2868 527 curn·
2927 485 3131 553 supra
3167 462 3352 546 ,fecit
3413 462 3863 529 mentionem*
3915 440 3922 445 ’
3981 480 4010 527 ;·

633 577 899 663 ratione
930 576 1084 647 finis
1116 580 1339 670 operis
1363 578 1478 669 qui
1510 579 1835 646 terminus
1855 583 2172 641 vocatur:
2285 564 2688 644 intellectus,
2751 567 2868 633 Ubi
2915 566 3097 647 dicit,
3136 570 3318 658 quod
3382 569 3674 636 fruimur
3709 590 3831 636 co-

631 695 698 781 et
730 686 881 755 ideo
949 690 1233 755 virtutes
1290 694 1701 775 appetuntur
1759 689 2031 772 propter
2109 700 2178 746 se
2289 672 2520 760 gnitiS,
2564 679 2691 738 etc.

634 805 941 888 respectu
983 799 1232 887 operis,
1268 795 1383 893 sed
1429 815 1568 860 non
1615 799 1918 882 respectu
1973 788 2180 856 beati-

630 907 853 981 tudis:
918 913 985 973 et
1044 903 1356 970 similiter
1408 898 1753 970 beatitudo
1811 909 2032 970 ereata
2070 920 2181 966 re-
2373 889 2478 955 Au
2506 910 2632 955 1100
2668 887 3053 971 dicendum.
3089 892 3272 983 quod
3303 894 3448 961 sine
3491 895 3710 984 gratia
3765 899 3832 960 et
3926 912 4127 960 somno.

635 1023 870 1106 spectu
917 1016 1232 1081 increatae
1282 1013 1623 1104 appetitur
1661 1023 1933 1105 propter
1972 1011 2177 1091 aliud,
2292 999 2535 1064 Virtute
2564 1019 2703 1065 1¹0⁰
2733 1006 2832 1065 052
2861 999 3114 1067 fl'uiliO·

636 1120 751 1187 sed
786 1128 1096 1211 respectu
1128 1123 1397 1189 virtutis
1428 1145 1550 1211 per
1579 1146 1692 1190 se:
1728 1122 1844 1190 sed
1888 1122 2016 1189 hoc
2071 1143 2183 1211 pa·
2379 1107 2482 1171 AD
2510 1129 2572 1172 ¹¹²
2603 1117 2830 1175 autem
2860 1109 3043 1199 q¹¹0d
3078 1109 3417 1199 Objieilffl'v
3473 1108 3833 1177 dicendum
3962 1153 4032 1198 Aa
4060 1155 4104 1201 1.

370 1247 380 1261 ‚
439 1214 454 1262 ἱ
504 1245 534 1261 ..
635 1250 792 1318 pum
823 1237 923 1295 est
956 1228 1198 1298 dicere·
1692 1264 1700 1306 3
2295 1213 2475 1303 quod
2550 1212 2905 1284 dilectione
2988 1216 3273 1285 naturali
3345 1227 3572 1309 potest
3647 1215 3839 1306 diligi

2294 1323 2477 1390 Deus
2505 1332 2780 1414 propter
2809 1345 2880 1391 se
2910 1332 2970 1391 et
2999 1347 3202 1416 super
3232 1329 3505 1394 omnia:
3533 1327 3627 1393 ita
3658 1322 3840 1413 quod

2297 1429 2391 1520 ly,
2414 1438 2719 1523 propter,
2762 1438 2949 1498 notet
2990 1431 3193 1499 linem
3244 1441 3536 1511 tantum,
3580 1441 3644 1499 et
3702 1452 3842 1497 non

1402 1590 1407 1594 -
2298 1561 2572 1606 causam
2621 1538 3064 1608 efficientem:
3119 1541 3445 1630 quoniam
3513 1539 3684 1607 ratio
3737 1562 3848 1606 co-

1047 1659 1550 1730 AR'rlCULUS
1582 1660 1801 1728 ΧΧΠ,
2300 1668 2630 1735 gnoscens
2668 1648 2888 1715 Deum
2938 1670 3142 1738 super
3179 1651 3437 1730 omnia,
3472 1646 3629 1715 facit
3660 1646 3843 1714 illam

636 1830 685 1859 „-
2303 1756 2769 1824 dilectionem:
2806 1755 2923 1825 sed
2961 1781 3118 1825 curn
3162 1756 3487 1827 charitate
3544 1758 3849 1849 diligitur

641 1880 835 1967 53-sz
863 1870 1430 1964 *bonavoluntate
1454 1875 1603 1942 sine
1638 1870 2004 1940 virtutibus
2028 1872 2117 1937 sit
2304 1874 2369 1933 et
2422 1866 2638 1957 gratia
2692 1874 2969 1956 propter
3034 1888 3105 1933 se
3169 1875 3238 1933 et
3302 1889 3506 1957 super
3588 1867 3843 1945 omnia,

1212 1978 1657 2071 fruendum?
2306 1983 2627 2043 notantur
2678 1982 2815 2041 tres
2879 1997 3123 2055 causae,
3193 1975 3448 2044 scilicet
3524 1974 3845 2053 efficiens,

2300 2082 2699 2169 materialis,
2732 2092 2800 2150 et
2835 2082 3058 2151 finalis
3085 2106 3100 2151 ε
3129 2092 3195 2152 et
3221 2084 3642 2175 significatur
3669 2082 3854 2174 quod

642 2273 655 2285 ἱ
2311 2195 2453 2283 ipse
2491 2200 2594 2261 est
2631 2191 2927 2261 efficiens
2987 2193 3346 2284 praecipue,
3383 2201 3449 2261 et
3487 2192 3856 2283 disponens

650 2355 659 2391 :
751 2305 1006 2375 Deinde
1061 2304 1385 2396 quaeritur
1451 2301 1532 2370 de
1599 2300 1728 2370 hoc
1785 2298 1968 2391 quod
2005 2299 2197 2367 dicit:
2313 2299 2394 2366 ad
2457 2297 2868 2367 fruitionem.
2940 2298 3234 2379 Quidam
3278 2300 3513 2368 dicunt
3541 2299 3758 2378 aliter,
3794 2306 3860 2366 et

645 2439 699 2501 -5
729 2414 843 2482 Ila
900 2411 984 2480 de
1048 2410 1401 2480 volunlale
1440 2408 1616 2477 bona
1660 2408 1972 2489 decimus,
2007 2416 2131 2476 etc.
2170 2436 2201 2467 »
2313 2433 2452 2479 non
2485 2411 2574 2477 ita
2614 2411 2783 2480 bene
2841 2409 3320 2501 distinguendo
3395 2409 3854 2489 dilectionem,

649 2519 1031 2608 Quaeritur,
1138 2520 1444 2610 inquam,
1520 2517 1761 2587 Utrum
1860 2516 2205 2584 voluntate
2316 2520 2568 2588 scilicet
2625 2519 2964 2603 amicitiae,
3027 2528 3094 2587 et
3149 2518 3752 2610 concupiscentiae:
3797 2524 3862 2585 et
3939 2578 3942 2581 .
4069 2541 4117 2581 ,·..

644 2615 845 2718 Jbona
902 2631 1052 2699 sine
1108 2627 1475 2696 virtutibus
1531 2628 1878 2716 contingat
1921 2626 2101 2694 frui?
2127 2623 2210 2692 Et
2316 2629 2572 2710 dicunt,
2608 2627 2791 2720 quod
2820 2627 3177 2696 dilectione
3218 2629 3533 2696 amicitiae
3598 2635 3864 2719 poterat

643 2737 961 2827 ,videtum
998 2735 1182 2828 quod
1213 2736 1331 2804 sic.
2324 2738 2501 2807 Deus
2531 2735 2723 2828 diligi
2753 2745 3029 2827 propter
3057 2757 3128 2803 se
3159 2744 3224 2803 et
3257 2758 3462 2825 super
3509 2734 3765 2815 omnia,
3803 2741 3870 2802 et

762 2853 825 2915 ¹·
860 2843 1040 2925 Qui&
1071 2844 1294 2912 Adflm'
1333 2845 1403 2912 5¹1
1433 2845 1654 2935 Primo
1710 2852 1911 2921 statu,
1956 2851 2023 2911 el-
2067 2842 2212 2908 An·
2323 2869 2458 2915 non
2483 2846 3089 2937 concupiscentiae:
3151 2845 3331 2913 unde
3387 2867 3544 2913 cum
3612 2844 3868 2911 fructus

671 2956 806 3049 geli
864 2957 921 3025 si
998 2964 1339 3047 ponantur
1403 2954 1473 3021 in
1546 2953 1709 3022 solis
1800 2951 2215 3021 naturalibus
2325 2964 2529 3046 ponat
2592 2953 3026 3022 dilectionem
3082 2952 3668 3045 concupiscentiae,
3729 2972 3871 3018 non

664 3065 904 3145 creati,
974 3063 1357 3131 dilexerunt
1431 3062 1652 3132 Deum
1718 3071 1992 3154 propter
2044 3084 2114 3129 se
2152 3068 2216 3128 et
2325 3061 2831 3153 sequiturquod
2855 3062 2922 3128 in
2956 3059 3072 3128 illo
3102 3069 3280 3128 statu
3305 3059 3639 3127 frueretur
3660 3057 3869 3126 homo

659 3196 876 3265 super
906 3172 1182 3242 omnia:
1210 3194 1374 3265 ergo
1432 3170 1795 3241 dilectione
1834 3170 2212 3240 fruitionis:
2325 3180 2388 3239 et
2420 3169 2744 3262 Angelus.

658 3306 833 3374 vergo
862 3286 1151 3351 virtutes
1181 3304 1317 3349 non
1358 3290 1517 3349 sunt
1565 3282 1955 3349 necessariae
1996 3280 2217 3370 dispo·
2414 3281 2517 3347 An
2581 3302 2777 3346 Amen
2831 3278 3218 3356 dicendum,
3280 3278 3463 3370 quod
3558 3276 3875 3346 voluntas
3995 3272 4070 3317 *⁴
4096 3268 4140 3317 ‘-

648 3396 949 3477 sitiones
976 3393 1063 3463 ad
1101 3392 1489 3463 fruendum.
2327 3397 2427 3455 est
2474 3386 3047 3479 complementum
3117 3394 3306 3455 actus
3362 3384 3626 3454 fruendi
3675 3408 3692 3452 :
3760 3381 3875 3451 alii

652 3562 665 3578 ,
748 3505 814 3570 2.
876 3483 1234 3579 l‘raeterea,
1306 3499 1609 3572 Ulterius
1666 3524 1749 3567 cx
1820 3502 1947 3567 isto
2007 3499 2214 3567 verbo
2327 3504 2553 3565 autem
2592 3504 2942 3587 tamquam
2976 3494 3360 3563 materiales
3393 3496 3461 3561 in
3496 3496 3669 3585 ipsu,
3702 3494 3874 3588 sicut

649 3611 960 3698 ,videtum
1002 3608 1187 3701 quod
1235 3607 1466 3676 fruitio
1498 3608 1585 3675 sit
1624 3616 1813 3677 actus
1842 3607 2055 3674 solius
2093 3628 2220 3673 vo·
2310 3621 2533 3694 ¹'supra
2560 3595 2722 3671 satis
2752 3602 3142 3694 expeditum
3184 3611 3307 3672 est.
3483 3606 3491 3614 ‘
3637 3604 3647 3612 ”

2015 4176 2069 4249 1.
2114 4173 2515 4274 Epiloyus.

768 4566 1135 4643 Omnium
1178 4567 1412 4665 igitur
1441 4591 1618 4667 quoe
1650 4567 1847 4644 dicta
1889 4581 2093 4663 sunt,
2138 4594 2227 4645 ex
2270 4593 2421 4668 quo
2463 4570 2556 4646 dc
2600 4571 2829 4648 rebus
2858 4572 3302 4672 specialiter
3343 4575 3875 4670 tractabimus»,

673 4707 839 4782 haec
890 4729 1195 4780 summa
1235 4716 1392 4781 est:
1431 4704 1649 4793 Quod
1692 4707 1862 4783 aliae
1890 4718 2063 4782 sunt
2099 4707 2379 4806 quibus
2412 4708 2820 4783 fruendum
2871 4721 3009 4796 est,
3079 4710 3252 4787 atim
3312 4711 3598 4810 quibus
3669 4724 3882 4788 uten-

660 4841 855 4916 dum
898 4853 1051 4917 est:
1096 4841 1270 4919 alia:
1302 4864 1479 4940 quae
1525 4843 2007 4938 fruuntur-‚et
2051 4854 2409 4919 utuntur:
2458 4856 2530 4921 et
2563 4845 2762 4922 inter
2827 4871 2960 4923 eas
2991 4847 3276 4945 quibus
3319 4849 3692 4924 utendum
3735 4860 3876 4946 est,

657 4976 904 5080 ‘etiam
946 4977 1308 5076 quaedam
1348 4990 1529 5052 sunt
1561 5003 1699 5077 per
1736 5002 1931 5077 quas
1981 4980 2330 5074 fruimur,
2368 4991 2448 5055 ut
2480 4979 2801 5058 virtutes
2841 4992 2915 5058 et
2947 4982 3312 5081 potentiae
3363 4982 3633 5080 animi,
3705 5008 3883 5084 quae

678 5126 862 5193 sunt
902 5115 1284 5190 naturalia
1325 5114 1555 5189 bona.
1594 5115 1703 5190 De
1744 5115 2026 5213 quibus
2064 5116 2420 5194 omnibus
2460 5128 2871 5216 antequam
2964 5116 3057 5191 de
3127 5116 3370 5217 signis
3440 5128 3880 5214 tractemuS,

678 5253 1067 5352 agendum
1102 5261 1258 5327 est:
1305 5275 1394 5326 ac
1435 5250 1768 5350 primum
1812 5251 1904 5324 cle
1942 5253 2165 5328 rebus
2192 5251 2476 5351 quibus
2505 5252 2919 5327 fruendum
2963 5262 3104 5346 est,
3141 5252 3435 5328 scilicet
3465 5254 3558 5330 de
3622 5264 3887 5332 sancta

683 5399 915 5488 atque
951 5386 1353 5463 individua
1390 5387 1786 5464 Trinitate.
