4897 6388
1951 328 2132 412 [Nal-
2172 328 2604 398 SENTENT.
2655 327 2884 396 DIST.
2934 325 3127 405 XIII,
3177 329 3264 394 A.
3314 371 3331 415 ς
4101 317 4230 386 363

2140 929 2834 1024 DISTINCTIO
2901 927 3152 1020 XIII.

1164 1336 1270 1430 A.
1297 1332 1552 1426 Quare
1584 1335 1930 1434 Spiritus
1966 1341 2274 1412 sanctus
2313 1358 2490 1412 cum
2527 1332 2631 1411 sit
2658 1331 2751 1407 de
2795 1331 3224 1407 substantia
3254 1330 3544 1424 Patrz’S,
3588 1354 3743 1405 non
3784 1328 4087 1404 dicatur

1721 1470 2048 1567 qenitus,
2078 1468 2208 1546 vel
2237 1467 2523 1562 Filius,
2555 1465 2697 1542 sed
2728 1472 3025 1542 tantum
3047 1465 3474 1565 procedens
3495 1463 3539 1540 P

1114 1912 1302 1989 Post
1328 1915 1501 1990 haee
1532 1911 2185 1990 considerandum
2213 1922 2357 2008 est,
2392 1923 2772 2011 quantum
2805 1913 3160 1988 statibus
3181 1914 3449 2011 quales
3488 1936 3630 1987 nos
3661 1935 3960 2000 sumus,
3997 1910 4229 1987 intel-

1022 2048 1159 2147 ligi
1202 2058 1482 2156 potest,
1516 2072 1690 2124 cum
1733 2046 2068 2148 Spiritus
2097 2058 2413 2126 sanctus
2435 2050 2801 2151 procedat
2838 2049 2931 2123 de
2965 2050 3218 2143 Patre,
3249 2060 3324 2124 et
3352 2048 3450 2124 sit
3478 2050 3571 2124 de
3612 2047 4042 2127 substantia
4075 2049 4230 2123 Pa-

1010 2161 1539 2274 triS,cur‘non
1581 2183 1884 2262 dicatur
1921 2175 2092 2263 esse
2133 2192 2389 2282 natuS,
2435 2184 2569 2260 sed
2603 2184 2858 2284 potius
2890 2184 3304 2284 procedere
3349 2208 3365 2259 ε
3402 2194 3477 2260 et
3520 2207 3658 2259 cur
3711 2207 3865 2259 non
3927 2183 4227 2259 dicatur

1011 2317 1598 2407 Filius?Quare
1630 2328 1887 2396 autem
1911 2317 2247 2418 Spiritus
2284 2329 2603 2395 sanctus
2645 2342 2798 2394 non
2821 2318 3122 2394 dIcatur
3151 2319 3271 2395 vel
3315 2317 3700 2413 sit-natuS,
3745 2329 3821 2394 et
3850 2318 4024 2395 ideo
4067 2343 4221 2395 non

1014 2452 1117 2528 sit
1154 2454 1421 2542 Filius,
1459 2454 1949 2553 Augustinus
1987 2453 2321 2529 ostendit
2359 2453 2432 2527 in
2500 2453 2695 2528 libro
2751 2453 2890 2529 XV
2927 2454 3021 2528 de
3070 2453 3443 2529 Trim‘lole
3482 2453 3530 2548 ¹,
3596 2453 3907 2529 dicens:
3946 2453 4024 2529 Si
4059 2455 4225 2554 Spi-

1012 2596 1208 2672 ritus
1238 2602 1558 2671 sanctus
1591 2589 1800 2670 filius
1842 2589 2252 2689 diceretur,
2295 2590 2703 2667 amborum
2747 2590 3010 2690 utique
3051 2588 3292 2665 Filius
3324 2589 3758 2666 diceretur:
3828 2590 4031 2690 quod
4096 2590 4221 2665 ab·

1009 2727 1561 2812 surdissimum
1620 2735 1762 2803 est.
1828 2723 2069 2802 Filius
2106 2724 2392 2827 quippe
2451 2727 2718 2804 nullus
2746 2735 2863 2804 est
2901 2726 3261 2820 duorum,
3325 2725 3469 2803 nisi
3531 2725 3780 2803 Patris
3811 2738 3886 2804 et
3925 2727 4214 2805 matriS.

1009 2865 1230 2945 Absit
1267 2874 1530 2943 autem
1568 2873 1651 2938 ut
1681 2862 1882 2938 inter
1908 2861 2158 2938 Deum
2187 2861 2496 2939 Patrem
2521 2872 2598 2937 et
2626 2862 2873 2937 Deum
2912 2861 3186 2935 Filium
3211 2863 3360 2936 tate
3391 2861 3675 2961 aliquid
3707 2862 4215 2962 suspicemur.

1009 2998 1589 3080 Absurdissime
1629 3021 1815 3095 ergo
1858 2996 2066 3072 tilius
2086 2996 2474 3073 diceretur
2498 2996 2931 3090 amborum,
2970 2996 3040 3071 id
3075 3007 3217 3093 est,
3270 2998 3514 3072 Patris
3554 3009 3624 3073 et
3690 2998 3887 3073 Filii.
3947 3001 4227 3075 Ambo-

1016 3161 1189 3215 rum
1217 3136 1427 3213 enim
1471 3132 1680 3210 fitius
1719 3132 2128 3227 diceretur,
2173 3131 2236 3208 si
2298 3155 2479 3210 eum
2533 3132 2761 3208 ambo
2811 3131 3265 3230 genuissent
3310 3157 3326 3209 ε
3391 3132 3594 3233 quod
3652 3133 4014 3212 abhorret
4054 3160 4224 3209 ‹nn-

1017 3272 1236 3354 nium
1269 3270 1733 3351 Sanctorum
1769 3272 1791 3306 '
1831 3292 2137 3346 sensus.
2172 3267 2343 3344 Non
2373 3290 2561 3365 ergo
2592 3267 2691 3342 ab
2733 3278 3059 3365 utroque
3086 3277 3204 3343 est
3233 3267 3566 3363 genitus,
3597 3268 3729 3344 sed
3762 3269 4100 3368 procedit
4124 3269 4221 3346 ab

1017 3415 1349 3505 utroque
1403 3404 1811 3481 amborum
1867 3402 2227 3503 Spiritus.
2293 3402 2435 3478 His
2500 3401 2760 3480 verbis
2812 3401 3271 3495 ostenditur,
3334 3427 3472 3476 cur
3508 3402 3842 3502 Spiritus
3914 3415 4229 3478 sanetus

1016 3562 1195 3613 curn
1229 3537 1326 3613 sit
1358 3538 1454 3614 de
1481 3538 1740 3625 Patre,
1775 3560 1930 3612 non
1961 3547 2221 3613 tamen
2264 3535 2567 3612 dicatur
2603 3535 2911 3632 genitus
2953 3536 3069 3610 vel
3110 3534 3342 3610 mins.

2686 3915 2980 4003 genitus,
3014 3938 3096 3982 eo
3128 3912 3310 4004 quod
3336 3916 3475 4005 ipse
3506 3937 3643 3983 non
3672 3916 3758 3985 sit
3790 3938 3927 3986 non
3949 3914 4034 3985 ab
4065 3915 4228 3997 alio,

2687 4026 2762 4087 ut
2803 4017 3027 4101 Pater,
3061 4018 3178 4099 ibi,
3216 4019 3296 4101 E,
3328 4048 3357 4083 n
3424 4021 3621 4089 Nunc
3658 4022 4226 4091 considerandum

2687 4136 2808 4209 est,
2840 4149 2992 4194 cum
3024 4128 3332 4219 Spiritus
3366 4141 3665 4199 sauctus.
3707 4157 3740 4196 ι

2781 4234 3005 4303 Prima
3047 4233 3288 4303 hurum
3348 4234 3548 4306 habet
3600 4248 3732 4306 tres
3791 4248 4011 4330 partes
4085 4262 4099 4306 ;
4166 4242 4232 4308 iu

2688 4364 2979 4435 quarum
3003 4344 3220 4433 prima
3252 4346 3492 4435 tangit,
3520 4368 3726 4436 quare
3761 4347 4054 4439 Spiritus
4082 4370 4233 4416 san·

2688 4458 2837 4518 ctus
2875 4473 3011 4519 non
3042 4449 3305 4521 dicatur
3336 4462 3532 4521 natus
3570 4454 3677 4523 vel
3708 4454 3909 4535 tilius,
3942 4455 4058 4524 sed
4092 4463 4236 4524 tan·

1516 4252 1755 4301 Dn‘tsto
1791 4250 2064 4300 TEXU‘S·

1108 4583 1146 4625 ι
1181 4559 1350 4628 Post
1385 4556 1530 4626 ltaec
1575 4553 2179 4637 considerandum,
2234 4565 2577 4647 quantum

1017 4691 1061 4735 a
1091 4664 1356 4735 talibus
1384 4662 1629 4756 quales
1667 4686 1788 4731 uos
1814 4686 2078 4743 sumus,
2114 4672 2242 4733 etc.
2280 4690 2314 4725 n

1107 4773 1234 4843 ttic
1277 4772 1514 4864 incipit
1543 4794 1702 4863 pars
1735 4769 1872 4847 illa,
1911 4770 1979 4839 in
2011 4793 2145 4863 qua
2174 4770 2581 4842 determinat

1019 4880 1348 4973 Magister
1420 4877 1874 4948 differentiam
1958 4878 2441 4967 generationis,
2514 4887 2579 4947 et

1023 4986 1508 5081 processionis».
1537 4984 1623 5054 Et
1649 4984 1973 5055 dividitur
2003 4987 2073 5054 in
2102 4985 2270 5055 duas
2296 4997 2520 5077 partes
2557 5009 2572 5056 ε

1017 5098 1085 5164 in
1127 5116 1421 5186 quarum
1453 5094 1671 5186 prima
1716 5093 2036 5174 ostendit,
2070 5093 2252 5186 quod
2285 5093 2581 5186 Spiritus

1015 5211 1294 5272 sanctus
1323 5224 1467 5271 non
1502 5208 1727 5293 potest
1765 5199 1893 5268 dici
1935 5201 2229 5293 genitus,
2271 5224 2354 5269 eo
2394 5202 2579 5296 quod

1017 5311 1279 5380 nonsit
1316 5317 1522 5378 natus
1574 5317 1650 5377 ut
1699 5306 1933 5375 Filius.
1977 5306 2057 5375 ln
2114 5309 2410 5380 secunda
2465 5333 2579 5379 au-

1017 5425 1159 5486 tem
1200 5414 1637 5497 determinat,
1669 5413 1853 5506 quod
1881 5435 2025 5482 non
2051 5421 2273 5506 potest
2301 5414 2432 5484 dici
2474 5418 2584 5486 in·-

1094 5690 1111 5724 ¹
1153 5686 1213 5742 S.
1244 5683 1755 5751 Auounmus,Lib.
1785 5688 1888 5741 XV
1907 5685 1984 5741 de
2001 5684 2457 5758 Trinitate,cap.
2487 5686 2579 5742 27.

2688 4566 2834 4627 tum
2877 4557 3262 4649 procedere.
3309 4558 3383 4627 In
3421 4560 3715 4630 secunda
3746 4564 3961 4654 tangit
3996 4587 4033 4631 e
4072 4586 4234 4633 con·

2689 4689 2911 4748 verse,
2956 4690 3163 4758 quare.
3198 4666 3405 4735 Filius
3449 4668 3692 4738 dicitur
3730 4674 3909 4740 nasci
3961 4682 4029 4743 et
4071 4696 4232 4765 pro·

2689 4774 2951 4858 cedere,
3002 4773 3122 4853 ibi,
3174 4775 3255 4853 B,
3318 4805 3350 4839 α
3399 4779 3572 4848 Cum
3647 4789 3876 4850 autem
3926 4785 4232 4874 Spiritus

2687 4896 2963 4951 sam-tus
3000 4909 3134 4951 mm
3175 4885 3450 4952 dicotur
3482 4899 3711 4970 tantus,
3745 4898 3871 4958 etc.
3911 4915 3944 4956 ι
3987 4892 4065 4959 ln
4109 4901 4238 4962 ter·

2690 4990 2783 5058 tia
2822 4991 3139 5068 ostendit,
3184 4994 3366 5083 quod
3418 4995 3771 5065 ineffabilis
3822 4997 3950 5085 2cst
3989 4998 4237 5069 distin-

2690 5099 2824 5169 ctio
2850 5102 3021 5169 inter
3050 5104 3230 5170 nasci
3259 5112 3325 5171 et
3347 5104 3704 5196 procedere
3735 5105 3895 5176 dunt
3925 5105 4031 5177 hic
4062 5109 4238 5176 vivi-

2694 5231 2871 5289 mus,
2909 5207 3024 5286 ibi,
3069 5208 3145 5290 C,
3200 5236 3233 5273 «
3293 5212 3479 5280 luter
3514 5215 4015 5300 yona-rationem
4082 5239 4235 5286 vero

2692 5317 2892 5397 Filii,
2925 5326 3053 5385 etc.
3103 5346 3134 5380 υ

2761 5687 2787 5722 ¹
2816 5685 2969 5744 Edit.
3002 5688 3250 5745 loannis
3279 5688 3605 5763 Alteaume,
3635 5712 3911 5753 sanorum.
