4897 6388
693 313 824 381 274

686 439 826 547 suae
879 479 1207 570 AngeluS,
1270 499 1473 568 quam
1522 474 1798 542 habebit
1850 471 2006 562 post
2046 466 2227 534 mille

362 1143 544 1196 Quos«.
575 1144 617 1191 l.

684 608 957 654 anuos:
1022 609 1183 676 ergo
1224 593 1369 651 tota
1426 581 1690 649 duratio
1750 600 1873 645 sua
1936 597 2075 642 non
2128 581 2229 639 est

681 695 886 762 simul
913 717 1111 784 :ergo
1143 694 1499 759 aeviternas
1529 711 1668 755 non
1702 694 1800 753 est
1829 692 1971 751 tota
1994 680 2221 758 simul,

679 825 833 871 cum
892 804 1037 891 ipsa
1085 802 1173 867 sit
1228 798 1491 866 duratio
1563 794 1675 861 illa
1734 792 1845 861 vel
1912 790 2225 879 adjacens

678 909 800 977 illi.

761 1121 980 1190 Joxn
1044 1118 1176 1187 hoc
1243 1117 1523 1184 ulterius
1577 1112 1925 1204 quaeritur,
1979 1108 2217 1176 Utrum

672 1228 902 1319 aliqua
929 1249 1070 1295 non
1098 1226 1258 1292 viva
1287 1227 1765 1290 mensurentur
1802 1239 1948 1285 aevo
1967 1215 2001 1281 ⁴?

762 1338 823 1403 1.
889 1334 1002 1402 Sic
1054 1334 1237 1400 enim
1296 1330 1457 1397 dicit
1502 1327 1780 1395 Boetius
1809 1326 1881 1392 in
1922 1321 2093 1391 libro
2134 1321 2214 1388 de

666 1445 1021 1528 Trinitate‚
1056 1440 1240 1534 quod
1285 1436 1786 1506 immortalibus
1818 1428 2212 1522 corporibus

659 1575 805 1621 esse
871 1549 1076 1619 simul
1142 1547 1472 1616 dederunt
1532 1539 1959 1632 Philosophi.
2031 1537 2211 1627 Ergo

655 1662 948 1739 videtur,
992 1658 1179 1750 quod
1234 1678 1375 1725 non
1429 1660 1694 1725 tautum
1753 1651 1840 1719 sit
1897 1668 2212 1722 mensura

660 1768 1116 1859 Angelorum.

674 1934 683 1939 .
750 1879 815 1946 2.
858 1875 1215 1950 Praeterea‚
1281 1866 1745 1959 Philosophus
1794 1866 1978 1946 dicit,
2032 1862 2214 1955 quod

660 1984 1042 2055 necessaria
1097 1989 1167 2051 et
1220 1974 1672 2068 impossibilia
1724 1996 1864 2041 non
1929 1979 2086 2044 sunt
2145 1971 2213 2037 in

659 2102 966 2181 tempore
1001 2111 1016 2158 :
1052 2089 1173 2157 sed
1209 2086 1425 2155 multa
1463 2092 1623 2152 sunt
1659 2082 2034 2155 necessaria
2063 2101 2213 2172 quae

660 2221 805 2268 non
841 2204 999 2266 sunt
1028 2196 1214 2264 Deus
1253 2195 1421 2285 ipse,
1484 2191 1657 2265 sicut
1699 2186 2150 2262 immutabilia
2193 2207 2207 2251 ε

477 2299 526 2363 3·
600 2369 604 2373 Α
665 2328 829 2397 ergo
858 2304 1153 2382 videtur,
1187 2300 1372 2393 quod
1402 2321 1557 2369 cum
1595 2319 1736 2367 nou
1775 2306 2024 2365 aeterna
2051 2295 2209 2372 sint,

362 2683 543 2734 Queat.
562 2678 608 2724 2.

310 3629 408 3677 Sed
443 3637 629 3679 eontra.

610 5693 621 5706 C

667 2435 792 2483 nec
839 2408 1269 2501 temporalia,
1322 2406 1508 2498 quod
1543 2404 1681 2474 sint
1727 2425 1874 2473 oevo
1935 2424 2218 2472 mensu-

668 2528 863 2592 rata..

762 2626 1030 2699 comm
1057 2623 1405 2716 quaeritur,
1450 2619 1527 2689 Si
1562 2642 1785 2690 aevum
1832 2620 1919 2688 sit
1942 2619 2014 2690 in
2051 2640 2213 2699 une,

672 2733 1252 2829 quemadmodum
1280 2730 1620 2802 aeternitas
1656 2737 1724 2797 et
1748 2735 2015 2819 tempus
2034 2728 2067 2795 ’ἲ

760 2843 1073 2921 Videtur,
1107 2840 1292 2933 quod
1319 2841 1416 2910 sic
1447 2860 1465 2905 ε
1510 2838 1671 2929 quia
1699 2835 1861 2908 dicit
1900 2833 2219 2905 Philoso-

665 2955 870 3047 phus,
941 2951 1126 3045 quod
1192 2945 1734 3040 unumquodque
1781 2953 2215 3015 mensuratur

665 3064 953 3135 minimo
1019 3061 1125 3130 sui
1180 3043 1448 3151 g‘eueris
1509 3078 1526 3123 :
1585 3053 1707 3123 sed
1757 3055 2079 3124 aeviterna
2145 3054 2213 3122 in

663 3178 1001 3265 quantum
1031 3164 1431 3258 hujusmodi
1460 3171 1621 3233 sunt
1658 3163 1731 3231 in
1758 3184 2004 3255 genere
2024 3183 2205 3232 uno:

661 3302 826 3371 ergo
878 3284 1361 3348 mensurantur
1407 3271 1636 3363 aliquo
1691 3270 1976 3342 minimo
2031 3269 2210 3338 illius

659 3389 928 3482 generis
970 3409 986 3456 t
1031 3409 1195 3476 ergo
1236 3384 1459 3474 ipsum
1497 3380 1625 3449 erit
1658 3379 1728 3450 iu
1774 3378 1890 3449 illo
1926 3380 2100 3447 sicut
2140 3379 2208 3446 in

660 3496 965 3587 subjecto
995 3503 1061 3562 et
1092 3514 1320 3563 causa.

754 3603 889 3673 Seu
934 3624 1186 3671 comui
1229 3622 1245 3667 ε

754 3715 815 3781 1.
863 3709 1241 3779 AEternitas
1279 3714 1381 3774 est
1419 3706 1489 3773 in
1525 3726 1665 3775 uno
1726 3725 1742 3772 :
1796 3704 1980 3795 quia,
2035 3704 2206 3772 sicut

657 3817 815 3886 dicit
900 3812 1293 3887 Anselmus‚
1380 3830 1517 3877 non
1575 3814 1799 3898 potest
1861 3829 2009 3877 esse
2074 3808 2200 3876 nisi

655 3946 872 3992 unum
901 3921 1048 3989 sine
1077 3916 1412 4010 principio
1442 3922 1510 3984 et
1537 3914 1685 3984 sine
1716 3912 1848 3983 [ine
1881 3936 1900 3983 ε
1935 3923 2200 4006 tempus

654 4041 881 4100 autem
912 4027 1113 4098 estin
1143 4046 1310 4109 unc,
1342 4023 1503 4114 quia
1533 4022 1765 4090 omnia
1789 4031 1974 4091 mota
2001 4022 2199 4091 redu·

651 4148 900 4211 cuntur
936 4134 1024 4203 ad
1057 4155 1301 4210 unum,
1361 4130 1536 4199 sicut
1581 4128 1668 4199 ad
1717 4151 1990 4199 causam
2041 4151 2059 4197 ε
2104 4131 2199 4198 sic

653 4256 883 4318 autem
924 4264 1064 4311 non
1111 4248 1212 4308 est
1251 4239 1319 4306 in
1364 4236 1706 4306 aeviternis
1748 4257 1763 4305 :
1818 4236 1931 4306 illa
1987 4239 2193 4316 enim,

654 4378 775 4424 1155
815 4372 1030 4418 unum
1072 4353 1228 4413 sunt
1260 4352 1552 4422 tautum,
1615 4364 1738 4411 nec
1791 4342 2199 4413 reducuntur

650 4458 732 4526 ad
774 4479 845 4525 se
876 4454 1166 4521 invicem
1199 4451 1367 4516 sicut
1402 4446 1486 4514 ad
1523 4468 1797 4515 causam
1833 4468 1848 4513 ε
1893 4469 2054 4538 ergo
2092 4449 2194 4517 vi·

650 4566 870 4644 detur,
912 4558 1097 4653 quod
1129 4579 1267 4626 non
1307 4556 1439 4622 sint
1473 4554 1539 4621 in
1579 4576 1742 4623 uno.

737 4677 803 4743 2.
838 4671 1035 4747 Item,
1101 4664 1576 4759 spiritualium
1615 4671 1682 4731 et
1738 4664 2191 4755 corporalium

648 4808 788 4854 non
816 4790 918 4852 551
970 4801 1188 4848 unum
1237 4795 1500 4866 genus:
1554 4795 1708 4841 cum
1761 4796 1924 4865 ergo
1969 4797 2189 4843 aevum

648 4896 734 4965 sit
772 4887 1255 4984 spiritualium,
1290 4905 1429 4951 non
1465 4881 1734 4949 videtur
1770 4884 1952 4972 quod
1982 4885 2190 4973 possit

649 5023 795 5071 esse
826 4993 1282 5087 corporalium
1312 4998 1380 5060 et
1415 4987 1834 5058 coelestium:
1877 4997 1942 5058 51
1961 4993 2059 5060 sic
2085 4994 2195 5061 vi-

647 5109 867 5183 detur,
903 5102 1084 5195 quod
1113 5107 1313 5170 erunt
1341 5097 1476 5166 duo
1515 5119 1687 5178 aeva‚
1722 5120 2010 5188 quorum
2052 5123 2189 5171 uno

647 5219 1126 5284 mensurantur
1164 5204 1548 5300 spirituales
1591 5203 2007 5288 substantae,
2058 5205 2190 5276 alio

650 5330 880 5392 autem
921 5312 1335 5408 corporaleS.

1602 349 1607 355 -
1685 304 1772 372 D.
1820 302 2019 370 ALB.
2072 296 2285 367 MAG.

2341 294 2548 364 ORD.
2605 293 2897 361 PRAED.

2340 463 2611 554 Angeli,
2653 470 2720 532 et
2771 455 3344 551 551-[1565515551
3403 457 3683 524 Boetius
3738 453 3892 542 dian

2341 570 2753 639 immortalia
2813 591 2829 638 :
2890 561 3055 659 ergo
3087 590 3230 639 non
3288 568 3522 634 omnia
3576 565 3896 650 aeviterum

2339 688 2626 770 possunt
2663 679 2890 747 reduci
2921 678 3008 746 ad
3047 700 3267 745 uuum
3297 698 3547 751 aevmn,
3591 680 3665 740 ut
3701 673 3894 744 vides⁴

2338 797 2472 856 tur.

2425 899 2488 962 4.
2535 897 2893 974 Praeterea,
2932 892 3396 962 substantiale
3429 913 3575 959 esse
3614 911 3892 979 genet-u..

2334 1006 2573 1073 bilium
2627 1014 2693 1074 et
2757 1002 3310 1094 corruptibilium
3375 1001 3557 1068 idem
3622 996 3889 1082 videtur

2332 1137 2477 1182 esse
2500 1115 2570 1181 iu
2592 1121 2732 1182 tota
2758 1112 3120 1180 duratione
3140 1110 3469 1200 temporis
3513 1130 3528 1174 ε
3576 1106 3696 1175 sed
3726 1115 3889 1186 tenu-

2329 1246 2456 1312 pus
2495 1245 2635 1290 non
2673 1229 2775 1290 est
2806 1241 3127 1288 mensura
3157 1219 3304 1308 ejus
3353 1216 3538 1308 quod
3577 1214 3757 1283 idern
3789 1230 3881 1300 est

2329 1329 2396 1394 in
2455 1336 2597 1396 tota
2652 1328 3033 1403 duratione,
3100 1326 3228 1393 ‘sed
3283 1324 3511 1414 potius
3570 1344 3884 1406 mensura

2326 1439 2471 1528 ejus
2502 1459 2542 1505 5
2570 1460 2706 1528 quo
2745 1436 3005 1527 aliquid
3043 1435 3362 1525 abjicitur
3400 1441 3468 1501 et
3507 1431 3833 1521 accipitur
3867 1459 3880 1516 2·

2325 1567 2487 1636 ergo
2535 1545 2825 1623 videtur,
2889 1542 3075 1634 quod
3114 1562 3391 1610 necesse
3442 1540 3542 1607 sit
3610 1538 3881 1622 tertium

2323 1676 2547 1721 aevum
2575 1652 2906 1728 invenire,
2944 1649 3133 1741 quod
3171 1655 3529 1717 mensuret
3565 1644 3883 1722 substan:

2321 1762 2481 1830 tiale
2520 1784 2665 1829 esse
2704 1782 2943 1829 eorum
2986 1781 3139 1849 quae
3169 1763 3587 1848 generantur
3625 1763 3693 1823 et
3730 1776 3879 1824 cor:

2324 1880 2756 1963 rumpuntur.

2412 2085 2719 2153 som-no.
2784 2082 3166 2151 Dicendum
3232 2083 3381 2150 sine
3457 2079 3872 2170 praejudieju'
3958 2123 4157 2173 Somo-

2324 2191 2508 2284 quod
2562 2213 2788 2259 oevum
2842 2198 2946 2259 est
3020 2196 3243 2258 totum
3300 2186 3531 2265 simul,
3591 2187 3765 2255 sicut
3814 2202 3870 2270 μ.
3984 2180 4130 2226 Adi.

2325 2302 2674 2368 aeviterna.
2720 2297 2798 2365 Iu
2836 2297 3182 2367 aeviternis
3221 2295 3406 2363 enim
3448 2315 3589 2361 nou
3627 2301 3733 2362 est
3770 2318 3877 2365 raa

2323 2410 2421 2477 tio
2460 2406 2955 2486 indeficientiae,
2992 2404 3181 2496 quod
3219 2404 3525 2495 potentia
3562 2402 3878 2478 continua

2325 2517 2611 2609 accipiat
2647 2526 2875 2585 actum
2918 2537 2934 2582 ε
2972 2513 3093 2582 sed
3123 2514 3352 2604 potius
3393 2514 3538 2603 ipsa
3589 2514 3878 2587 necessi:

2324 2634 2427 2694 tas
2485 2624 3020 2695 continuationis
3077 2631 3148 2691 et
3214 2620 3687 2689 indeficientiae
3753 2632 3874 2707 551,

2324 2732 2579 2802 scilicet
2608 2730 2793 2822 quod
2831 2732 2924 2799 ita
2952 2727 3298 2820 completa
3339 2736 3524 2808 sunt,
3560 2726 3746 2818 quod
3775 2732 3874 2802 uk

2324 2840 2532 2910 hilde
2560 2841 2862 2932 potentia
2899 2839 2987 2907 ad
3024 2861 3174 2907 esse
3213 2846 3317 2906 est
3361 2836 3549 2929 quod
3598 2860 3736 2904 non
3795 2841 3874 2916 siu

2321 2948 2737 3040 completum
2770 2968 2788 3017 ε
2822 2956 2892 3016 51
2920 2946 3073 3015 ideo
3113 2946 3424 3038 potentia
3463 2967 3705 3014 eorum
3751 2956 3871 3025 stau

2322 3057 2388 3123 in
2427 3078 2575 3124 5555
2613 3052 3061 3123 immobiliter
3100 3051 3418 3121 durante.
3475 3051 3612 3120 Sed
3650 3059 3871 3134 tameo.

2320 3187 2467 3234 5555
2502 3161 2704 3233 simul
2733 3162 3134 3233 aeternitatis
3160 3169 3230 3230 et
3270 3162 3401 3230 aevi
3430 3169 3532 3230 est
3569 3162 3866 3253 aequivu:

2317 3294 2474 3340 cum
2515 3270 2768 3362 duplici
2795 3269 2879 3338 de
2912 3291 3127 3344 ‚causa
3180 3290 3196 3336 ε
3242 3290 3534 3359 quarum
3574 3292 3710 3338 una
3748 3281 3865 3356 551,

2316 3378 2478 3469 quia
2507 3378 2576 3446 in
2615 3383 2872 3445 aeterno
2913 3375 3221 3467 potentia
3278 3383 3465 3443 stans
3506 3375 3871 3452 immobili.

2315 3494 2417 3554 est
2464 3485 2644 3554 idem
2684 3483 2868 3577 quod
2920 3492 3113 3553 551115
3157 3507 3175 3553 :
3235 3482 3346 3553 vel
3405 3483 3590 3574 quod
3657 3488 3868 3573 magi·

2311 3594 2665 3685 proprium
2705 3602 2830 3672 est,
2863 3592 3022 3683 quia
3066 3591 3255 3661 nulla
3289 3594 3357 3659 in
3387 3614 3469 3660 eo
3500 3601 3600 3660 est
3630 3602 3860 3683 poteu:

2314 3704 2403 3772 tia
2442 3704 2736 3795 perlecta
2773 3704 2882 3771 vel
2922 3702 3389 3793 perfectibilis,
3425 3703 3542 3771 sed
3580 3705 3857 3795 simplm.

2310 3833 2456 3878 5555
2486 3811 2777 3879 durans:
2811 3808 2931 3878 sed
2963 3812 3034 3878 in
3060 3810 3409 3878 aeviternis
3436 3819 3537 3879 551
3568 3818 3859 3901 putentia.

2309 3919 2626 4010 perfecta,
2684 3916 2839 3986 licet
2893 3939 3035 4016 non
3087 3916 3553 4009 perfectibilia
3613 3929 3678 3988 et
3729 3944 3858 4001 nou

2306 4028 2594 4119 simplex
2634 4051 2780 4096 5555
2827 4027 3111 4097 durans.
3155 4027 3472 4096 Secunda
3529 4039 3656 4112 551,
3707 4035 3858 4121 qui..

2304 4146 2634 4204 aeternum
2675 4158 2714 4203 a
2752 4158 2823 4201 55
2853 4133 3059 4203 habet
3087 4135 3276 4225 quod
3326 4145 3425 4203 551
3467 4161 3611 4204 usse
3651 4147 3853 4222 515115,

2301 4254 2535 4312 5111511
2575 4265 2862 4312 movens
2910 4266 2983 4310 55
3031 4243 3100 4310 ἰ11
3151 4266 3300 4310 esse
3352 4243 3639 4313 ‹lui-ante
3685 4268 3700 4313 :
3744 4257 3854 4321 scal

2303 4349 2939 4419 aeviternum‘liabet
2973 4350 3101 4419 hoc
3131 4373 3173 4419 a
3204 4373 3415 4420 mauu
3444 4354 3678 4421 omnia
3707 4377 3834 4427 cou

2300 4460 2576 4526 tinentis
2615 4458 2737 4526 Ilei
2782 4482 2798 4527 ε
2851 4459 2970 4526 sed
3012 4461 3082 4527 in
3135 4458 3270 4528 hoc
3319 4458 3618 4530 abundat
3660 4487 3848 4555 supe.

2299 4564 2454 4643 alia,
2499 4567 2659 4656 quia
2691 4568 2758 4634 in
2796 4588 2869 4634 se
2909 4588 3048 4634 non
3081 4565 3288 4635 habet
3317 4590 3592 4637 causam
3617 4592 3853 4661 pugn&

2298 4696 2507 4764 quare
2546 4697 2692 4743 5555
2740 4697 2942 4742 suum
3003 4676 3070 4741 in
3129 4698 3204 4743 55
3251 4675 3502 4745 distare
3556 4678 3852 4771 incipiat,

2297 4781 2698 4853 sicutlnabet
2753 4783 3008 4852 mobile
3068 4784 3137 4852 in
3179 4795 3513 4876 quantum
3573 4787 3842 4856 mobiles.

2301 4890 2376 4957 tit
2417 4914 2501 4960 ex
2554 4890 2683 4960 hoc
2730 4900 2939 4983 patet,
2994 4891 3180 4983 quod
3241 4915 3382 4962 non
3441 4897 3752 4985 sequitur
3797 4929 3845 4968 ea

2293 5021 2515 5065 {evum
2556 5008 2658 5066 est
2694 4999 2925 5081 simul,
2960 5000 3146 5090 quod
3180 5003 3406 5091 ipsum
3451 5003 3538 5071 sit
3578 5010 3844 5073 (eterni-

2292 5114 2395 5173 tas
2430 5128 2444 5171 :
2474 5107 2630 5196 quia
2659 5129 2805 5174 esse
2837 5129 2975 5175 non
2999 5117 3099 5176 est
3129 5108 3437 5197 ejusdem
3468 5113 3753 5180 rationis
3785 5116 3844 5185 iu

2294 5222 2605 5305 utroque,
2640 5236 2763 5283 nec
2793 5216 3016 5304 ipsum
3047 5216 3453 5285 aeviternum
3495 5229 3596 5288 551
3624 5220 3707 5288 (le
3740 5244 3844 5288 na-

2294 5328 2440 5388 tura
2497 5343 2619 5389 sua
2693 5321 3260 5390 incommutabile
3333 5325 3402 5392 in
3468 5349 3615 5394 esse
3680 5319 3841 5398 sicut

731 5430 796 5497 3.
822 5427 1180 5501 Praeterea‚
1207 5420 1362 5490 Non
1392 5427 1493 5489 est
1513 5418 1750 5490 eadem
1779 5420 1948 5493 ratio
1979 5444 2188 5513 quan·
2287 5437 2618 5496 aeteruum
2651 5450 2666 5494 :
2703 5437 2771 5496 et
2798 5429 2951 5498 ideo
2983 5451 3122 5498 non
3155 5428 3363 5500 habet
3389 5454 3623 5503 veram
3655 5445 3844 5505 aeter-

640 5537 853 5607 titatis
891 5537 961 5604 iu
989 5533 1294 5624 utrisque
1327 5553 1343 5598 ε
1379 5553 1541 5622 ergo
1573 5553 1697 5599 nec
1724 5530 1963 5600 eadem
2000 5541 2186 5602 men·

641 5667 859 5715 suraz
911 5665 1075 5734 ergo
1131 5648 1235 5710 est
1290 5639 1567 5708 alterius
1625 5640 1903 5709 rationis
1960 5665 2181 5713 aevum

2290 5538 2571 5606 nitatem
2609 5537 2781 5605 sicut
2812 5549 3174 5609 aeternum.

2371 5649 2477 5715 An
2515 5669 2711 5717 Αιιυι)
2757 5648 3149 5730 dicendum,
3196 5651 3382 5741 quod
3419 5675 3564 5721 esse
3594 5654 3839 5729 durans
3944 5705 4025 5752 Ad
4047 5703 4091 5751 2·
