4897 6388
419 3454 620 3504 solutio.

439 4315 518 4362 Ad
551 4318 588 4362 Ι.

657 348 786 413 470

1642 334 1976 402 D.-ALB.
2029 331 2244 400 MAG.
2295 328 2503 397 ORD.
2558 320 2856 392 PRAED.

658 516 784 582 deo
844 513 1099 590 album,
1167 520 1233 579 et
1296 512 1494 579 video
1535 532 1647 577 me
1683 507 1915 576 videre
1942 505 2197 586 album,
2303 500 2576 567 ritorios
2611 502 2728 564 :et
2766 465 3209 580 sie‘diligitur
3241 481 3538 563 dilectio,
3581 485 3648 546 et
3713 476 3859 544 aliae

662 645 801 690 non
861 631 963 691 est
1031 621 1264 689 eadem
1329 620 1636 710 potentia
1693 640 1824 707 qua
1870 615 2067 682 video
2100 610 2203 680 al-
2302 613 2611 680 virtutes.

663 729 855 809 bum,
901 737 1127 819 etqua
1157 728 1452 818 percipio
1496 748 1604 793 me
1644 722 1872 790 videre
1921 721 2149 787 album
2183 739 2197 783 ι

667 836 784 904 sed
815 839 1060 926 primo,
1087 858 1288 903 sensu
1318 831 1704 924 particulari
1733 831 1875 898 sive
1904 828 2201 918 proprie,

671 954 735 1011 et
773 942 1095 1026 secunde,
1137 964 1336 1010 sensu
1378 939 1752 1008 communi.
1803 937 1982 1024 Ergo
2013 931 2208 1000 vide-

673 1060 803 1130 tur,
879 1050 1060 1140 quod
1107 1072 1229 1117 nec
1293 1047 1534 1116 eodem
1573 1045 1808 1113 habitu
1849 1043 2208 1132 diligamus

673 1160 1016 1248 objectum
1046 1165 1112 1224 et
1139 1165 1384 1225 actum.

763 1267 824 1333 3.
881 1265 1077 1344 Item,
1137 1263 1323 1331 Idem
1388 1285 1526 1329 non
1586 1260 1980 1328 denominat
2042 1244 2210 1346 seip-

673 1397 823 1440 sum
861 1397 876 1441 ε
913 1395 1053 1439 non
1091 1372 1268 1438 enim
1302 1368 1558 1459 aliquid
1597 1375 1697 1435 est
1727 1367 1929 1441 dictu,
1968 1361 2206 1430 albedo

673 1487 774 1545 est
821 1477 976 1544 alba
1011 1499 1025 1542 :
1068 1474 1175 1544 vel
1216 1476 1419 1542 etiam
1462 1483 1534 1540 ut
1572 1470 2034 1540 denominatio
2096 1467 2211 1533 liat

671 1585 1060 1662 verbaliter,
1121 1591 1194 1649 ut
1251 1581 1538 1664 dicatur,
1598 1577 1841 1647 albedo
1895 1575 2203 1644 albatur:

675 1715 838 1784 ergo
881 1715 917 1758 a
957 1689 1163 1759 simili
1202 1688 1370 1760 nihil
1403 1697 1504 1756 est
1541 1687 1750 1765 dictu,
1792 1684 2061 1753 dilectio
2104 1681 2212 1751 di-

670 1799 931 1891 ligitur.

760 1908 824 1975 4.
860 1906 1058 1986 Item,
1101 1905 1327 1998 Diligo
1386 1902 1866 1971 dilectionem.:
1929 1908 2045 1966 aut
2098 1919 2213 1965 ea-

673 2014 827 2081 dem
905 2012 1310 2091 dilectione,‘
1362 2018 1480 2078 aut
1543 2007 1725 2077 alia:
1777 2030 1916 2075 non
1948 2005 2209 2084 eadem,

673 2120 846 2188 sicut
875 2118 1236 2210 probatum
1269 2125 1373 2185 est
1400 2116 1548 2204 jam
1593 2138 1608 2182 z
1678 2135 1842 2205 ergo
1902 2111 2032 2180 alia
2066 2133 2081 2179 ε
2150 2117 2217 2179 et

678 2228 922 2296 iterum
949 2225 1159 2317 diligo
1199 2223 1579 2306 dilectione,
1612 2229 1681 2294 et
1716 2222 1961 2291 iterum
2000 2218 2212 2300 illam,

677 2346 744 2405 et
782 2339 879 2407 sic
929 2336 1145 2406 abibit
1181 2335 1251 2402 in
1308 2333 1682 2420 infinitum,
1735 2330 1917 2423 quod
1976 2329 2216 2401 falsum

680 2455 782 2516 est
824 2470 839 2514 :
878 2468 1044 2537 ergo
1075 2466 1214 2514 non
1253 2443 1465 2534 diligo
1497 2440 1952 2511 dilectionem.

773 2556 837 2622 5.
873 2551 1237 2635 Praeterea,
1273 2549 1352 2618 In
1399 2556 1802 2639 argumento
1860 2543 2221 2637 Augustini

682 2660 958 2729 videtur
1022 2681 1166 2728 esse
1236 2655 1498 2724 fallacia
1597 2654 2150 2748 aequivocationis
2205 2673 2221 2721 t

686 2767 847 2859 quia
901 2788 1058 2835 cum
1115 2765 1293 2847 dico,
1352 2763 1563 2854 diligo
1601 2762 1850 2842 Deum,
1885 2761 1953 2852 ly
2004 2759 2224 2850 diliqo

689 2877 1009 2964 importat
1041 2881 1265 2940 actum
1306 2868 1683 2939 dilectionis
1728 2891 1744 2937 ε
1796 2890 1949 2936 cum
2003 2876 2228 2938 autem

690 2979 1123 3071 di00,'diligo
1155 2977 1616 3057 dilectionem,
1659 2977 1980 3068 importat
2030 2973 2232 3044 habi-

692 3099 868 3167 tum,
906 3096 979 3157 ut
1017 3086 1284 3156 videtur
1319 3109 1335 3157 ε
1367 3108 1528 3177 ergo
1580 3108 1716 3154 non
1774 3084 2075 3177 procedit
2131 3083 2232 3153 di-

701 3206 878 3265 recte
917 3193 1478 3287 argumentando·

796 3412 1102 3480 sone-ruo.
1147 3412 1309 3480 Sine
1358 3409 1749 3503 praejudicio
1816 3410 1991 3486 dico,
2060 3408 2237 3500 quod

705 3522 1127 3609 Augustinus
1165 3520 1384 3612 arguit
1423 3518 1793 3587 secundum
1827 3517 2009 3609 quod
2038 3539 2241 3585 causa

702 3626 1107 3718 exemplaris
1136 3627 1460 3719 accipitur
1497 3629 1564 3694 in
1595 3624 1977 3716 exemplato
2013 3647 2028 3693 ε
2061 3625 2239 3692 unde

703 3757 943 3803 sensus
1006 3745 1131 3812 est,
1200 3734 1486 3825 diligens
1533 3734 1749 3803 Deum
1811 3732 2028 3823 diligit
2066 3731 2242 3801 dile-

703 3843 1000 3909 ctionem
1043 3842 1110 3908 in
1168 3840 1564 3931 exemplari,
1619 3838 1991 3908 secundum
2058 3838 2242 3931 quod

706 3947 985 4016 resultat
1025 3948 1091 4014 in
1135 3946 1246 4014 illa
1287 3969 1302 4016 ε
1348 3946 1641 4015 charitas
1705 3947 1886 4014 enim
1947 3948 2240 4014 increata

707 4056 988 4124 resultat
1047 4055 1112 4122 in
1169 4066 1417 4132 creata,
1477 4062 1542 4122 et
1612 4056 1701 4123 ita
1744 4055 1809 4121 in
1865 4052 1974 4122 illa
2036 4061 2104 4120 ut
2174 4056 2240 4122 in

705 4162 983 4254 speculo
1014 4164 1158 4252 ejus
1194 4162 1519 4253 diligitur.

798 4274 902 4340 An
942 4294 1193 4340 rannus«
1225 4294 1387 4359 ergo
1416 4269 1804 4347 dicendum,
1848 4269 2030 4361 quod
2070 4292 2244 4361 qua-

712 4392 866 4447 tuor
896 4388 1053 4447 sunt
1091 4378 1443 4468 diligibilia
1481 4400 1561 4445 ex
1602 4375 1839 4444 ordine
1869 4377 2241 4457 charitatis,

707 4513 858 4579 quat
899 4486 985 4555 ad
1018 4484 1500 4554 beatitudinem
1538 4484 1942 4563 referuntur,
1976 4492 2050 4551 ut
2078 4483 2244 4551 bea-

707 4598 996 4681 tificans,
1037 4606 1098 4663 et
1133 4593 1600 4671 beatificabile,
1642 4593 1890 4661 scilicet
1925 4593 2128 4673 Deus,
2180 4603 2244 4661 et

709 4706 992 4796 nosipsi,
1023 4714 1089 4773 et
1117 4726 1388 4795 corpus,
1420 4710 1485 4771 et
1523 4705 1752 4772 anima
1783 4702 2073 4793 proximi
2112 4724 2127 4769 t
2181 4712 2248 4771 et

709 4815 775 4881 in
817 4814 1130 4904 proximo
1164 4811 1530 4880 includitur
1592 4809 1764 4878 alius
1802 4809 1994 4891 ordo,
2064 4808 2244 4900 quod

707 4927 930 5016 primo
963 4923 1177 5013 magis
1206 4923 1629 5011 conjunctos,
1666 4928 1728 4987 et
1771 4928 1918 5010 post
1958 4918 2084 4987 hoc
2115 4920 2249 4985 mi-

709 5055 839 5099 nus
878 5031 1301 5119 conjunctos,
1345 5039 1408 5096 et
1476 5030 1572 5097 sic
1602 5050 1816 5119 usque
1872 5026 1956 5095 ad
2011 5026 2246 5093 inimi-

709 5162 824 5209 cos
868 5160 884 5205 τ
954 5145 1182 5206 tamen
1238 5135 1452 5205 multa
1516 5137 1647 5204 alia
1721 5135 2099 5203 referuntur
2163 5135 2248 5201 ad

711 5245 1132 5321 charitatem,
1171 5243 1280 5311 vel
1321 5253 1393 5312 ut
1424 5244 1642 5324 utilia,
1674 5241 1780 5310 vel
1814 5252 1885 5309 ut
1926 5239 2243 5319 fruibilia,

709 5351 815 5418 vel
849 5358 923 5417 ut
951 5349 1450 5439 dispositiones,
1494 5348 1602 5415 vel
1633 5348 2071 5439 perfectiones
2109 5347 2250 5414 ani-

713 5484 838 5529 mae
867 5458 950 5527 ad
983 5459 1108 5528 boc
1136 5460 1319 5552 quod
1348 5460 1731 5553 egrediatur
1766 5461 1835 5527 in
1872 5469 2060 5528 actus
2098 5481 2249 5527 me·

781 5687 800 5721 ¹
834 5693 1225 5751 Αιιιετοτειεε,
1261 5686 1380 5743 Lib.
1417 5687 1466 5744 11
1497 5687 1989 5762 ‹ie-Generatione
2024 5693 2081 5744 et
2110 5690 2249 5744 Cor-

2393 721 2497 788 An
2544 740 2742 786 amun
2781 711 3171 787 dicendum,
3208 703 3393 797 quod
3422 703 3477 769 si
3508 698 3657 766 haec
3698 717 3861 786 pro-

2308 830 2581 922 positio,
2617 823 2803 917 quod
2843 819 3164 913 potentiae
3196 812 3502 904 ejusdem
3551 828 3692 874 non
3759 810 3860 872 est

2309 934 2563 1004 reflecti
2603 953 2806 1021 super
2847 936 3073 995 actum
3104 931 3171 991 et
3210 921 3578 1009 objectum,
3650 933 3861 1004 gene-

2310 1046 2539 1114 raliter
2564 1046 3013 1134 proponatur,
3048 1033 3212 1103 salsa
3246 1038 3347 1100 est
3381 1052 3398 1094 z
3436 1027 3597 1118 quia
3622 1043 3858 1092 secun·

2311 1152 2475 1219 dum
2514 1148 2647 1216 hoc
2675 1146 2994 1215 ultimum
3026 1149 3255 1209 actum
3316 1135 3575 1206 ultimae
3616 1138 3862 1220 poten-

2313 1262 2421 1331 tiae
2465 1277 2875 1349 cognoscere
2908 1275 3046 1321 non
3078 1268 3463 1341 possemus,
3508 1240 3617 1310 vel
3658 1261 3863 1329 opor-

2313 1375 2480 1436 teret
2514 1364 2848 1456 potentias
2879 1383 3023 1428 esse
3081 1357 3407 1424 infinitas.
3472 1349 3666 1420 Unde
3707 1347 3864 1414 dici·

2315 1498 2492 1553 mus,
2563 1470 2748 1563 quod
2813 1466 3190 1560 propositio
3289 1459 3692 1550 intelligitur
3782 1454 3863 1521 de

2313 1581 2633 1674 potentiis
2698 1579 2847 1662 sitis
2921 1576 2992 1642 in
3048 1571 3300 1642 talibus
3340 1568 3641 1660 organis,
3695 1584 3866 1656 quo·

2312 1713 2462 1760 rum
2509 1685 2897 1777 complexio
2936 1705 3020 1754 ex
3084 1680 3227 1749 suis
3301 1670 3868 1767 componentibus
3945 1678 3949 1682 “

2313 1819 2455 1864 non
2487 1803 2589 1863 est
2612 1793 2744 1861 nisi
2784 1791 2871 1859 ad
2910 1787 3424 1883 perceptionem
3482 1781 3688 1849 unius
3744 1802 3868 1870 ge·
3930 1851 3936 1857 ‚

2316 1905 2496 1972 neris
2550 1899 3072 1977 contrarietatiS,
3118 1895 3227 1963 vel
3285 1893 3342 1960 si
3397 1889 3682 1983 percipit
3738 1886 3868 1954 alia

2315 2010 2678 2090 contraria,
2712 2006 2894 2099 quod
2925 2003 3043 2073 illa
3081 2003 3257 2072 sicut
3287 1999 3565 2069 effectus
3615 1995 3867 2087 proprii

2317 2128 2684 2190 causantur
2757 2138 2842 2184 ex
2914 2112 3396 2183 contrarietate
3448 2128 3610 2174 una.
3663 2102 3871 2173 Verbi

2318 2231 2563 2321 gratia,
2602 2228 2793 2297 visus
2831 2235 2934 2297 eat
2963 2222 3269 2315 potentia
3333 2221 3463 2288 sita
3519 2218 3586 2287 in
3643 2213 3870 2291 oculo,

2320 2341 2512 2429 cujus
2542 2333 2950 2429 compositio
2992 2341 3094 2400 est
3132 2353 3218 2400 ex
3255 2327 3548 2397 humore
3588 2322 3877 2416 crystal-

2322 2449 2461 2516 lino
2517 2456 2582 2514 et
2645 2441 2933 2514 humido
2973 2436 3306 2507 habituali
3353 2459 3369 2503 ε
3433 2443 3499 2503 ct
3547 2433 3706 2525 quia
3756 2429 3880 2498 liu-

2325 2580 2478 2626 mor
2547 2553 2982 2647 crystallinus
3049 2573 3132 2618 ex
3188 2571 3312 2615 sua
3379 2541 3880 2635 diaphaneitate

2328 2666 2707 2756 receptivus
2773 2671 2873 2731 est
2936 2659 3213 2735 coloriS,
3274 2664 3343 2724 et
3399 2676 3483 2722 ex
3534 2671 3888 2741 compres-

2329 2776 2519 2843 sione
2550 2793 2759 2863 quam
2802 2768 3008 2838 habet
3047 2788 3187 2847 aer,
3232 2763 3606 2832 retentivus
3646 2755 3890 2829 melius

2333 2904 2541 2974 quam
2601 2901 2719 2948 aer
2780 2900 2797 2949 ε
2867 2884 2936 2947 et
2999 2883 3336 2966 praeterea
3406 2869 3569 2961 quia
3642 2864 3894 2935 humor

2335 3010 2553 3082 aquae,
2598 2986 2851 3055 humor
2880 2978 3255 3073 corporalis
3286 2986 3386 3046 est
3433 2997 3449 3046 ε
3484 2974 3736 3044 humor
3779 2997 3892 3041 au·

2338 3107 2473 3166 tem
2503 3094 2677 3163 aeris
2708 3101 2809 3162 est
2838 3089 3092 3158 humor
3128 3083 3503 3178 spiritualis
3548 3093 3616 3153 et
3675 3083 3892 3150 incor-

2339 3203 2618 3298 poralis,
2651 3210 2728 3271 ut
2754 3200 2917 3269 dicit
2977 3192 3507 3286 Philosophus¹.
3580 3190 3891 3283 lnsuper,

2340 3314 2500 3406 quia
2557 3309 2791 3379 lumen
2848 3304 3193 3375 habituale
3236 3301 3420 3395 quod
3461 3309 3559 3368 est
3613 3301 3680 3367 in
3715 3301 3890 3389 ipsc,

2341 3420 2497 3488 facit
2560 3427 2714 3486 actu
2766 3412 3153 3506 aliqualiter
3226 3411 3524 3502 speciem
3589 3406 3886 3475 coloris:

2344 3527 2493 3595 ideo
2524 3547 2664 3592 non
2697 3521 2930 3613 recipit
2970 3520 3097 3588 nisi
3140 3517 3325 3609 qnod
3365 3526 3467 3584 est
3525 3516 3594 3582 in
3647 3536 3895 3606 genere

2342 3635 2615 3718 coloris,
2657 3641 2724 3700 et
2759 3639 2990 3699 actum
3020 3627 3271 3697 coloris
3309 3626 3429 3717 qui
3491 3633 3592 3692 est
3632 3625 3890 3701 lumen,

2345 3753 2409 3812 et
2439 3742 2536 3810 sic
2565 3748 2664 3807 est
2704 3738 2787 3806 de
2816 3736 2967 3805 aliis
3006 3732 3319 3802 sensibus
3359 3739 3599 3824 pra-ter
3639 3738 3893 3799 tactum

2345 3851 2460 3942 qui
2502 3870 2639 3916 non
2672 3855 2811 3914 tam
2840 3865 3081 3913 sensus
3109 3850 3211 3908 est
3255 3863 3463 3932 quam
3519 3839 3896 3906 differentia

2342 3954 2661 4025 animalis
2699 3975 2715 4020 ε
2761 3953 2921 4045 quia
2960 3972 3167 4018 omne
3196 3946 3449 4015 animal
3493 3946 3690 4015 habet
3736 3970 3900 4013 sen-

2343 4089 2496 4133 sum
2536 4071 2781 4141 tactus,
2811 4068 2878 4130 et
2909 4056 3323 4151 quandoque
3364 4056 3628 4125 nullum
3688 4054 3897 4123 alium

2344 4171 2545 4239 habet
2579 4169 2704 4237 nisi
2746 4167 2917 4236 forte
2949 4174 3253 4256 gustum,
3297 4162 3671 4231 secundum
3713 4164 3896 4254 quod

2345 4290 2444 4349 est
2484 4279 2763 4371 quidam
2796 4284 3039 4352 tactus,
3082 4298 3221 4342 non
3272 4272 3648 4340 secundum
3718 4273 3896 4363 quod

2347 4398 2442 4457 est
2475 4388 2803 4456 indicium
2835 4385 3122 4476 saporis.
3163 4382 3236 4449 ln
3282 4381 3412 4448 illis
3439 4406 3603 4466 ergo
3633 4392 3733 4451 est
3782 4383 3895 4450 illa

2350 4497 2723 4589 propositio
2782 4517 2969 4576 vera,
3047 4501 3111 4559 et
3179 4513 3317 4558 non
3376 4491 3443 4557 in
3512 4489 3713 4558 aliis:
3761 4514 3897 4559 non

2345 4606 2526 4673 enim
2595 4604 2748 4671 visu
2817 4600 3012 4670 video
3070 4623 3181 4668 me
3212 4597 3467 4671 videre,
3538 4597 3654 4665 sed
3694 4623 3894 4668 sensu

2344 4712 2723 4787 communi,
2767 4706 2960 4795 cujus
2998 4705 3368 4774 necessitas
3424 4712 3548 4782 est,
3619 4714 3692 4772 ut
3741 4704 3899 4773 dicit

2351 4817 2721 4899 Avicenna,
2764 4823 2839 4883 ut
2898 4814 3270 4907 percipiam
3330 4822 3521 4879 actus
3578 4835 3899 4880 sensuum

2353 4922 2891 5015 particularium,
2925 4930 2988 4989 et
3037 4920 3574 5010 compositiones
3612 4919 3904 4986 sensibi-

2354 5032 2519 5098 lium
2549 5031 3011 5122 propriorum,
3047 5036 3120 5095 ut
3151 5026 3388 5094 eadem
3447 5029 3750 5117 potentia
3796 5029 3902 5117 ju·

2353 5139 2610 5207 dicetur
2665 5137 2796 5207 lioc
2852 5136 3086 5205 album
3127 5158 3274 5204 esse
3342 5134 3562 5212 dulce,
3617 5144 3681 5204 et
3722 5136 3899 5228 quod

2352 5246 2763 5339 apprehendi
2834 5253 3115 5336 possunt
3177 5250 3447 5309 sensata
3512 5246 3903 5312 communia

2354 5357 2419 5422 in
2463 5353 2709 5445 quibus
2751 5360 2910 5420 sunt
2950 5350 3250 5442 propria.
3324 5349 3401 5416 ln
3460 5349 3611 5417 aliis
3671 5361 3897 5419 autem

2351 5463 2673 5551 potentiis
2730 5481 2882 5551 quae
2951 5481 3364 5548 componere
3431 5468 3498 5525 et
3601 5458 3900 5527 dividere

2347 5688 2644 5761 ruptione.

3968 736 4049 781 Ad
4080 734 4123 781 2.
