4897 6388
580 566 583 573 μ
579 468 585 519 ή-
574 198 586 399 *onem-u*-
576 98 581 105 ¹

700 2130 802 2179 Sed
822 2134 994 2176 contra

1614 336 1617 339 ¹
1681 334 1686 339 ³
1732 362 1747 391 ’·
1839 368 1941 459 1N'
1983 392 2012 459 1
2064 390 2490 459 SENTENT.
2541 358 3055 467 ms‘r.‘·11,‘n‚
3106 388 3308 455 ΛΒΤ.
3366 387 3470 453 17.

1039 559 1124 627 Et
1175 561 1336 629 dicit
1381 562 1749 630 Anselmus
1803 562 1985 653 quod
2041 564 2438 632 nominatur
2497 561 2580 630 ab

1039 672 1227 739 omni
1258 694 1337 739 eo
1388 671 1575 761 quod
1616 672 1857 741 melius
1897 683 1996 741 est
2028 698 2172 743 esse
2204 697 2410 766 quam
2442 662 2582 745 non

1041 801 1185 847 esse
1241 778 1687 868 simpliciter:
1748 783 1865 850 sed
1923 784 2109 851 omni
2139 786 2200 851 ei
2241 781 2426 874 quod
2457 787 2581 860 est,

1042 885 1284 952 melius
1313 894 1414 954 est
1454 910 1598 956 esse
1631 911 1750 957 ens
1784 913 1987 980 quam
2019 914 2158 961 non
2189 912 2336 959 esse
2370 912 2384 955 ε
2422 908 2586 977 ergo

1039 991 1224 1060 Deus
1253 997 1647 1065 nominatur
1676 1021 1817 1066 ens.

1128 1098 1327 1184 Item,
1359 1102 1602 1172 Melius
1651 1113 1753 1173 est
1788 1106 2017 1174 vivere
2064 1108 2251 1174 omni
2302 1109 2365 1176 ei
2404 1106 2591 1198 quod

1041 1216 1166 1286 est,
1211 1232 1418 1300 quam
1473 1234 1618 1279 non
1671 1213 1900 1282 vivere
1934 1237 1961 1287 ,ε
1998 1237 2157 1307 ergo
2195 1215 2593 1284 nominatur

1040 1316 1233 1383 vita:
1291 1326 1358 1384 et
1413 1317 1512 1386 sic
1563 1319 1646 1387 de
1684 1320 1858 1392 aliis,
1907 1321 2044 1390 Sed
2103 1347 2243 1392 non
2283 1325 2475 1391 omni
2530 1323 2592 1392 ei

1044 1422 1228 1513 quod
1256 1433 1380 1505 est,
1441 1426 1687 1497 melius
1726 1438 1826 1498 est
1882 1454 2026 1500 esse
2082 1455 2327 1501 aurum
2384 1454 2591 1523 quam

1043 1551 1184 1597 non
1223 1553 1367 1601 esse
1423 1556 1668 1603 aurum
1729 1540 1951 1628 :quia
2013 1538 2281 1630 Angelo
2348 1538 2594 1608 melius

1045 1646 1149 1707 est
1174 1663 1314 1709 non
1353 1666 1499 1713 esse
1547 1669 1791 1714 aurum
1832 1671 2036 1739 quam
2086 1672 2233 1717 esse
2273 1672 2519 1718 aurum
2574 1671 2589 1715 t

1047 1754 1115 1813 et
1153 1747 1303 1817 ideo
1342 1774 1586 1819 aurum
1643 1754 1790 1821 Deo
1847 1778 1987 1823 non
2043 1757 2388 1825 convenit.
2451 1755 2599 1824 IIac

1048 1855 1256 1946 igitur
1295 1855 1529 1951 regula
1576 1864 1791 1930 utitur
1825 1864 2193 1932 Anselmus
2240 1863 2329 1932 ad
2364 1865 2600 1932 nomi-

1050 1964 1353 2032 nandum
1383 1965 1631 2036 Deum.

1144 2070 1277 2140 San
1322 2097 1574 2144 commi
1615 2100 1631 2145 :

1148 2186 1206 2252 l.
1240 2183 1500 2271 Melius,
1538 2196 1641 2256 est
1703 2189 1887 2255 omni
1926 2190 1986 2257 ei
2026 2188 2210 2280 quod
2266 2196 2393 2273 est,
2453 2211 2601 2257 esse

1050 2293 1368 2362 sensibile
1407 2296 1833 2364 *sensitivum
1881 2320 2086 2389 quam
2140 2320 2280 2366 non
2326 2297 2603 2366 sensiti-

1047 2423 1214 2469 vum
1247 2422 1264 2470 :
1310 2423 1473 2494 ergo
1514 2403 1784 2473 videtur
1821 2404 2004 2496 quod
2040 2404 2225 2474 Deus
2255 2407 2344 2475 sit
2379 2407 2605 2475 sensi-

1048 2507 1253 2589 tivus‚
1297 2510 1482 2600 quod
1528 2509 1776 2579 falsum
1816 2520 1939 2580 est.

1139 2619 1205 2684 2.
1249 2616 1447 2697 Item,
1481 2608 1735 2688 Dicunt
1789 2620 1927 2699 alii,
1988 2622 2171 2713 quod
2212 2624 2605 2692 nominatur

1052 2723 1238 2792 Deus
1275 2747 1362 2793 ex
1398 2725 1722 2795 omnibus
1760 2750 1912 2818 quae
1953 2750 2090 2797 non
2129 2729 2474 2820 pertinent
2517 2728 2604 2798 ad

1049 2834 1506 2922 privationem
1536 2842 1605 2904 et
1644 2837 1993 2904 materiam
2029 2858 2044 2903 ε
2088 2836 2209 2906 sed
2251 2836 2468 2906 multa
2495 2846 2606 2905 ta·
2650 2921 2656 2927 .

1052 2938 1144 3009 lia
1179 2949 1338 3010 sunt
1376 2964 1529 3033 quae
1568 2941 1768 3012 alicui
1801 2944 2046 3013 melius
2075 2953 2177 3014 est
2206 2968 2354 3015 esse
2393 2969 2601 3037 quam

1050 3075 1191 3121 non
1222 3075 1369 3122 esse
1418 3075 1435 3122 ε
1487 3053 1661 3122 sicut
1700 3054 1942 3124 melius
1980 3064 2080 3125 est
2132 3080 2242 3126 me
2282 3080 2430 3126 esse
2470 3056 2605 3126 ho-

1053 3163 1311 3231 minem
1343 3184 1551 3254 quam
1605 3186 1745 3233 non
1774 3187 1944 3244 esse,
1988 3173 2114 3234 etc.
2155 3188 2171 3234 :
2207 3188 2372 3258 ergo
2416 3165 2606 3235 vide-

1052 3280 1190 3348 tur.
1223 3272 1408 3363 quod
1451 3294 1592 3341 non
1620 3275 1712 3342 sit
1747 3297 1984 3343 verum
2033 3274 2289 3343 dictum
2327 3283 2607 3344 antece-

1053 3378 1244 3448 dens.

1145 3488 1209 3556 3.
1276 3488 1639 3568 l‘raeterea,
1672 3488 2042 3584 Dionysius
2096 3492 2257 3562 l'acit
2316 3491 2610 3561 Theolo-

1053 3596 1237 3687 giam
1277 3595 1359 3666 de
1391 3599 1695 3691 mysticis
1725 3599 2142 3680 nominibuS‚
2176 3609 2244 3669 et
2284 3601 2488 3668 aliam
2521 3598 2606 3667 de

924 3761 942 3778 ,
1053 3700 1448 3792 symbolicis
1490 3727 1506 3772 ε
1550 3726 1715 3795 ergo
1746 3704 2035 3786 videtur,
2069 3705 2251 3796 quod
2284 3705 2608 3774 nomine·

764 4814 964 4863 Sotuuo.

1053 3817 1234 3880 tura
1273 3810 1670 3903 symbolicis
1731 3835 1748 3881 ε
1793 3837 1954 3905 ergo
2012 3836 2053 3883 a
2107 3812 2603 3897 materialibus,

1055 3918 1243 4010 quod
1279 3930 1382 3990 est
1432 3929 1670 3991 contra
1718 3920 1848 3990 hoc
1897 3922 2079 4013 quod
2127 3922 2375 3992 dicitur
2418 3944 2605 3991 com·

1056 4030 1376 4110 muniter,
1409 4029 1595 4123 quod
1620 4054 1660 4099 a
1699 4029 2163 4100 materialibus
2195 4054 2335 4101 non
2375 4031 2609 4101 nomi-

1055 4144 1280 4205 natur.

1143 4244 1210 4314 4.
1263 4243 1460 4329 Item,
1504 4246 1872 4339 Dionysius
1927 4244 2112 4329 dicit,
2160 4247 2346 4338 quod
2399 4249 2605 4316 etiam

1058 4353 1126 4421 in
1174 4355 1322 4446 ipso
1362 4364 1633 4446 oportet
1677 4356 2017 4426 al'tirmare
2063 4358 2378 4425 omnium
2428 4357 2607 4448 posi·

1055 4466 1278 4533 tiones
1311 4487 1329 4534 2
1371 4486 1535 4558 ergo
1574 4465 1844 4535 videtur
1889 4464 2074 4558 quod
2111 4466 2608 4535 omniunrno-

1059 4570 1357 4640 minibus
1385 4572 1803 4644 nominetur.

1153 4786 1457 4857 Somno.
1528 4784 1961 4870 Dicendum,·
2002 4784 2187 4877 quod
2250 4785 2610 4878 dupliciter

1060 4894 1440 4964 formantur
1467 4893 1750 4963 nomina
1778 4893 2030 4971 divina,
2058 4893 2339 4977 scilicet,
2373 4904 2493 4963 aut
2521 4894 2608 4964 ab

1061 5001 1169 5071 his
1207 5024 1360 5093 quae
1404 5000 1780 5070 secundum
1812 5025 1952 5069 rem
1982 5024 2104 5092 per
2124 5002 2315 5091 prius
2342 5011 2503 5070 sunt
2538 5003 2608 5071 in

1060 5112 1206 5180 Deo
1245 5120 1312 5180 et
1340 5134 1462 5202 per
1498 5111 1836 5202 posterius
1867 5111 1934 5178 in
1965 5112 2314 5195 creaturiS,
2358 5120 2427 5181 et
2465 5110 2607 5182 haec

1060 5220 1343 5287 nomina
1375 5218 1695 5287 dicuntur
1723 5221 2008 5311 mystica
2037 5242 2076 5286 a
2106 5217 2305 5288 beato
2344 5220 2609 5313 Diony-

1058 5328 1187 5405 sio,
1221 5329 1395 5395 sicut
1424 5349 1568 5403 ens,
1602 5328 1769 5401 vita.
1812 5326 2210 5404 intellectus,
2244 5329 2604 5418 sapientia,

1059 5429 1355 5514 bonitas·‚
1379 5442 1446 5499 et
1474 5430 1866 5520 hujusmodi
1890 5453 1906 5498 ε
1932 5437 2129 5513 μύστις
2150 5432 2332 5501 enim
2360 5453 2602 5522 graece,

1061 5540 1132 5607 in
1174 5539 1384 5608 latino
1417 5539 1597 5609 idem
1628 5550 1731 5609 est
1759 5541 1940 5632 quod
1967 5550 2299 5610 secretum
2330 5562 2345 5609 ε
2381 5549 2450 5609 et
2477 5538 2611 5609 hoc

1059 5649 1215 5718 ideo
1255 5650 1416 5742 quia
1467 5673 1724 5721 nomen
1779 5650 1946 5719 illud
2012 5650 2388 5721 secundum
2442 5673 2611 5742 pro-

1062 5760 1420 5851 prietatem
1458 5781 1654 5830 suam
1694 5784 1900 5854 quam
1947 5760 2153 5830 habet
2203 5761 2288 5831 ab
2328 5761 2610 5830 institu-

4117 360 4243 447 “13

2700 562 2887 630 tione
2920 558 3313 650 imperfecte
3352 565 3417 625 et
3454 557 3522 623 in
3577 559 3767 644 parte
3809 552 4143 642 significat
4180 547 4248 615 id

2702 666 2890 759 quod
2922 671 2989 734 in
3049 667 3192 734 Deo
3251 673 3352 733 est
3387 662 3705 754 perfectio
3747 667 3812 727 et
3850 661 3917 725 in
3946 665 4089 724 toto
4125 678 4139 724 ε
4186 662 4251 722 et

2703 776 3044 866 significat
3119 773 3529 864 quandoque
3621 765 4119 838 accidentaliter
4186 762 4250 828 id

2704 881 2893 973 quod
2955 879 3492 949 substantialiter
3543 885 3641 944 est
3690 879 3759 942 in
3799 874 3943 941 Deo
3984 881 4050 938 et
4087 869 4252 937 sub-

2690 991 2958 1060 stantia
2997 990 3270 1059 divina:
3316 997 3384 1057 et
3432 986 3580 1054 ideo
3621 1007 3723 1052 res
3763 984 3992 1050 divina
4044 1001 4248 1070 quam

2705 1099 3044 1177 nominat,
3107 1103 3416 1165 remanet
3468 1093 3665 1161 nobis
3720 1089 3979 1159 occulta
4034 1110 4050 1156 ε
4094 1086 4251 1177 quia

2707 1207 2963 1275 scimus
2995 1207 3215 1296 ipsam
3246 1185 3391 1273 esse
3432 1225 3632 1293 super
3667 1220 3946 1280 nomen,
3990 1204 4055 1264 et
4084 1192 4255 1262 defi-

2709 1336 2861 1382 cere
2890 1314 3201 1406 linguam
3252 1336 3292 1381 a
3333 1311 3718 1380 narratione
3756 1308 3926 1397 ejus.
3969 1304 4054 1371 Et
4105 1302 4254 1369 ideo

2711 1423 2993 1514 exponit
3028 1422 3399 1512 Dionysius
3447 1417 3628 1510 quod
3673 1425 3773 1485 est
3808 1417 3973 1495 vita,
4016 1421 4083 1480 et
4118 1432 4257 1478 non

2707 1533 2876 1613 vita,
2912 1530 3032 1601 sed
3088 1554 3292 1621 supra
3329 1530 3543 1596 vitam
3578 1550 3592 1595 :
3645 1534 3744 1594 est
3781 1525 3962 1593 enim
4010 1522 4148 1589 vita
4189 1521 4256 1586 in

2712 1661 2784 1707 re
2841 1662 2963 1730 per
2999 1641 3215 1730 priuS,
3277 1646 3344 1706 et
3381 1660 3517 1704 non
3557 1637 3695 1703 vita
3751 1631 4123 1702 secundum
4189 1626 4258 1694 id

2713 1747 2897 1836 quod
2920 1769 3175 1815 nomen
3205 1746 3399 1835 ponit
3432 1768 3447 1812 ε
3480 1765 3681 1834 supra
3710 1742 3947 1822 vitam,
3972 1761 4052 1806 eo
4075 1734 4255 1828 quod

2710 1855 2857 1944 ipse
2878 1862 2981 1921 est
3006 1855 3151 1921 vita
3170 1874 3320 1932 sua,
3356 1862 3421 1920 et
3451 1852 3696 1919 inserta
3728 1847 3923 1917 nobis
3958 1868 3972 1913 :
4013 1854 4078 1912 et
4108 1842 4256 1910 ideo

2713 1965 2921 2031 etiam
2962 1962 3124 2031 dicit
3164 1960 3562 2051 Dionysius,
3623 1956 3803 2049 quod
3845 1958 3914 2023 in
3968 1954 4110 2021 Deo
4167 1951 4261 2018 al-

2714 2070 3140 2138 firmationes
3196 2078 3356 2136 sunt
3411 2069 3876 2156 incompactae,
3945 2070 4011 2130 et
4057 2082 4260 2150 nega-

2713 2181 2938 2247 tiones
2988 2200 3172 2247 verae
3226 2200 3242 2244 ε
3307 2177 3467 2269 quia
3504 2171 3979 2266 negationibus
4018 2169 4259 2236 dicitur

2715 2287 2884 2381 quid
2912 2309 3053 2356 non
3083 2293 3210 2366 est,
3246 2286 3419 2353 sicut
3458 2279 4010 2371 incorruptibilis,
4043 2278 4259 2345 incor-

2713 2414 2989 2484 poreus,
3033 2400 3102 2459 et
3137 2387 3531 2480 hujusmodi
3583 2410 3599 2456 :
3649 2396 3716 2455 et
3762 2384 3904 2453 haec
3941 2379 4258 2472 simplici-

2712 2508 2819 2569 ter
2846 2523 3010 2569 vera
3039 2507 3221 2567 sunt.
3259 2495 3396 2565 Sed
3435 2493 3792 2563 affirmatio
3834 2494 4258 2579 incompacta

2715 2619 2818 2679 est
2859 2634 2876 2681 τ
2922 2612 3082 2702 quia
3113 2609 3359 2677 modus
3403 2604 3824 2699 significandi
3877 2605 3944 2671 in
3984 2601 4258 2670 nomine

2714 2727 3050 2811 repugnat
3092 2720 3186 2785 rei
3252 2718 3527 2795 divinae,
3585 2716 3755 2782 sicut
3809 2713 4063 2781 dictum
4131 2716 4253 2787 est,

2713 2829 3053 2920 praecipue
3087 2835 3363 2916 propter
3409 2824 3559 2905 tria,
3609 2820 3883 2896 scilicet,
3929 2819 4089 2910 quia
4127 2816 4258 2905 sig-

2715 2935 2947 3003 niticat
2984 2933 3364 3024 composite
3403 2929 3586 3021 quod
3616 2927 3891 2996 infinitae
3939 2923 4257 3015 simplici-

2714 3044 2876 3112 tatis
2903 3052 3032 3122 est,
3074 3051 3140 3110 et
3170 3038 3557 3131 imperfecte
3612 3036 3794 3129 quod
3846 3032 4257 3129 perfectissi-

2716 3171 2911 3218 mum
2967 3157 3093 3229 est,
3153 3156 3221 3217 et
3275 3144 3777 3216 accidentaliter
3847 3142 4255 3235 quandoque

2716 3257 2901 3350 quod
2930 3268 3033 3327 est
3072 3256 3475 3325 substantia.
3523 3252 3710 3324 L'nde
3750 3251 4114 3320 Anselrnus
4160 3248 4260 3315 di-

2714 3367 2833 3451 cit,
2894 3364 3080 3457 quod
3136 3373 3352 3455 pater,
3397 3372 3465 3431 et
3516 3363 3679 3441 vita,
3721 3369 3785 3428 et
3838 3355 4256 3448 hujusmodi,

2715 3473 2875 3543 licet
2912 3471 3115 3542 nobis
3173 3470 3548 3540 secundum
3598 3492 3737 3537 rem
3778 3466 4185 3536 descendant
4224 3486 4264 3531 a

2713 3579 2892 3661 Dee,
2952 3579 3037 3649 ad
3077 3602 3206 3648 nos
3242 3587 3473 3647 tamen
3503 3576 3895 3644 familiarius
3924 3581 4119 3642 sonat
4148 3595 4264 3640 no-

2716 3714 2877 3762 men
2929 3691 3142 3783 patris
3201 3698 3465 3780 patrem
3521 3684 3856 3756 carnalem
3913 3684 4259 3752 hominem

2715 3822 2926 3893 quam
2956 3797 3209 3868 Deum.
3244 3799 3300 3864 Α
3346 3794 3736 3888 symbolicis
3773 3803 4000 3862 autem
4030 3792 4260 3859 nomi-

2715 3905 2921 3975 nibus
2968 3904 3346 3973 secundum
3396 3900 3905 3971 translationem
3958 3900 4262 3991 proprie-

2715 4015 2875 4086 tatis
2903 4013 3279 4107 corporalis
3305 4012 3388 4080 ad
3419 4011 3835 4105 spiritualem
3875 4010 4261 4078 denomina-

2714 4131 2852 4191 tur.
2909 4119 3107 4190 Sicut
3162 4119 3361 4211 lapis,
3422 4120 3577 4210 quia
3617 4116 3872 4186 solidus
3928 4125 3991 4183 et
4048 4114 4261 4183 solide

2714 4231 3014 4301 fundans
3053 4229 3239 4321 quod
3270 4227 3847 4319 superaedificatur
3888 4246 3904 4295 :
3937 4225 4032 4293 sic
4061 4224 4262 4314 spiri-

2716 4340 2994 4410 tualiter
3021 4329 3241 4408 solida
3267 4340 3520 4407 veritas
3547 4339 3692 4426 ejus
3721 4343 3821 4405 est
3866 4332 4263 4402 fundamen-

2717 4461 2865 4521 tum
2915 4449 3294 4543 spiritualis
3349 4449 3639 4517 aediticii.
3686 4446 3766 4514 Et
3813 4446 3956 4514 istis
3993 4443 4259 4511 duobus

2716 4560 2941 4630 modis
2971 4560 3368 4628 nominatur
3397 4557 3481 4625 ab
3520 4557 3860 4625 omnibus,

2804 4680 2912 4748 An
2994 4700 3302 4747 assumat
3362 4686 3587 4746 autem
3644 4672 3951 4743 Anselmi
4035 4671 4267 4740 dicen-

2716 4788 2910 4865 dum,
2944 4786 3131 4879 quod
3159 4786 3276 4856 illa
3315 4810 3477 4856 vera
3523 4796 3622 4854 est
3659 4785 3740 4854 de
3790 4782 4090 4875 mysticis
4134 4804 4266 4849 no-

2717 4894 3022 4964 minibus
3060 4916 3212 4986 quae
3268 4893 3334 4962 id
3390 4894 3746 4960 nominant
3800 4889 3982 4982 quod
4020 4911 4266 4957 secun-

2717 5004 2883 5074 dum
2924 5026 3069 5073 rem
3108 5026 3231 5094 per
3259 5002 3445 5094 prius
3473 5010 3571 5069 est
3604 5001 3670 5067 in
3703 4999 3871 5084 l)e0,
3916 4999 4068 5067 licet
4125 5018 4262 5064 non

2713 5115 3078 5183 nominent
3115 5114 3341 5204 ipsum
3372 5111 3542 5208 sicut
3570 5119 3672 5178 est
3708 5110 3777 5177 in
3818 5111 3989 5200 ipso.

2806 5222 2912 5288 An
2960 5244 3025 5289 m
3056 5219 3241 5311 quod
3270 5227 3504 5287 contra
3526 5217 3863 5305 objicitur,
3899 5212 4256 5284 dicendum

2716 5320 2897 5421 quo'd
2963 5351 3204 5397 sensus
3260 5327 3528 5394 duobus
3609 5325 3829 5392 modis
3908 5322 4255 5412 accipitur,

2717 5433 3002 5512 scilicet,
3034 5456 3160 5526 pro
3200 5432 3502 5521 potentia
3536 5430 3862 5499 materiali
3903 5428 4261 5516 conjuncta

2716 5564 3004 5636 organ0,
3068 5550 3135 5609 et
3189 5541 3286 5608 sic
3347 5562 3488 5608 non
3541 5540 3860 5608 convenit
3910 5537 4080 5616 Dee,
4139 5559 4262 5605 nec

2716 5649 2927 5719 etiam
2964 5645 3251 5739 Angelis
3293 5668 3310 5714 :
3345 5645 3453 5714 vel
3483 5654 3702 5739 potest
3730 5646 3940 5737 accipi
3970 5667 4091 5738 pro
4119 5646 4264 5713 vir-

2718 5767 2863 5830 tute
2900 5757 3274 5848 acceptiva,
3305 5755 3417 5824 vel
3439 5756 3782 5846 cognitiva
3811 5754 4258 5838 sensibilium,

4286 5271 4357 5315 Aa
4369 5270 4540 5327 object
4559 5267 4598 5313 ι.
