4897 6388
699 297 830 363 488
1671 289 1756 357 D.
1810 288 2006 392 ΑΕΒ.
2059 268 2294 357 MAG(
2332 288 2537 361 ono.
2591 292 2891 361 PRAED.

703 453 1194 540 caturrnotus
1228 462 1549 538 mentis:
1582 439 2000 536 cumetiam
2048 461 2118 560 in
2169 462 2360 537 libro
2404 462 2824 561 Sapientiae
2851 463 3159 539 dicatur
3195 466 3595 567 despiritu
3623 472 3924 571 sapien·

701 599 850 687 tiae,
883 600 1015 697 qui
1049 597 1350 696 attingit
1389 624 1434 674 a
1475 598 1627 674 tine
1672 621 1914 697 usque
1955 600 2045 673 ad
2095 598 2326 674 finem
2373 599 2419 694 ¹,
2456 602 2589 698 qui
2631 612 2747 677 est
2785 612 3004 677 actus
3035 604 3376 701 mobilis,
3441 618 3723 702 certus,
3795 611 3920 682 in-

700 735 1271 833 coinquinatus.
1340 734 1557 822 Quod
1597 757 1750 807 non
1798 734 1967 808 ideo
2000 733 2308 828 dicitur,
2344 734 2550 832 quod
2586 735 2969 833 sapientia
3000 737 3099 813 sit
3140 740 3424 815 mobile
3457 742 3748 839 aliquid
3790 745 3911 819 vel

705 881 920 946 actus
952 871 1257 968 aliquiS,
1304 870 1436 944 sed
1480 869 1663 967 quia
1692 868 1811 942 sui
1853 868 2387 943 immobilitate
2427 870 2691 945 omnia
2749 856 3082 970 attingit,
3156 897 3315 948 non
3372 877 3595 951 locali
3675 888 3912 973 motu,

705 1006 838 1080 sed
885 1017 965 1079 ut
998 1004 1281 1101 ubique
1322 1026 1627 1102 semper
1664 1003 1786 1092 sit,
1831 1013 1902 1077 et
1944 1025 2326 1100 nusquam
2371 1003 2673 1079 inclusa
2703 1014 3084 1082 teneatur.
3152 1008 3281 1084 Sic
3339 1033 3524 1107 ergo
3585 1013 3917 1088 charitas

705 1139 985 1213 dicitur
1026 1150 1276 1213 motus
1308 1137 1569 1225 animi,
1610 1160 1764 1210 non
1806 1138 2010 1235 quod
2044 1138 2211 1236 ipsa
2250 1138 2348 1213 sit
2381 1150 2634 1214 motus
2663 1142 2785 1215 vel
2827 1140 3130 1217 affectio
3160 1146 3292 1220 vel
3342 1144 3592 1221 virtus
3650 1147 3913 1240 animi,

704 1275 841 1350 sed
881 1275 1065 1374 quia
1101 1297 1440 1374 peream
1510 1273 1728 1372 quasi
1806 1283 2009 1348 esset
2072 1273 2343 1366 virtuS,
2414 1271 2747 1349 afficitur
2788 1298 3011 1351 mens
3079 1286 3155 1353 et
3231 1290 3614 1354 movetur.
3661 1280 3808 1355 Sed
3853 1282 3918 1355 si

704 1409 1038 1485 charitas
1070 1408 1401 1507 Spiritus
1442 1417 1751 1483 sanctus
1792 1416 1931 1501 est,
1968 1407 2099 1505 qui
2141 1417 2507 1506 operatur
2537 1408 2614 1482 in
2657 1409 2989 1507 singulis
3028 1419 3264 1509 prout
3291 1414 3462 1487 vult
3487 1411 3537 1500 ²,
3574 1436 3748 1488 cum
3783 1437 3922 1513 per

710 1568 886 1621 eum
935 1568 1149 1620 mens
1191 1544 1529 1618 hominis
1560 1543 1939 1618 alliciatur
1976 1553 2053 1617 et
2093 1539 2499 1618 moveatur
2528 1544 2623 1618 ad
2651 1544 3159 1641 credendum,
3223 1548 3346 1622 vel
3414 1549 3916 1647 sperandum,

709 1686 784 1752 et
822 1677 1293 1774 hujusmodi,
1329 1679 1528 1753 sicut
1566 1677 1658 1752 ad
1700 1676 2176 1773 diligendum
2212 1675 2506 1777 :square
2540 1701 2694 1752 non
2739 1678 2850 1754 sic
2916 1678 3206 1754 dicitur
3279 1681 3616 1757 charitas
3668 1692 3922 1757 motus

706 1813 825 1887 vcl
869 1809 1164 1888 affectio
1200 1810 1476 1885 mentis
1515 1811 1608 1884 ad
1641 1810 2137 1906 credendum,
2170 1812 2295 1885 vel
2336 1813 2835 1910 sperandum,
2870 1813 3073 1889 sicut
3096 1813 3195 1888 ad
3226 1813 3770 1912 diligendum?
3804 1815 3916 1890 Ad

707 1946 912 2044 quod
953 1970 1136 2022 sane
1169 1946 1315 2021 dici
1359 1955 1632 2044 potest,
1677 1947 1860 2044 quia
1898 1947 2200 2044 aliquos
2240 1957 2457 2022 actus
2497 1957 2726 2045 atque
2769 1957 3027 2023 motus
3101 1948 3481 2023 virtutum
3558 1959 3920 2048 operatur

706 2079 1066 2174 charitas,
1105 2079 1174 2153 id
1217 2091 1358 2168 est,
1390 2079 1721 2178 Spiritus
1759 2071 2071 2156 sanctus
2105 2077 2621 2156 mediantibus
2652 2081 3069 2157 virtutibus
3094 2104 3430 2181 quarum
3459 2093 3676 2158 actus
3706 2095 3912 2178 sunt,

711 2224 969 2314 utpote
1001 2224 1250 2290 actum
1286 2215 1491 2310 fidei,
1519 2215 1591 2290 id
1624 2225 1764 2304 est,
1795 2215 2104 2293 credere
2136 2215 2285 2292 tide
2319 2216 2598 2311 media,
2624 2228 2700 2293 et
2722 2228 2745 2265 ⁸
2774 2225 3032 2293 actum
3074 2215 3273 2316 spei,
3312 2216 3385 2291 id
3416 2229 3560 2312 est,
3604 2241 3914 2317 sperare

713 2352 965 2428 media
1003 2375 1163 2450 spe.
1212 2352 1358 2425 Per
1406 2349 1632 2427 sidem
1698 2352 1901 2427 enim
1953 2361 2028 2426 et
2088 2375 2300 2450 spem
2364 2351 2774 2450 proedictos
2834 2360 3205 2451 operatur
3244 2360 3464 2427 actus
3498 2376 3514 2428 ε
3552 2351 3915 2449 diligendi

707 2512 892 2564 vero
923 2499 1174 2563 actum
1219 2512 1355 2586 per
1385 2512 1466 2564 se
1510 2498 1834 2583 tantum,
1869 2488 2038 2564 sine
2077 2487 2409 2585 alicujus
2450 2487 2760 2563 virtutis
2800 2487 3056 2563 medio
3098 2496 3495 2587 operatur,
3533 2487 3606 2560 id
3646 2496 3787 2580 est,
3822 2486 3927 2559 di-

709 2623 973 2720 ligere.
1005 2622 1245 2698 Aliter
1282 2646 1465 2719 crgo
1507 2625 1714 2697 hunc
1744 2630 1997 2696 actum
2040 2631 2405 2720 operatur
2434 2645 2668 2720 quam
2717 2622 2913 2697 alios
2952 2620 3329 2696 virtutum
3398 2629 3642 2696 actus.
3716 2619 3922 2696 Ideo·

712 2781 862 2857 que
902 2757 1339 2833 differenter
1367 2757 1459 2833 ‹le
1506 2759 1647 2832 hoc
1677 2768 1750 2832 et
1788 2757 1880 2833 de
1921 2756 2093 2832 aliis
2123 2756 2467 2857 loquitur
2524 2756 2945 2856 Scriptura,
2977 2780 3158 2856 quie
3219 2755 3453 2832 istum
3485 2755 3918 2856 specialiter

714 2892 1064 2968 charitati
1109 2892 1395 2967 tribuit.
1445 2895 1568 2967 Est
1601 2916 1785 2989 ergo
1815 2891 2148 2966 charitas
2179 2915 2358 2967 vere
2390 2892 2725 2992 Spiritus
2754 2902 3097 2967 sanctus.
3161 2890 3386 2967 Unde
3441 2888 3925 2988 Augustinus

717 3027 1199 3127 praemissum
1230 3029 1549 3103 verbum
1582 3026 1920 3126 Apostoli
1968 3036 2300 3102 tractans
2341 3026 2416 3100 in
2460 3027 2731 3102 eodem
2760 3026 2959 3102 libro
2986 3028 3034 3114 ⁴,
3066 3024 3523 3101 charitatem
3548 3023 3924 3099 dicitesse

715 3162 1033 3257 bonum,
1076 3186 1230 3262 quo
1273 3162 1377 3238 nil
1422 3162 1700 3239 melius
1737 3173 1899 3239 est:
1945 3171 2018 3237 et
2059 3186 2196 3264 per
2236 3164 2379 3238 hoc
2413 3161 2656 3263 ipsam
2690 3184 2862 3239 esse
2892 3161 3146 3238 Deum
3179 3157 3569 3259 significat
3605 3158 3915 3235 dicens:

716 3297 796 3370 Si
867 3298 1079 3372 nulla
1115 3321 1234 3373 res
1272 3298 1369 3372 ab
1396 3298 1563 3396 ejus
1593 3296 1959 3373 charitate
2000 3321 2143 3372 nos
2207 3309 2515 3398 separat
2543 3290 2593 3391 ⁵,
2628 3297 2814 3396 quid
2884 3320 3054 3373 esse
3089 3319 3248 3372 non
3280 3295 3535 3371 solum
3615 3293 3915 3387 meliuS,

713 3432 844 3508 sed
878 3416 1104 3508 etiam
1138 3432 1421 3508 certius
1452 3434 1596 3507 hoc
1635 3431 1838 3507 huno
1866 3432 2176 3531 potest?
2204 3434 2395 3509 Ecce
2448 3431 2656 3528 dicit,
2716 3430 2904 3531 quia
2941 3428 3319 3506 charitate
3387 3427 3579 3504 nihil
3644 3427 3921 3504 melius

715 3578 855 3641 est.
891 3568 1238 3642 Charitas
1277 3592 1461 3665 ergo
1501 3566 1832 3667 Spiritus
1861 3576 1978 3642 est
2014 3567 2143 3667 qui
2188 3566 2399 3644 Deus
2430 3576 2573 3658 est,
2617 3577 2693 3642 et
2722 3566 3014 3641 donum
3046 3563 3190 3641 Dei
3230 3562 3396 3640 sive
3448 3561 3752 3640 datum:
3789 3563 3918 3663 qui

716 3702 986 3778 dividit
1027 3702 1355 3796 singulis
1389 3702 1745 3777 tidelihus
1776 3701 2180 3791 ‹1‹mn,nec
2225 3701 2384 3801 ipso
2443 3700 2841 3795 dividitur,
2921 3698 3056 3775 sed
3140 3697 3524 3773 indivisus
3597 3696 3926 3792 singulis

713 3840 963 3914 «latur.
1000 3839 1215 3913 Unde
1257 3840 1735 3933 Augustinus
1778 3839 1904 3913 ubi
1943 3839 2285 3913 Joannes
2316 3838 2526 3932 dicit,
2564 3860 2714 3910 non
2750 3835 2843 3910 ad
2893 3857 3338 3909 mensuram
3392 3832 3695 3906 Christo
3756 3831 3917 3905 dari

712 3974 1096 4075 spiritum,
1139 3974 1236 4048 ait
1278 3998 1293 4048 ε
1328 3974 1642 4048 (theris
1683 3998 1864 4047 vero
1894 3972 2283 4055 dividitur,
2319 3997 2469 4046 nun
2513 3970 2825 4069 quidem
2864 3968 3026 4067 ipse
3088 3966 3455 4067 Spiritum,
3516 3966 3646 4039 sud
3716 3966 3915 4040 duna

713 4111 882 4210 ojus
910 4137 960 4183 ο.

780 4449 796 4484 ¹
827 4448 1090 4520 Sapient.
1127 4463 1240 4510 vm.
1281 4453 1296 4501 t
1336 4464 1349 4501 :
1391 4450 1630 4516 ,tttinqit
1658 4463 1692 4500 α
1720 4451 1829 4515 fine
1867 4461 2036 4515 usque
2063 4445 2136 4498 aa!
2157 4447 2316 4512 finem
2345 4446 2597 4514 sortiter.
2627 4452 2740 4501 etr.

778 4541 800 4575 ¹
831 4539 849 4595 l
881 4537 954 4594 ad
985 4537 1390 4609 Corinthffixn,
1429 4543 1480 4592 tt
1515 4554 1529 4593 ;
1566 4539 1688 4592 naec
1706 4538 1894 4591 omnia
1923 4542 2183 4606 operatur
2212 4551 2354 4591 uum
2373 4543 2542 4606 atquc·
2572 4534 2711 4590 ioli-m
2745 4536 3010 4608 Spiritus,
3040 4534 3299 4592 ‹iit-idem
3326 4531 3563 4600 singulis
3588 4535 3757 4601 prout
3786 4528 3921 4584 rute.

783 4628 807 4663 ³
837 4627 988 4685 Edit.
1019 4627 1185 4684 loun.
1218 4627 1544 4693 Alleanme.
1577 4634 1635 4681 ut

781 4718 805 4753 ⁴
833 4719 890 4771 S.
934 4720 1307 4785 Accessum-s,
1343 4717 1461 4771 Lih.
1495 4715 1567 4771 d··
1595 4714 1849 4771 Moribus
1880 4712 2155 4769 Ecclesia?
2187 4712 2679 4786 catliolieoe.1cap.
2712 4715 2768 4769 8.

780 4811 803 4846 ⁸
833 4808 918 4865 Ad
953 4810 1197 4864 Roman.
1232 4824 1346 4873 vm,
1379 4809 1479 4861 3:32
1521 4806 1810 4880 Quisjeruo
1838 4821 1936 4860 nos
1963 4804 2304 4879 separabit-'a
2332 4805 2607 4862 charitate
2634 4804 2841 4860 Christi
2870 4805 2899 4861 ‘2

772 4897 798 4934 ⁸
835 4900 890 4954 S.
926 4902 1296 4962 Auocsnscs.
1328 4901 1516 4970 Super
1544 4898 1850 4964 sunnine-m,
1882 4898 2073 4951 Tract.
2111 4897 2196 4951 14.
