4897 6388
375 3316 576 3366 solutam

692 313 821 378 612

691 491 759 549 et
798 480 943 547 aliae
989 469 1285 547 ration'es
1333 478 1618 546 infinitae
1673 482 1957 566 possunt
2015 475 2240 542 induci

695 591 782 659 ad
808 589 961 658 hoc.

780 700 842 765 7.
885 699 1081 776 Item,
1135 697 1363 765 Unum
1407 697 1750 763 reducitur
1799 693 1883 760 ad
1920 692 2236 769 formam,

702 805 992 896 privatio
1023 813 1250 872 autem
1283 804 1365 870 ad
1399 803 1752 869 materiam
1789 825 1804 868 ;
1838 822 1998 889 ergo
2025 821 2237 864 unum

690 920 758 980 et
798 911 1087 978 multum
1129 934 1267 978 non
1313 933 1385 977 se
1432 908 1689 976 habent
1727 915 1800 974 ut
1841 907 2132 996 ,privatio
2175 913 2238 971 ct

687 1018 985 1086 habitus.

773 1128 839 1194 8.
874 1127 1067 1203 Item,
1105 1124 1290 1191 Nihil
1320 1124 1538 1192 eidem
1571 1124 1938 1213 opponitur
1968 1119 2232 1187 duobus

677 1237 1039 1326 generibus
1080 1235 1530 1325 oppositionis
1564 1255 1579 1301 ε
1616 1234 1774 1300 dicit
1813 1241 2039 1299 autem
2068 1228 2229 1295 Phi-

675 1343 1030 1433 losoplmS‚
1075 1342 1259 1432 quod
1312 1365 1527 1409 unum
1568 1350 1636 1409 et
1682 1339 1972 1407 multum
2013 1360 2231 1426 oppo-

674 1460 932 1518 nuntur
953 1452 1269 1518 relative:
1306 1472 1468 1539 ergo
1502 1470 1642 1515 non
1673 1455 2116 1538 opponuntur
2158 1454 2230 1510 ut

671 1559 967 1648 privatio
1009 1567 1074 1625 et
1133 1557 1429 1626 habitus.
1619 1629 1623 1634 .

762 1667 827 1733 9.
865 1664 1060 1743 Item,
1109 1664 1717 1756 Quorumcumque
1758 1663 2225 1753 oppositorum

670 1780 1038 1861 utrumque
1078 1772 1357 1860 ponitur
1388 1793 1508 1838 ens
1551 1773 1618 1836 in
1666 1769 1889 1859 specie
1930 1766 2222 1844 illorum,

669 1900 809 1946 non
841 1888 940 1946 est
981 1879 1323 1969 oppositio
1357 1883 1430 1944 ut
1470 1878 1763 1967 privatio
1795 1884 1862 1941 et
1899 1874 2169 1941 habitus
2206 1896 2220 1938 ε

668 2009 882 2054 unum
941 1995 1005 2054 et
1045 1986 1339 2053 multum
1372 1994 1739 2075 utrumque
1790 1984 2068 2073 ponitur
2105 2005 2224 2049 ens

667 2095 735 2162 in
767 2095 990 2185 specie
1024 2116 1038 2160 ε
1076 2117 1239 2185 ergo
1271 2103 1345 2160 ut
1381 2096 1593 2184 prius.
1638 2092 1864 2160 Pauo
1894 2098 2075 2182 patet
2108 2113 2225 2180 per

661 2201 1149 2288 diffinitionem
1192 2200 1464 2268 habitus
1513 2208 1577 2269 ct
1617 2200 2040 2291 privationis,
2097 2196 2224 2262 Se·

664 2333 878 2378 ‹211an
918 2310 1246 2400 probatur
1306 2332 1425 2399 per
1475 2307 1608 2378 hoc
1646 2308 1828 2399 quod
1867 2306 2028 2374 dicit
2069 2304 2226 2371 Phi-

664 2417 1019 2509 losophuS,
1055 2418 1240 2509 quod
1281 2441 1496 2485 unum
1518 2426 1616 2485 est
1654 2439 1969 2485 mensura
2004 2413 2221 2494 multi,

664 2537 729 2596 et
767 2530 1138 2619 opponitur
1176 2529 1237 2595 ei
1280 2530 1455 2596 sicut
1494 2551 1618 2596 ens
1656 2528 1819 2595 enti.

756 2636 862 2702 10.
904 2633 1098 2713 ltcm,
1138 2634 1532 2701 Secundum
1585 2633 1988 2724 Magistrum
2028 2630 2221 2698 vidc-

660 2750 776 2810 tur
812 2740 946 2821 hic,
984 2742 1166 2833 quod
1203 2752 1648 2833 opponuntur
1684 2743 1857 2809 sicut
1900 2741 2049 2808 duoe
2082 2739 2219 2830 pri-

662 2850 972 2918 vationes
1006 2871 1023 2920 :
1086 2852 1248 2942 quia
1304 2851 1492 2930 dicit,
1564 2849 1747 2942 quod
1814 2873 1938 2917 nec
2003 2871 2216 2915 unum

666 2956 922 3047 aliquid
965 2958 1153 3047 ponit
1198 2957 1264 3023 in
1306 2956 1582 3036 divinis,
1610 2979 1733 3025 nec
1764 2957 1967 3025 ctiam
2027 2953 2216 3045 plura

663 3063 772 3132 vcl
813 3062 1065 3154 plures·

762 3280 1074 3349 Somno.
1160 3278 1563 3360 llic-endum,
1658 3280 1840 3371 quod
1934 3280 2216 3347 intentio

669 3388 971 3480 Magistri
1015 3396 1116 3456 est
1175 3410 1525 3455 removere
1591 3388 2035 3477 quantitatem
2087 3409 2220 3453 nu-

670 3498 836 3565 meri
890 3519 928 3563 a
979 3496 1255 3577 divinis,
1326 3503 1392 3563 et
1450 3517 1589 3562 non
1648 3517 2037 3574 numerum,
2097 3516 2219 3561 nec

666 3623 1169 3694 quamcumque
1203 3601 1535 3669 rationem
1577 3600 1869 3680 numeri,
1912 3599 2027 3668 sed
2078 3608 2220 3666 tan·

663 3720 809 3779 tum
841 3712 1246 3802 positionem
1281 3712 1677 3801 quantitatis
1709 3709 2102 3777 numeralis.
2141 3709 2218 3776 tit

663 3817 749 3885 ad
787 3816 914 3886 lioc
958 3815 1470 3904 intelligendum
1518 3826 1892 3907 praenotare
1922 3823 2213 3906 oportet,

663 3923 952 4016 qualiter
991 3923 1396 4014 principium
1437 3923 1730 4000 numeri,
1777 3923 1996 3990 unitas
2034 3921 2217 3989 scili-

661 4040 763 4099 cet
804 4040 1096 4122 ponatur
1128 4031 1194 4096 in
1251 4028 1574 4120 qua-libet
1615 4051 1727 4097 rc:
1779 4030 1936 4119 quia
1988 4027 2217 4119 qua-li·

662 4139 772 4208 bet
815 4164 919 4208 res
963 4136 1544 4207 connumerabilis
1600 4146 1698 4204 est
1759 4138 1870 4206 alii
1935 4160 2052 4227 per
2091 4137 2217 4206 hoc

660 4247 843 4338 quod
904 4249 1128 4313 unitas
1178 4256 1276 4313 est
1320 4246 1385 4311 in
1430 4248 1626 4335 ipsa:
1690 4247 1847 4336 quia
1895 4269 2220 4335 aggrega·

659 4358 841 4422 tione
871 4355 1219 4421 constitnit
1256 4377 1646 4421 numerum.

747 4462 911 4528 llico
941 4462 1171 4549 igitur,
1198 4460 1379 4550 quod
1401 4482 1612 4527 omne
1643 4459 1825 4550 quod
1850 4472 1945 4526 est
1974 4483 2211 4538 unum,

657 4578 756 4637 cst
790 4593 1001 4636 unum
1037 4594 1074 4634 a
1108 4569 1324 4634 forma
1361 4592 1376 4634 z
1415 4577 1510 4635 est
1554 4578 1782 4636 autem
1826 4569 2041 4635 l'orma
2071 4594 2214 4635 esse

657 4686 720 4745 et
765 4678 932 4745 ratio
973 4677 1092 4745 rei.
1141 4675 1223 4742 lit
1257 4676 1499 4742 iterum
1542 4677 1927 4743 terminatio
1983 4677 2125 4764 ejus
2177 4700 2214 4741 a

655 4785 901 4860 forma,
947 4793 1012 4850 ut
1068 4782 1323 4849 dictum
1365 4792 1465 4850 est
1508 4784 1693 4873 prius
1750 4784 1818 4850 in
1876 4784 2212 4851 solutione

658 4895 859 4985 primi
882 4892 1065 4959 dubii
1102 4891 1304 4979 hujus
1335 4890 1812 4959 distinctionis.
1857 4892 1931 4958 tit
1966 4891 2049 4958 ab
2086 4891 2212 4958 hoc

660 5004 903 5071 ultimo
934 5012 1087 5069 actu
1150 5024 1255 5067 res
1311 5000 1559 5067 dicitur
1609 5024 1771 5069 una.
1834 5001 1944 5067 Est
1984 5010 2210 5068 autem

658 5134 873 5179 unum
917 5109 1081 5175 illud
1130 5107 1491 5199 dupliciter
1535 5108 1984 5188 considerare,
2029 5109 2215 5175 scili-

658 5229 765 5289 cet
801 5228 875 5287 ut
904 5226 1006 5286 est
1045 5218 1492 5285 constitutum
1535 5217 1620 5283 ab
1651 5225 1802 5285 actu
1853 5216 2107 5295 sormae,
2150 5225 2211 5284 et

657 5336 733 5396 ut
758 5334 889 5408 „est
929 5348 1252 5394 mensura
1299 5326 1447 5414 ejus
1492 5323 1677 5415 quod
1715 5323 1960 5393 dicitur
1995 5324 2211 5392 forma

660 5457 902 5504 unum.
974 5433 1060 5501 Et
1123 5434 1345 5524 primo
1429 5432 1636 5500 modo
1711 5429 2209 5500 consideratum

659 5541 1075 5616 convertitur
1119 5563 1275 5607 cum
1317 5540 1560 5623 forma,
1605 5548 1670 5606 et
1723 5539 1938 5607 forma
1977 5541 2210 5607 termi-

659 5676 830 5723 nans
859 5658 961 5719 est
991 5648 1214 5715 unitas
1239 5649 1357 5715 rei.
1387 5648 1704 5717 Secundo
1727 5655 1954 5716 autem
1976 5647 2206 5730 mod0,

1719 306 1806 374 D.
1859 305 2057 374 ALB.
2109 305 2327 373 MAG.
2381 305 2584 375 ORD.
2644 307 2940 377 PRAED.

2352 477 2709 548 cumtnihil
2750 488 3181 547 mensuretur
3240 483 3366 547 nisi
3409 488 3736 570 quantum
3784 504 3900 570 po-

2350 585 2557 647 tentia
2587 582 2697 649 vel
2728 593 2905 665 actu,
2939 593 3041 652 est
3068 586 3217 675 ipsa
3247 588 3470 653 unitas
3490 588 3897 676 principium

2349 691 2639 766 numeri,
2699 698 2765 756 et
2829 714 2966 775 non
3034 694 3454 761 convertitur
3510 717 3664 760 cum
3714 702 3893 772 ente,

2347 794 2462 860 sed
2503 805 2601 861 est
2654 819 3076 887 consequens
3125 800 3662 891 unumquodque
3722 824 3892 869 ens:

2346 908 2442 964 est
2484 904 2666 968 enim
2699 903 3050 993 quodlibet
3084 929 3204 973 ens
3245 917 3710 974 mensuratum
3743 909 3895 974 uni-

2345 1015 2476 1074 tate
2508 1008 2930 1079 discernente
2971 1015 3194 1102 ipsum
3252 1014 3335 1080 ab
3394 1014 3527 1082 alio
3568 1025 3719 1083 ente
3785 1017 3892 1082 cui

2344 1125 2441 1183 cst
2491 1119 3086 1189 connumerabile:
3146 1130 3210 1188 ct
3242 1121 3371 1190 hoc
3407 1123 3646 1190 ultimo
3688 1125 3890 1192 modo

2344 1245 2551 1289 unum
2602 1227 2791 1314 ponit
2849 1228 3258 1317 principium
3317 1233 3710 1319 quantitatis
3749 1232 3892 1298 dis-

2339 1339 2537 1396 cretae
2577 1332 2641 1396 in
2704 1355 2772 1400 re
2822 1355 2972 1423 quae
3013 1332 3260 1401 dicitur
3312 1359 3581 1404 unum:
3632 1347 3700 1406 et
3761 1338 3891 1407 hoc

2339 1437 2541 1504 modo
2576 1461 2710 1506 non
2743 1448 2845 1507 cst
2886 1442 2952 1505 in
2996 1442 3164 1509 Dec.
3214 1442 3369 1510 Alio
3409 1453 3637 1511 autem
3686 1447 3888 1514 modo

2335 1544 2622 1613 dicimus
2656 1548 2880 1636 quoad
2912 1571 3060 1630 nOS,
3096 1557 3163 1617 et
3194 1572 3333 1617 non
3362 1552 3736 1619 secundum
3778 1576 3890 1621 na-

2333 1660 2581 1735 turam,
2635 1654 2817 1743 quod
2861 1677 3221 1722 numerum
3280 1659 3757 1748 cognoscimus
3793 1659 3890 1727 di-

2337 1762 2598 1828 visione
2641 1764 2841 1830 unius
2875 1785 2889 1828 :
2927 1772 2991 1831 et
3023 1766 3184 1854 quia
3216 1764 3458 1833 divisio
3490 1768 3711 1856 privat
3739 1771 3887 1835 uni·

2335 1869 2488 1934 tatis
2528 1871 2861 1937 rationem
2901 1871 3128 1960 quoad
3167 1872 3648 1941 indivisionem
3680 1898 3883 1966 quam

2333 1977 2522 2065 ponit
2564 1999 2800 2053 unum,
2850 1978 2999 2045 ideo
3058 1978 3372 2064 dicimus,
3418 1982 3601 2071 quod
3639 2006 3884 2051 nume·

2331 2107 2443 2150 rus
2479 2092 2579 2152 est
2646 2087 2935 2176 privatio
2981 2087 3185 2155 unius
3223 2088 3294 2154 in
3352 2111 3432 2156 eo
3482 2090 3550 2156 in
3605 2113 3741 2180 quo
3782 2101 3883 2159 est

2330 2217 2653 2261 numerus
2688 2217 2702 2261 :
2739 2204 2805 2262 et
2835 2197 2993 2287 quia
3034 2220 3248 2264 unum
3281 2198 3523 2265 dicitur
3551 2201 3886 2268 continui-

2327 2310 2487 2379 tate,
2519 2303 2899 2393 aequalitalc
2929 2315 3218 2386 naturae,
3254 2306 3495 2385 forma,
3528 2316 3595 2374 ct
3625 2313 3877 2378 unitate

2331 2422 2673 2501 respectus
2703 2414 2787 2480 ad
2810 2414 3097 2482 sormam
3130 2439 3335 2483 unam
3359 2439 3374 2482 ε
3397 2417 3566 2484 sicut
3587 2418 3873 2486 dicimus

2324 2519 2573 2588 lincam
2616 2544 2823 2589 unam
2862 2524 3336 2603 continuitate,
3397 2528 3872 2616 cognoscimus

2324 2652 2687 2697 numerum
2737 2632 3116 2721 privatione
3155 2634 3359 2699 unius
3417 2635 3482 2701 in
3523 2633 3703 2702 linea
3760 2658 3879 2725 per

2323 2737 2754 2813 divisionem,
2810 2747 2883 2805 ut
2940 2739 3103 2807 dicit
3169 2739 3628 2830 Philosophus
3694 2743 3875 2832 quod

2324 2867 2685 2915 numerum
2719 2848 3200 2936 cognoscimus
3241 2849 3618 2938 privatione
3646 2850 3870 2917 conti-

2323 2954 2466 3022 nui.
2516 2953 2818 3021 Dicimus
2878 2956 3266 3045 aequalitate
3323 2966 3580 3025 naturae
3626 2981 3872 3042 unum,

2324 3062 2495 3128 sicut
2534 3061 2822 3129 dicimus
2862 3085 3076 3129 unum
3116 3064 3483 3155 Angelum,
3526 3075 3590 3133 et
3627 3066 3876 3133 multos

2322 3167 2626 3259 Angelos
2668 3170 3045 3261 privatione
3081 3170 3487 3263 {equalitatis
3528 3174 3594 3240 in
3626 3182 3870 3264 poten-

2326 3279 2433 3345 tiis
2474 3287 2730 3347 naturae
2761 3280 2844 3346 ad
2898 3302 3071 3371 opus
3101 3279 3511 3370 angelicum,
3558 3283 3729 3349 sicut
3766 3283 3875 3349 di-

2323 3387 2735 3476 stinguimus
2767 3386 2950 3477 quod
2989 3387 3311 3454 dill'erunt
3357 3388 3725 3457 subtilitate
3766 3414 3873 3457 es·

2321 3494 2578 3574 sentim,
2621 3501 2688 3560 ct
2740 3494 3217 3584 perspicuitate
3267 3493 3749 3585 intelligentiae,
3805 3507 3871 3564 ct

2323 3624 2439 3690 per
2480 3624 2905 3691 consequens
2944 3602 3459 3692 participatione
3507 3603 3869 3689 donorum,

2320 3710 2491 3776 sicut
2531 3709 2688 3776 dicit
2731 3708 3053 3799 Magister
3101 3711 3170 3776 in
3213 3709 3267 3775 ll
3327 3713 3869 3791 Sententiarum,

2323 3816 2504 3905 quod
2545 3816 2865 3884 differunt
2928 3817 3144 3908 gradu
3195 3826 3476 3896 naturae,
3522 3829 3586 3886 et
3634 3820 3869 3888 ordine

2320 3925 2695 3994 donorum:
2745 3948 2949 4017 penes
3006 3925 3182 3995 lianc
3220 3930 3403 3995 enim
3446 3929 3874 4019 ina-qualita-

2321 4044 2452 4101 tem
2500 4059 2651 4102 meo
2684 4036 2944 4125 judicio
2986 4036 3522 4127 multiplicantur
3551 4060 3688 4105 nou
3719 4048 3873 4107 tan-

2321 4152 2461 4208 tum
2494 4142 2789 4218 ordines,
2835 4142 2953 4209 sed
2999 4144 3205 4211 ctiam
3245 4142 3489 4232 Angeli
3526 4166 3541 4210 :
3592 4153 3657 4212 et
3704 4145 3874 4212 mul-

2323 4250 2536 4316 titudo
2587 4275 2823 4318 eorum
2865 4252 3008 4317 sive
3067 4274 3393 4319 numerus
3439 4254 3874 4340 cognoscitur

2324 4358 2699 4445 privatione
2735 4356 2936 4445 liujus
2984 4357 3414 4448 aequalitatis.
3467 4357 3708 4424 Forma
3748 4381 3874 4424 au·

2324 4474 2456 4530 tvm
2501 4488 2712 4531 unum
2753 4464 3040 4531 dicimus
3094 4487 3306 4532 unum
3370 4463 3746 4542 hominem,
3808 4474 3873 4532 et

2321 4571 2610 4637 dicimus
2642 4570 2893 4637 multos
2924 4571 3306 4660 privatione
3339 4572 3612 4638 unitatis
3634 4570 3868 4637 forma:

2324 4703 2441 4767 per
2488 4702 2633 4744 esse
2690 4678 3111 4745 diversorum
3162 4688 3227 4746 et
3276 4679 3709 4747 differentias.
3759 4681 3867 4745 sic

2321 4790 2610 4854 dicimus
2643 4790 2992 4855 Socratem
3035 4797 3097 4855 et
3135 4788 3488 4856 l‘latonem
3544 4813 3687 4856 esse
3729 4789 3872 4878 plu-

2322 4921 2424 4962 res
2466 4895 2805 4974 homineS,
2840 4904 2901 4962 et
2939 4894 3132 4985 plura
3176 4895 3519 4964 animalia.
3582 4894 3710 4961 l’er
3756 4920 3865 4963 re-

2319 5011 2622 5091 spectum
2655 5011 2883 5068 autem
2929 5000 3010 5067 ad
3037 5024 3248 5068 unum
3281 5002 3568 5068 dicimus
3591 5002 3876 5068 univoca

2321 5134 2464 5176 esse
2522 5132 2762 5188 unum,
2823 5116 2897 5174 ut
2938 5107 3317 5187 hominem,
3371 5119 3434 5177 et
3494 5110 3761 5175 asinum
3808 5110 3872 5175 in

2321 5217 2599 5286 animali
2639 5240 2654 5285 ε
2691 5226 2758 5286 et
2797 5217 3088 5284 dicimus
3120 5217 3331 5285 multa
3354 5241 3499 5285 esse
3531 5218 3598 5284 in
3632 5216 3880 5306 quibus

2318 5328 2624 5416 privatur
2660 5324 3053 5413 hujusmodi
3078 5328 3327 5404 unitas,
3363 5327 3536 5392 sicut
3567 5326 3635 5391 in
3666 5326 3881 5416 aequi·

2320 5435 2508 5502 vocis
2551 5456 2705 5524 quae
2749 5434 3119 5522 respiciunt
3171 5457 3315 5503 non
3355 5433 3439 5501 ad
3478 5455 3721 5516 unum,
3764 5433 3883 5501 sed

2317 5542 2399 5609 ad
2451 5542 2715 5608 diversa
2777 5562 2794 5609 ε
2872 5548 2937 5606 et
3011 5542 3079 5607 in
3121 5540 3513 5631 anagogicis
3552 5538 3879 5630 quaelicet

2318 5649 2685 5738 respiciunt
2730 5646 2817 5715 ad
2866 5669 3110 5730 unum,
3153 5671 3295 5715 non
3346 5655 3573 5716 tamen
3625 5670 3763 5715 uno
3812 5656 3883 5715 ct
