4897 6388
790 1205 872 1255 Ad
898 1206 944 1252 2.

776 2820 861 2868 Ad
885 2820 930 2870 8.

778 3359 853 3406 Ad
882 3363 927 3407 Α.

1860 315 1985 433 ἸΝ
2033 365 2061 432 1
2111 361 2533 432 SENTENT.
2587 363 2813 436 nisr.
2864 367 2951 449 v,
3005 368 3080 448 F,
3135 371 3452 439 Aur-z.

1068 543 1231 610 tiam
1267 541 1570 609 divinam
1602 561 1723 629 per
1780 535 2057 605 modum
2116 540 2471 629 suppositi,
2545 547 2617 607 ut

1069 650 1296 718 Deus:
1333 659 1398 718 et
1429 652 1554 716 iste
1593 656 1693 716 est
1732 648 1955 715 minus
2009 650 2321 739 proprius
2372 651 2615 717 modus

1068 758 1247 825 inter
1277 779 1516 824 omnes
1557 757 1672 847 qui
1704 755 1861 824 dieti
1900 765 2080 833 sunt.
2142 756 2446 825 Essentia
2497 781 2615 825 au·

1067 873 1206 932 tem
1248 862 1437 930 nullo
1481 863 1763 930 istorum
1793 863 2153 932 modorum
2210 864 2337 931 dici
2396 873 2618 953 potest

1068 974 1394 1043 relative:
1430 983 1495 1043 et
1526 974 1676 1043 ideo
1708 977 2191 1044 inconveniens
2249 985 2372 1059 est,
2434 975 2619 1067 quod

1068 1083 1155 1149 sit
1192 1083 1526 1173 genitum,
1561 1082 1671 1151 vel
1709 1106 2073 1177 generanS.

1160 1190 1262 1256 An
1302 1213 1498 1258 amun
1532 1190 1916 1269 dicendum,
1962 1191 2145 1283 quod
2173 1191 2356 1260 Deus
2395 1193 2615 1261 Deum

1065 1298 1327 1387 genuit,
1388 1305 1456 1366 et
1492 1307 1651 1366 sunt
1695 1321 1873 1366 unus
1930 1298 2140 1379 DeuS,
2202 1323 2279 1369 eo
2326 1299 2508 1390 quod
2547 1300 2616 1391 ly

1062 1406 1250 1473 Deus
1298 1407 1370 1472 in
1408 1428 1480 1473 se
1519 1405 1772 1473 claudit
1808 1405 2231 1475 divinitatem
2282 1409 2613 1499 suppositi

1060 1521 1125 1580 et
1157 1515 1488 1581 unitatem
1523 1514 1831 1583 essentiae
1868 1538 1883 1582 :
1920 1523 1987 1583 et
2035 1516 2186 1584 ideo
2217 1539 2353 1584 non
2393 1517 2616 1607 sequi·

1057 1628 1193 1698 tur,
1233 1620 1416 1711 quod
1447 1622 1582 1689 sint
1637 1623 1863 1712 plures
1903 1622 1995 1690 dii
2029 1646 2045 1690 ε
2095 1623 2210 1691 sed
2248 1647 2401 1691 eum
2443 1624 2613 1692 diei-

1055 1735 1192 1810 tur,
1229 1728 1523 1796 essentia
1562 1729 2208 1818 genuitessentiam‚
2245 1728 2612 1799 nonhabet

1056 1836 1127 1905 in
1167 1860 1239 1906 se
1271 1839 1699 1929 suppositum
1736 1861 1752 1907 ε
1797 1862 1958 1931 ergo
2007 1848 2371 1932 oporteret,
2425 1842 2609 1931 quod

1057 1943 1474 2013 satisfaceret
1512 1944 1926 2015 distinctioni
1975 1948 2432 2039 generationis
2488 1970 2611 2038 per

1056 2049 1561 2119 distinctionem
1592 2055 1901 2121 essentiae
1938 2075 1953 2119 :
1991 2061 2055 2121 et
2123 2055 2213 2121 ita
2277 2055 2606 2145 sequitur,

1057 2167 1147 2225 ut
1199 2157 1525 2250 Magister
1594 2159 1777 2243 dicit,
1840 2161 2022 2251 quod
2082 2162 2305 2253 plures
2387 2170 2612 2231 essent

1057 2269 1373 2336 essentiae
1410 2291 1426 2336 τ
1462 2276 1528 2336 et
1560 2268 1709 2337 ideo
1749 2269 2017 2338 errabat
2033 2270 2240 2338 abbas
2266 2270 2604 2352 Jonahim,

1056 2376 1172 2467 qui
1226 2375 1402 2445 hanc
1441 2398 1717 2445 eausam
1784 2400 1923 2447 non
1959 2379 2152 2457 vidit,
2195 2387 2261 2447 et
2288 2379 2459 2448 dixit
2495 2402 2609 2448 es-

1056 2484 1347 2551 sentiam
1414 2507 1740 2576 generare
1804 2489 2193 2567 essentiam,
2238 2497 2304 2556 et
2375 2496 2608 2556 tamen

1057 2613 1204 2659 esse
1238 2615 1446 2659 unam
1495 2596 1857 2662 essentiam
1894 2621 1911 2664 ε
1946 2596 2119 2665 sicut
2146 2596 2329 2664 Deus
2370 2597 2609 2688 genuit

1058 2697 1307 2780 Deum,
1352 2708 1413 2767 et
1440 2707 1670 2770 tamen
1700 2710 1858 2770 sunt
1887 2726 2063 2771 unus
2086 2702 2292 2772 DeuS.

1151 2807 1256 2874 An
1293 2829 1493 2876 amun
1524 2807 1910 2895 dicendum,
1938 2810 2122 2902 quod
2160 2809 2307 2878 haeo
2343 2819 2442 2878 est
2473 2810 2608 2878 im·-

1060 2915 1363 3005 propria,
1448 2917 1801 2985 Divinitas
1864 2929 1960 2986 est
2033 2930 2225 2998 nala,
2285 2928 2350 2988 et
2404 2919 2606 2989 debet

1058 3023 1336 3113 exponi,
1381 3023 1515 3092 hoc
1544 3033 1669 3106 est,
1703 3049 1824 3118 per
1852 3029 2358 3118 generationem
2404 3051 2604 3096 acee-

1054 3137 1169 3222 pta
1199 3138 1326 3214 est,
1361 3153 1502 3200 non
1570 3154 1691 3223 per
1753 3135 2257 3226 generationem
2305 3135 2598 3217 deitatis,

1053 3237 1169 3306 sed
1201 3261 1322 3329 per
1350 3240 1863 3331 generationem
1895 3241 2204 3312 habentis
2235 3267 2407 3312 eam.

1140 3350 1243 3414 An
1271 3369 1472 3415 Αιιυο
1511 3347 1899 3433 dicendum,
1934 3350 2117 3440 quod
2150 3349 2277 3419 hoc
2329 3352 2602 3420 contin-

1054 3454 1153 3544 git
1182 3464 1459 3546 propter
1488 3457 1990 3525 concretionem
2033 3455 2235 3547 liujus
2274 3460 2597 3538 nominiS,

1053 3564 1264 3644 Deus,
1309 3587 1459 3654 quae
1501 3587 1638 3632 non
1667 3573 1762 3632 est
1797 3565 1868 3632 in
1907 3566 2217 3645 essentia,
2244 3575 2314 3633 ut
2344 3567 2600 3635 dictum

1056 3681 1179 3740 est.

1483 4098 1983 4169 ARTlCULUS
2034 4099 2184 4166 vn.

1053 4312 1159 4380 Λη
1210 4310 1443 4378 Filius
1511 4308 1671 4377 bene
1745 4310 2019 4379 dicatur
2089 4309 2454 4378 consilium
2513 4312 2598 4379 de

1170 4420 1486 4499 consilia,
1520 4429 1586 4488 et
1618 4418 1937 4488 voluntas
1974 4421 2058 4488 de
2084 4421 2435 4489 voluntate
2456 4420 2497 4489 Ρ

1145 4745 1401 4814 Deinde
1471 4749 1794 4837 quaeritur
1847 4746 1929 4814 de
1977 4746 2106 4816 hoc
2147 4747 2328 4839 quod
2379 4747 2591 4815 dicit:

1126 5089 1142 5123 ¹
1174 5084 1260 5143 Cf.
1295 5086 1501 5158 Supra,
1528 5086 1671 5143 nist.
1701 5086 1797 5141 111.
2384 5154 2393 5159 -

1123 5176 1146 5211 ¹
1173 5176 1285 5232 lsa.
1315 5192 1390 5247 xi,
1421 5176 1458 5231 2
1489 5192 1503 5232 ε
1538 5178 1849 5251 nequii-scel
1877 5193 2042 5251 super·
2078 5194 2197 5235 eum
2225 5180 2452 5251 spiritus
2486 5178 2595 5235 Do·

4165 377 4289 445 185

2732 567 2763 602 «
2797 542 3076 609 Dicitur
3113 545 3347 614 Filius
3412 549 3780 616 consilium
3820 550 3903 616 cle
3969 550 4281 627 consilio,

2727 660 2793 716 et
2830 651 3153 720 voluntas
3183 655 3267 722 de
3295 657 3670 739 voluntate,
3708 665 3833 726 etc.
3874 685 3907 720 »

2823 759 2880 824 1.
2928 759 3104 827 Dicit
3144 764 3326 830 enim
3352 764 3814 831 Damascenus
3847 766 4030 857 quod
4060 768 4290 835 consi-

2729 862 2895 931 lium
2953 889 3092 935 non
3147 870 3330 939 cadit
3386 873 3457 939 in
3530 872 3775 954 Deum,
3848 896 3930 941 eo
3989 874 4172 964 quod
4201 877 4287 943 sit

2730 973 3158 1062 ignorantis:
3231 1001 3400 1070 ergo
3446 980 3655 1047 Filius
3694 1003 3835 1048 non
3900 991 4002 1049 est
4056 983 4288 1051 eonsi-

2729 1078 2896 1148 lium
2931 1082 3014 1150 de
3079 1086 3392 1154 consilio.

2819 1191 2883 1259 2.
2945 1191 3306 1273 Praeterea,
3391 1195 3609 1287 Supra
3707 1197 4015 1267 habitum
4103 1208 4204 1269 est
4229 1203 4277 1282 ¹,

2729 1295 2913 1384 quod
2951 1297 3272 1367 voluntas
3331 1301 3725 1370 attribuitur
3773 1302 4055 1394 Spiritui
4114 1328 4282 1373 san-

2726 1409 2833 1470 cto
2871 1426 2886 1470 ε
2922 1426 3085 1496 ergo
3121 1407 3332 1476 Filius
3373 1431 3512 1476 non
3544 1418 3644 1477 est
3673 1410 3994 1480 voluntas
4031 1411 4112 1480 de
4151 1436 4282 1481 vo-

2723 1506 3008 1596 luntate,
3043 1513 3160 1582 sed
3199 1515 3427 1606 potius
3487 1515 3780 1607 Spiritus
3844 1528 4141 1599 sanetuS‚
4203 1529 4279 1588 ut

2721 1619 3013 1688 videtur.

2813 1828 3124 1901 Sem-rio.
3209 1833 3596 1903 Consilium
3679 1834 3924 1903 dicitur
4005 1836 4272 1907 duobus

2721 1938 2964 2018 modis,
2999 1941 3172 2009 sicut
3211 1951 3279 2010 et
3305 1942 3589 2011 consulo
3624 1966 3641 2011 ε
3677 1953 3780 2012 est
3816 1945 4007 2012 enim'
4038 1949 4269 2015 consi-

2720 2044 2887 2113 lium
2947 2070 3032 2115 ex
3086 2058 3278 2139 parte
3334 2050 3724 2141 quaerentis,
3803 2060 3871 2120 et
3930 2051 4097 2122 illud
4172 2063 4274 2124 est

2723 2156 3100 2246 ignorantis
3136 2179 3152 2226 :
3195 2168 3294 2225 est
3326 2160 3531 2226 etiam
3572 2158 3934 2227 eonsilium
3966 2183 4050 2229 ex
4083 2172 4273 2253 parte

2719 2263 2970 2345 dantis,
3007 2274 3076 2332 et
3121 2263 3255 2333 hoc
3282 2268 3622 2357 signilieat
3678 2267 4169 2338 abundantiam
4207 2279 4276 2339 et

2718 2371 3212 2463 plenitudinem
3245 2375 3544 2443 seientiae
3582 2399 3789 2468 super
3825 2399 3904 2445 ea
3934 2400 4085 2469 quae
4141 2378 4274 2446 du-

2716 2477 3023 2547 bitabilia
3051 2489 3211 2549 sunt
3241 2481 3384 2563 alii,
3411 2491 3476 2550 et
3515 2484 3611 2551 sic
3639 2484 4002 2552 consilium
4028 2488 4095 2553 in
4125 2485 4271 2555 Deo

2655 2605 2661 2610 ·
2718 2585 2963 2653 dieitur
2989 2595 3240 2655 aeterna
3306 2588 3661 2680 dispositio
3729 2590 4076 2681 sapientiae
4132 2615 4272 2660 suae

2717 2692 2800 2761 de
2858 2692 3061 2760 rebus
3129 2694 3397 2779 fiendiS,
3447 2705 3509 2763 et
3554 2695 3683 2765 hoc
3748 2697 3956 2765 modo
4022 2698 4275 2767 dicitur

2717 2801 2928 2870 Filius
2967 2805 3332 2872 consilium
3362 2805 3446 2872 de
3473 2806 3785 2883 consilio,
3849 2829 3929 2874 eo
3985 2808 4171 2899 quod
4202 2810 4270 2877 in

2715 2911 2863 3001 ipso
2914 2934 3002 2980 ex
3057 2914 3400 3004 praecipua
3476 2923 3667 3004 parte
3722 2915 4086 2984 consilium
4146 2918 4272 2986 im·

2713 3020 2973 3110 pletum
3005 3031 3105 3090 est
3144 3045 3266 3114 per
3313 3024 3853 3092 incarnationem
3892 3033 3960 3093 et
4017 3030 4273 3117 passio-

2714 3151 2897 3197 nem.
2991 3128 3185 3200 Unde
3287 3133 3492 3201 etiam
3603 3132 3978 3202 secundum
4063 3134 4269 3204 aliam

2711 3234 3256 3322 translationem,
3400 3238 3528 3307 lsa.
3637 3262 3726 3321 ix,
3841 3242 3909 3321 6,
4022 3241 4272 3311 dieitur

2714 3369 2750 3405 α
2794 3344 3027 3435 magni
3080 3344 3346 3413 consilii
3377 3345 3707 3437 Angelus.
3746 3374 3781 3410 n
3840 3346 3946 3425 Et,
4003 3346 4132 3416 lsa.
4166 3372 4265 3429 xr,

2712 3449 2779 3527 2,
2838 3449 3086 3518 dieitur
3162 3449 3458 3543 Spiritus
3522 3453 3788 3522 consilii
3849 3477 4054 3545 super
4108 3479 4267 3525 eum

2712 3560 3125 3650 requievisse
3145 3573 3193 3629 ².

2799 3666 2904 3733 An
2959 3689 3158 3735 Λιιυυ
3214 3668 3601 3749 dicendum,
3681 3671 3864 3762 quod
3945 3672 4264 3741 voluntas

2709 3773 2865 3852 licet
2921 3777 3397 3868 approprietur
3455 3776 3739 3870 Spiritui
3786 3788 4048 3862 sancte,
4121 3805 4257 3850 non

2709 3894 2940 3951 tamen
2973 3891 3072 3951 est
3101 3887 3381 3976 propria
3406 3885 3531 3953 sibi
3569 3907 3585 3953 ε
3621 3887 3779 3977 quia
3809 3909 3947 3956 una
3993 3899 4095 3958 est
4143 3912 4261 3958 vo·

2708 3987 2936 4058 luntas
2968 3991 3176 4059 trium
3209 4014 3225 4061 ε
3270 4002 3338 4062 et
3368 3993 3519 4062 ideo
3568 3996 3889 4063 convenit
3947 3995 4118 4065 Filio
4148 3995 4266 4065 ha·

2709 4095 2869 4166 bere
2897 4097 3321 4169 voluntatem
3353 4124 3476 4192 per
3495 4100 3624 4169 hoc
3656 4101 3840 4192 quod
3872 4126 4021 4171 eam
4054 4127 4094 4173 a
4143 4104 4266 4173 Pa·

2708 4214 2809 4274 tre
2849 4209 3131 4299 accepit.

2703 5097 2862 5166 mini,
2887 5100 3004 5152 ete.

4356 1858 4565 1909 sotutio.

4398 1915 4478 1961 ‚td
4500 1916 4523 1959 1

4381 3721 4452 3767 Ad
4482 3720 4528 3767 2.
