4897 6388
638 312 767 379 338
1638 310 1724 377 D.
1774 309 1974 378 ALB.
2026 310 2242 379 MAG.
2300 311 2503 379 ORD.
2560 311 2857 379 PRAED.
2936 385 2944 392 ,

636 455 1087 570 ῑιιηιλειᾼΕἰΙίο
1130 494 1356 552 autem
1394 507 1533 552 non
1573 485 1859 555 dicimus
1893 510 1907 552 :
1945 497 2012 555 et
2050 487 2208 556 hoc?
2286 487 2633 574 generatio
2665 485 2700 549 ’ἶ
2738 484 3026 552 Videtur
3055 485 3240 552 enim
3266 487 3321 551 θ’
3353 504 3683 551 converso
3725 505 3830 549 OS·

632 614 871 659 verum
903 593 1216 683 estquod
1262 616 1399 659 non
1441 601 1542 660 cst
1593 615 1630 659 a
1681 592 1852 660 Filio
1902 602 2175 662 auctore
2287 612 2357 657 sc
2387 590 2633 658 debere
2667 613 2681 657 :
2721 593 2883 682 quia
2920 579 3291 681 procedere
3324 590 3689 674 nascendo,
3732 598 3831 656 est

626 699 1012 788 spirationis
1058 708 1174 769 :et
1222 699 1352 766 hoc
1408 700 1559 767 vult
1597 699 1817 767 dicere
1869 724 1993 790 per
2045 700 2175 769 hoc
2282 698 2644 786 procedere
2684 702 3120 789 processione
3151 709 3410 767 naturae
3456 697 3830 789 :procede-

626 808 811 897 quod
839 808 1023 887 dicit,
1051 807 1234 898 quod
1265 808 1331 873 in
1365 806 1534 873 Filio
1569 809 1927 896 requiescit
1963 830 1976 874 :
2015 810 2173 897 quia
2283 827 2350 872 re
2390 815 2615 872 autem
2648 816 2724 873 ut
2753 830 2948 875 amor
2986 830 3025 876 a
3053 830 3417 885 consensu,
3462 830 3601 875 non
3632 806 3830 874 vide-

623 938 748 983 nec
786 915 995 983 Filius
1051 915 1269 983 reddit
1323 915 1717 1004 potentiam
1763 915 2164 1004 spiritalem,
2280 919 2389 978 tur
2417 935 2564 980 esse
2601 915 2970 1003 procedere
3011 917 3142 983 nisi
3189 915 3566 984 secundum
3607 915 3768 1005 quid
3803 937 3818 980 ε

622 1045 747 1091 nec
776 1023 1182 1091 transfundit
1229 1024 1298 1089 in
1339 1023 1546 1089 alium
1609 1025 1725 1113 qui
1758 1025 1966 1112 spiret
2012 1047 2165 1091 cum
2275 1028 2339 1085 et
2373 1021 2462 1087 ita
2492 1021 2784 1101 videtur,
2821 1023 3005 1114 quod
3034 1023 3245 1090 Filius
3290 1024 3510 1114 magis
3553 1022 3822 1112 proprie

620 1129 819 1199 Patre
859 1139 924 1198 et
969 1131 1166 1211 Filio,
1220 1132 1392 1199 sicut
1449 1134 1591 1220 ipse
1635 1132 1954 1200 virtutem
2021 1133 2166 1223 spi-
2273 1130 2575 1217 procedit
2604 1152 2809 1220 quam
2854 1129 3147 1221 Spiritus
3167 1140 3465 1200 sanctus,

617 1238 809 1305 randi
847 1261 885 1306 a
917 1239 1115 1307 Patre
1181 1240 1458 1328 accepit.
1524 1238 1700 1306 Sunt
1764 1248 1990 1308 tamen
2047 1240 2162 1330 qui

616 1346 1009 1436 simpliciter
1038 1346 1270 1415 dicunt
1305 1348 1803 1415 Damascenum
1837 1345 1949 1414 hic
1970 1346 2164 1414 Grae-
2362 1341 2667 1412 Sonu‘rto.
2704 1344 3001 1423 Quidam
3033 1346 3289 1426 dicunt,
3326 1345 3511 1437 quod
3576 1345 3819 1413 dicitur
3903 1375 4095 1428 somo-

540 1478 546 1483 ·
617 1477 851 1523 corum
883 1455 1274 1546 opinionem
1326 1454 1434 1522 vel
1474 1477 1770 1522 errorem
1826 1455 2151 1543 sapuisse.
2270 1451 2557 1518 univoce
2580 1461 2652 1520 ‘et
2689 1453 2760 1520 in
2800 1453 3064 1522 ratione
3104 1461 3172 1522 et
3235 1455 3306 1522 in
3344 1456 3626 1522 nomine
3691 1476 3817 1544 ge-

613 1561 963 1653 Quidquid
1006 1570 1235 1630 tamen
1267 1562 1349 1629 de
1380 1561 1510 1629 hoc
1540 1564 1649 1641 sit,
1696 1560 1937 1629 Glossa
1998 1584 2158 1629 vera
2265 1557 2445 1624 neris
2481 1578 2496 1625 Ξ
2534 1567 2601 1625 et
2630 1557 2774 1627 haec
2802 1555 2975 1628 ratio
3007 1570 3109 1629 est
3135 1563 3319 1629 exire
3364 1560 3447 1628 ab
3506 1561 3655 1628 aliis
3708 1559 3817 1628 vel

613 1681 711 1742 est
753 1695 958 1763 quam
991 1695 1115 1740 nos
1146 1675 1497 1763 posuimus
1533 1695 1548 1739 ς
1595 1680 1661 1739 et
1688 1673 1781 1739 ita
1833 1672 2152 1740 sustineri
2264 1662 2347 1729 ab
2386 1663 2521 1732 alio
2553 1666 3026 1755 personaliter.
3090 1666 3227 1736 Sed
3267 1668 3401 1736 hoc
3439 1667 3611 1736 nihil
3649 1676 3750 1736 est
3794 1690 3809 1734 ξ

611 1774 832 1871 potest
867 1781 1202 1872 praecipue
1241 1803 1396 1848 cum
1447 1779 1625 1847 dicta
1674 1780 1818 1868 ejus
1858 1779 1928 1845 in
1977 1777 2156 1847 Sen-
2265 1776 2422 1863 quia
2454 1775 2523 1841 in
2580 1777 2831 1845 divinis
2892 1778 3085 1847 nulla
3123 1787 3226 1847 est
3293 1780 3463 1847 ratio
3518 1779 3811 1869 generiS,

611 1889 837 1956 tentiis
867 1897 933 1956 et
981 1910 1019 1955 a
1066 1886 1405 1977 Magistris
1444 1885 1641 1954 valde
1676 1885 2155 1954 venerabiliter
2261 1880 2365 1948 vei
2418 1885 2690 1971 speciei,
2759 1884 2867 1953 vel
2936 1886 3220 1976 alicujus
3277 1889 3664 1954 communis
3740 1893 3814 1952 ut

605 1996 1056 2086 suscipiantur
1090 2017 1105 2061 ε
1142 2002 1210 2062 et
1227 1993 1548 2084 Magister
1579 1996 1647 2060 in
1669 1994 2033 2062 Sententiis
2071 1992 2153 2060 de
2259 1991 2660 2071 eommunis,
2711 1993 2843 2061 nisi
2882 1994 3030 2083 ejus
3076 1994 3261 2084 quod
3299 2000 3404 2062 est
3450 2014 3813 2061 commune

604 2107 754 2195 ipso
774 2102 960 2183 dicit,
981 2102 1163 2195 quod
1181 2100 1353 2170 liber
1374 2098 1859 2181 catholicussit,
1884 2107 1947 2167 et
1970 2097 2154 2190 quod
2261 2117 2331 2162 re
2361 2108 2425 2165 et
2464 2108 2728 2166 natura.
2773 2100 2963 2169 Unde
3014 2101 3191 2182 dico,
3226 2101 3412 2192 quod
3450 2123 3604 2169 cum
3645 2101 3814 2169 dici-

603 2211 790 2301 Papa
827 2210 1174 2302 Eugenius
1205 2232 1362 2278 eum
1403 2208 1747 2277 transferri
1790 2207 2042 2275 fecerit.
2259 2211 2368 2270 tur
2402 2205 2486 2273 de
2518 2205 2689 2276 Filio
2721 2209 2902 2299 quod
2946 2210 3274 2300 procedit,
3329 2199 3508 2278 idem
3547 2211 3811 2302 signiti-

2257 2317 2546 2383 caturia
2577 2317 2880 2407 subjecto
2923 2326 2988 2387 et
3032 2318 3397 2409 praedicato
3437 2320 3563 2388 sub
3600 2321 3808 2388 altero

2258 2421 2463 2489 modo
2504 2424 2960 2514 significandi.
2998 2424 3330 2496 Similiter
3358 2449 3515 2496 cum
3547 2426 3629 2494 de
3662 2426 3811 2516 Spi-

2256 2530 2388 2596 ritu
2428 2540 2663 2600 sancto
2732 2534 2980 2602 dicitur
3035 2535 3223 2625 quod
3288 2535 3616 2626 procedit.
3688 2533 3807 2601 Ille

1048 2635 1549 2706 ARTICULUS
1609 2635 1697 2706 ΙΙ.
2255 2646 2480 2705 autem
2549 2639 2796 2707 modus
2866 2640 3293 2731 significandi
3336 2649 3438 2710 est
3496 2642 3803 2731 quaedam

2258 2746 2540 2813 intentio
2604 2750 3120 2818 communitatis
3185 2750 3641 2840 processionis
3719 2749 3802 2818 ad

610 2845 855 2919 Utrum
875 2849 1237 2942 procedere
1266 2850 1545 2915 univoce
1583 2849 1889 2915 convenit
1957 2846 2144 2914 Filio
2251 2860 2477 2920 actum
2509 2857 2968 2944 processionis
2999 2858 3353 2947 utriusque
3378 2855 3527 2923 Filii
3558 2865 3623 2924 et
3656 2856 3806 2948 Spi-

689 2969 754 3025 ct
779 2958 1080 3049 Spiritui
1104 2966 1362 3038 sancto,
1396 2964 1461 3022 et
1529 2978 1748 3046 quare
1806 2955 2144 3046 processio
2254 2960 2420 3026 ritus
2459 2963 2700 3040 sancti,
2769 2970 2838 3031 et
2902 2964 2970 3029 in
3028 2965 3292 3031 ratione
3339 2963 3803 3052 processionis

682 3067 918 3158 potius
947 3064 1235 3132 additur
1273 3064 1644 3155 spirationi
1699 3085 1909 3153 quam
1945 3085 2143 3152 yenc-
2255 3065 2457 3134 habet
2488 3090 2695 3135 unam
2739 3070 3102 3138 rationem.

690 3175 948 3244 rationi
978 3172 1017 3243 t)
2341 3177 2442 3243 An
2483 3199 2548 3243 ιι)
2588 3177 2770 3269 quod
2795 3186 3030 3247 contra
3054 3177 3394 3269 objicitur,
3439 3178 3798 3249 dicendum

2252 3284 2435 3375 quod
2493 3284 2812 3354 differens
2876 3285 3121 3354 modus
3213 3287 3457 3357 accidit
3522 3296 3798 3379 propter

2253 3388 2434 3457 aliud
2474 3393 2931 3482 significatum
2977 3396 3468 3485 generationis,
3528 3404 3594 3463 et
3646 3387 3799 3485 pro-

694 3496 1008 3569 Secundo
1067 3500 1413 3590 quaeritur,
1490 3496 1728 3564 Utrum
1784 3497 2143 3588 procedere
2251 3500 2601 3579 cessioniS,
2636 3509 2701 3568 et
2729 3502 3146 3590 spirationis,
3180 3512 3247 3570 et
3294 3525 3432 3570 non
3464 3502 3661 3571 debet
3704 3503 3799 3570 di-

602 3631 723 3699 per
752 3631 955 3676 unam
1011 3606 1341 3675 rationem
1389 3607 1761 3674 ·conveniat
1848 3606 2017 3675 Filio
2078 3613 2145 3673 et
2249 3607 2307 3674 ci
2356 3608 2540 3696 quod
2580 3611 2930 3699 generatio
2990 3617 3055 3679 et
3094 3612 3438 3701 processio
3488 3614 3623 3679 sint
3650 3634 3800 3703 spe·

605 3718 888 3810 Spiritui
929 3726 1163 3786 sancto
1203 3718 1239 3783 ⁴?
2250 3715 2383 3781 cies
2421 3724 2485 3781 et
2516 3739 2732 3806 genus
2774 3719 2840 3784 in
2872 3717 3147 3799 divinis,
3202 3726 3268 3787 et
3324 3718 3637 3788 similiter
3675 3742 3796 3788 nec

689 3826 866 3895 Dicit
903 3827 1085 3893 enim
1127 3823 1335 3892 Filius
1373 3822 1454 3891 de
1485 3846 1584 3907 se,
1652 3822 1797 3913 Ego
1858 3846 1940 3891 ex
1997 3823 2140 3893 Deo
2248 3826 2526 3914 spiratio
2567 3836 2634 3894 et
2673 3828 3043 3917 processio.

602 3933 894 4023 processi
938 3938 1001 3999 ¹:
1068 3939 1135 3999 et
1193 3930 1354 3999 dicit
1403 3929 1486 3998 de
1554 3929 1810 4020 Spiritu
1876 3938 2136 4010 sancto,

604 4038 897 4132 Spiritus
921 4041 1035 4132 qui
1069 4063 1107 4109 a
1144 4040 1340 4107 Patre
1369 4037 1669 4130 procedit
1711 4038 1732 4074 ³
1761 4060 1778 4108 z
1822 4049 1937 4107 aut
1974 4064 2136 4132 ergo
2333 4039 2437 4102 An
2471 4060 2531 4103 n»
2553 4036 2737 4127 quod
2760 4037 3042 4104 ulterius
3064 4038 3789 4128 quoeritur,dicendum
3863 4066 3932 4111 aa
3960 4071 4130 4124 quam.

597 4150 913 4228 univoce,
953 4156 1069 4217 aut
1097 4150 1468 4238 aequivoce.
1516 4145 1586 4214 Si
1629 4149 1915 4216 univoce
1959 4171 1976 4215 t
2025 4172 2136 4217 er·
2245 4146 2425 4236 quod
2482 4146 2832 4236 generatio
2899 4146 3273 4215 secundum
3343 4147 3784 4226 intellectum,

589 4280 677 4346 go
716 4279 892 4324 unus
940 4256 1182 4325 modus
1232 4257 1679 4347 processionis
1720 4264 1980 4324 tantum
2022 4266 2124 4324 est
2243 4252 2394 4321 licet
2454 4277 2592 4321 non
2646 4253 3021 4322 secundum
3086 4278 3256 4337 rem,
3327 4255 3514 4323 addit
3587 4279 3788 4347 super

587 4365 658 4433 in
680 4363 952 4449 divinis,
985 4366 1169 4457 quod
1225 4364 1467 4433 falsum
1526 4373 1651 4443 est,
1693 4365 1853 4455 quia
1915 4363 2124 4432 Filius
2238 4363 2740 4452 processionem
2802 4364 2869 4429 in
2936 4385 3072 4454 qua
3128 4364 3550 4455 significatur
3617 4367 3783 4432 ratio

584 4473 887 4563 procedit
918 4494 1039 4564 per
1065 4476 1603 4565 generationem,
1640 4470 1935 4563 Spiritus
1965 4496 2128 4540 sau-
2235 4470 2685 4560 procedentis,
2756 4469 3012 4538 scilicet
3069 4471 3307 4539 tiliatio
3345 4495 3361 4539 ε
3422 4473 3581 4563 quia
3636 4472 3783 4541 Filii

582 4591 728 4650 ctus
755 4605 876 4672 per
919 4582 1359 4672 spirationem
1404 4605 1540 4650 non
1579 4604 1698 4672 per
1729 4582 2118 4672 generatio·
2233 4591 2332 4649 est
2365 4584 2545 4649 nasci
2577 4590 2639 4650 et
2673 4583 3008 4670 generari.
3040 4582 3337 4673 Spiratio
3368 4594 3596 4652 autem
3631 4584 3784 4676 Spi-

580 4712 759 4757 nem.
809 4689 881 4756 Si
910 4699 1140 4758 autem
1178 4692 1603 4780 aequivocum
1641 4711 1655 4755 ε
1729 4711 1889 4779 ergo
1952 4686 2118 4755 nihii
2233 4692 2398 4759 ritus
2426 4693 2665 4772 sancti,
2697 4714 2836 4760 non
2870 4691 3089 4760 audeo
3121 4692 3369 4775 dicere,
3395 4694 3577 4785 quod
3616 4693 3779 4761 nihii

576 4794 779 4864 habet
808 4816 1208 4865 commune:
1235 4804 1299 4864 ct
1330 4797 1424 4863 sic
1445 4796 1499 4861 si
1525 4819 1700 4863 unus
1722 4804 1821 4863 est
1851 4795 1935 4861 ab
1954 4793 2112 4877 aiio,
2231 4799 2336 4867 vel
2370 4802 2594 4867 minus
2633 4798 2818 4868 addit
2845 4822 3053 4891 quam
3085 4803 3435 4892 generatio
3462 4801 3575 4869 iiiii
3613 4824 3629 4869 :
3663 4802 3780 4870 sed

573 4903 745 4971 alius
774 4926 911 4971 non
952 4903 1076 4972 erit
1109 4902 1194 4971 ab
1243 4902 1400 4980 alio,
1449 4903 1634 4994 quod
1672 4902 1914 4969 falsum
1988 4911 2110 4970 est.
2227 4915 2454 4975 tamen
2485 4919 2584 4977 est
2634 4929 2756 4998 per
2820 4907 3106 4976 modum
3159 4910 3442 4989 amoris,
3486 4920 3553 4978 et
3589 4931 3780 4978 amor

2223 5017 2596 5085 secundum
2657 5040 2858 5084 suum
2928 5040 3181 5087 nomen
3249 5041 3389 5086 non
3449 5028 3643 5087 sonat
3708 5020 3776 5086 in

659 5113 988 5188 Ummws
1019 5119 1366 5210 quaeritur,
1402 5116 1574 5185 Cum
1635 5117 1994 5208 procedere
2026 5118 2111 5184 sit
2222 5126 2518 5219 aliquem
2585 5128 2985 5198 distinctum
3047 5130 3221 5198 sicut
3290 5128 3499 5198 Filius
3558 5151 3575 5199 ε
3622 5130 3770 5198 ideo

569 5248 929 5295 commune
960 5227 1383 5318 generationi
1415 5235 1480 5294 et
1509 5225 1886 5316 spirationi,
1948 5247 2113 5313 qua·
2220 5236 2462 5304 retinet
2493 5238 2950 5326 processionis
2982 5258 3264 5320 nomen,
3300 5259 3453 5327 quae
3494 5236 3651 5306 dicit
3690 5237 3775 5305 ad

222 5337 495 5392 Qumuunc
569 5354 637 5400 re
690 5332 926 5400 relinet
989 5332 1215 5422 ipsum
1290 5332 1568 5422 spiratio
1635 5330 1861 5419 polius
1900 5351 2105 5419 quam
2218 5343 2442 5411 minus
2473 5344 2868 5412 distantiam
2922 5344 3406 5413 distinctionis.
3462 5338 3635 5413 Sunt
3680 5353 3775 5413 ta-

638 5588 653 5621 ¹
686 5583 850 5639 Joan.
886 5598 1003 5651 vin,
1034 5583 1104 5637 42
1129 5599 1143 5636 ε
1176 5582 1290 5651 Ερο
1318 5597 1388 5636 ex
1417 5581 1525 5637 Deo
1550 5582 1795 5652 processi
1821 5587 1872 5635 et
1905 5582 2045 5637 reni.
2208 5571 2478 5640 procedit-

633 5676 654 5712 ²
681 5677 848 5733 «ioan.
881 5692 971 5747 ιν,
1001 5676 1070 5730 26
1105 5675 1412 5745 :Spiritum
1444 5676 1712 5743 veritatis,
1741 5675 1840 5745 qui
1867 5689 1902 5730 a
1933 5674 2100 5729 Patre
