4897 6388
588 333 593 337 -
630 295 763 363 384

629 437 785 525 Filii
823 459 893 524 in
932 438 1311 536 communi,
1349 443 1530 522 sicut
1551 454 2018 545 ¹Hieronymus
2056 455 2196 542 p0-‘

629 567 733 632 nit
760 565 1147 655 ingenitum
1179 564 1548 631 convenire
1569 564 1641 628 in
1670 560 2015 629 communi
2046 559 2185 626 Pa-

629 673 714 740 tri
745 681 813 739 et
839 671 1127 761 Spiritui
1158 678 1392 738 sancto
1414 672 1449 738 ⁴?
1482 669 1553 737 Si
1602 669 1805 745 dicaS,
1842 667 2025 758 quod
2053 666 2182 734 hoc

628 779 915 870 impedit
957 780 1486 864 communitas:
1548 777 1708 866 quia
1761 774 1945 864 quod
1989 796 2183 840 com-

630 891 839 954 mune
877 895 1004 970 est,
1058 908 1201 953 non
1249 883 1458 952 habet
1511 882 1958 950 intentionem
2019 901 2182 968 pro-

625 995 817 1086 prii:
862 994 1023 1083 quia
1079 993 1437 1082 proprium
1486 998 1587 1057 est
1649 986 1830 1077 quod
1868 986 2184 1053 convenit

624 1102 748 1168 uni
774 1101 927 1169 soli.
966 1100 1118 1168 Hoc
1146 1098 1320 1168 nihil
1365 1106 1466 1167 est
1497 1121 1513 1164 z
1550 1098 1712 1188 quia
1747 1096 2024 1187 spiratio
2064 1116 2181 1161 ac-

625 1209 769 1300 tiva
796 1206 1175 1276 secundum
1205 1217 1424 1298 'quarn
1451 1204 1655 1273 Pater
1684 1213 1750 1272 et
1776 1202 1998 1273 Filius,
2023 1208 2180 1269 sunt

434 1364 494 1384 .-
624 1314 1299 1406 unumprincipium
1352 1312 1644 1403 Spiritus
1685 1309 1930 1388 sancti,
1982 1330 2178 1376 com-

195 1928 202 1936 ·
304 1906 596 1961 quastione.

624 1424 853 1510 munis
904 1431 1009 1491 est
1058 1421 1252 1490 Patri
1311 1429 1381 1488 et
1434 1419 1606 1487 Filio
1650 1425 2033 1485 :ettamen
2081 1423 2180 1483 est

622 1534 878 1603 notio:
914 1533 1300 1623 ergoratio,
1325 1527 1832 1599 communitatis
1867 1547 2008 1593 non
2042 1525 2178 1592 im-

624 1642 815 1733 pedit
842 1641 1146 1709 notionis
1175 1636 1623 1730 intellectum.

645 1903 648 1906 >
717 1848 1051 1919 Uni-amns
1090 1848 1442 1940 quaeritur,
1478 1845 1553 1914 Si
1590 1844 1874 1913 dicimus
1901 1842 2175 1910 Patrem

631 1966 700 2027 et
726 1958 980 2027 Filium
1017 1980 1142 2050 per
1157 1979 1384 2034 ¹unam
1419 1956 1773 2024 notionem
1801 1975 1946 2022 esse
1983 1952 2175 2043 prin-

626 2067 911 2157 cipium,
933 2074 1171 2135 utrum
1199 2065 1544 2157 possimus
1571 2061 1966 2142 concedere,
1987 2058 2177 2151 quod

625 2170 977 2241 sintqidem
1003 2171 1469 2266 principium?
1533 2207 1542 2218 ·
1615 2219 1620 2226 -
2047 2183 2054 2188 '

715 2280 782 2349 1.
806 2276 1122 2359 Videtur,
1164 2277 1354 2370 quod
1402 2277 1500 2346 sic
1541 2300 1559 2346 :
1592 2277 1755 2369 ‘quia
1792 2282 1953 2344 sunt
1972 2274 2178 2367 ‚prin-

621 2383 883 2475 cipium
925 2405 944 2455 ε
977 2392 1100 2453 aut
1125 2391 1485 2477 ergocsunt
1528 2383 1709 2453 idem
1736 2383 2170 2475 principium,

621 2499 742 2562 aut
767 2488 1118 2560 diversum
1150 2512 1169 2560 ε
1205 2491 1369 2583 quia
1395 2490 1577 2560 idem
1605 2498 1673 2559 et
1699 2490 2042 2558 diversum
2076 2511 2178 2559 se-

622 2606 932 2688 quuntur
956 2621 1319 2670 omneens
1355 2598 1429 2668 in
1466 2607 1800 2690 quantum
1845 2620 1967 2667 ens
2012 2606 2114 2667 est
2151 2621 2169 2667 ε

624 2725 766 2774 non
832 2714 1064 2776 autem
1130 2713 1292 2777 sunt
1356 2705 1702 2776 diversum
1770 2705 2173 2798 principium

624 2808 923 2902 Spiritus
951 2813 1170 2883 sancti
1201 2813 1412 2884 Pater
1436 2818 1508 2885 et
1531 2812 1744 2882 Filius
1775 2835 1794 2884 t
1827 2835 1992 2907 ergo
2019 2823 2177 2883 sunt

619 2920 831 2991 idem.

707 3030 777 3099 2.
812 3026 1086 3098 Com
1119 3051 1137 3098 τ

708 3136 936 3231 Supra
965 3146 985 3183 ¹
1034 3137 1382 3233 Magister,
1415 3139 1638 3211 noluit
1677 3140 2045 3212 concedere
2090 3139 2173 3211 de

621 3245 825 3316 Patre
872 3254 941 3315 et
986 3245 1190 3330 Filio,
1240 3245 1426 3339 quod
1478 3256 1702 3317 essent
1740 3247 1920 3317 idem
1960 3246 2169 3332 Deus,

571 3382 580 3391 ·
617 3351 733 3421 vel
761 3350 940 3422 alius
999 3350 1236 3422 Deus:
1295 3360 1531 3422 tamen
1591 3355 1952 3436 concessit,
1989 3354 2174 3448 quod

614 3467 846 3530 essent
874 3481 1056 3529 unus
1081 3458 1275 3531 Deus
1304 3480 1325 3530 z
1368 3482 1529 3530 cum
1564 3482 1728 3552 ergo
1776 3483 1918 3531 non
1956 3463 2172 3554 magis

619 3567 786 3638 unio
823 3569 916 3638 sit
951 3567 1180 3638 Patris
1213 3573 1306 3641 ⁴et
1340 3566 1496 3637 Filii
1523 3553 1606 3637 'in
1642 3569 1992 3640 communi
2040 3592 2174 3640 no-

619 3675 810 3744 tione
885 3696 1025 3767 qua
1079 3675 1349 3765 spirant
1414 3672 1747 3767 Spiritum
1831 3682 2189 3761 sanctum,‘

619 3802 829 3873 quam
867 3782 941 3851 in
994 3781 1290 3851 essentia
1344 3780 1600 3861 divina,
1666 3781 1933 3851 videtur
1982 3782 2163 3876 quod

616 3909 758 3958 non
786 3887 1034 3960 debeat
1060 3887 1372 3971 concedi,
1403 3887 1588 3981 quod
1613 3889 1753 3959 sint
1777 3889 1960 3960 idem
1988 3890 2166 3983 prin·

614 3994 902 4089 cipium,
941 3993 1055 4066 vel
1081 3994 1269 4066 aliud
1296 3996 1444 4066 sive
1471 3994 1840 4067 diversum.

711 4215 1029 4288 Somnum
1082 4216 1465 4287 Dicendum
1500 4216 1588 4286 ad
1631 4217 1853 4309 primo
1916 4219 2172 4310 quesi-

620 4333 797 4408 tum,
829 4325 1014 4418 quod
1048 4325 1138 4396 ad
1184 4347 1335 4397 esse
1372 4326 1675 4396 notionis
1719 4325 1845 4395 tria
1884 4327 2173 4418 exigun-

622 4442 781 4505 tur:
824 4457 1121 4527 quorum
1151 4456 1371 4504 unum
1407 4441 1512 4505 est
1559 4433 1929 4527 principale
1966 4457 2008 4505 a
2035 4458 2169 4529 quo

621 4544 830 4613 etiam
867 4543 1173 4614 notionis
1201 4542 1618 4615 vocabulum
1647 4542 1961 4624 trahitur,
2001 4544 2171 4614 scili·

618 4657 726 4717 cet
767 4648 954 4741 quod
1002 4672 1126 4742 per
1168 4649 1398 4741 ipsum
1444 4651 1822 4719 innotescat
1854 4671 2167 4742 persona,

615 4755 727 4825 vel
756 4778 1092 4848 persona,
1127 4757 1324 4848 cujus
1350 4766 1456 4829 est
1473 4759 1689 4839 notio,
1712 4757 1856 4829 sive
1884 4780 2169 4849 quarum

618 4873 724 4934 est
753 4866 970 4935 notio.
1008 4863 1408 4936 Secundum
1446 4875 1671 4936 autem
1703 4874 1830 4951 est,
1861 4865 2042 4959 quod
2064 4888 2172 4935 so·

619 4981 739 5041 nat
799 4971 1107 5064 aliquam
1159 4973 1567 5066 dignitatem
1627 4997 1644 5044 :
1713 4975 1873 5067 quia
1935 4996 2172 5066 perso-

618 5102 724 5148 nae
779 5102 1035 5149 nomen
1093 5080 1494 5173 dignitatem
1533 5090 1754 5162 sonat,
1796 5083 1940 5151 sive
1977 5089 2169 5150 natu·

619 5209 735 5265 rae,
768 5187 915 5256 sive
963 5186 1172 5258 officii
1217 5210 1236 5259 ε
1286 5189 1746 5259 communiter
1784 5199 2011 5259 autem
2056 5212 2169 5259 so·

617 5299 739 5360 nat
772 5292 1180 5385 dignitatem
1222 5304 1489 5365 naturae
1529 5317 1548 5365 z
1596 5295 1775 5367 unde
1826 5295 2172 5365 individua

697 5547 718 5585 ¹
750 5544 839 5603 Cf.
868 5545 1083 5619 Supra,
1105 5544 1254 5603 Dist.
1284 5543 1355 5601 X.
1594 5614 1603 5621 ἡ

694 5633 719 5672 ⁸
744 5633 1041 5704 cajum,
1064 5633 1215 5693 Dist.
1237 5633 1456 5713 xxm-s
1511 5684 1522 5690 -

1397 295 1454 306 ··
1517 343 1523 348 .
1583 259 2239 381 ‘D.A1,B.·‡M'AG.

2294 282 2499 352 om).
2550 283 2847 380 PnAEn.

2294 428 2579 542 aliarum
2647 464 3046 523 naturarum
3126 457 3369 542 praeter
3439 448 3853 539 rationalem

2293 584 2431 629 non
2460 584 2790 630 vocamus
2847 581 3200 652 personaS,
3257 565 3333 625 ut
3376 554 3509 624 hoc
3547 553 3839 644 lignum,

2291 669 2401 735 vel
2440 667 2624 737 hunc
2661 669 2981 759 lapidem,
3025 690 3107 735 eo
3165 664 3348 756 quod
3413 685 3553 730 non
3593 660 3846 728 habent

2291 773 2620 843 honorem
2668 776 2986 866 imaginis
3036 776 3108 841 in
3154 796 3288 863 qua
3326 780 3426 839 est
3465 767 3838 837 similitudo

2291 880 2674 950 divinarum
2763 904 3236 973 personarum.
3332 879 3633 947 Tertium
3710 883 3837 954 est,

2291 988 2476 1076 quod
2512 988 2738 1079 aliquo
2774 988 2980 1058 modo
3031 987 3280 1056 habeat
3332 995 3638 1054 naturam
3672 984 3843 1051 rela-

2289 1096 2494 1164 tionis
2524 1097 2608 1165 ad
2638 1097 2823 1164 aliud
2863 1119 2878 1163 :
2919 1098 3080 1188 quia
3103 1094 3253 1162 aliae
3294 1092 3838 1185 proprietatesjn

2290 1203 2536 1271 divinis
2576 1227 2721 1273 esse
2752 1227 2891 1272 non
2927 1210 3241 1295 possunt,
3296 1201 3425 1268 nisi
3474 1200 3838 1268 relationes

2289 1312 2593 1402 originis,
2612 1319 2705 1380 ‘ut
2732 1311 2907 1379 infra
2944 1309 3346 1402 probabitur
3371 1326 3420 1377 ¹.

2371 1420 2497 1488 His
2527 1420 2797 1504 habitis,
2829 1421 3025 1490 facile
3045 1419 3493 1511 respondetur
3520 1414 3828 1505 objectis.

2373 1525 2478 1594 An
2525 1551 2783 1596 ramniu
2838 1526 3023 1596 enim
3062 1524 3448 1603 dicendum,
3501 1521 3687 1615 quod
3732 1529 3835 1589 est

2290 1630 2371 1701 de
2402 1632 2535 1702 alio
2565 1657 2705 1702 non
2735 1633 3027 1727 pertinet
3052 1631 3139 1701 ad
3168 1631 3570 1723 dignitatem
3600 1652 3685 1698 ex
3701 1650 3774 1695 se
3807 1646 3824 1695 ε

2287 1749 2354 1809 et
2391 1743 2540 1812 ideo
2580 1746 2769 1813 notio
2826 1766 2972 1812 esse
3006 1764 3149 1811 non
3205 1747 3450 1833 potest.
3492 1739 3664 1808 Dico
3703 1762 3832 1806 au-

2286 1856 2424 1917 tem
2469 1874 2555 1919 ex
2596 1874 2667 1920 se
2710 1875 2726 1920 :
2770 1852 2930 1942 quia
2973 1873 3059 1918 ex
3093 1847 3302 1917 modo
3340 1846 3572 1938 aliquo
3602 1868 3833 1940 super-

2284 1957 2514 2027 addito
2561 1968 2790 2050 posset
2835 1966 3075 2028 notare
3104 1957 3505 2048 dignitatem
3535 1975 3682 2023 esse
3711 1975 3831 2021 ens

2283 2064 2366 2134 de
2406 2064 2566 2149 alio,
2608 2066 2792 2158 quod
2820 2067 2890 2135 in
2919 2063 3354 2134 inferioribus
3381 2061 3705 2131 convenit
3730 2061 3832 2128 vi·

2278 2169 2462 2241 libus
2486 2170 2709 2254 rebus,
2752 2181 2828 2242 ut
2860 2171 3000 2264 pilo
3043 2169 3405 2248 lumbrico.
3445 2167 3761 2261 pediculo
3802 2190 3819 2235 ε

2281 2279 2430 2351 haec
2466 2283 2650 2352 enim
2677 2291 2838 2352 sunt
2872 2280 3184 2373 exempla
3208 2278 3579 2371 Augustini
3612 2299 3629 2345 z
3661 2299 3825 2368 ergo

2279 2413 2368 2460 ex
2398 2415 2472 2461 se
2512 2415 2654 2463 non
2691 2392 2856 2472 dicit
2900 2391 3305 2483 dignitatem
3358 2388 3428 2456 in
3466 2407 3759 2479 persona
3801 2406 3819 2455 ι

2279 2501 2396 2570 sed
2434 2503 2494 2571 si
2523 2502 2883 2572 adderetur
2909 2523 3058 2571 esse
3093 2499 3179 2570 de
3206 2498 3341 2569 alio
3377 2520 3503 2592 per
3537 2519 3829 2589 genera-

2278 2610 2562 2691 tionem,
2593 2620 2759 2680 tunc
2785 2609 3138 2703 generatio
3175 2607 3576 2699 dignitatem
3621 2603 3826 2673 affer-

2271 2724 2380 2786 ·ret
2407 2719 2472 2788 ei
2499 2740 2705 2809 quam
2731 2740 2876 2788 non
2911 2716 3122 2787 habet
3163 2738 3210 2785 a
3252 2737 3326 2785 se
3366 2735 3384 2784 t
3430 2714 3593 2806 quia
3629 2714 3829 2805 geni-

2275 2834 2388 2894 tus
2414 2825 2518 2915 (ut
2542 2825 2705 2895 dicit
2738 2824 3065 2915 Hilarius)
3092 2824 3165 2892 in
3191 2820 3453 2891 honore
3482 2829 3587 2889 est
3613 2841 3827 2911 gene-

2279 2933 2489 3004 rantis
2519 2956 2539 3005 z
2570 2934 2784 3026 geniti
2820 2933 3005 3002 enim
3032 2930 3319 3002 honoris
3355 2927 3716 2998 admiratio
3754 2926 3827 2994 in

2276 3039 2539 3111 honore
2576 3040 2962 3133 generantis
3009 3045 3112 3108 est
3150 3058 3169 3109 ι
3225 3044 3292 3107 et
3341 3036 3476 3106 hoc
3510 3033 3824 3104 habitum

2274 3155 2378 3219 est
2410 3169 2618 3241 supra
2652 3160 2702 3218 ⁸.
2743 3147 2900 3219 Non
2956 3168 3106 3217 esse
3159 3154 3388 3215 autem
3441 3141 3529 3212 ab
3568 3141 3704 3211 alio
3742 3141 3826 3212 de

2274 3278 2349 3326 se
2387 3255 2553 3326 dicit
2603 3255 3034 3349 dignitatem,
3086 3264 3159 3324 et
3211 3252 3285 3322 in
3321 3249 3819 3343 superioribus,

2274 3369 2344 3431 et
2394 3362 2829 3433 inferioribus
2870 3384 2889 3432 ε
2949 3363 3115 3455 quia
3167 3358 3353 3453 quod
3390 3381 3533 3428 non
3586 3365 3691 3428 est
3735 3355 3821 3426 ab

2273 3467 2433 3549 alio,
2476 3491 2559 3540 eo
2615 3471 2764 3562 ipso
2800 3469 3367 3562 perfectissimum
3416 3473 3521 3534 est
3578 3473 3647 3534 et
3692 3485 3825 3534 no·

2270 3577 2614 3647 tissimum
2648 3598 2666 3648 ε
2695 3587 2764 3647 et
2800 3576 2951 3647 ideo
2981 3574 3152 3646 illud
3189 3582 3293 3644 est
3331 3572 3522 3641 notio
3568 3571 3812 3640 Patris.

2357 3685 2466 3753 An
2490 3707 2690 3755 suun
2728 3683 3135 3766 dicendum,
3172 3682 3355 3774 quod
3395 3678 3820 3749 innascibili-

2271 3800 2376 3862 tas
2413 3801 2515 3863 est
2560 3794 2752 3864 notio
2790 3815 2946 3886 qum
2999 3788 3282 3861 includit
3312 3790 3384 3857 in
3437 3810 3511 3857 se
3550 3788 3818 3878 impro-

2270 3898 2775 3970 cessibilitatem
2799 3908 2874 3969 ut
2901 3908 3168 3992 partem
3214 3898 3319 3968 sui
3353 3918 3371 3964 z
3412 3902 3482 3965 et
3526 3895 3660 3965 hoc
3683 3916 3817 3986 pa-

2271 4013 2366 4076 tet
2393 4030 2479 4077 ex
2504 4008 2839 4101 superiori
2867 4005 3300 4076 distinctione
3322 4003 3545 4096 posita
3572 4002 3657 4071 de
3685 4000 3820 4070 hoc

2271 4115 2456 4204 quod
2483 4122 2586 4184 est
2622 4114 3002 4206 ingenitum
3050 4109 3426 4182 secundum
3469 4107 3656 4200 quod
3695 4130 3821 4176 ne-

2271 4222 2460 4312 gatio
2486 4229 2689 4313 negat
2710 4236 2926 4313 genus
2953 4219 3164 4311 geniti
3192 4240 3209 4286 :
3235 4218 3395 4310 quia
3426 4218 3525 4285 sic
3551 4223 3819 4284 tantum

2270 4337 2375 4399 est
2401 4330 2592 4400 notio
2625 4329 2845 4398 Patris
2878 4349 2895 4395 ε
2938 4336 3103 4396 tunc
3129 4326 3315 4396 enim
3352 4324 3530 4394 idem
3570 4331 3674 4392 est
3711 4322 3824 4389 in-

2273 4435 2686 4507 nascibilitas
2743 4434 2926 4529 quod
2970 4441 3074 4504 est
3129 4456 3268 4502 non
3321 4430 3679 4501 existentia
3734 4427 3823 4497 ab
3907 4500 3912 4505 ,

2271 4544 2408 4615 alio
2440 4569 2459 4615 ε
2491 4557 2561 4617 et
2596 4546 2780 4639 quod
2804 4567 2947 4615 non
2987 4552 3091 4613 est
3129 4542 3218 4612 ab
3247 4541 3411 4626 alio,
3455 4562 3581 4611 nec
3607 4561 3823 4632 gene-

2273 4655 2487 4723 rativa
2524 4663 2628 4723 est
2661 4653 2748 4723 ab
2803 4652 2968 4733 alio,
3013 4674 3139 4720 nec
3186 4650 3392 4719 etiam
3433 4648 3821 4740 processiva

2271 4771 2375 4834 est
2418 4762 2504 4833 ab
2547 4763 2707 4834 alio.
2756 4760 2885 4832 Vel
2931 4761 3219 4841 dicatur,
3250 4760 3306 4828 si
3345 4758 3589 4850 placet,
3636 4756 3817 4847 quod

2272 4870 2593 4941 nascibile
2633 4880 2701 4941 et
2737 4867 3173 4962 processibile
3219 4890 3294 4936 se
3344 4864 3601 4934 habent
3648 4866 3825 4934 sicut

2271 4981 2585 5074 superins
2614 4988 2683 5050 et
2711 4978 2995 5048 inferius
3027 4999 3045 5045 z
3077 4998 3241 5067 ergo
3270 4975 3327 5043 si
3357 4973 3687 5043 adveniat
3709 4994 3826 5041 ne-

2271 5092 2456 5185 gatio
2493 5089 2604 5161 vel
2660 5089 2979 5182 privatio,
3035 5085 3222 5178 quod
3279 5083 3561 5153 inferius
3599 5090 3700 5151 est
3746 5083 3824 5150 fit

2272 5202 2609 5292 superius,
2650 5208 2718 5268 et
2747 5221 2783 5266 e
2812 5217 3145 5267 converso
3187 5216 3202 5262 :
3240 5214 3404 5284 ergo
3452 5192 3823 5283 ingenera-

2271 5313 2369 5381 tio
2396 5311 2542 5380 sive
2570 5306 3063 5379 innascibilitas
3091 5311 3193 5373 est
3219 5303 3530 5393 superius
3568 5299 3656 5370 ad
3683 5300 3822 5368 im-

2338 5555 2364 5593 ⁸
2389 5555 2477 5613 Cf.
2510 5556 2721 5629 Supra,
2748 5552 2895 5610 Dist.
2927 5551 2992 5606 V.
3022 5550 3043 5568 ’

3954 1542 4034 1591 Ad
4056 1546 4096 1589 1.

3944 3711 4015 3759 Ad
4042 3714 4086 3761 2.
