4897 6388
2076 386 2171 453 lN
2218 334 3444 456 PROLoe.i1AGss'Ex}>os1‘rlo.
3882 378 3898 393 ⁸
4325 364 4365 451 ’9

1157 556 1411 621 tionem
1453 576 1690 646 eorum
1730 577 1769 621 a
1816 579 2015 625 causa
2055 559 2369 648 proxima
2397 557 2702 644 pertina-

1158 663 1298 728 ciae.
1347 660 1687 740 Secundo,
1731 685 1771 731 a
1809 688 2009 733 causa
2048 666 2428 733 extrinseca
2459 685 2699 752 sugge-

1158 773 1364 839 rente,
1410 765 1528 843 ibi,
1577 793 1609 831 α
1650 769 1871 853 Quam
1901 774 2088 837 Deus
2123 767 2340 856 lzujus
2361 768 2620 834 saeculi.
2662 796 2692 830 »

1151 870 1400 951 Tertio,
1446 896 1484 940 a
1557 877 1993 965 perversitate
2033 874 2290 943 ordinis
2322 876 2391 942 in
2437 878 2691 956 anima,

1153 977 1269 1056 ibi,
1325 1005 1358 1045 α
1424 982 1606 1064 Quos
1661 983 1902 1070 iniqua
1951 983 2293 1051 voluntas.
2335 1010 2363 1045 ιι
2409 980 2690 1060 Quart0,

1153 1110 1192 1154 a
1223 1089 1471 1165 studio,
1495 1089 1612 1169 ibi,
1660 1118 1691 1152 «
1731 1091 2037 1175 Quorum
2060 1092 2403 1184 professio
2436 1101 2533 1157 est
2566 1092 2699 1157 lin-

1147 1217 1292 1284 qua
1339 1218 1419 1262 ac
1452 1196 1634 1285 stylo
1673 1219 1695 1262 .·
1731 1225 1765 1260 ³>
1813 1220 2101 1288 quorum
2142 1199 2364 1288 prima
2413 1198 2696 1265 scientia

1151 1301 1451 1380 docetur,
1487 1304 1782 1372 secundo
1838 1316 2296 1396 perpetuatur.
2345 1303 2493 1383 Vel,
2554 1305 2696 1371 lin-

1145 1431 1289 1497 qua
1320 1407 1505 1489 dicit,
1546 1413 1704 1500 quia
1761 1412 2035 1491 alicubi,
2079 1411 2235 1481 licet
2263 1435 2505 1503 parum
2559 1433 2694 1479 vox

1148 1537 1272 1581 sua
1327 1517 1627 1584 insonuit
1669 1541 1685 1586 ε
1727 1522 1904 1609 stylo
1939 1528 2193 1603 autem,
2238 1527 2514 1610 propter
2561 1519 2694 1587 hoc

1149 1624 1330 1713 quod
1361 1629 1554 1715 ponit
1593 1629 1839 1718 scripta
1879 1628 2003 1696 sub
2034 1629 2210 1720 stylo
2242 1628 2552 1696 Patrum.

1241 1735 1540 1824 «Aqitat
1581 1735 1840 1804 Christi
1882 1736 2206 1816 charitas,
2258 1745 2385 1805 etc.
2423 1761 2458 1801 ιι
2510 1735 2692 1804 Cos·-

1149 1861 1279 1906 τιιΑ
1318 1862 1335 1907 :
1396 1840 1746 1921 Eccle.1x,
1802 1846 1826 1909 1
1881 1865 1897 1910 z
1937 1846 2162 1912 Nescit
2211 1844 2411 1911 homo
2454 1853 2689 1911 utrum

640 1948 727 2031 {42'
778 1953 1122 2067 -ffffifflgtdfg
1150 1968 1383 2014 amore
1409 1971 1498 2015 an
1538 1948 1697 2016 odio
1726 1949 1979 2041 diqnus
2005 1952 2119 2019 sit.
2168 1949 2475 2017 Sommo.
2509 1948 2690 2017 Cha-

638 2076 669 2103 ν.
714 2082 739 2097 >·
778 2055 791 2067 “
854 2061 1057 2121 vitetur.

636 2280 641 2345 ἡ-
637 2184 657 2219 Γ,

840 4636 1036 4684 Veritas

778 4691 945 4737 odium
968 4694 1103 4758 parit

780 4756 868 4801 μοι·
875 4749 1102 4793 καύσει·

807 4800 1074 4857 tripliciter.

1149 2054 1310 2121 ritas
1383 2063 1606 2145 potest
1671 2058 1846 2124 sumi
1931 2057 2305 2126 secundum
2362 2050 2688 2125 virtutem

1150 2162 1467 2239 nominiS,
1503 2163 1781 2246 scilicet,
1826 2174 1898 2231 ut
1948 2172 2048 2233 est
2075 2187 2270 2233 amor
2298 2166 2687 2255 appretians

1149 2267 1439 2334 multum
1494 2279 1824 2349 amatum,
1856 2278 1921 2338 et
1975 2272 2072 2339 sic
2099 2272 2261 2339 certi
2320 2293 2687 2361 possumus

1146 2394 1291 2441 esse
1348 2374 1430 2441 de
1468 2373 1794 2444 charitate
1831 2398 1953 2466 per
1995 2378 2420 2466 conjecturas
2489 2399 2687 2467 expe-

1148 2484 1404 2550 rientiae
1446 2503 1462 2551 ε
1508 2482 1618 2551 vel
1670 2492 1896 2573 potest
1929 2486 2105 2553 sumi
2146 2507 2271 2574 pro
2303 2483 2540 2552 habitu
2581 2483 2686 2551 di-

1138 2589 1523 2680 stinguente
1581 2590 1759 2659 inter
1803 2589 1978 2660 filios
2018 2592 2206 2680 regni
2247 2599 2313 2659 et
2354 2591 2686 2681 perditio-

1142 2696 1270 2774 niS,
1305 2706 1370 2764 ct
1408 2697 1503 2765 sic
1544 2719 1743 2765 nemo
1783 2708 1882 2765 est
1908 2692 2131 2767 certus
2171 2700 2241 2765 in
2283 2699 2417 2765 via.

1227 2801 1558 2892 Objicitur
1587 2804 1668 2874 de
1696 2804 1825 2874 hoc
1856 2807 2038 2898 quod
2067 2807 2227 2875 dicit
2256 2827 2272 2873 ε
2330 2834 2360 2870 α
2403 2807 2685 2874 l'eritati

1138 2931 1272 2976 non
1314 2908 1673 2993 intellectae
1720 2911 1829 2978 vel
1861 2911 2253 3003 offendenti,
2290 2920 2416 2980 etc.
2458 2937 2490 2975 a
2534 2911 2684 2980 lloc

1140 3015 1323 3083 enim
1363 3014 1631 3084 videtur
1658 3016 1879 3085 dicere
1910 3017 2391 3109 {lieronymuS,
2450 3017 2682 3085 dicens

1136 3125 1318 3216 quod
1372 3127 1622 3194 veritas
1677 3127 1912 3196 odium
1952 3128 2150 3219 parit.
2199 3125 2336 3196 Sed
2384 3136 2673 3197 contra:

1140 3229 1232 3297 111
1278 3231 1534 3312 Esdrae,
1586 3255 1679 3313 iv,
1716 3233 1852 3302 36:
1906 3234 2146 3303 Omnis
2202 3244 2387 3301 terra
2427 3235 2679 3300 verita·

1136 3345 1267 3405 tem
1309 3340 1600 3418 invocat,
1654 3339 1923 3416 coelum,
1961 3341 2169 3409 etiam
2208 3341 2431 3430 ipsam
2480 3339 2681 3407 bene-

1133 3444 1324 3522 dicit,
1366 3457 1431 3513 et
1476 3449 1711 3514 omnia
1767 3471 1972 3539 opera
2011 3458 2389 3526 moventur,
2437 3457 2501 3513 et
2539 3457 2681 3515 tre-

1134 3563 1331 3620 munt
1357 3577 1532 3621 eam.
1586 3554 1781 3634 Item.
1825 3555 2101 3646 ibidem,
2159 3563 2266 3632 ἢ.
2310 3555 2394 3622 39
2426 3565 2493 3622 et
2524 3556 2610 3623 4⁰
2653 3577 2672 3627 ε

1137 3661 1383 3729 Omnes
1405 3661 1862 3751 beteiqnateteer
1894 3665 1962 3730 iu
1992 3662 2308 3755 operibus
2336 3664 2517 3753 ejus,
2551 3666 2679 3730 sci-

1132 3767 1287 3836 licet
1314 3769 1617 3836 veritatis
1651 3790 1668 3836 ε
1709 3779 1774 3837 ct
1796 3792 1930 3837 non
1972 3778 2069 3836 est
2100 3769 2170 3836 iu
2200 3768 2481 3857 judicio
2520 3769 2678 3858 ejus

1132 3875 1472 3965 iniquum.

1221 3981 1578 4059 Praeterea,
1623 3978 2030 4069 l’liilosopus
2068 3980 2252 4060 dicit,
2295 3982 2480 4072 quod
2520 3983 2675 4049 linis

1132 4089 1591 4181 intelligentiae
1621 4087 2049 4179 speculativae
2088 4098 2192 4158 est
2226 4092 2476 4158 veritas
2511 4114 2527 4159 ε
2562 4092 2677 4158 ni-

1132 4197 1228 4266 hil
1263 4209 1488 4266 autem
1529 4196 1669 4266 odit
1708 4198 1937 4277 linem,
1970 4197 2087 4266 sed
2141 4201 2367 4290 potius
2396 4199 2671 4269 deside-

1132 4316 1252 4374 rat.
1294 4305 1426 4374 Sed
1458 4305 1939 4386 contra,.loan.
1978 4330 2071 4384 ιιι,
2105 4308 2190 4374 20
2228 4331 2242 4375 :
2283 4306 2521 4376 Omnis
2550 4311 2674 4400 qm'

1128 4416 1313 4483 male
1367 4417 1538 4506 ayit,
1581 4415 1729 4481 odit
1786 4415 2028 4494 lucem,
2087 4426 2150 4484 et
2188 4440 2323 4484 non
2368 4421 2549 4486 venit
2579 4419 2677 4486 ad

1132 4522 1376 4600 lucem,
1439 4532 1515 4588 ut
1568 4544 1700 4588 non
1758 4533 2149 4613 arquantar
2221 4548 2428 4614 opera
2482 4525 2666 4615 ejus.

1134 4629 1442 4697 Somno.
1504 4629 1770 4696 Veritas
1829 4652 1945 4719 per
1982 4653 2052 4696 sc
2091 4629 2511 4699 delectabilis
2567 4643 2669 4700 est

1131 4739 1316 4805 (nuni
1359 4738 1647 4815 homini,
1689 4745 1751 4803 ei
1793 4737 1976 4803 omni
2009 4747 2268 4807 natura}
2309 4738 2672 4807 intellecti-

1129 4867 1232 4912 we
1270 4857 1334 4911 et
1375 4843 1683 4911 rationali
1730 4865 1746 4910 :
1779 4843 1893 4910 sed
1936 4866 2056 4932 per
2108 4845 2418 4914 accidens
2458 4847 2672 4915 ofsen-

1127 4951 1250 5032 dit,
1291 4960 1407 5018 aut
1447 4949 1652 5017 habet
1689 4950 2239 5019 contradictores,
2271 4952 2351 5019 Et
2389 4952 2521 5021 hoc
2549 4977 2670 5022 ac-

1124 5061 1353 5129 cidens
1384 5068 1591 5126 estut
1636 5057 2022 5147 frequenter
2064 5058 2336 5149 triplex,
2382 5063 2662 5141 scilicet,

1122 5170 1281 5259 quia
1325 5175 1424 5234 est
1470 5166 1807 5233 contraria
1864 5164 2102 5245 volito,
2136 5175 2201 5233 et
2230 5169 2329 5234 sic
2364 5167 2669 5259 loquitur

1120 5274 1231 5343 hio
1266 5273 1610 5364 Magister,
1682 5280 1757 5338 ut
1793 5281 1975 5362 patet
2032 5274 2098 5339 in
2164 5276 2428 5342 Littera
2480 5299 2502 5342 .·
2556 5277 2666 5346 vel

1120 5384 1280 5474 quia
1302 5380 1387 5449 ab
1407 5379 1635 5469 aliquo
1667 5380 1773 5446 cui
1797 5379 2162 5458 invidetur,
2198 5389 2302 5449 est
2334 5383 2657 5455 inventa:

1117 5489 1227 5557 vel
1267 5491 1426 5580 quia
1448 5485 1670 5577 arguit
1701 5484 2026 5553 malitiam
2056 5486 2126 5554 in
2150 5487 2492 5566 audiente,
2538 5494 2667 5560 sic-

1119 5607 1194 5665 ut
1217 5595 1526 5672 habetur,
1560 5591 1649 5658 111
1673 5591 1961 5682 Regum,
1997 5616 2161 5675 xxti,
2190 5596 2271 5662 8:
2309 5598 2664 5666 Remansit

1124 5705 1226 5770 vir
1256 5723 1431 5769 unus
1454 5723 1579 5791 per
1614 5720 1812 5789 quem
1843 5722 2209 5790 possumus
2240 5702 2664 5794 interroqare

2821 558 3197 624 Dominum
3231 580 3254 624 :
3301 557 3426 622 sed
3460 579 3582 646 eqo
3613 556 3731 623 odi
3794 579 3973 636 eum,
4016 556 4181 646 quia
4229 576 4366 620 non

2804 664 3175 754 prophetat
3233 665 3410 731 milzi
3454 664 3732 739 bonum,
3774 662 3896 729 sed
3921 684 4180 753 semper
4212 682 4367 727 ma-

2814 772 2991 850 lum,
3034 773 3390 852 Michaeas,
3422 771 3623 859 filius
3648 770 3900 838 Jemla.

2902 906 2937 940 κ
3000 878 3225 960 Quam
3255 879 3445 944 Deus
3494 877 3714 965 hujus
3740 876 3976 943 saeculi
4013 884 4357 965 operatur,

2807 989 2934 1049 etc.
2974 1008 3009 1045 ιι
3069 982 3130 1049 11
3182 983 3268 1049 ad
3307 981 3617 1050 Corinth.
3654 1005 3746 1058 iv,
3782 983 3821 1047 4
3868 1005 3882 1049 ε
3925 983 4110 1049 Deus
4146 979 4362 1068 hujus

2803 1087 3043 1153 saeculi
3101 1087 3467 1154 excaecavit
3504 1096 3757 1152 mentes
3816 1084 4232 1174 infidelium,
4285 1094 4361 1150 ut

2802 1216 2939 1259 non
2988 1195 3271 1283 sulqeat
3329 1193 3481 1260 illis
3522 1193 3948 1260 illuminatio
3993 1191 4362 1280 Evanqelii

2800 1300 3048 1389 qloriae
3105 1299 3390 1378 Christi,
3444 1300 3569 1388 qui
3613 1308 3710 1365 est
3766 1299 3996 1387 imaqo
4036 1298 4194 1376 Dei,
4235 1296 4359 1363 sci-

2801 1408 2961 1476 licet
2980 1405 3346 1475 invisibilis
3382 1430 3399 1475 ε
3436 1414 3504 1474 ct
3543 1406 3906 1497 exponitur
3926 1405 4021 1473 ihi
4050 1428 4090 1473 a
4119 1404 4359 1473 Glossa

2803 1522 3099 1605 quatuor
3157 1513 3408 1592 modiS,
3481 1512 3738 1581 scilicet
3790 1535 3914 1602 pro
3975 1513 4119 1579 Deo
4168 1513 4354 1601 justo
4463 1592 4467 1596 Δ
4583 1520 4584 1523 ,
4661 1472 4706 1519 ’.

2803 1622 2919 1712 qui
2951 1622 3128 1712 regit
3154 1620 3402 1697 bonos,
3449 1627 3516 1688 et
3559 1642 3685 1710 pro
3718 1619 3959 1687 merito
3989 1618 4356 1709 impietatis

2800 1729 2871 1796 in
2896 1728 3369 1796 infidelitatem
3402 1728 3739 1818 permittit
3773 1725 4174 1816 praecipitari
4202 1748 4355 1794 ma·

2797 1835 2926 1905 los.
2986 1834 3335 1915 Secundo,
3381 1857 3507 1926 pro
3569 1833 3840 1902 diabolo
3899 1834 4014 1923 qui
4045 1832 4226 1901 Deus
4288 1843 4356 1900 et

2796 1943 3114 2032 princeps
3143 1940 3352 2030 hujus
3385 1940 3621 2008 mundi
3645 1948 3770 2008 est.
3801 1938 4001 2007 Joan.
4045 1961 4184 2017 xiv,
4219 1938 4302 2008 30
4329 1961 4350 2009 ε

2810 2048 2999 2116 Venit
3054 2048 3240 2115 enim
3276 2048 3601 2138 princeps
3639 2046 3886 2114 nitendi
3938 2045 4179 2136 hujus,
4218 2053 4346 2114 etc.
4465 2116 4468 2119 .

2793 2159 3049 2235 Tertio,
3084 2158 3168 2225 de
3217 2157 3541 2249 superbia
3584 2180 3736 2249 quae
3776 2166 3878 2226 est
3915 2178 4118 2226 causa
4145 2178 4354 2225 excae-

2794 2267 3112 2335 cationiS.
3182 2265 3476 2350 Quarto,
3545 2266 3627 2334 de
3694 2273 3960 2335 ventre.
4013 2263 4230 2343 Unde,
4264 2263 4351 2331 ad

2797 2372 3048 2464 Philip.
3084 2395 3185 2453 ιιι,
3224 2375 3299 2442 19
3338 2394 3358 2442 :
3395 2375 3714 2458 Quorum
3750 2375 3937 2441 Deus
3964 2381 4189 2439 venter
4223 2381 4345 2441 est.

2884 2479 3220 2569 Ohjicitur
3277 2487 3512 2548 autem
3567 2488 3804 2547 contra
3841 2478 3973 2547 hoc
4012 2477 4195 2568 quod
4239 2477 4351 2544 di-

2795 2588 2889 2656 cit
2919 2609 2937 2658 :
2978 2613 3011 2653 «
3054 2586 3497 2678 Diffidmtiae
3519 2585 3721 2677 filiis,
3755 2595 3881 2655 etc.
3919 2610 3953 2652 n
3988 2583 4164 2665 Quia
4189 2584 4353 2654 dicit

2792 2695 3290 2787 Hieronymus»,
3323 2694 3508 2786 quod
3543 2694 3625 2762 de
3675 2694 3946 2762 nemine
3983 2692 4351 2784 desperan-
4407 2702 4412 2708 ’

2791 2800 2957 2870 dum
2987 2809 3117 2882 est,
3152 2800 3315 2869 dum
3363 2810 3467 2869 est
3499 2801 3568 2867 in
3606 2801 3745 2867 via.
3783 2798 4088 2868 Somno.
4123 2797 4350 2879 Quan-

2789 2915 2936 2975 tum
2987 2915 3090 2976 est
3128 2907 3213 2977 de
3272 2906 3738 2976 misericordia
3797 2906 3919 2976 Dei
3966 2915 4034 2976 et
4088 2909 4345 2976 ratione

2789 3017 2921 3084 vioe
2967 3037 3110 3084 non
3168 3023 3275 3084 est
3339 3014 3837 3107 desperandum
3884 3037 3899 3084 ε
3942 3015 4057 3084 sed
4125 3037 4346 3107 quan-

2785 3130 2935 3191 tum
2986 3130 3089 3191 est
3128 3121 3212 3191 de
3273 3121 3538 3190 ratione
3579 3120 3798 3189 morbi
3834 3143 3851 3188 :
3903 3120 4063 3213 quia
4104 3142 4346 3214 pecca-

2790 3240 2936 3298 tum
2967 3228 3466 3299 incredulitatis
3500 3229 3614 3297 vix
3643 3229 4001 3310 deseritur,
4046 3251 4130 3298 eo
4158 3229 4342 3322 quod

2784 3339 3090 3410 alludere
3128 3339 3404 3408 videtur
3435 3340 3706 3407 rationi.

2878 3474 2913 3514 α
2954 3449 3111 3517 Νοὶι
3152 3449 3416 3516 rationi
3469 3448 3893 3514 voluntatem
3926 3447 4336 3537 subjiciunt,

2785 3566 2915 3625 etc.
2985 3582 3019 3622 ιι
3081 3556 3235 3624 Hoc
3307 3554 3684 3624 secundum
3754 3557 4174 3625 Avicennam
4238 3564 4342 3625 est

2786 3662 3200 3752 principium
3260 3659 3423 3729 mali
3479 3661 3704 3728 :sicut
3741 3662 3945 3729 etiam
3978 3661 4135 3730 dicit
4189 3684 4340 3730 ver-

2781 3789 2902 3835 sus
2942 3790 2962 3836 z

2818 3980 2911 4038 Sic
2940 3980 3096 4051 volo,
3129 3980 3216 4038 sic
3256 3978 3469 4055 jubeo,
3502 3979 3579 4036 ait
3608 3996 3717 4052 pro
3747 3982 3976 4039 ratione
4004 3981 4295 4041 voluntas.

2778 4202 2942 4271 llaec
2987 4203 3174 4271 enim
3218 4211 3322 4271 est
3368 4202 3777 4293 perversitas
3824 4202 3982 4270 recti
4024 4202 4331 4274 ordinis:

2780 4310 2861 4378 de
2881 4310 3160 4402 quibus,
3193 4310 3418 4379 Eccle.
3454 4333 3502 4388 ι,
3535 4312 3611 4378 15
3646 4332 3661 4377 :
3708 4311 4018 4378 Per-versi
4036 4310 4337 4401 difficile

2778 4420 3251 4509 corriqumur,
3313 4428 3377 4486 et
3439 4418 3813 4487 stultorum
3868 4420 4180 4508 infinitus
4233 4430 4330 4488 est

2776 4547 3128 4593 numerus.

2871 4657 2905 4694 α
2937 4629 3082 4699 Sed
3105 4631 3214 4698 his
3242 4652 3397 4721 quae
3422 4631 3882 4708 somniarunt,
3906 4641 4034 4700 etc.
4072 4657 4106 4697 ιι
4139 4631 4326 4700 Bene
4354 4645 4671 4752 *gau-¹9:331.-

4433 4761 4582 4806 ιιίιιιιι.

2776 4746 2978 4806 vocat
3026 4736 3347 4806 haeresim
3377 4741 3726 4806 somnium
3765 4761 3781 4805 ε
3825 4739 4006 4829 quod
4039 4740 4108 4806 in
4144 4762 4327 4807 som-

2778 4847 2892 4914 nio
2921 4844 3290 4913 simulacra
3318 4867 3400 4913 ex
3441 4846 3928 4935 imaginatione
3963 4856 4326 4917 moventur

2775 4952 2861 5021 ad
2928 4975 3269 5045 organum
3336 4974 3580 5022 sensus
3635 4956 4078 5022 communis:
4137 4964 4204 5024 et
4249 4956 4325 5025 iit

2774 5061 3133 5128 conversio
3173 5061 3424 5128 animae
3455 5081 3660 5150 super
3686 5059 4122 5131 simulacrum
4151 5065 4326 5134 sicut

2774 5191 2980 5260 super
3040 5192 3211 5238 rem.
3286 5169 3388 5237 lta
3441 5167 3740 5237 hoeretici
3791 5171 3873 5238 de
3932 5173 4129 5241 corde
4195 5197 4322 5243 suo

2772 5276 3206 5367 phantastico
3246 5277 3601 5368 proferunt
3646 5277 4007 5347 simulacra
4047 5292 4114 5350 et
4165 5304 4326 5350 con·

2771 5397 3132 5456 vertuntur
3168 5388 3253 5456 ad
3284 5410 3390 5472 ea,
3434 5388 3606 5456 sicut
3673 5388 3755 5456 ad
3797 5414 4021 5459 rerum
4079 5395 4324 5462 verita-

2770 5500 2934 5560 tem.

2873 5626 2903 5661 «ι
2932 5599 3049 5667 Ad
3079 5598 3400 5689 fabulas,
3443 5607 3570 5668 etc.
3609 5625 3643 5663 n
3675 5599 3842 5669 Mira
3874 5602 4097 5672 dicere
4123 5627 4320 5696 quae-

2774 5714 2934 5774 runt
2976 5707 3192 5798 :quia
3246 5707 3408 5775 dicit
3468 5706 3931 5797 Philosophus
3994 5710 4064 5778 in
4092 5713 4329 5801 primo·
