4897 6388
844 3737 947 3805 10.

1856 313 1949 378 1N
1998 312 2027 377 Ι
2079 307 2500 378 SENTENT.
2554 305 2778 394 DIST,
2832 304 2953 393 111,
3005 306 3082 384 F,
3124 306 3322 374 ART.
3374 308 3475 375 17.
4176 309 4292 378 111
4364 396 4372 406 .

1094 487 1279 548 ctum
1324 480 1649 562 hominiS‚
1687 502 1887 570 quem
1930 483 2269 549 instruunt
2316 503 2419 549 res
2460 502 2653 549 crea-

1097 595 1185 654 tae
1232 610 1247 655 :
1293 596 1361 655 et
1399 589 1495 655 sic
1536 588 1783 653 iterum
1826 597 1925 656 est
1962 589 2204 681 triplex
2259 590 2653 658 considera-

1098 697 1192 762 tio
1245 696 1367 770 rei,
1404 693 1684 771 scilicet,
1719 704 1791 762 ut
1822 697 2202 787 disponitur
2241 721 2343 766 res
2401 698 2486 764 ad
2553 699 2652 763 in-

1098 800 1447 869 tellectum
1507 810 1573 868 et
1631 802 1971 884 affectum,
2027 806 2135 873 vel
2181 815 2384 895 prout
2431 812 2532 870 est
2579 805 2649 871 in

1096 906 1447 975 intellectu
1538 918 1605 977 ct
1660 911 1926 991 affectu,
2005 913 2110 980 vel
2167 920 2368 1002 prout
2432 920 2530 978 est
2579 912 2649 977 in

1101 1013 1346 1082 effectu
1397 1029 1853 1109 consequente
1907 1043 1976 1086 se
2036 1020 2403 1087 secundum
2465 1020 2648 1110 quod

1099 1130 1202 1189 est
1242 1123 1312 1190 in
1343 1124 1691 1192 intellectu
1722 1136 1786 1192 et
1826 1128 1891 1192 in
1931 1126 2196 1194 affectu.

1189 1230 1277 1300 Et
1306 1233 1531 1321 primo
1600 1235 1805 1301 modo
1855 1237 2275 1326 accipiuntur
2336 1237 2453 1304 illa
2519 1237 2648 1303 tria

1099 1361 1257 1429 quae
1298 1341 1370 1405 in
1401 1347 1645 1408 octavo
1677 1341 1825 1409 loco
1866 1353 2258 1412 enumerata
2294 1353 2479 1427 sunt,
2511 1345 2647 1411 sci-

1098 1446 1261 1515 licet
1298 1448 1486 1538 quod
1520 1458 1807 1527 constat,
1853 1460 1918 1519 et
1973 1452 2155 1543 quod
2205 1453 2543 1543 congruit,
2579 1460 2644 1518 et

1097 1554 1285 1643 quod
1315 1554 1770 1626 discernitur:
1823 1558 1992 1625 nihil
2048 1560 2228 1626 enim
2267 1561 2641 1628 secundum

1095 1670 1413 1730 naturam
1472 1673 1736 1733 constat
1793 1668 1916 1734 nisi
2004 1668 2183 1758 quod
2240 1677 2506 1737 constat
2573 1671 2638 1736 in

1093 1770 1508 1859 perfec-tione
1561 1774 1911 1861 potestatis
1975 1784 2041 1842 et
2095 1785 2347 1844 naturae
2400 1799 2414 1845 ε
2479 1786 2641 1846 ωηο

1092 1877 1275 1944 enim
1299 1886 1589 1958 constat,
1631 1881 1699 1949 id
1743 1891 1867 1963 est,
1925 1891 2056 1951 stat
2099 1884 2406 1953 similiter
2451 1907 2467 1953 :
2520 1886 2637 1952 sed

1087 1985 1418 2075 perfectio
1460 1997 1717 2056 naturae
1754 1991 1949 2058 estin
1979 1993 2213 2081 primis
2242 1991 2458 2060 tribus
2498 1999 2638 2061 ter-

1091 2095 1345 2163 nariis:
1385 2104 1452 2163 et
1481 2096 1803 2186 perfectio
1843 2101 2187 2189 potestatis
2227 2103 2293 2167 in
2322 2102 2637 2170 secundis

1086 2200 1334 2285 tribuS‚
1378 2211 1456 2270 ut
1494 2201 1800 2272 habitum
1834 2215 1930 2274 est
1966 2229 1979 2275 :
2041 2229 2203 2298 ergo
2243 2208 2425 2299 quod
2466 2232 2636 2277 con-

1085 2316 1222 2375 stat
1259 2311 1587 2399 supponit
1624 2314 1856 2379 omnia
1905 2314 2347 2404 pra-cedentia
2390 2338 2406 2382 ε
2450 2316 2636 2407 quod

1084 2426 1315 2484 autem
1358 2422 1697 2509 congruit,
1742 2422 1931 2511 ponit
1961 2423 2264 2491 ordinem
2305 2422 2387 2490 ad
2418 2423 2625 2504 aliud,

1086 2533 1153 2590 et
1183 2527 1521 2614 praecipue
1563 2526 1645 2592 ad
1688 2525 2032 2595 homiuem
2075 2532 2178 2597 cui
2209 2532 2522 2621 congruit
2563 2534 2629 2599 in

1088 2655 1214 2698 usu
1249 2635 1407 2701 vitoe
1452 2656 1466 2700 ε
1506 2635 1687 2724 quod
1719 2645 1943 2704 autem
1968 2638 2390 2718 discernitur,
2439 2642 2630 2730 ponit

1091 2748 1471 2829 respectum
1498 2742 1582 2809 ad
1613 2742 2049 2812 intellectum.

1174 2845 1275 2912 EA
1356 2869 1529 2914 veno
1647 2873 1799 2940 quae
1892 2876 2072 2919 nono
2145 2858 2633 2924 enumerantur

1087 2964 1246 3021 sunt
1279 2955 1347 3021 in
1381 2977 1448 3021 re
1480 2958 1806 3024 existente
1840 2959 1905 3026 in
1936 2961 2175 3029 atl'ectu
2243 2971 2307 3030 et
2360 2963 2631 3031 intelle-

1082 3071 1194 3129 ctu
1234 3083 1250 3129 :
1290 3071 1354 3127 et
1387 3071 1546 3130 sunt
1588 3062 1758 3143 lucc,
1802 3089 2063 3144 verum,
2120 3068 2403 3150 bonum,
2475 3070 2629 3162 pul-

1082 3167 1327 3236 chrum
1374 3191 1390 3236 :
1427 3193 1665 3239 verum
1701 3177 1880 3242 cuim
1914 3185 2010 3244 est
2053 3177 2206 3245 {inis
2237 3177 2630 3271 intelligen-

1082 3277 1190 3344 tiae
1220 3276 1683 3367 speculativae,
1721 3291 1791 3348 ut
1821 3281 1978 3350 dicit
2022 3283 2475 3376 Philosophus
2510 3309 2524 3353 :
2564 3298 2626 3355 et

1082 3382 1342 3462 bonum
1370 3395 1473 3453 est
1501 3387 1653 3455 tinis
1697 3388 2024 3459 affectus:
2087 3392 2442 3481 pulchrum
2502 3419 2631 3463 au-

1080 3499 1220 3557 tem
1287 3490 1454 3560 dicit
1509 3497 2050 3565 venustationem
2116 3509 2178 3566 et
2249 3500 2626 3571 decentiam

1082 3599 1231 3685 ejus
1251 3599 1626 3667 secundum
1661 3605 1990 3671 rationem
2022 3604 2309 3674 honesti.

1172 3703 1431 3772 Decmo
1497 3729 1660 3775 vero
1764 3711 1887 3776 tria
1995 3724 2387 3782 enumerata
2470 3726 2628 3785 sunt

1081 3811 1344 3892 lumen,
1387 3813 1774 3905 pulchrum,
1809 3815 2062 3887 bonum
2100 3842 2117 3883 τ
2157 3830 2221 3889 et
2278 3824 2624 3914 accipiun-

1081 3928 1190 3986 tur
1227 3920 1605 3988 secundum
1647 3924 1960 3991 effectum
2018 3949 2218 4016 quem
2262 3928 2507 3996 faciunt
2554 3932 2620 3998 iu

1076 4026 1323 4094 ass’cctu
1364 4035 1430 4095 et
1462 4027 1832 4113 intellectu,
1875 4033 1988 4122 qui
2022 4040 2178 4101 sunt
2208 4033 2618 4115 illuminare,

1076 4141 1141 4200 et
1174 4134 1535 4224 pulchrum
1561 4136 1798 4212 facere.
1828 4151 1890 4207 et
1923 4139 2202 4209 bonum.

1168 4350 1253 4418 Et
1328 4359 1516 4433 nota,
1588 4355 1767 4444 quod
1838 4358 1904 4424 in
1980 4361 2296 4428 omnibus
2352 4363 2497 4430 istis
2553 4373 2617 4430 ct

1074 4457 1229 4525 aliis
1261 4481 1415 4549 quae
1467 4482 1506 4527 a
1585 4459 1848 4530 Sanctis
1912 4476 2280 4555 ponuntur,
2350 4493 2621 4561 semper

1074 4567 1372 4657 primum
1414 4566 1578 4635 dicit
1604 4569 2048 4641 substantiam
2090 4578 2181 4642 rei
2218 4596 2234 4643 :
2288 4578 2446 4667 quia
2490 4578 2613 4644 nisi

1074 4670 1192 4739 illa
1234 4673 1422 4762 prius
1480 4686 1925 4767 supponatur,
1996 4678 2160 4746 nihil
2228 4684 2406 4750 circa
2462 4706 2615 4751 eam

1083 4788 1313 4869 posset
1369 4783 1608 4873 accipi.
1680 4784 2005 4854 Ultimum
2063 4797 2287 4856 autem
2348 4814 2618 4883 semper

1075 4888 1238 4957 dicit
1323 4891 1899 4983 complementum
1969 4908 2265 4989 respectu
2319 4901 2611 4972 duorum

1074 4996 1630 5084 praecedentium.

3137 900 3643 970 ARTICULUS
3692 900 3915 969 XVII.

2755 1116 2855 1180 De
2881 1113 3234 1180 attributis
3251 1134 3703 1202 personarum
3725 1137 3876 1204 quse
3903 1114 4299 1182 attribuun·
4391 1125 4398 1128 ⁴

3156 1231 3271 1288 tur
3308 1222 3402 1288 eis
3443 1245 3487 1288 a
3525 1222 3891 1311 MaqistrO.

2842 1546 3099 1613 Deinde
3157 1545 3240 1612 ad
3299 1545 3713 1614 intellectum
3753 1545 4134 1635 pleniorem
4175 1546 4297 1615 ha-

2748 1654 3045 1721 bendum
3088 1654 3385 1731 Litterae,
3434 1652 3806 1721 videndum
3856 1662 3958 1722 est
4003 1655 4298 1746 qualiter

2747 1762 3070 1853 Magister
3100 1785 3220 1854 per
3259 1763 3468 1831 verba
3532 1763 3899 1854 Augustini
3956 1761 4102 1833 haec
4167 1767 4294 1834 tria

2747 1871 3055 1939 attribuit
3108 1872 3419 1939 Trinitati
3477 1873 3816 1951 increatae,
3860 1874 3981 1952 ibi,
4039 1874 4297 1942 ubidi-

2744 1979 2836 2046 cit
2866 2001 2881 2045 ε
2926 2008 2955 2040 α
2987 1981 3068 2046 In
3109 1978 3241 2045 illa
3277 1980 3457 2046 enim
3491 1981 3550 2046 T
3543 1981 3824 2047 rinitale
3856 2003 4130 2048 summa
4159 1984 4296 2049 ori-

2739 2108 2828 2174 qo
2870 2095 2989 2169 est,
3033 2094 3160 2153 etc.
3202 2110 3235 2151 1·
4036 2155 4046 2163 ,

2834 2191 2906 2258 Si
2946 2194 3128 2260 enim
3160 2192 3568 2283 colligantur
3604 2214 3844 2261 omnes
3868 2193 4291 2262 diversitates
4350 2261 4353 2265 ,

2737 2323 2906 2392 quas
2936 2301 3128 2390 ponit
3193 2300 3265 2367 in
3337 2304 3466 2368 isto
3501 2298 3825 2391 capitulo,
3870 2309 4031 2369 tunc
4098 2301 4286 2370 Patri

2740 2407 3046 2476 attribuit
3083 2417 3369 2499 septem,
3411 2415 3478 2477 et
3530 2416 3850 2476 octavum
3891 2408 4074 2500 quod
4123 2432 4290 2499 pro-

2738 2518 2961 2606 prium
3001 2524 3101 2583 est
3129 2514 3285 2593 sibi,
3332 2514 3612 2598 scilicet,
3654 2516 3812 2606 quia
3856 2516 4103 2585 Pater:
4153 2540 4282 2585 vo-

2736 2631 2843 2690 cat
2881 2624 3249 2690 enimcum
3297 2623 3518 2713 primo
3576 2623 3913 2713 originem
3969 2625 4280 2692 omnium

2735 2756 2991 2817 rerum,
3023 2742 3089 2800 et
3126 2732 3425 2801 secundo
3483 2732 3918 2823 principium,
3978 2743 4046 2801 et
4086 2735 4284 2803 tertio

2735 2865 2773 2909 a
2805 2864 2966 2932 quo,
3012 2850 3078 2908 ct
3129 2849 3371 2933 quarto
3436 2839 3521 2908 ad
3579 2863 3783 2932 quem
3843 2843 4282 2922 recurrimus,

2737 2950 2975 3040 quinto
3039 2971 3278 3028 unum,
3337 2958 3530 3016 sexto
3598 2946 3782 3039 quod
3828 2958 4066 3018 auctor
4116 2972 4289 3019 con-

2735 3056 3039 3134 ditionis,
3074 3064 3138 3123 et
3169 3057 3461 3146 septimo
3493 3056 3676 3145 quod
3706 3078 3911 3123 suum
3942 3056 4285 3127 estdicere

2732 3165 2890 3254 fiat.

2826 3273 3049 3340 l‘usn
3115 3273 3299 3339 enim
3364 3270 3836 3340 consideratur
3904 3273 4284 3364 tripliciter.

2736 3381 3017 3457 scilicet,
3061 3387 3135 3447 ut
3168 3381 3576 3471 principium
3606 3401 3740 3448 non
3780 3379 3865 3449 de
3921 3383 4285 3473 principie,

2736 3501 2875 3558 tam
2919 3497 3223 3580 respectu
3255 3510 3701 3579 personarum
3735 3511 3943 3580 quam
3976 3499 4281 3581 respectu

2735 3607 3198 3665 creaturarum
3237 3618 3253 3665 z
3289 3599 3447 3687 quia
3485 3596 3607 3663 etsi
3673 3596 3906 3677 Filius,
3966 3608 4032 3665 et
4075 3597 4292 3688 Spiri-

2732 3712 2843 3770 tus
2872 3711 3146 3772 sanctus
3174 3713 3434 3787 creant,
3502 3712 3729 3772 tamen
3771 3702 3900 3771 hoc
3953 3703 4206 3773 habent
4248 3728 4287 3773 a

2734 3811 2956 3881 Patre.
2999 3812 3202 3880 l‘ater
3228 3812 3435 3880 etiam
3465 3812 3793 3902 accipitur
3848 3812 3916 3880 in
3957 3835 4079 3880 sua
4119 3837 4287 3905 pro-

2732 3923 3067 4012 prietate:
3123 3929 3190 3988 et
3256 3921 3460 3988 l’ater
3494 3921 3824 4011 accipitur
3878 3929 3952 3989 ut
4010 3922 4167 3989 finis
4216 3925 4285 3991 in

2731 4052 2935 4119 quein
2964 4030 3199 4096 omnia
3229 4027 3636 4107 referuntur,
3698 4038 3765 4095 et
3830 4051 3870 4095 a
3927 4032 4281 4114 creaturis,

2729 4150 2795 4207 et
2825 4165 2863 4206 a
2896 4138 3208 4230 personis
3243 4157 3260 4208 ε
3297 4138 3456 4229 quia
3488 4136 3699 4204 Filius
3730 4138 3797 4205 in
3844 4137 4035 4206 illum
4082 4141 4284 4209 refert

2731 4249 2914 4340 quod
2946 4256 3074 4333 est,
3106 4271 3145 4315 a
3173 4269 3311 4340 quo
3351 4246 3554 4315 habet
3585 4255 3660 4314 ut
3689 4247 3799 4327 sit,
3844 4256 3916 4316 ut
3954 4247 4119 4317 dicit
4157 4249 4288 4319 lli-

2729 4358 2963 4425 larius.
3005 4356 3084 4424 tit
3125 4354 3440 4423 similiter
3478 4356 3773 4445 Spiritus
3842 4364 4143 4426 sanctus·
4209 4359 4281 4427 Si

2727 4477 2956 4535 autem
2999 4464 3477 4533 consideratur
3542 4474 3617 4533 ut
3675 4465 4084 4556 principium
4142 4491 4283 4537 uon

2726 4575 2809 4641 de
2843 4573 3203 4663 princip-³⁶,
3238 4580 3459 4662 potest
3498 4572 3709 4663 accipi
3742 4570 4123 4663 tripliciter,
4161 4576 4283 4643 sci·

2730 4682 2881 4750 licet
2916 4682 2982 4747 iu
3014 4676 3279 4759 habitu,
3320 4677 3428 4747 vel
3469 4680 3538 4747 in
3588 4678 4027 4749 inclinatione
4059 4681 4144 4750 ad
4175 4707 4286 4753 ac·

2730 4801 2901 4869 tum,
2944 4788 3051 4856 vel
3085 4790 3153 4855 in
3184 4799 3337 4856 actu
3408 4789 3553 4879 ipso
3590 4811 3605 4855 :
3667 4797 3729 4857 et
3789 4788 3931 4858 haec
3961 4790 4285 4861 dicuntur

2728 4897 3101 4966 secundum
3137 4896 3470 4964 rationem
3527 4894 3946 4987 intelligendi
3981 4906 4277 4985 tautum,

2729 5029 2877 5097 quae
2907 5007 3080 5072 ratio
3113 5005 3523 5095 importatur
3553 5025 3673 5094 per
3697 5007 4007 5086 nomina,
4048 5016 4116 5075 et
4138 5030 4279 5077 uon

2728 5112 2912 5204 quod
2945 5113 3011 5178 in
3047 5133 3116 5179 re
3147 5113 3232 5177 sit
3275 5109 3666 5207 hujusmodi
3697 5109 4044 5182 distinctio
4090 5136 4105 5180 :
4148 5113 4281 5184 lioc

2727 5220 2909 5289 enim
2942 5218 3149 5286 modo
3183 5218 3416 5286 Sancti
3446 5228 3948 5288 consueverunt
3977 5219 4167 5312 loqui
4195 5222 4280 5290 de

2724 5329 3059 5422 personis,
3084 5327 3159 5393 Si
3191 5334 3418 5393 autem
3440 5327 3766 5417 accipitur
3803 5336 3880 5397 ut
3905 5330 3980 5396 in
4010 5327 4275 5412 habitu,

2725 5447 2888 5506 ωηο
2943 5436 3265 5504 convenit
3316 5435 3377 5504 ei
3418 5436 3664 5527 origo:
3736 5437 3790 5504 si
3854 5459 4017 5506 vero
4056 5445 4134 5506 ut
4207 5441 4277 5509 in

2727 5542 3168 5612 inclinatione
3200 5542 3286 5611 ad
3315 5551 3570 5623 actum,
3627 5550 3794 5613 ωηο
3831 5545 4159 5616 convenit
4215 5549 4274 5622 ei

2728 5650 3138 5744 principium
3185 5674 3200 5719 :
3242 5652 3298 5718 si
3359 5674 3518 5718 vero
3588 5651 3654 5718 in
3712 5661 3865 5719 actu
3908 5652 4079 5743 ipso,
4113 5662 4275 5725 tunc
