4897 6388
2042 410 2138 477 1N
2185 408 2569 479 PROLoG.
2622 372 3404 482 Mmt‘Ex‘msn-m.
3534 498 3542 505 ⁷
3849 506 3854 509 γ
4287 413 4324 478 '1
4381 430 4386 433 -
4468 388 4483 416 ’·

1122 611 1206 657 ex
1236 594 1421 677 parte
1451 579 1827 650 dilectionis
1864 578 2018 650 Dei.
2073 579 2153 649 In
2218 582 2515 651 secunda
2545 605 2675 650 au-
2781 584 3118 675 templum
3169 586 3472 664 Domini,
3511 594 3789 676 propter
3853 606 4074 674 reqem
4120 585 4324 673 Assy-

1118 705 1255 762 tem
1313 692 1474 761 dicit
1518 697 1875 760 moventes
1915 713 2002 760 ex
2046 700 2237 782 parte
2285 690 2674 759 dilectionis
2779 694 3068 759 riorum.
3105 691 3373 760 Corban
3431 703 3654 760 autem
3710 693 3818 761 vel
3858 691 4152 761 corbona
4183 697 4327 758 erat

1115 802 1408 892 proximi
1455 820 1472 870 :
1516 808 1584 868 et
1610 800 1754 869 haec
1793 802 2054 892 incipit,
2098 802 2217 879 ibi,
2283 829 2316 863 «
2350 803 2506 867 Non
2546 822 2674 866 va-
2780 798 2865 866 ad
2896 798 3178 865 donaria
3234 799 3686 877 sacerdotum,
3745 798 3826 866 de
3854 798 4018 889 :quo
4048 798 4317 888 legitur,

1116 910 1325 976 lentes
1350 909 1843 988 studiosorum,
1877 916 2004 977 etc.
2053 933 2087 973 n
2779 906 3021 975 Matth.
3055 931 3267 987 xxvu,
3311 909 3351 976 6
3385 930 3402 975 :
3435 911 3589 977 Non
3622 909 3774 975 licet
3827 931 3935 975 eos
3962 907 4225 974 mittere
4252 907 4325 973 in

1202 1016 1467 1097 Adhuc,
1497 1019 1719 1108 prima
1740 1039 1895 1108 quae
1926 1017 2229 1084 continet
2246 1038 2485 1083 causas
2517 1038 2674 1084 mo·
2778 1015 3170 1096 corbonam,
3216 1025 3343 1085 etc.
3378 1017 3677 1086 Tertium
3723 1013 4177 1085 communiter
4214 1013 4322 1081 di-

1110 1132 1346 1194 ventes
1365 1149 1452 1195 ex
1478 1134 1667 1217 parte
1697 1124 2082 1193 dilectionis
2110 1124 2262 1203 Dei,
2289 1124 2672 1192 subdividi·
2777 1125 2953 1190 citur
3007 1123 3594 1215 gazophylacium,
3630 1122 3811 1213 quod
3857 1129 3999 1190 erat
4023 1120 4106 1189 ad
4137 1119 4322 1188 obla-

1112 1232 1327 1298 turin
1368 1237 1686 1322 quatuor.
1731 1228 1810 1296 In
1864 1228 2086 1319 prima
2143 1231 2363 1318 tangit
2392 1251 2669 1297 causam
2779 1232 2998 1298 tiones
3053 1229 3298 1320 plebis,
3368 1230 3450 1298 de
3515 1253 3649 1320 quo
3714 1228 4022 1313 habetur,
4091 1226 4315 1306 Lucae,

1112 1346 1503 1406 moventem
1543 1359 1630 1404 ex
1690 1340 1883 1427 parte
1940 1336 2273 1405 mercedis
2309 1337 2666 1426 promissae
2777 1361 2921 1419 xxi,
2969 1340 2998 1405 1
3040 1359 3055 1405 ε
3108 1338 3518 1429 Respiciem,
3588 1337 3840 1406 scilicet
3881 1336 4102 1415 Jesus,
4143 1336 4320 1403 vidit

1111 1443 1583 1512 scribentibus.
1637 1440 1715 1510 In
1799 1442 2098 1511 secunda
2189 1444 2428 1510 miscet
2500 1442 2669 1510 duas
2774 1468 2886 1512 eos
2922 1447 3046 1535 qui
3090 1444 3452 1514 mittebant
3502 1467 3786 1512 munera
3831 1467 3959 1513 sua
4007 1444 4079 1511 in
4117 1465 4323 1533 qazo-

1114 1560 1467 1620 moventes
1500 1574 1516 1618 :
1553 1574 1761 1619 unam
1788 1574 1911 1642 per
1937 1573 2036 1632 se,
2069 1550 2273 1618 aliam
2304 1573 2425 1640 per
2455 1550 2665 1630 aliud,
2766 1553 3204 1643 phylacium,
3251 1554 3520 1633 divites,
3581 1561 3709 1622 etc.
3776 1551 3914 1619 Alii
3977 1550 4169 1619 aliter
4209 1550 4320 1617 di-

1111 1682 1264 1728 cum
1296 1659 1560 1728 duabus
1591 1658 2118 1740 retrahentibus,
2143 1658 2263 1740 ibi,
2289 1686 2322 1721 «
2355 1657 2670 1725 Delectat
2773 1670 2941 1729 cunt
2970 1683 2988 1729 :
3031 1683 3112 1729 eo
3144 1662 3328 1730 enirn
3368 1661 3553 1753 quod
3576 1660 3822 1752 legitur
3856 1659 4133 1727 musach
4162 1657 4316 1726 sab·

1108 1792 1231 1838 nos
1257 1773 1507 1838 veritas
1525 1770 1943 1862 pollicentis,
1978 1777 2111 1837 etc.
2148 1793 2182 1835 n
2207 1768 2285 1835 In
2312 1769 2510 1835 tertia
2537 1790 2668 1858 po-
2775 1768 2944 1847 bati,
3015 1768 3249 1836 dicunt
3314 1767 3499 1859 quod
3556 1769 3626 1835 in
3664 1766 3780 1835 illo
3818 1765 4318 1856 reponebantur

1108 1876 1208 1944 nit
1254 1899 1463 1944 unam
1528 1878 1942 1954 vincentem,
1987 1881 2054 1943 et
2100 1874 2267 1942 duas
2308 1872 2666 1942 retrahen-
2772 1874 3154 1943 oblationes
3183 1875 3442 1943 festivae
3485 1899 3501 1944 ι
3535 1875 3694 1965 quia
3721 1896 3882 1942 vero
3910 1872 4160 1941 corban
4188 1870 4316 1939 he-

1105 1993 1233 2067 tes,
1275 1984 1393 2070 ibi,
1431 2008 1466 2048 e
1501 1986 1728 2069 Quam
1782 1984 1995 2051 vineit
2050 1981 2264 2060 zelus,
2325 1989 2458 2050 etc.
2496 2007 2533 2045 n
2584 1980 2662 2048 ln
2770 1983 2999 2053 braice
3072 1984 3255 2053 idem
3338 1992 3441 2052 est
3512 1984 3696 2074 quod
3772 1991 4032 2060 votum,
4080 1980 4316 2049 dicunt
4417 1964 4424 1973 ⁹

1106 2102 1349 2184 quarta
1400 2093 1685 2160 istarum
1724 2112 1808 2159 ex
1848 2090 2072 2159 causis
2118 2090 2266 2157 istis
2322 2088 2665 2157 sufficien-
2770 2092 2956 2183 quod
2985 2094 3057 2160 in
3093 2092 3210 2160 illo
3241 2092 3741 2185 reponebantur
3776 2088 4153 2159 oblationes
4186 2110 4318 2157 vo·-

1105 2200 1286 2268 tibus
1315 2199 1400 2267 ad
1453 2197 1869 2266 movendum
1899 2218 1987 2264 ex
2040 2204 2232 2286 parte
2279 2195 2662 2264 dilectionis
2763 2202 2952 2281 tivae,
3021 2200 3092 2269 in
3168 2200 3651 2292 gazophylacio
3717 2206 3944 2267 autem
4035 2203 4318 2286 sponta-

1105 2310 1228 2377 Dei
1260 2307 1841 2399 tangitsssuccincte
1883 2304 2049 2395 quid
2110 2303 2404 2373 scribere
2434 2304 2661 2372 inten-
2767 2333 2937 2380 neoe.

1106 2415 1221 2483 dat
1255 2436 1274 2479 :
1326 2416 1525 2505 juxta
1572 2411 1756 2503 quod
1794 2411 1969 2480 infra
2013 2419 2169 2502 post
2206 2431 2446 2478 omnes
2491 2408 2658 2478 alias
2853 2419 2940 2487 Et
2965 2418 3322 2510 sequium-2

1101 2543 1341 2589 causas
1378 2518 1511 2589 hoc
1564 2518 1897 2608 prolixius
1960 2518 2240 2607 exsequi
2276 2515 2652 2605 disposuit:
2865 2555 2895 2590 α
2933 2530 3037 2596 De
3057 2527 3383 2617 penuria,
3415 2533 3544 2596 etc.
3591 2549 3625 2591 n
3657 2522 3953 2591 Penuria
3993 2521 4154 2590 dicit
4189 2521 4316 2590 de-

1103 2639 1170 2700 et
1207 2629 1355 2697 haec
1393 2629 1653 2720 incipit,
1685 2626 1806 2705 ibl,
1871 2652 1906 2692 α
1952 2628 2103 2711 Quo
2160 2625 2656 2694 inardescentes
2760 2632 3013 2702 fectum
3045 2632 3386 2701 bonorum
3425 2630 3937 2721 acquisitorum,
3969 2637 4036 2696 et
4064 2649 4314 2696 secun..

1102 2739 1310 2828 fidem
1350 2746 1682 2813 nostram.
1724 2745 1853 2803 elo·
1902 2758 1933 2799 θ
2761 2740 2927 2807 dum
2990 2738 3507 2808 translationem
3574 2736 3659 2804 ad
3710 2732 4106 2826 spiritualia,
4151 2732 4313 2802 dicit

1292 2852 1295 2855 ’
2758 2845 3096 2914 desectum
3149 2844 3425 2914 habitus
3480 2843 3789 2933 acquisiti
3853 2841 3924 2909 in
3965 2838 4307 2909 intellectu

1191 2969 1451 3035 Littera
1505 2966 1603 3032 sic
1634 2963 2056 3055 exponitur:
2758 2954 2876 3045 qui
2952 2961 3053 3021 est
3107 2953 3413 3022 scientia.
3488 2950 3805 3020 Tenuitas
3868 2957 4089 3016 autem
4147 2946 4310 3016 dicit

1191 3098 1224 3138 ι
1262 3073 1624 3162 Cupimztes
1660 3068 1987 3160 ,aliquid,
2024 3076 2152 3135 etc.
2201 3094 2233 3129 n
2278 3064 2653 3133 llumilita-
2758 3061 3284 3130 diminutionem
3307 3058 3702 3150 quantitatis
3728 3056 4070 3137 debitae,et
4088 3065 4304 3124 trans·

1096 3191 1229 3251 tem
1271 3180 1493 3257 otl'ert,
1528 3187 1598 3248 et
1633 3176 2099 3246 difficultatem
2136 3198 2153 3243 ε
2188 3175 2348 3265 quia
2373 3172 2655 3268 aliquid
2757 3171 2969 3240 latum
3011 3172 3173 3241 dicit
3200 3171 3638 3263 exiguitatem
3669 3168 3923 3260 ingenii
3952 3166 4038 3235 ad
4076 3174 4300 3236 actum

1092 3299 1290 3359 sonat
1327 3310 1592 3380 parum.
1631 3285 1850 3368 Unde,
1878 3284 2250 3362 Job,xxv1,
2297 3283 2377 3349 14
2412 3305 2430 3349 ε
2475 3283 2648 3350 Cum
2756 3280 3172 3348 inventionis
3204 3279 3525 3347 scientim.
3573 3275 3772 3355 Quod
3819 3283 4047 3343 autem
4085 3275 4308 3365 sequi·

1091 3400 1212 3465 ιη’-τ
1242 3416 1534 3488 parvam
1561 3392 1832 3460 stillam
1867 3390 2199 3458 sermonis
2216 3387 2372 3478 ejus
2399 3386 2651 3457 audie-
2755 3394 2870 3454 tur
2910 3407 2928 3453 ι
2964 3412 2999 3452 α
3041 3385 3288 3454 Ardua
3341 3383 3688 3462 scandere,
3740 3392 3896 3462 etc„
3941 3406 3975 3448 n
4021 3403 4307 3472 respon-

1093 3508 1335 3584 rimus,
1412 3504 1570 3595 quis
1617 3500 1872 3594 poterit
1928 3499 2312 3566 tonitruum
2368 3495 2650 3586 maqm'-
2756 3497 2871 3566 det
2901 3494 3246 3587 penuriae:
3281 3494 3442 3583 quia
3469 3491 3701 3559 divina
3744 3489 4061 3558 dicuntur
4092 3488 4305 3557 ardua

1093 3613 1356 3680 tudinis
1422 3610 1617 3694 illius
1672 3607 1927 3675 intueri
1959 3603 2001 3672 1⁷
2055 3604 2276 3672 Parva
2327 3602 2509 3670 stilla
2547 3613 2648 3671 est
2758 3612 3066 3696 respectu
3106 3604 3430 3671 scitorum
3472 3601 3554 3669 de
3585 3598 3829 3690 quibus
3857 3606 3958 3666 est
3994 3598 4298 3665 scientia.

1089 3740 1315 3788 sermo
1345 3717 1427 3785 de
1474 3716 1826 3785 creaturis.
1883 3702 2289 3780 Tonitruum
2349 3709 2648 3777 obruens
2756 3711 2958 3794 Quod
2994 3733 3161 3779 vero
3203 3709 3368 3779 dicit
3410 3730 3428 3777 :
3483 3734 3516 3774 ι
3572 3709 3760 3800 Opus
3807 3707 3994 3773 ultra
4032 3706 4229 3782 vires,
4265 3726 4299 3768 n

1090 3838 1156 3896 et
1186 3826 1485 3893 emicans
1523 3822 1607 3891 de
1637 3818 1818 3888 nube
1855 3817 2311 3894 obscuritatis,
2371 3824 2475 3884 est
2502 3839 2647 3883 ser·
2753 3819 3123 3912 respondet
3202 3817 3502 3888 secundo
3573 3815 3755 3909 quod
3802 3823 3904 3884 est
3958 3802 4246 3882 tenuitas
4280 3837 4297 3882 ε

1091 3956 1206 4002 mo
1237 3933 1318 4000 de
1344 3931 1674 3999 Trinitate
1730 3935 1794 3994 et
1861 3926 2142 3993 unitate.
2208 3924 2358 3992 lloc
2413 3933 2642 3992 autem
2757 3930 2917 4020 quia
2973 3927 3105 3996 hoc
3132 3925 3399 3996 dicebat
3439 3922 3916 3993 hebetudinem
3971 3922 4076 3989 vis
4108 3931 4302 3990 natu-

1088 4040 1421 4129 contingit
1459 4044 1735 4127 propter
1770 4034 2069 4102 materiae
2125 4030 2588 4099 difficultatem
2625 4053 2641 4098 τ
2756 4036 2943 4116 ralis,
2984 4033 3169 4126 quod
3199 4041 3301 4102 est
3329 4032 3705 4124 ingenium.

1089 4153 1261 4220 sicut
1326 4148 1638 4222 habetur,
1700 4144 1922 4215 Ecclc.
1985 4168 2031 4228 ι,
2070 4146 2111 4211 8
2154 4166 2171 4212 :
2219 4144 2495 4212 Cuncta?
2539 4166 2645 4210 res
2844 4174 2877 4207 «ι
2923 4143 3167 4213 Ardua
3192 4142 3541 4227 scandere,
3599 4149 3726 4209 etc.
3772 4165 3806 4207 n
3847 4137 4074 4218 Notat,
4115 4135 4297 4230 quod
4327 4151 4622 4254 ³25⁸?ssssss

1089 4257 1418 4348 disficiles
1449 4278 1473 4322 .·
1504 4276 1637 4321 non
1670 4260 1894 4344 potest
1919 4272 2035 4318 eas
2070 4251 2271 4317 homo
2327 4249 2644 4342 explica-
2753 4252 2966 4321 ardua
3029 4260 3190 4319 sunt
3217 4248 3717 4341 alta‘quaedam,
3759 4247 3875 4316 sed
3905 4268 4041 4314 non
4081 4244 4299 4315 eleva·
4408 4262 4582 4307 amun.

1087 4390 1162 4434 re
1183 4389 1509 4434 sermone.
2749 4368 2821 4429 ta
2885 4382 3089 4450 supra
3156 4358 3531 4449 potentiam
3598 4358 3808 4425 nostri
3895 4354 4291 4424 intellectus.

1180 4503 1213 4543 ι
1259 4479 1336 4545 ln
1372 4473 1981 4567 gazophylacium,
2034 4479 2161 4537 etc.
2220 4498 2251 4529 n
2299 4474 2502 4537 Gazae
2530 4470 2642 4537 di·
2751 4468 2942 4560 Opus
2972 4476 3200 4536 autem
3231 4465 3410 4534 ultra
3446 4467 3628 4533 vires
3672 4472 3800 4545 est,
3841 4463 4021 4557 quod
4051 4471 4153 4532 est
4175 4461 4304 4532 elo·

1090 4585 1291 4652 vitias
1329 4584 1586 4675 persice
1616 4587 1887 4662 sonant,
1922 4590 2216 4672 φυλάσσειν
2255 4601 2470 4668 graece
2495 4602 2643 4645 ser·
2749 4588 2984 4648 vatum
3030 4598 3238 4667 supra
3291 4583 3595 4642 nostram
3645 4575 4038 4664 potentiam.
4084 4570 4302 4640 Scan-

1088 4716 1249 4759 vare‘
1279 4715 1301 4760 :
1333 4690 1511 4758 unde
1551 4686 2131 4779 qazopleylacium
2188 4686 2639 4753 servatorium
2749 4687 3007 4755 duntur
3034 4694 3264 4753 autem
3296 4682 3506 4751 ardua
3548 4682 3786 4772 triplici
3835 4680 4044 4770 gradu
4077 4702 4094 4749 :
4123 4703 4306 4772 qua·-

1089 4800 1233 4868 sive
1274 4798 1467 4866 theca
1505 4796 1901 4865 divitiarum
1958 4801 2086 4861 est.
2123 4792 2266 4859 lloc
2295 4802 2523 4860 autem
2571 4794 2638 4859 in
2749 4794 2908 4862 dam
2966 4792 3150 4860 enim
3190 4789 3518 4858 accedunt
3556 4786 3641 4854 ad
3668 4788 3965 4854 animam
4004 4795 4303 4855 nostram

1092 4909 1221 4976 hoc
1310 4905 1512 4974 Libro
1584 4902 1883 4971 studium
1975 4901 2307 4991 signiticat
2392 4910 2640 4968 sanctae
2751 4923 2984 4979 sensu,
3034 4899 3550 4987 imaginatione,
3583 4904 3647 4963 et
3688 4893 4023 4963 intellectu
4058 4918 4075 4963 ε
4110 4918 4304 4986 quas-

1091 5016 1431 5098 Ecclcsiae,
1494 5015 1561 5080 in
1601 5033 1738 5102 quo
1810 5018 2257 5100 reposuerunt
2315 5009 2643 5078 Doctores
2754 5008 2912 5075 dam
2946 5005 3462 5095 imaginatione,
3516 5010 3580 5070 et
3613 5001 3952 5070 intellectu
3990 5010 4296 5070 tantum:

1094 5126 1308 5194 sancti
1348 5145 1509 5191 suos
1540 5119 1775 5187 libros.
2757 5113 3074 5207 quaedam
3112 5119 3341 5180 autem
3373 5110 3714 5204 intellectu
3744 5119 4028 5182 tantum.
4073 5110 4304 5179 Prima

741 5238 1045 5341 Τῆρῑῖκιει·
1192 5234 1346 5300 Erat
1383 5240 1608 5298 autem
1648 5227 1830 5319 apud
1866 5236 2129 5295 veteres
2162 5226 2405 5317 triplex
2443 5250 2644 5318 gazo·
2755 5230 2916 5290 sunt
2946 5219 3082 5288 alta
3111 5228 3405 5302 tantum,
3471 5218 3765 5286 secunda
3820 5217 4081 5296 altiora,
4109 5223 4307 5287 tortia

782 5307 1010 5397 “guyn-⁸⁸
1092 5340 1510 5433 phylacium‚
1578 5334 1853 5414 scilicet,
1916 5334 2199 5402 musach
2264 5335 2448 5426 quod
2506 5343 2649 5403 erat
2757 5330 3114 5399 altissima.
3160 5326 3382 5407 Unde,
3425 5326 3846 5418 Augustinus
3893 5349 4096 5417 super
4168 5328 4304 5396 Ge-

1094 5448 1180 5517 ad
1240 5444 1620 5514 oblationes
1685 5463 1949 5531 regum,
2010 5439 2092 5507 dc
2150 5463 2284 5531 quo
2332 5440 2646 5525 habetur,
2756 5438 2974 5507 nesim
3009 5459 3024 5502 ε
3055 5435 3212 5502 Tria
3239 5436 3583 5501 visionum
3622 5455 3870 5524 genera
3923 5443 4308 5505 occurrunt.

1094 5555 1190 5622 IV
1213 5554 1503 5644 Regum,
1549 5572 1691 5625 xvr,
1746 5550 1849 5624 18,
1894 5547 2078 5637 quod
2111 5547 2337 5617 Achaz
2366 5549 2650 5617 mnesaclz
2759 5545 2994 5612 Unum
3025 5565 3148 5633 per
3195 5541 3458 5624 ocu103,
3494 5540 3739 5631 quibus
3769 5563 3875 5609 res
3924 5541 4309 5633 corporales

1092 5660 1388 5740 sabbati,
1431 5655 1621 5748 quod
1669 5653 2131 5742 :edificaverat
2161 5656 2229 5720 in
2272 5654 2552 5746 templa,
2589 5664 2653 5721 et
2759 5653 3081 5718 videntur
3117 5673 3133 5717 ε
3181 5647 3469 5717 alterum
3503 5671 3621 5739 per
3672 5648 4007 5738 spiritum,
4041 5671 4174 5739 quo
4209 5672 4313 5715 res

1102 5769 1481 5858 inqressum
1544 5763 1722 5852 reqis
1776 5761 2098 5846 emerim,
2174 5765 2500 5834 convertit
2578 5764 2650 5830 in
2766 5762 3082 5830 absentes
3112 5756 3497 5849 corporales
3536 5741 3974 5848 cogitantur:
4034 5758 4312 5825 tertium
