<?xml version="1.0" encoding="UTF-8"?>
<!DOCTYPE html PUBLIC "-//W3C//DTD XHTML 1.0 Transitional//EN"
    "http://www.w3.org/TR/xhtml1/DTD/xhtml1-transitional.dtd">
<html xmlns="http://www.w3.org/1999/xhtml" xml:lang="en" lang="en">
 <head>
  <title>
</title>
<meta http-equiv="Content-Type" content="text/html;charset=utf-8" />
  <meta name='ocr-system' content='tesseract 3.04.00' />
  <meta name='ocr-capabilities' content='ocr_page ocr_carea ocr_par ocr_line ocrx_word'/>
</head>
<body>
  <div class='ocr_page' id='page_1' title='image "balbertimagnira03chgoog_0536.png"; bbox 0 0 4897 6388; ppageno 0'>
   <div class='ocr_carea' id='block_1_1' title="bbox 697 272 2888 396">
    <p class='ocr_par' dir='ltr' id='par_1_1' title="bbox 697 272 2888 396">
     <span class='ocr_line' id='line_1_1' title="bbox 697 272 2888 396; baseline 0.005 -40"><span class='ocrx_word' id='word_1_1' title='bbox 697 301 828 367; x_wconf 68' lang='lat'>488</span> <span class='ocrx_word' id='word_1_2' title='bbox 1669 293 1754 361; x_wconf 83' lang='lat' dir='ltr'>n.</span> <span class='ocrx_word' id='word_1_3' title='bbox 1808 292 2004 396; x_wconf 55' lang='grc' dir='ltr'><strong>ΑΕΒ.</strong></span> <span class='ocrx_word' id='word_1_4' title='bbox 2057 272 2290 361; x_wconf 63' lang='grc' dir='ltr'>ΜΑοζ</span> <span class='ocrx_word' id='word_1_5' title='bbox 2329 293 2534 364; x_wconf 76' lang='lat' dir='ltr'>ono.</span> <span class='ocrx_word' id='word_1_6' title='bbox 2588 296 2888 367; x_wconf 80' lang='lat' dir='ltr'><strong>PRAED.</strong></span> 
     </span>
    </p>
   </div>
   <div class='ocr_carea' id='block_1_2' title="bbox 698 442 3924 4213">
    <p class='ocr_par' dir='ltr' id='par_1_2' title="bbox 698 442 3924 4213">
     <span class='ocr_line' id='line_1_2' title="bbox 700 442 3921 575; baseline 0.003 -31"><span class='ocrx_word' id='word_1_7' title='bbox 700 457 1191 544; x_wconf 78' lang='lat' dir='ltr'>caturmotus</span> <span class='ocrx_word' id='word_1_8' title='bbox 1225 467 1547 542; x_wconf 90' lang='lat' dir='ltr'>mentis:</span> <span class='ocrx_word' id='word_1_9' title='bbox 1579 488 1752 540; x_wconf 85' lang='lat' dir='ltr'>curn</span> <span class='ocrx_word' id='word_1_10' title='bbox 1771 442 1998 539; x_wconf 79' lang='lat' dir='ltr'>etiam</span> <span class='ocrx_word' id='word_1_11' title='bbox 2046 466 2116 566; x_wconf 88' lang='lat' dir='ltr'>in</span> <span class='ocrx_word' id='word_1_12' title='bbox 2166 466 2357 541; x_wconf 85' lang='lat' dir='ltr'>libro</span> <span class='ocrx_word' id='word_1_13' title='bbox 2401 466 2821 566; x_wconf 57' lang='lat' dir='ltr'>Sapientiae</span> <span class='ocrx_word' id='word_1_14' title='bbox 2849 468 3155 544; x_wconf 87' lang='lat' dir='ltr'>dicatur</span> <span class='ocrx_word' id='word_1_15' title='bbox 3192 471 3593 572; x_wconf 87' lang='lat' dir='ltr'>de·spiritu</span> <span class='ocrx_word' id='word_1_16' title='bbox 3621 477 3921 575; x_wconf 87' lang='lat' dir='ltr'>sapien·</span> 
     </span>
     <span class='ocr_line' id='line_1_3' title="bbox 699 602 3917 707; baseline 0.003 -30"><span class='ocrx_word' id='word_1_17' title='bbox 699 604 847 690; x_wconf 78' lang='lat' dir='ltr'>tiae,</span> <span class='ocrx_word' id='word_1_18' title='bbox 881 604 1013 701; x_wconf 87' lang='lat' dir='ltr'>qui</span> <span class='ocrx_word' id='word_1_19' title='bbox 1046 604 1347 701; x_wconf 81' lang='lat' dir='ltr'>attingit</span> <span class='ocrx_word' id='word_1_20' title='bbox 1386 628 1431 678; x_wconf 92' lang='lat' dir='ltr'>a</span> <span class='ocrx_word' id='word_1_21' title='bbox 1472 603 1624 678; x_wconf 78' lang='lat' dir='ltr'>tine</span> <span class='ocrx_word' id='word_1_22' title='bbox 1670 625 1911 701; x_wconf 88' lang='lat' dir='ltr'>usque</span> <span class='ocrx_word' id='word_1_23' title='bbox 1953 603 2042 677; x_wconf 87' lang='lat' dir='ltr'>ad</span> <span class='ocrx_word' id='word_1_24' title='bbox 2093 602 2323 678; x_wconf 81' lang='lat' dir='ltr'>finem</span> <span class='ocrx_word' id='word_1_25' title='bbox 2370 603 2416 699; x_wconf 84' lang='lat'>¹,</span> <span class='ocrx_word' id='word_1_26' title='bbox 2453 606 2585 703; x_wconf 87' lang='lat' dir='ltr'>qui</span> <span class='ocrx_word' id='word_1_27' title='bbox 2628 616 2744 680; x_wconf 92' lang='lat' dir='ltr'>est</span> <span class='ocrx_word' id='word_1_28' title='bbox 2783 617 3000 683; x_wconf 86' lang='lat' dir='ltr'>actus</span> <span class='ocrx_word' id='word_1_29' title='bbox 3033 609 3374 706; x_wconf 86' lang='lat' dir='ltr'>mobilis,</span> <span class='ocrx_word' id='word_1_30' title='bbox 3439 624 3721 707; x_wconf 86' lang='lat' dir='ltr'>certus,</span> <span class='ocrx_word' id='word_1_31' title='bbox 3793 615 3917 688; x_wconf 92' lang='lat' dir='ltr'>in-</span> 
     </span>
     <span class='ocr_line' id='line_1_4' title="bbox 698 737 3909 844; baseline 0.002 -31"><span class='ocrx_word' id='word_1_32' title='bbox 698 739 1268 836; x_wconf 79' lang='lat' dir='ltr'>coinquinatus.</span> <span class='ocrx_word' id='word_1_33' title='bbox 1337 738 1554 826; x_wconf 85' lang='lat' dir='ltr'>Quod</span> <span class='ocrx_word' id='word_1_34' title='bbox 1594 761 1749 811; x_wconf 90' lang='lat' dir='ltr'>non</span> <span class='ocrx_word' id='word_1_35' title='bbox 1793 737 1964 812; x_wconf 88' lang='lat' dir='ltr'>ideo</span> <span class='ocrx_word' id='word_1_36' title='bbox 1997 737 2304 832; x_wconf 85' lang='lat' dir='ltr'>dicitur,</span> <span class='ocrx_word' id='word_1_37' title='bbox 2341 739 2550 836; x_wconf 87' lang='lat' dir='ltr'>quod</span> <span class='ocrx_word' id='word_1_38' title='bbox 2582 740 2966 838; x_wconf 89' lang='lat' dir='ltr'>sapientia</span> <span class='ocrx_word' id='word_1_39' title='bbox 2997 742 3096 817; x_wconf 88' lang='lat' dir='ltr'>sit</span> <span class='ocrx_word' id='word_1_40' title='bbox 3137 744 3421 820; x_wconf 87' lang='lat' dir='ltr'>mobile</span> <span class='ocrx_word' id='word_1_41' title='bbox 3455 748 3744 844; x_wconf 81' lang='lat' dir='ltr'>aliquid</span> <span class='ocrx_word' id='word_1_42' title='bbox 3788 750 3909 823; x_wconf 80' lang='lat' dir='ltr'>vel</span> 
     </span>
     <span class='ocr_line' id='line_1_5' title="bbox 702 872 3909 977; baseline 0.002 -28"><span class='ocrx_word' id='word_1_43' title='bbox 702 886 918 950; x_wconf 84' lang='lat' dir='ltr'>aetus</span> <span class='ocrx_word' id='word_1_44' title='bbox 950 875 1255 972; x_wconf 86' lang='lat' dir='ltr'>aliquis,</span> <span class='ocrx_word' id='word_1_45' title='bbox 1301 874 1433 948; x_wconf 89' lang='lat' dir='ltr'>sed</span> <span class='ocrx_word' id='word_1_46' title='bbox 1477 873 1660 971; x_wconf 89' lang='lat' dir='ltr'>quia</span> <span class='ocrx_word' id='word_1_47' title='bbox 1689 872 1808 947; x_wconf 91' lang='lat' dir='ltr'>sui</span> <span class='ocrx_word' id='word_1_48' title='bbox 1850 872 2383 947; x_wconf 81' lang='lat' dir='ltr'>immobilitate</span> <span class='ocrx_word' id='word_1_49' title='bbox 2425 874 2688 950; x_wconf 90' lang='lat' dir='ltr'>omnia</span> <span class='ocrx_word' id='word_1_50' title='bbox 2745 876 3079 974; x_wconf 83' lang='lat' dir='ltr'>attingit,</span> <span class='ocrx_word' id='word_1_51' title='bbox 3153 901 3312 953; x_wconf 89' lang='lat' dir='ltr'>non</span> <span class='ocrx_word' id='word_1_52' title='bbox 3369 881 3593 955; x_wconf 83' lang='lat' dir='ltr'>locali</span> <span class='ocrx_word' id='word_1_53' title='bbox 3672 894 3909 977; x_wconf 87' lang='lat' dir='ltr'>motu,</span> 
     </span>
     <span class='ocr_line' id='line_1_6' title="bbox 702 1007 3914 1112; baseline 0.003 -28"><span class='ocrx_word' id='word_1_54' title='bbox 702 1010 835 1084; x_wconf 90' lang='lat' dir='ltr'>sed</span> <span class='ocrx_word' id='word_1_55' title='bbox 882 1021 963 1083; x_wconf 92' lang='lat' dir='ltr'>ut</span> <span class='ocrx_word' id='word_1_56' title='bbox 994 1008 1278 1106; x_wconf 89' lang='lat' dir='ltr'>ubique</span> <span class='ocrx_word' id='word_1_57' title='bbox 1320 1031 1623 1106; x_wconf 91' lang='lat' dir='ltr'>semper</span> <span class='ocrx_word' id='word_1_58' title='bbox 1661 1007 1783 1096; x_wconf 88' lang='lat' dir='ltr'>sit,</span> <span class='ocrx_word' id='word_1_59' title='bbox 1828 1017 1899 1081; x_wconf 88' lang='lat' dir='ltr'>et</span> <span class='ocrx_word' id='word_1_60' title='bbox 1941 1029 2324 1104; x_wconf 82' lang='lat' dir='ltr'><strong>nusquam</strong></span> <span class='ocrx_word' id='word_1_61' title='bbox 2367 1007 2670 1083; x_wconf 83' lang='lat' dir='ltr'>inclusa</span> <span class='ocrx_word' id='word_1_62' title='bbox 2701 1019 3082 1086; x_wconf 86' lang='lat' dir='ltr'>teneatur.</span> <span class='ocrx_word' id='word_1_63' title='bbox 3149 1012 3278 1088; x_wconf 86' lang='lat' dir='ltr'>Sic</span> <span class='ocrx_word' id='word_1_64' title='bbox 3337 1038 3522 1112; x_wconf 86' lang='lat' dir='ltr'>ergo</span> <span class='ocrx_word' id='word_1_65' title='bbox 3584 1019 3914 1093; x_wconf 87' lang='lat' dir='ltr'>charitas</span> 
     </span>
     <span class='ocr_line' id='line_1_7' title="bbox 703 1141 3911 1245; baseline 0.003 -30"><span class='ocrx_word' id='word_1_66' title='bbox 703 1143 982 1218; x_wconf 87' lang='lat' dir='ltr'>dieitur</span> <span class='ocrx_word' id='word_1_67' title='bbox 1023 1153 1273 1217; x_wconf 87' lang='lat' dir='ltr'>motus</span> <span class='ocrx_word' id='word_1_68' title='bbox 1305 1141 1566 1229; x_wconf 90' lang='lat' dir='ltr'>animi,</span> <span class='ocrx_word' id='word_1_69' title='bbox 1606 1165 1761 1215; x_wconf 90' lang='lat' dir='ltr'>non</span> <span class='ocrx_word' id='word_1_70' title='bbox 1803 1142 2007 1239; x_wconf 90' lang='lat' dir='ltr'>quod</span> <span class='ocrx_word' id='word_1_71' title='bbox 2041 1142 2208 1240; x_wconf 88' lang='lat' dir='ltr'>ipsa</span> <span class='ocrx_word' id='word_1_72' title='bbox 2248 1142 2345 1217; x_wconf 87' lang='lat' dir='ltr'>sit</span> <span class='ocrx_word' id='word_1_73' title='bbox 2379 1153 2630 1219; x_wconf 91' lang='lat' dir='ltr'>motus</span> <span class='ocrx_word' id='word_1_74' title='bbox 2660 1146 2782 1220; x_wconf 86' lang='lat' dir='ltr'>vel</span> <span class='ocrx_word' id='word_1_75' title='bbox 2824 1145 3127 1221; x_wconf 85' lang='lat' dir='ltr'>affectio</span> <span class='ocrx_word' id='word_1_76' title='bbox 3157 1150 3289 1224; x_wconf 87' lang='lat' dir='ltr'>vel</span> <span class='ocrx_word' id='word_1_77' title='bbox 3339 1149 3589 1226; x_wconf 86' lang='lat' dir='ltr'>virtus</span> <span class='ocrx_word' id='word_1_78' title='bbox 3647 1152 3911 1245; x_wconf 88' lang='lat' dir='ltr'>animi,</span> 
     </span>
     <span class='ocr_line' id='line_1_8' title="bbox 702 1276 3914 1378; baseline 0.001 -24"><span class='ocrx_word' id='word_1_79' title='bbox 702 1280 836 1354; x_wconf 91' lang='lat' dir='ltr'>sed</span> <span class='ocrx_word' id='word_1_80' title='bbox 878 1280 1062 1378; x_wconf 88' lang='lat' dir='ltr'>quia</span> <span class='ocrx_word' id='word_1_81' title='bbox 1099 1301 1437 1378; x_wconf 90' lang='lat' dir='ltr'>peream</span> <span class='ocrx_word' id='word_1_82' title='bbox 1507 1277 1726 1375; x_wconf 81' lang='lat' dir='ltr'>quasi</span> <span class='ocrx_word' id='word_1_83' title='bbox 1803 1287 2006 1352; x_wconf 86' lang='lat' dir='ltr'>esset</span> <span class='ocrx_word' id='word_1_84' title='bbox 2069 1277 2340 1370; x_wconf 82' lang='lat' dir='ltr'>virtuS,</span> <span class='ocrx_word' id='word_1_85' title='bbox 2411 1276 2745 1354; x_wconf 81' lang='lat' dir='ltr'>afficitur</span> <span class='ocrx_word' id='word_1_86' title='bbox 2785 1302 3009 1356; x_wconf 89' lang='lat' dir='ltr'>mens</span> <span class='ocrx_word' id='word_1_87' title='bbox 3075 1290 3152 1357; x_wconf 88' lang='lat' dir='ltr'>et</span> <span class='ocrx_word' id='word_1_88' title='bbox 3229 1293 3611 1359; x_wconf 89' lang='lat' dir='ltr'>movetur.</span> <span class='ocrx_word' id='word_1_89' title='bbox 3658 1284 3805 1360; x_wconf 93' lang='lat' dir='ltr'>Sed</span> <span class='ocrx_word' id='word_1_90' title='bbox 3851 1287 3914 1361; x_wconf 90' lang='lat' dir='ltr'>si</span> 
     </span>
     <span class='ocr_line' id='line_1_9' title="bbox 701 1411 3919 1517; baseline 0 -28"><span class='ocrx_word' id='word_1_91' title='bbox 701 1413 1035 1489; x_wconf 84' lang='lat' dir='ltr'>charitas</span> <span class='ocrx_word' id='word_1_92' title='bbox 1067 1412 1398 1511; x_wconf 79' lang='lat' dir='ltr'>Spiritus</span> <span class='ocrx_word' id='word_1_93' title='bbox 1438 1421 1749 1486; x_wconf 87' lang='lat' dir='ltr'>sanctus</span> <span class='ocrx_word' id='word_1_94' title='bbox 1789 1420 1928 1505; x_wconf 87' lang='lat' dir='ltr'>est,</span> <span class='ocrx_word' id='word_1_95' title='bbox 1966 1411 2097 1509; x_wconf 87' lang='lat' dir='ltr'>qui</span> <span class='ocrx_word' id='word_1_96' title='bbox 2138 1421 2504 1510; x_wconf 80' lang='lat' dir='ltr'>operatur</span> <span class='ocrx_word' id='word_1_97' title='bbox 2536 1412 2612 1485; x_wconf 91' lang='lat' dir='ltr'>in</span> <span class='ocrx_word' id='word_1_98' title='bbox 2654 1413 2987 1511; x_wconf 84' lang='lat' dir='ltr'>singulis</span> <span class='ocrx_word' id='word_1_99' title='bbox 3026 1425 3261 1514; x_wconf 88' lang='lat' dir='ltr'>prout</span> <span class='ocrx_word' id='word_1_100' title='bbox 3288 1419 3459 1491; x_wconf 87' lang='lat' dir='ltr'>vult</span> <span class='ocrx_word' id='word_1_101' title='bbox 3484 1415 3536 1504; x_wconf 83' lang='lat'>²,</span> <span class='ocrx_word' id='word_1_102' title='bbox 3571 1441 3745 1492; x_wconf 87' lang='lat' dir='ltr'>cum</span> <span class='ocrx_word' id='word_1_103' title='bbox 3780 1441 3919 1517; x_wconf 90' lang='lat' dir='ltr'>per</span> 
     </span>
     <span class='ocr_line' id='line_1_10' title="bbox 708 1547 3914 1652; baseline 0.001 -28"><span class='ocrx_word' id='word_1_104' title='bbox 708 1573 883 1624; x_wconf 91' lang='lat' dir='ltr'>eum</span> <span class='ocrx_word' id='word_1_105' title='bbox 932 1572 1147 1624; x_wconf 87' lang='lat' dir='ltr'>mens</span> <span class='ocrx_word' id='word_1_106' title='bbox 1188 1548 1526 1623; x_wconf 89' lang='lat' dir='ltr'>hominis</span> <span class='ocrx_word' id='word_1_107' title='bbox 1557 1547 1936 1622; x_wconf 81' lang='lat' dir='ltr'>afficiatur</span> <span class='ocrx_word' id='word_1_108' title='bbox 1974 1556 2050 1621; x_wconf 90' lang='lat' dir='ltr'>et</span> <span class='ocrx_word' id='word_1_109' title='bbox 2091 1558 2496 1623; x_wconf 81' lang='lat' dir='ltr'>moveatur</span> <span class='ocrx_word' id='word_1_110' title='bbox 2525 1548 2621 1622; x_wconf 89' lang='lat' dir='ltr'>ad</span> <span class='ocrx_word' id='word_1_111' title='bbox 2649 1548 3156 1646; x_wconf 86' lang='lat' dir='ltr'>credendum,</span> <span class='ocrx_word' id='word_1_112' title='bbox 3218 1553 3344 1626; x_wconf 85' lang='lat' dir='ltr'>vel</span> <span class='ocrx_word' id='word_1_113' title='bbox 3411 1554 3914 1652; x_wconf 75' lang='lat' dir='ltr'>sperandum,</span> 
     </span>
     <span class='ocr_line' id='line_1_11' title="bbox 706 1679 3919 1781; baseline 0.002 -25"><span class='ocrx_word' id='word_1_114' title='bbox 706 1691 781 1756; x_wconf 89' lang='lat' dir='ltr'>et</span> <span class='ocrx_word' id='word_1_115' title='bbox 818 1681 1290 1779; x_wconf 87' lang='lat' dir='ltr'>hujusmodi,</span> <span class='ocrx_word' id='word_1_116' title='bbox 1326 1683 1525 1757; x_wconf 87' lang='lat' dir='ltr'>sieut</span> <span class='ocrx_word' id='word_1_117' title='bbox 1563 1681 1653 1755; x_wconf 93' lang='lat' dir='ltr'>ad</span> <span class='ocrx_word' id='word_1_118' title='bbox 1697 1680 2172 1777; x_wconf 85' lang='lat' dir='ltr'>diligendum</span> <span class='ocrx_word' id='word_1_119' title='bbox 2210 1679 2505 1781; x_wconf 59' lang='lat' dir='ltr'>{quare</span> <span class='ocrx_word' id='word_1_120' title='bbox 2538 1706 2692 1757; x_wconf 90' lang='lat' dir='ltr'>non</span> <span class='ocrx_word' id='word_1_121' title='bbox 2736 1681 2848 1758; x_wconf 86' lang='lat' dir='ltr'>sic</span> <span class='ocrx_word' id='word_1_122' title='bbox 2913 1683 3202 1759; x_wconf 85' lang='lat' dir='ltr'>dicitur</span> <span class='ocrx_word' id='word_1_123' title='bbox 3276 1686 3919 1762; x_wconf 81' lang='lat' dir='ltr'>charitasmotus</span> 
     </span>
     <span class='ocr_line' id='line_1_12' title="bbox 705 1813 3915 1917; baseline 0.002 -29"><span class='ocrx_word' id='word_1_124' title='bbox 705 1816 822 1891; x_wconf 84' lang='lat' dir='ltr'>vel</span> <span class='ocrx_word' id='word_1_125' title='bbox 866 1814 1161 1892; x_wconf 81' lang='lat' dir='ltr'>affectio</span> <span class='ocrx_word' id='word_1_126' title='bbox 1197 1815 1473 1890; x_wconf 88' lang='lat' dir='ltr'>mentis</span> <span class='ocrx_word' id='word_1_127' title='bbox 1512 1815 1604 1888; x_wconf 88' lang='lat' dir='ltr'>ad</span> <span class='ocrx_word' id='word_1_128' title='bbox 1637 1813 2133 1910; x_wconf 87' lang='lat' dir='ltr'>credendum,</span> <span class='ocrx_word' id='word_1_129' title='bbox 2167 1816 2292 1890; x_wconf 79' lang='lat' dir='ltr'>vel</span> <span class='ocrx_word' id='word_1_130' title='bbox 2333 1816 2832 1914; x_wconf 83' lang='lat' dir='ltr'>sperandum,</span> <span class='ocrx_word' id='word_1_131' title='bbox 2867 1817 3069 1893; x_wconf 85' lang='lat' dir='ltr'>sicut</span> <span class='ocrx_word' id='word_1_132' title='bbox 3094 1818 3191 1892; x_wconf 88' lang='lat' dir='ltr'>ad</span> <span class='ocrx_word' id='word_1_133' title='bbox 3224 1817 3766 1917; x_wconf 80' lang='lat' dir='ltr'>diligendum?</span> <span class='ocrx_word' id='word_1_134' title='bbox 3801 1820 3915 1895; x_wconf 86' lang='lat' dir='ltr'>Ad</span> 
     </span>
     <span class='ocr_line' id='line_1_13' title="bbox 703 1950 3917 2052; baseline 0.001 -28"><span class='ocrx_word' id='word_1_135' title='bbox 703 1950 909 2047; x_wconf 87' lang='lat' dir='ltr'>quod</span> <span class='ocrx_word' id='word_1_136' title='bbox 949 1974 1133 2026; x_wconf 89' lang='lat' dir='ltr'>sane</span> <span class='ocrx_word' id='word_1_137' title='bbox 1165 1950 1311 2025; x_wconf 86' lang='lat' dir='ltr'>diei</span> <span class='ocrx_word' id='word_1_138' title='bbox 1356 1961 1628 2049; x_wconf 86' lang='lat' dir='ltr'>potest,</span> <span class='ocrx_word' id='word_1_139' title='bbox 1674 1952 1857 2048; x_wconf 89' lang='lat' dir='ltr'>quia</span> <span class='ocrx_word' id='word_1_140' title='bbox 1895 1951 2196 2048; x_wconf 87' lang='lat' dir='ltr'>aliquos</span> <span class='ocrx_word' id='word_1_141' title='bbox 2237 1961 2454 2026; x_wconf 83' lang='lat' dir='ltr'>actus</span> <span class='ocrx_word' id='word_1_142' title='bbox 2495 1961 2723 2049; x_wconf 89' lang='lat' dir='ltr'>atque</span> <span class='ocrx_word' id='word_1_143' title='bbox 2766 1960 3024 2027; x_wconf 88' lang='lat' dir='ltr'>motus</span> <span class='ocrx_word' id='word_1_144' title='bbox 3099 1952 3478 2027; x_wconf 87' lang='lat' dir='ltr'>virtutum</span> <span class='ocrx_word' id='word_1_145' title='bbox 3555 1964 3917 2052; x_wconf 77' lang='lat' dir='ltr'>operatur</span> 
     </span>
     <span class='ocr_line' id='line_1_14' title="bbox 703 2076 3909 2185; baseline 0.002 -28"><span class='ocrx_word' id='word_1_146' title='bbox 703 2084 1064 2179; x_wconf 63' lang='lat' dir='ltr'>chariam,</span> <span class='ocrx_word' id='word_1_147' title='bbox 1102 2084 1171 2158; x_wconf 91' lang='lat' dir='ltr'>id</span> <span class='ocrx_word' id='word_1_148' title='bbox 1214 2096 1354 2173; x_wconf 90' lang='lat' dir='ltr'>est,</span> <span class='ocrx_word' id='word_1_149' title='bbox 1387 2083 1718 2182; x_wconf 86' lang='lat' dir='ltr'>Spiritus</span> <span class='ocrx_word' id='word_1_150' title='bbox 1756 2076 2068 2160; x_wconf 77' lang='lat' dir='ltr'>sanc&#39;tus</span> <span class='ocrx_word' id='word_1_151' title='bbox 2102 2080 2618 2160; x_wconf 81' lang='lat' dir='ltr'>mediantibus</span> <span class='ocrx_word' id='word_1_152' title='bbox 2650 2085 3066 2161; x_wconf 88' lang='lat' dir='ltr'>virtutibus</span> <span class='ocrx_word' id='word_1_153' title='bbox 3091 2109 3427 2185; x_wconf 88' lang='lat' dir='ltr'>quarum</span> <span class='ocrx_word' id='word_1_154' title='bbox 3456 2097 3674 2162; x_wconf 82' lang='lat' dir='ltr'>actus</span> <span class='ocrx_word' id='word_1_155' title='bbox 3703 2099 3909 2182; x_wconf 89' lang='lat' dir='ltr'>sunt,</span> 
     </span>
     <span class='ocr_line' id='line_1_15' title="bbox 705 2219 3911 2321; baseline 0.001 -26"><span class='ocrx_word' id='word_1_156' title='bbox 705 2228 965 2318; x_wconf 86' lang='lat' dir='ltr'>utpote</span> <span class='ocrx_word' id='word_1_157' title='bbox 997 2228 1247 2294; x_wconf 87' lang='lat' dir='ltr'>aetum</span> <span class='ocrx_word' id='word_1_158' title='bbox 1283 2219 1488 2315; x_wconf 78' lang='lat' dir='ltr'>fidei,</span> <span class='ocrx_word' id='word_1_159' title='bbox 1516 2219 1588 2293; x_wconf 92' lang='lat' dir='ltr'>id</span> <span class='ocrx_word' id='word_1_160' title='bbox 1621 2229 1760 2308; x_wconf 89' lang='lat' dir='ltr'>est,</span> <span class='ocrx_word' id='word_1_161' title='bbox 1791 2220 2101 2297; x_wconf 85' lang='lat' dir='ltr'>eredere</span> <span class='ocrx_word' id='word_1_162' title='bbox 2133 2219 2282 2296; x_wconf 83' lang='lat' dir='ltr'>tide</span> <span class='ocrx_word' id='word_1_163' title='bbox 2316 2221 2596 2315; x_wconf 88' lang='lat' dir='ltr'>media,</span> <span class='ocrx_word' id='word_1_164' title='bbox 2621 2232 2697 2297; x_wconf 90' lang='lat' dir='ltr'>et</span> <span class='ocrx_word' id='word_1_165' title='bbox 2719 2232 2742 2269; x_wconf 82' lang='lat'>⁸</span> <span class='ocrx_word' id='word_1_166' title='bbox 2771 2230 3031 2297; x_wconf 90' lang='lat' dir='ltr'>actum</span> <span class='ocrx_word' id='word_1_167' title='bbox 3071 2220 3270 2321; x_wconf 86' lang='lat' dir='ltr'>spei,</span> <span class='ocrx_word' id='word_1_168' title='bbox 3309 2221 3380 2295; x_wconf 90' lang='lat' dir='ltr'>id</span> <span class='ocrx_word' id='word_1_169' title='bbox 3413 2233 3557 2316; x_wconf 88' lang='lat' dir='ltr'>est,</span> <span class='ocrx_word' id='word_1_170' title='bbox 3602 2245 3911 2321; x_wconf 89' lang='lat' dir='ltr'>sperare</span> 
     </span>
     <span class='ocr_line' id='line_1_16' title="bbox 710 2353 3914 2456; baseline 0 -27"><span class='ocrx_word' id='word_1_171' title='bbox 710 2356 962 2432; x_wconf 83' lang='lat' dir='ltr'>media</span> <span class='ocrx_word' id='word_1_172' title='bbox 1000 2379 1160 2456; x_wconf 90' lang='lat' dir='ltr'>spe.</span> <span class='ocrx_word' id='word_1_173' title='bbox 1208 2357 1355 2429; x_wconf 80' lang='lat' dir='ltr'>Per</span> <span class='ocrx_word' id='word_1_174' title='bbox 1403 2353 1629 2431; x_wconf 82' lang='lat' dir='ltr'>tidem</span> <span class='ocrx_word' id='word_1_175' title='bbox 1694 2355 1898 2431; x_wconf 91' lang='lat' dir='ltr'>enim</span> <span class='ocrx_word' id='word_1_176' title='bbox 1950 2363 2024 2431; x_wconf 93' lang='lat' dir='ltr'>et</span> <span class='ocrx_word' id='word_1_177' title='bbox 2085 2379 2296 2456; x_wconf 90' lang='lat' dir='ltr'>spem</span> <span class='ocrx_word' id='word_1_178' title='bbox 2361 2356 2771 2453; x_wconf 79' lang='lat' dir='ltr'>praedietos</span> <span class='ocrx_word' id='word_1_179' title='bbox 2831 2364 3202 2456; x_wconf 81' lang='lat' dir='ltr'>operatur</span> <span class='ocrx_word' id='word_1_180' title='bbox 3239 2365 3461 2431; x_wconf 86' lang='lat' dir='ltr'>actus</span> <span class='ocrx_word' id='word_1_181' title='bbox 3495 2380 3511 2432; x_wconf 74' lang='grc' dir='ltr'>ε</span> <span class='ocrx_word' id='word_1_182' title='bbox 3549 2355 3914 2454; x_wconf 85' lang='lat' dir='ltr'>diligendi</span> 
     </span>
     <span class='ocr_line' id='line_1_17' title="bbox 706 2490 3924 2592; baseline -0 -28"><span class='ocrx_word' id='word_1_183' title='bbox 706 2503 1171 2568; x_wconf 81' lang='lat' dir='ltr'>veruactum</span> <span class='ocrx_word' id='word_1_184' title='bbox 1215 2516 1353 2590; x_wconf 86' lang='lat' dir='ltr'>per</span> <span class='ocrx_word' id='word_1_185' title='bbox 1381 2516 1462 2568; x_wconf 89' lang='lat' dir='ltr'>se</span> <span class='ocrx_word' id='word_1_186' title='bbox 1507 2501 1830 2587; x_wconf 88' lang='lat' dir='ltr'>tantum,</span> <span class='ocrx_word' id='word_1_187' title='bbox 1866 2492 2035 2568; x_wconf 89' lang='lat' dir='ltr'>sine</span> <span class='ocrx_word' id='word_1_188' title='bbox 2074 2491 2406 2589; x_wconf 86' lang='lat' dir='ltr'>alicujus</span> <span class='ocrx_word' id='word_1_189' title='bbox 2445 2492 2758 2568; x_wconf 82' lang='lat' dir='ltr'>virtutis</span> <span class='ocrx_word' id='word_1_190' title='bbox 2797 2490 3052 2567; x_wconf 88' lang='lat' dir='ltr'>medio</span> <span class='ocrx_word' id='word_1_191' title='bbox 3094 2500 3492 2592; x_wconf 83' lang='lat' dir='ltr'>operatur,</span> <span class='ocrx_word' id='word_1_192' title='bbox 3530 2491 3600 2565; x_wconf 90' lang='lat' dir='ltr'>id</span> <span class='ocrx_word' id='word_1_193' title='bbox 3643 2500 3784 2585; x_wconf 89' lang='lat' dir='ltr'>est,</span> <span class='ocrx_word' id='word_1_194' title='bbox 3820 2490 3924 2564; x_wconf 90' lang='lat' dir='ltr'>di·</span> 
     </span>
     <span class='ocr_line' id='line_1_18' title="bbox 707 2625 3920 2724; baseline -0.001 -23"><span class='ocrx_word' id='word_1_195' title='bbox 707 2626 1242 2724; x_wconf 81' lang='lat' dir='ltr'>ligere.Alite1·</span> <span class='ocrx_word' id='word_1_196' title='bbox 1279 2650 1461 2723; x_wconf 77' lang='lat' dir='ltr'>ergo</span> <span class='ocrx_word' id='word_1_197' title='bbox 1504 2629 1711 2701; x_wconf 86' lang='lat' dir='ltr'>hune</span> <span class='ocrx_word' id='word_1_198' title='bbox 1740 2636 1994 2701; x_wconf 79' lang='lat' dir='ltr'>actum</span> <span class='ocrx_word' id='word_1_199' title='bbox 2037 2636 2402 2724; x_wconf 82' lang='lat' dir='ltr'>operatur</span> <span class='ocrx_word' id='word_1_200' title='bbox 2431 2648 2665 2724; x_wconf 90' lang='lat' dir='ltr'>quam</span> <span class='ocrx_word' id='word_1_201' title='bbox 2714 2626 2910 2702; x_wconf 89' lang='lat' dir='ltr'>alios</span> <span class='ocrx_word' id='word_1_202' title='bbox 2948 2625 3325 2701; x_wconf 79' lang='lat' dir='ltr'>virtutum</span> <span class='ocrx_word' id='word_1_203' title='bbox 3393 2633 3639 2700; x_wconf 87' lang='lat' dir='ltr'>actus.</span> <span class='ocrx_word' id='word_1_204' title='bbox 3713 2625 3920 2700; x_wconf 89' lang='lat' dir='ltr'>Ideo·</span> 
     </span>
     <span class='ocr_line' id='line_1_19' title="bbox 709 2759 3915 2861; baseline -0.001 -26"><span class='ocrx_word' id='word_1_205' title='bbox 709 2785 859 2861; x_wconf 84' lang='lat' dir='ltr'>que</span> <span class='ocrx_word' id='word_1_206' title='bbox 900 2761 1336 2838; x_wconf 81' lang='lat' dir='ltr'>differenter</span> <span class='ocrx_word' id='word_1_207' title='bbox 1363 2762 1456 2837; x_wconf 83' lang='lat' dir='ltr'>de</span> <span class='ocrx_word' id='word_1_208' title='bbox 1500 2764 1643 2836; x_wconf 79' lang='lat' dir='ltr'>hor.</span> <span class='ocrx_word' id='word_1_209' title='bbox 1673 2772 1746 2836; x_wconf 86' lang='lat' dir='ltr'>et</span> <span class='ocrx_word' id='word_1_210' title='bbox 1784 2762 1876 2837; x_wconf 88' lang='lat' dir='ltr'>de</span> <span class='ocrx_word' id='word_1_211' title='bbox 1917 2759 2090 2837; x_wconf 89' lang='lat' dir='ltr'>aliis</span> <span class='ocrx_word' id='word_1_212' title='bbox 2120 2761 2464 2860; x_wconf 89' lang='lat' dir='ltr'>loquitur</span> <span class='ocrx_word' id='word_1_213' title='bbox 2521 2761 2942 2860; x_wconf 79' lang='lat' dir='ltr'>Scriptura,</span> <span class='ocrx_word' id='word_1_214' title='bbox 2974 2785 3155 2861; x_wconf 80' lang='lat' dir='ltr'>quoe</span> <span class='ocrx_word' id='word_1_215' title='bbox 3216 2761 3447 2837; x_wconf 91' lang='lat' dir='ltr'>istum</span> <span class='ocrx_word' id='word_1_216' title='bbox 3481 2759 3915 2860; x_wconf 82' lang='lat' dir='ltr'>specialiter</span> 
     </span>
     <span class='ocr_line' id='line_1_20' title="bbox 711 2894 3922 2996; baseline -0 -26"><span class='ocrx_word' id='word_1_217' title='bbox 711 2895 1061 2972; x_wconf 79' lang='lat' dir='ltr'>charitati</span> <span class='ocrx_word' id='word_1_218' title='bbox 1105 2896 1391 2971; x_wconf 82' lang='lat' dir='ltr'>tribuit.</span> <span class='ocrx_word' id='word_1_219' title='bbox 1442 2899 1565 2971; x_wconf 64' lang='lat' dir='ltr'>list</span> <span class='ocrx_word' id='word_1_220' title='bbox 1598 2919 1781 2993; x_wconf 81' lang='lat' dir='ltr'>ergo</span> <span class='ocrx_word' id='word_1_221' title='bbox 1811 2896 2145 2971; x_wconf 83' lang='lat' dir='ltr'>charitas</span> <span class='ocrx_word' id='word_1_222' title='bbox 2173 2920 2355 2972; x_wconf 75' lang='lat' dir='ltr'>vere</span> <span class='ocrx_word' id='word_1_223' title='bbox 2387 2896 2722 2996; x_wconf 87' lang='lat' dir='ltr'>Spiritus</span> <span class='ocrx_word' id='word_1_224' title='bbox 2751 2907 3095 2972; x_wconf 85' lang='lat' dir='ltr'>sanctus.</span> <span class='ocrx_word' id='word_1_225' title='bbox 3159 2894 3382 2972; x_wconf 88' lang='lat' dir='ltr'>Unde</span> <span class='ocrx_word' id='word_1_226' title='bbox 3437 2894 3922 2993; x_wconf 86' lang='lat' dir='ltr'>Augustinus</span> 
     </span>
     <span class='ocr_line' id='line_1_21' title="bbox 713 3027 3920 3131; baseline -0.002 -24"><span class='ocrx_word' id='word_1_227' title='bbox 713 3031 1197 3131; x_wconf 80' lang='lat' dir='ltr'>proemissum</span> <span class='ocrx_word' id='word_1_228' title='bbox 1227 3033 1546 3107; x_wconf 78' lang='lat' dir='ltr'>verbum</span> <span class='ocrx_word' id='word_1_229' title='bbox 1579 3031 1916 3131; x_wconf 78' lang='lat' dir='ltr'>Apostoli</span> <span class='ocrx_word' id='word_1_230' title='bbox 1966 3040 2298 3106; x_wconf 84' lang='lat' dir='ltr'>tractans</span> <span class='ocrx_word' id='word_1_231' title='bbox 2337 3030 2412 3104; x_wconf 90' lang='lat' dir='ltr'>in</span> <span class='ocrx_word' id='word_1_232' title='bbox 2457 3031 2726 3107; x_wconf 90' lang='lat' dir='ltr'>eodem</span> <span class='ocrx_word' id='word_1_233' title='bbox 2757 3030 2955 3106; x_wconf 90' lang='lat' dir='ltr'>libro</span> <span class='ocrx_word' id='word_1_234' title='bbox 2983 3032 3031 3118; x_wconf 78' lang='lat'>⁴,</span> <span class='ocrx_word' id='word_1_235' title='bbox 3063 3029 3518 3106; x_wconf 85' lang='lat' dir='ltr'>charitatem</span> <span class='ocrx_word' id='word_1_236' title='bbox 3545 3027 3920 3104; x_wconf 85' lang='lat' dir='ltr'>dieitesse</span> 
     </span>
     <span class='ocr_line' id='line_1_22' title="bbox 712 3161 3912 3267; baseline -0 -26"><span class='ocrx_word' id='word_1_237' title='bbox 712 3166 1030 3261; x_wconf 88' lang='lat' dir='ltr'>bonum,</span> <span class='ocrx_word' id='word_1_238' title='bbox 1073 3190 1227 3266; x_wconf 84' lang='lat' dir='ltr'>quo</span> <span class='ocrx_word' id='word_1_239' title='bbox 1269 3167 1374 3242; x_wconf 82' lang='lat' dir='ltr'>nit</span> <span class='ocrx_word' id='word_1_240' title='bbox 1420 3166 1696 3242; x_wconf 87' lang='lat' dir='ltr'>metius</span> <span class='ocrx_word' id='word_1_241' title='bbox 1733 3178 1895 3243; x_wconf 85' lang='lat' dir='ltr'>est:</span> <span class='ocrx_word' id='word_1_242' title='bbox 1941 3176 2014 3242; x_wconf 88' lang='lat' dir='ltr'>et</span> <span class='ocrx_word' id='word_1_243' title='bbox 2057 3189 2192 3267; x_wconf 88' lang='lat' dir='ltr'>per</span> <span class='ocrx_word' id='word_1_244' title='bbox 2233 3168 2376 3242; x_wconf 86' lang='lat' dir='ltr'>hoc.</span> <span class='ocrx_word' id='word_1_245' title='bbox 2410 3165 2652 3267; x_wconf 89' lang='lat' dir='ltr'>ipsam</span> <span class='ocrx_word' id='word_1_246' title='bbox 2687 3188 2859 3243; x_wconf 87' lang='lat' dir='ltr'>esse</span> <span class='ocrx_word' id='word_1_247' title='bbox 2889 3165 3143 3242; x_wconf 88' lang='lat' dir='ltr'>Deum</span> <span class='ocrx_word' id='word_1_248' title='bbox 3176 3161 3565 3263; x_wconf 78' lang='lat' dir='ltr'>signifieat</span> <span class='ocrx_word' id='word_1_249' title='bbox 3602 3162 3912 3240; x_wconf 85' lang='lat' dir='ltr'>dicens:</span> 
     </span>
     <span class='ocr_line' id='line_1_23' title="bbox 713 3294 3911 3402; baseline -0.001 -27"><span class='ocrx_word' id='word_1_250' title='bbox 713 3301 793 3375; x_wconf 82' lang='lat' dir='ltr'>Si</span> <span class='ocrx_word' id='word_1_251' title='bbox 864 3302 1077 3377; x_wconf 82' lang='lat' dir='ltr'>nulia</span> <span class='ocrx_word' id='word_1_252' title='bbox 1113 3325 1230 3377; x_wconf 88' lang='lat' dir='ltr'>res</span> <span class='ocrx_word' id='word_1_253' title='bbox 1269 3302 1366 3376; x_wconf 90' lang='lat' dir='ltr'>ab</span> <span class='ocrx_word' id='word_1_254' title='bbox 1392 3303 1560 3400; x_wconf 87' lang='lat' dir='ltr'>ejus</span> <span class='ocrx_word' id='word_1_255' title='bbox 1589 3301 1955 3378; x_wconf 85' lang='lat' dir='ltr'>charitate</span> <span class='ocrx_word' id='word_1_256' title='bbox 1996 3326 2139 3377; x_wconf 86' lang='lat' dir='ltr'>nos</span> <span class='ocrx_word' id='word_1_257' title='bbox 2204 3313 2512 3402; x_wconf 81' lang='lat' dir='ltr'>separat</span> <span class='ocrx_word' id='word_1_258' title='bbox 2540 3294 2589 3395; x_wconf 78' lang='lat'>⁵,</span> <span class='ocrx_word' id='word_1_259' title='bbox 2625 3301 2812 3401; x_wconf 85' lang='lat' dir='ltr'>quid</span> <span class='ocrx_word' id='word_1_260' title='bbox 2881 3324 3052 3377; x_wconf 90' lang='lat' dir='ltr'>esse</span> <span class='ocrx_word' id='word_1_261' title='bbox 3086 3323 3245 3377; x_wconf 90' lang='lat' dir='ltr'>non</span> <span class='ocrx_word' id='word_1_262' title='bbox 3277 3300 3532 3375; x_wconf 91' lang='lat' dir='ltr'>solum</span> <span class='ocrx_word' id='word_1_263' title='bbox 3611 3298 3911 3391; x_wconf 87' lang='lat' dir='ltr'>melius,</span> 
     </span>
     <span class='ocr_line' id='line_1_24' title="bbox 710 3420 3917 3536; baseline -0.002 -24"><span class='ocrx_word' id='word_1_264' title='bbox 710 3436 841 3512; x_wconf 81' lang='lat' dir='ltr'>sed</span> <span class='ocrx_word' id='word_1_265' title='bbox 874 3420 1101 3512; x_wconf 80' lang='lat' dir='ltr'>etiam</span> <span class='ocrx_word' id='word_1_266' title='bbox 1135 3437 1418 3512; x_wconf 89' lang='lat' dir='ltr'>certius</span> <span class='ocrx_word' id='word_1_267' title='bbox 1450 3439 1592 3511; x_wconf 87' lang='lat' dir='ltr'>hoe</span> <span class='ocrx_word' id='word_1_268' title='bbox 1631 3436 1834 3512; x_wconf 79' lang='lat' dir='ltr'>buno</span> <span class='ocrx_word' id='word_1_269' title='bbox 1863 3436 2173 3536; x_wconf 76' lang='lat' dir='ltr'>potest?</span> <span class='ocrx_word' id='word_1_270' title='bbox 2201 3439 2391 3512; x_wconf 82' lang='lat' dir='ltr'>Ecce</span> <span class='ocrx_word' id='word_1_271' title='bbox 2443 3435 2652 3531; x_wconf 84' lang='lat' dir='ltr'>dicit,</span> <span class='ocrx_word' id='word_1_272' title='bbox 2713 3434 2901 3535; x_wconf 85' lang='lat' dir='ltr'>quia</span> <span class='ocrx_word' id='word_1_273' title='bbox 2938 3432 3316 3510; x_wconf 81' lang='lat' dir='ltr'>charitate</span> <span class='ocrx_word' id='word_1_274' title='bbox 3383 3431 3577 3508; x_wconf 84' lang='lat' dir='ltr'>nihil</span> <span class='ocrx_word' id='word_1_275' title='bbox 3641 3432 3917 3508; x_wconf 86' lang='lat' dir='ltr'>melius</span> 
     </span>
     <span class='ocr_line' id='line_1_25' title="bbox 711 3566 3914 3672; baseline -0.001 -27"><span class='ocrx_word' id='word_1_276' title='bbox 711 3581 852 3646; x_wconf 85' lang='lat' dir='ltr'>est.</span> <span class='ocrx_word' id='word_1_277' title='bbox 887 3571 1235 3647; x_wconf 82' lang='lat' dir='ltr'>Charitas</span> <span class='ocrx_word' id='word_1_278' title='bbox 1273 3596 1458 3669; x_wconf 71' lang='lat' dir='ltr'>ergo</span> <span class='ocrx_word' id='word_1_279' title='bbox 1497 3570 1829 3671; x_wconf 87' lang='lat' dir='ltr'>Spiritus</span> <span class='ocrx_word' id='word_1_280' title='bbox 1858 3581 1974 3647; x_wconf 89' lang='lat' dir='ltr'>est</span> <span class='ocrx_word' id='word_1_281' title='bbox 2011 3571 2141 3672; x_wconf 87' lang='lat' dir='ltr'>qui</span> <span class='ocrx_word' id='word_1_282' title='bbox 2185 3571 2396 3648; x_wconf 87' lang='lat' dir='ltr'>Deus</span> <span class='ocrx_word' id='word_1_283' title='bbox 2425 3582 2569 3663; x_wconf 82' lang='lat' dir='ltr'>est,</span> <span class='ocrx_word' id='word_1_284' title='bbox 2613 3581 2689 3647; x_wconf 85' lang='lat' dir='ltr'>et</span> <span class='ocrx_word' id='word_1_285' title='bbox 2716 3570 3011 3645; x_wconf 87' lang='lat' dir='ltr'>donum</span> <span class='ocrx_word' id='word_1_286' title='bbox 3042 3568 3185 3645; x_wconf 93' lang='lat' dir='ltr'>Dei</span> <span class='ocrx_word' id='word_1_287' title='bbox 3227 3566 3393 3643; x_wconf 82' lang='lat' dir='ltr'>sive</span> <span class='ocrx_word' id='word_1_288' title='bbox 3444 3567 3748 3643; x_wconf 87' lang='lat' dir='ltr'>datum:</span> <span class='ocrx_word' id='word_1_289' title='bbox 3785 3567 3914 3667; x_wconf 85' lang='lat' dir='ltr'>qui</span> 
     </span>
     <span class='ocr_line' id='line_1_26' title="bbox 713 3700 3922 3807; baseline -0.002 -28"><span class='ocrx_word' id='word_1_290' title='bbox 713 3707 985 3781; x_wconf 80' lang='lat' dir='ltr'>dividit</span> <span class='ocrx_word' id='word_1_291' title='bbox 1026 3706 2177 3800; x_wconf 65' lang='lat' dir='ltr'>singulistidelihus‹hma,nec</span> <span class='ocrx_word' id='word_1_292' title='bbox 2221 3706 2380 3807; x_wconf 86' lang='lat' dir='ltr'>ipse</span> <span class='ocrx_word' id='word_1_293' title='bbox 2440 3704 2838 3799; x_wconf 80' lang='lat' dir='ltr'>dividitur,</span> <span class='ocrx_word' id='word_1_294' title='bbox 2917 3702 3052 3779; x_wconf 86' lang='lat' dir='ltr'>sed</span> <span class='ocrx_word' id='word_1_295' title='bbox 3137 3701 3520 3777; x_wconf 85' lang='lat' dir='ltr'>indivisus</span> <span class='ocrx_word' id='word_1_296' title='bbox 3594 3700 3922 3796; x_wconf 73' lang='lat' dir='ltr'>singuiis</span> 
     </span>
     <span class='ocr_line' id='line_1_27' title="bbox 710 3835 3913 3937; baseline -0.002 -21"><span class='ocrx_word' id='word_1_297' title='bbox 710 3845 960 3919; x_wconf 76' lang='lat' dir='ltr'>«latur.</span> <span class='ocrx_word' id='word_1_298' title='bbox 997 3842 1211 3917; x_wconf 67' lang='lat' dir='ltr'>Una«-</span> <span class='ocrx_word' id='word_1_299' title='bbox 1254 3844 1732 3937; x_wconf 63' lang='lat' dir='ltr'>Augustinus</span> <span class='ocrx_word' id='word_1_300' title='bbox 1775 3843 1900 3919; x_wconf 90' lang='lat' dir='ltr'>ubi</span> <span class='ocrx_word' id='word_1_301' title='bbox 1939 3843 2282 3918; x_wconf 56' lang='lat' dir='ltr'>&amp;munos</span> <span class='ocrx_word' id='word_1_302' title='bbox 2312 3842 2523 3936; x_wconf 82' lang='lat' dir='ltr'>dicit,</span> <span class='ocrx_word' id='word_1_303' title='bbox 2560 3865 2711 3914; x_wconf 84' lang='lat' dir='ltr'>uon</span> <span class='ocrx_word' id='word_1_304' title='bbox 2747 3839 2840 3914; x_wconf 83' lang='lat' dir='ltr'>ad</span> <span class='ocrx_word' id='word_1_305' title='bbox 2889 3862 3334 3913; x_wconf 79' lang='lat' dir='ltr'>tnensurant</span> <span class='ocrx_word' id='word_1_306' title='bbox 3388 3836 3691 3910; x_wconf 77' lang='lat' dir='ltr'>Christo</span> <span class='ocrx_word' id='word_1_307' title='bbox 3752 3835 3913 3909; x_wconf 72' lang='lat' dir='ltr'>«tari</span> 
     </span>
     <span class='ocr_line' id='line_1_28' title="bbox 710 3970 3913 4079; baseline -0.002 -27"><span class='ocrx_word' id='word_1_308' title='bbox 710 3978 1093 4079; x_wconf 83' lang='lat' dir='ltr'>spiritum,</span> <span class='ocrx_word' id='word_1_309' title='bbox 1135 3978 1234 4051; x_wconf 81' lang='lat' dir='ltr'>ait</span> <span class='ocrx_word' id='word_1_310' title='bbox 1275 4002 1290 4051; x_wconf 89' lang='lat'>:</span> <span class='ocrx_word' id='word_1_311' title='bbox 1325 3978 1639 4052; x_wconf 70' lang='lat' dir='ltr'>(Ia-toris</span> <span class='ocrx_word' id='word_1_312' title='bbox 1679 4002 1860 4052; x_wconf 80' lang='lat' dir='ltr'>vero</span> <span class='ocrx_word' id='word_1_313' title='bbox 1890 3976 2279 4059; x_wconf 80' lang='lat' dir='ltr'>dividitur,</span> <span class='ocrx_word' id='word_1_314' title='bbox 2316 4001 2466 4050; x_wconf 84' lang='lat' dir='ltr'>non</span> <span class='ocrx_word' id='word_1_315' title='bbox 2510 3974 2822 4073; x_wconf 79' lang='lat' dir='ltr'>quidem</span> <span class='ocrx_word' id='word_1_316' title='bbox 2861 3972 3023 4071; x_wconf 85' lang='lat' dir='ltr'>ipse</span> <span class='ocrx_word' id='word_1_317' title='bbox 3084 3971 3451 4071; x_wconf 63' lang='lat' dir='ltr'>Spiritum,</span> <span class='ocrx_word' id='word_1_318' title='bbox 3512 3971 3643 4043; x_wconf 66' lang='lat' dir='ltr'>sod</span> <span class='ocrx_word' id='word_1_319' title='bbox 3712 3970 3913 4045; x_wconf 76' lang='lat' dir='ltr'>donia</span> 
     </span>
     <span class='ocr_line' id='line_1_29' title="bbox 709 4115 956 4213; baseline -0.012 -23"><span class='ocrx_word' id='word_1_320' title='bbox 709 4115 878 4213; x_wconf 79' lang='lat' dir='ltr'>ojus</span> <span class='ocrx_word' id='word_1_321' title='bbox 907 4141 956 4187; x_wconf 77' lang='grc' dir='ltr'>ο.</span> 
     </span>
    </p>
   </div>
   <div class='ocr_carea' id='block_1_3' title="bbox 769 4450 3917 4974">
    <p class='ocr_par' dir='ltr' id='par_1_3' title="bbox 777 4450 2736 4524">
     <span class='ocr_line' id='line_1_30' title="bbox 777 4450 2736 4524; baseline -0.002 -16"><span class='ocrx_word' id='word_1_322' title='bbox 777 4452 793 4487; x_wconf 84' lang='lat'>¹</span> <span class='ocrx_word' id='word_1_323' title='bbox 824 4451 1086 4524; x_wconf 76' lang='lat' dir='ltr'>sapient.</span> <span class='ocrx_word' id='word_1_324' title='bbox 1123 4468 1236 4515; x_wconf 74' lang='lat' dir='ltr'>vnn.</span> <span class='ocrx_word' id='word_1_325' title='bbox 1277 4457 1292 4505; x_wconf 88' lang='lat' dir='ltr'>t</span> <span class='ocrx_word' id='word_1_326' title='bbox 1332 4468 1345 4505; x_wconf 77' lang='lat' dir='ltr'><em>z</em></span> <span class='ocrx_word' id='word_1_327' title='bbox 1387 4454 1626 4521; x_wconf 69' lang='lat' dir='ltr'>,ttto&#39;nyit</span> <span class='ocrx_word' id='word_1_328' title='bbox 1654 4468 1688 4505; x_wconf 81' lang='grc' dir='ltr'><em>α</em></span> <span class='ocrx_word' id='word_1_329' title='bbox 1716 4455 1825 4519; x_wconf 75' lang='lat' dir='ltr'>fine</span> <span class='ocrx_word' id='word_1_330' title='bbox 1863 4466 2032 4520; x_wconf 68' lang='lat' dir='ltr'>usque</span> <span class='ocrx_word' id='word_1_331' title='bbox 2059 4450 2132 4503; x_wconf 75' lang='lat' dir='ltr'>aet</span> <span class='ocrx_word' id='word_1_332' title='bbox 2153 4452 2312 4517; x_wconf 76' lang='lat' dir='ltr'>finem</span> <span class='ocrx_word' id='word_1_333' title='bbox 2341 4451 2593 4519; x_wconf 70' lang='lat' dir='ltr'>sortiter.</span> <span class='ocrx_word' id='word_1_334' title='bbox 2623 4456 2736 4505; x_wconf 66' lang='lat' dir='ltr'>ote.</span> 
     </span>
    </p>

    <p class='ocr_par' dir='ltr' id='par_1_4' title="bbox 775 4533 3917 4697">
     <span class='ocr_line' id='line_1_31' title="bbox 775 4533 3917 4613; baseline -0.004 -15"><span class='ocrx_word' id='word_1_335' title='bbox 775 4545 797 4579; x_wconf 82' lang='lat'><strong>¹</strong></span> <span class='ocrx_word' id='word_1_336' title='bbox 828 4542 846 4598; x_wconf 83' lang='lat' dir='ltr'>i</span> <span class='ocrx_word' id='word_1_337' title='bbox 877 4541 951 4597; x_wconf 77' lang='lat' dir='ltr'>nd</span> <span class='ocrx_word' id='word_1_338' title='bbox 981 4542 1386 4613; x_wconf 52' lang='lat' dir='ltr'>Corinthiun,</span> <span class='ocrx_word' id='word_1_339' title='bbox 1425 4547 1477 4596; x_wconf 78' lang='lat' dir='ltr'>tt</span> <span class='ocrx_word' id='word_1_340' title='bbox 1511 4559 1525 4597; x_wconf 76' lang='grc' dir='ltr'>ε</span> <span class='ocrx_word' id='word_1_341' title='bbox 1562 4544 1684 4597; x_wconf 63' lang='lat' dir='ltr'>nare</span> <span class='ocrx_word' id='word_1_342' title='bbox 1703 4543 1890 4595; x_wconf 76' lang='lat' dir='ltr'>omnia</span> <span class='ocrx_word' id='word_1_343' title='bbox 1919 4546 2179 4611; x_wconf 67' lang='lat' dir='ltr'>«speratur</span> <span class='ocrx_word' id='word_1_344' title='bbox 2208 4556 2349 4595; x_wconf 71' lang='lat' dir='ltr'>utem</span> <span class='ocrx_word' id='word_1_345' title='bbox 2369 4548 2538 4610; x_wconf 72' lang='lat' dir='ltr'>atquc·</span> <span class='ocrx_word' id='word_1_346' title='bbox 2569 4538 2707 4594; x_wconf 59' lang='lat' dir='ltr'>ioli-m</span> <span class='ocrx_word' id='word_1_347' title='bbox 2742 4539 3006 4612; x_wconf 75' lang='lat' dir='ltr'>Spiritus,</span> <span class='ocrx_word' id='word_1_348' title='bbox 3036 4539 3294 4596; x_wconf 68' lang='lat' dir='ltr'>atridem</span> <span class='ocrx_word' id='word_1_349' title='bbox 3322 4535 3560 4604; x_wconf 64' lang='lat' dir='ltr'>sinuatis</span> <span class='ocrx_word' id='word_1_350' title='bbox 3585 4539 3753 4605; x_wconf 75' lang='lat' dir='ltr'>prout</span> <span class='ocrx_word' id='word_1_351' title='bbox 3783 4533 3917 4589; x_wconf 76' lang='lat' dir='ltr'>rutt.</span> 
     </span>
     <span class='ocr_line' id='line_1_32' title="bbox 779 4631 1631 4697; baseline -0.004 -9"><span class='ocrx_word' id='word_1_352' title='bbox 779 4632 803 4667; x_wconf 82' lang='lat'><strong>³</strong></span> <span class='ocrx_word' id='word_1_353' title='bbox 834 4631 984 4688; x_wconf 75' lang='lat' dir='ltr'>Edit.</span> <span class='ocrx_word' id='word_1_354' title='bbox 1015 4631 1181 4688; x_wconf 76' lang='lat' dir='ltr'>loun.</span> <span class='ocrx_word' id='word_1_355' title='bbox 1215 4631 1541 4697; x_wconf 73' lang='lat' dir='ltr'>Attonitum,</span> <span class='ocrx_word' id='word_1_356' title='bbox 1573 4639 1631 4686; x_wconf 80' lang='lat' dir='ltr'>ut</span> 
     </span>
    </p>

    <p class='ocr_par' dir='ltr' id='par_1_5' title="bbox 777 4717 2764 4791">
     <span class='ocr_line' id='line_1_33' title="bbox 777 4717 2764 4791; baseline -0.002 -16"><span class='ocrx_word' id='word_1_357' title='bbox 777 4722 801 4757; x_wconf 83' lang='lat'><strong>⁴</strong></span> <span class='ocrx_word' id='word_1_358' title='bbox 829 4723 886 4775; x_wconf 72' lang='lat' dir='ltr'>S.</span> <span class='ocrx_word' id='word_1_359' title='bbox 930 4724 1302 4789; x_wconf 62' lang='lat' dir='ltr'>Anat-susm,</span> <span class='ocrx_word' id='word_1_360' title='bbox 1339 4721 1457 4776; x_wconf 75' lang='lat' dir='ltr'>Lih.</span> <span class='ocrx_word' id='word_1_361' title='bbox 1491 4719 1563 4775; x_wconf 83' lang='lat' dir='ltr'>d··</span> <span class='ocrx_word' id='word_1_362' title='bbox 1591 4718 1845 4775; x_wconf 73' lang='lat' dir='ltr'>Moribus</span> <span class='ocrx_word' id='word_1_363' title='bbox 1877 4717 2151 4774; x_wconf 56' lang='lat' dir='ltr'>Ecclesia?</span> <span class='ocrx_word' id='word_1_364' title='bbox 2184 4717 2676 4791; x_wconf 66' lang='lat' dir='ltr'>catttolieoe.1cap.</span> <span class='ocrx_word' id='word_1_365' title='bbox 2708 4719 2764 4773; x_wconf 81' lang='lat'>8.</span> 
     </span>
    </p>

    <p class='ocr_par' dir='ltr' id='par_1_6' title="bbox 776 4808 2896 4885">
     <span class='ocr_line' id='line_1_34' title="bbox 776 4808 2896 4885; baseline -0.002 -16"><span class='ocrx_word' id='word_1_366' title='bbox 776 4815 799 4850; x_wconf 88' lang='lat'>⁸</span> <span class='ocrx_word' id='word_1_367' title='bbox 829 4812 914 4869; x_wconf 71' lang='lat' dir='ltr'>Ad</span> <span class='ocrx_word' id='word_1_368' title='bbox 949 4814 1193 4868; x_wconf 77' lang='lat' dir='ltr'>Roman.</span> <span class='ocrx_word' id='word_1_369' title='bbox 1228 4829 1342 4878; x_wconf 73' lang='lat' dir='ltr'>vm,</span> <span class='ocrx_word' id='word_1_370' title='bbox 1375 4814 1475 4866; x_wconf 72' lang='lat'>3:52</span> <span class='ocrx_word' id='word_1_371' title='bbox 1517 4810 1806 4885; x_wconf 51' lang='lat' dir='ltr'>Quig&#39;eruo</span> <span class='ocrx_word' id='word_1_372' title='bbox 1834 4826 1932 4864; x_wconf 74' lang='lat' dir='ltr'>nos</span> <span class='ocrx_word' id='word_1_373' title='bbox 1959 4809 2301 4884; x_wconf 56' lang='lat' dir='ltr'>separabit-&#39;a</span> <span class='ocrx_word' id='word_1_374' title='bbox 2328 4810 2604 4867; x_wconf 76' lang='lat' dir='ltr'>charitate</span> <span class='ocrx_word' id='word_1_375' title='bbox 2630 4808 2838 4865; x_wconf 73' lang='lat' dir='ltr'>Christi</span> <span class='ocrx_word' id='word_1_376' title='bbox 2866 4809 2896 4865; x_wconf 70' lang='lat'>‘2</span> 
     </span>
    </p>

    <p class='ocr_par' dir='ltr' id='par_1_7' title="bbox 769 4901 2192 4974">
     <span class='ocr_line' id='line_1_35' title="bbox 769 4901 2192 4974; baseline -0.002 -16"><span class='ocrx_word' id='word_1_377' title='bbox 769 4901 795 4938; x_wconf 76' lang='lat'>⁸</span> <span class='ocrx_word' id='word_1_378' title='bbox 831 4904 887 4958; x_wconf 83' lang='lat' dir='ltr'>S.</span> <span class='ocrx_word' id='word_1_379' title='bbox 922 4906 1292 4966; x_wconf 60' lang='lat' dir='ltr'>Acer-smus.</span> <span class='ocrx_word' id='word_1_380' title='bbox 1324 4905 1512 4974; x_wconf 70' lang='lat' dir='ltr'>Super</span> <span class='ocrx_word' id='word_1_381' title='bbox 1540 4902 1846 4968; x_wconf 76' lang='lat' dir='ltr'>suanm-m,</span> <span class='ocrx_word' id='word_1_382' title='bbox 1878 4902 2070 4956; x_wconf 77' lang='lat' dir='ltr'>Tract.</span> <span class='ocrx_word' id='word_1_383' title='bbox 2108 4902 2192 4955; x_wconf 69' lang='lat' dir='ltr'>tt.</span> 
     </span>
    </p>
   </div>
  </div>
 </body>
</html>
