<?xml version="1.0" encoding="UTF-8"?>
<!DOCTYPE html PUBLIC "-//W3C//DTD XHTML 1.0 Transitional//EN"
    "http://www.w3.org/TR/xhtml1/DTD/xhtml1-transitional.dtd">
<html xmlns="http://www.w3.org/1999/xhtml" xml:lang="en" lang="en">
 <head>
  <title>
</title>
<meta http-equiv="Content-Type" content="text/html;charset=utf-8" />
  <meta name='ocr-system' content='tesseract 3.04.00' />
  <meta name='ocr-capabilities' content='ocr_page ocr_carea ocr_par ocr_line ocrx_word'/>
</head>
<body>
  <div class='ocr_page' id='page_1' title='image "balbertimagnira03chgoog_0199.png"; bbox 0 0 4897 6388; ppageno 0'>
   <div class='ocr_carea' id='block_1_1' title="bbox 1929 369 4352 498">
    <p class='ocr_par' dir='ltr' id='par_1_1' title="bbox 1929 369 4352 498">
     <span class='ocr_line' id='line_1_1' title="bbox 1929 369 4352 498; baseline 0 -10"><span class='ocrx_word' id='word_1_1' title='bbox 1929 378 2023 488; x_wconf 68' lang='grc' dir='ltr'>1Ν’</span> <span class='ocrx_word' id='word_1_2' title='bbox 2072 421 2099 487; x_wconf 95' lang='lat'><em>1</em></span> <span class='ocrx_word' id='word_1_3' title='bbox 2149 369 2576 488; x_wconf 72' lang='lat' dir='ltr'>sENrENT.</span> <span class='ocrx_word' id='word_1_4' title='bbox 2629 419 2854 487; x_wconf 73' lang='lat' dir='ltr'>nts‘r.</span> <span class='ocrx_word' id='word_1_5' title='bbox 2906 419 2994 498; x_wconf 73' lang='lat' dir='ltr'>v,</span> <span class='ocrx_word' id='word_1_6' title='bbox 3039 418 3124 495; x_wconf 83' lang='lat' dir='ltr'>H,</span> <span class='ocrx_word' id='word_1_7' title='bbox 3180 418 3377 485; x_wconf 72' lang='grc' dir='ltr'><strong>ΛΒΤ.</strong></span> <span class='ocrx_word' id='word_1_8' title='bbox 3421 422 3486 488; x_wconf 86' lang='lat' dir='ltr'>s.</span> <span class='ocrx_word' id='word_1_9' title='bbox 3618 422 3633 446; x_wconf 91' lang='grc'>·-</span> <span class='ocrx_word' id='word_1_10' title='bbox 4220 405 4352 488; x_wconf 77' lang='lat'><em>1&#39;87&#39;</em></span> 
     </span>
    </p>
   </div>
   <div class='ocr_carea' id='block_1_2' title="bbox 1119 590 4358 1774">
    <p class='ocr_par' dir='ltr' id='par_1_2' title="bbox 1119 590 4358 1774">
     <span class='ocr_line' id='line_1_2' title="bbox 1132 590 4346 692; baseline -0.001 -21"><span class='ocrx_word' id='word_1_11' title='bbox 1132 592 1322 671; x_wconf 90' lang='lat' dir='ltr'>buit.</span> <span class='ocrx_word' id='word_1_12' title='bbox 1375 594 1595 672; x_wconf 83' lang='lat' dir='ltr'>Unde</span> <span class='ocrx_word' id='word_1_13' title='bbox 1638 593 1839 668; x_wconf 92' lang='lat' dir='ltr'>idem</span> <span class='ocrx_word' id='word_1_14' title='bbox 1884 591 2225 667; x_wconf 84' lang='lat' dir='ltr'>Hilarius</span> <span class='ocrx_word' id='word_1_15' title='bbox 2257 592 2464 666; x_wconf 87' lang='lat' dir='ltr'>addit</span> <span class='ocrx_word' id='word_1_16' title='bbox 2506 593 2580 666; x_wconf 89' lang='lat' dir='ltr'>in</span> <span class='ocrx_word' id='word_1_17' title='bbox 2613 592 2806 669; x_wconf 91' lang='lat' dir='ltr'>libro</span> <span class='ocrx_word' id='word_1_18' title='bbox 2842 591 2903 661; x_wconf 89' lang='lat' dir='ltr'>V</span> <span class='ocrx_word' id='word_1_19' title='bbox 2936 615 2952 666; x_wconf 75' lang='grc' dir='ltr'>ε</span> <span class='ocrx_word' id='word_1_20' title='bbox 3001 590 3366 665; x_wconf 86' lang='lat' dir='ltr'>Eamdem</span> <span class='ocrx_word' id='word_1_21' title='bbox 3428 600 3781 667; x_wconf 87' lang='lat' dir='ltr'>naturam</span> <span class='ocrx_word' id='word_1_22' title='bbox 3827 595 4057 669; x_wconf 82' lang='lat' dir='ltr'>habet</span> <span class='ocrx_word' id='word_1_23' title='bbox 4120 591 4346 692; x_wconf 83' lang='lat' dir='ltr'>geni-</span> 
     </span>
     <span class='ocr_line' id='line_1_3' title="bbox 1130 709 4352 827; baseline 0 -25"><span class='ocrx_word' id='word_1_24' title='bbox 1130 737 1284 824; x_wconf 90' lang='lat' dir='ltr'>tus,</span> <span class='ocrx_word' id='word_1_25' title='bbox 1331 752 1564 827; x_wconf 89' lang='lat' dir='ltr'>quam</span> <span class='ocrx_word' id='word_1_26' title='bbox 1599 727 1727 802; x_wconf 93' lang='lat' dir='ltr'>ille</span> <span class='ocrx_word' id='word_1_27' title='bbox 1767 726 1898 825; x_wconf 86' lang='lat' dir='ltr'>qui</span> <span class='ocrx_word' id='word_1_28' title='bbox 1940 726 2258 825; x_wconf 85' lang='lat' dir='ltr'>genuit:</span> <span class='ocrx_word' id='word_1_29' title='bbox 2306 727 2409 802; x_wconf 91' lang='lat' dir='ltr'>ita</span> <span class='ocrx_word' id='word_1_30' title='bbox 2454 739 2703 804; x_wconf 85' lang='lat' dir='ltr'>tamen</span> <span class='ocrx_word' id='word_1_31' title='bbox 2748 737 2830 802; x_wconf 85' lang='lat' dir='ltr'>ut</span> <span class='ocrx_word' id='word_1_32' title='bbox 2869 736 3096 802; x_wconf 88' lang='lat' dir='ltr'>natus</span> <span class='ocrx_word' id='word_1_33' title='bbox 3135 750 3295 800; x_wconf 91' lang='lat' dir='ltr'>non</span> <span class='ocrx_word' id='word_1_34' title='bbox 3335 724 3435 801; x_wconf 87' lang='lat' dir='ltr'>sit</span> <span class='ocrx_word' id='word_1_35' title='bbox 3464 726 3591 802; x_wconf 92' lang='lat' dir='ltr'>ille</span> <span class='ocrx_word' id='word_1_36' title='bbox 3624 726 3757 825; x_wconf 91' lang='lat' dir='ltr'>qui</span> <span class='ocrx_word' id='word_1_37' title='bbox 3799 728 4092 825; x_wconf 84' lang='lat' dir='ltr'>genuit.</span> <span class='ocrx_word' id='word_1_38' title='bbox 4142 709 4352 805; x_wconf 35' lang='lat' dir='ltr'>Nam*</span> 
     </span>
     <span class='ocr_line' id='line_1_4' title="bbox 1132 861 4358 963; baseline 0.001 -25"><span class='ocrx_word' id='word_1_39' title='bbox 1132 861 1526 962; x_wconf 89' lang='lat' dir='ltr'>quomodo</span> <span class='ocrx_word' id='word_1_40' title='bbox 1568 862 1715 937; x_wconf 88' lang='lat' dir='ltr'>erit</span> <span class='ocrx_word' id='word_1_41' title='bbox 1753 862 1984 937; x_wconf 91' lang='lat' dir='ltr'>Pater</span> <span class='ocrx_word' id='word_1_42' title='bbox 2048 862 2241 963; x_wconf 86' lang='lat' dir='ltr'>ipse,</span> <span class='ocrx_word' id='word_1_43' title='bbox 2286 887 2460 938; x_wconf 89' lang='lat' dir='ltr'>cum</span> <span class='ocrx_word' id='word_1_44' title='bbox 2503 862 2809 960; x_wconf 85' lang='lat' dir='ltr'>genitus</span> <span class='ocrx_word' id='word_1_45' title='bbox 2857 862 3017 936; x_wconf 74' lang='lat' dir='ltr'>sit?</span> <span class='ocrx_word' id='word_1_46' title='bbox 3075 861 3224 938; x_wconf 86' lang='lat' dir='ltr'>Sed</span> <span class='ocrx_word' id='word_1_47' title='bbox 3284 862 3360 935; x_wconf 89' lang='lat' dir='ltr'>in</span> <span class='ocrx_word' id='word_1_48' title='bbox 3404 862 3526 937; x_wconf 91' lang='lat' dir='ltr'>his</span> <span class='ocrx_word' id='word_1_49' title='bbox 3566 862 3755 961; x_wconf 91' lang='lat' dir='ltr'>ipsis</span> <span class='ocrx_word' id='word_1_50' title='bbox 3809 862 4157 939; x_wconf 80' lang='lat' dir='ltr'><strong>subsistit</strong></span> <span class='ocrx_word' id='word_1_51' title='bbox 4210 864 4358 940; x_wconf 48' lang='lat' dir='ltr'>ille¹</span> 
     </span>
     <span class='ocr_line' id='line_1_5' title="bbox 1130 996 4337 1097; baseline 0 -25"><span class='ocrx_word' id='word_1_52' title='bbox 1130 998 1264 1097; x_wconf 90' lang='lat' dir='ltr'>qui</span> <span class='ocrx_word' id='word_1_53' title='bbox 1306 997 1618 1094; x_wconf 83' lang='lat' dir='ltr'>genitus</span> <span class='ocrx_word' id='word_1_54' title='bbox 1658 1006 1798 1093; x_wconf 88' lang='lat' dir='ltr'>est,</span> <span class='ocrx_word' id='word_1_55' title='bbox 1846 998 1923 1071; x_wconf 89' lang='lat' dir='ltr'>in</span> <span class='ocrx_word' id='word_1_56' title='bbox 1965 998 2250 1096; x_wconf 87' lang='lat' dir='ltr'>quihus</span> <span class='ocrx_word' id='word_1_57' title='bbox 2297 1007 2500 1073; x_wconf 87' lang='lat' dir='ltr'>totus</span> <span class='ocrx_word' id='word_1_58' title='bbox 2539 1008 2655 1073; x_wconf 85' lang='lat' dir='ltr'>est</span> <span class='ocrx_word' id='word_1_59' title='bbox 2693 998 2856 1096; x_wconf 89' lang='lat' dir='ltr'>ipse</span> <span class='ocrx_word' id='word_1_60' title='bbox 2897 996 3028 1095; x_wconf 90' lang='lat' dir='ltr'>qui</span> <span class='ocrx_word' id='word_1_61' title='bbox 3070 996 3382 1094; x_wconf 84' lang='lat' dir='ltr'>genuit:</span> <span class='ocrx_word' id='word_1_62' title='bbox 3434 998 3619 1095; x_wconf 89' lang='lat' dir='ltr'>quia</span> <span class='ocrx_word' id='word_1_63' title='bbox 3655 1022 3813 1073; x_wconf 88' lang='lat' dir='ltr'>non</span> <span class='ocrx_word' id='word_1_64' title='bbox 3855 1007 3971 1074; x_wconf 89' lang='lat' dir='ltr'>est</span> <span class='ocrx_word' id='word_1_65' title='bbox 4022 997 4337 1073; x_wconf 80' lang='lat' dir='ltr'>aliunde</span> 
     </span>
     <span class='ocr_line' id='line_1_6' title="bbox 1127 1133 4338 1232; baseline -0.001 -23"><span class='ocrx_word' id='word_1_66' title='bbox 1127 1133 1261 1232; x_wconf 88' lang='lat' dir='ltr'>qui</span> <span class='ocrx_word' id='word_1_67' title='bbox 1294 1133 1605 1231; x_wconf 82' lang='lat' dir='ltr'>genitus</span> <span class='ocrx_word' id='word_1_68' title='bbox 1645 1145 1809 1210; x_wconf 85' lang='lat' dir='ltr'>est:</span> <span class='ocrx_word' id='word_1_69' title='bbox 1860 1142 1934 1209; x_wconf 89' lang='lat' dir='ltr'>et</span> <span class='ocrx_word' id='word_1_70' title='bbox 1966 1133 2135 1209; x_wconf 92' lang='lat' dir='ltr'>ideo</span> <span class='ocrx_word' id='word_1_71' title='bbox 2170 1157 2323 1208; x_wconf 90' lang='lat' dir='ltr'>non</span> <span class='ocrx_word' id='word_1_72' title='bbox 2367 1135 2691 1209; x_wconf 82' lang='lat' dir='ltr'>refertur</span> <span class='ocrx_word' id='word_1_73' title='bbox 2743 1134 2834 1208; x_wconf 90' lang='lat' dir='ltr'>ad</span> <span class='ocrx_word' id='word_1_74' title='bbox 2881 1133 3090 1207; x_wconf 91' lang='lat' dir='ltr'>aliud</span> <span class='ocrx_word' id='word_1_75' title='bbox 3132 1133 3338 1231; x_wconf 89' lang='lat' dir='ltr'>quod</span> <span class='ocrx_word' id='word_1_76' title='bbox 3381 1133 3459 1206; x_wconf 91' lang='lat' dir='ltr'>in</span> <span class='ocrx_word' id='word_1_77' title='bbox 3506 1158 3659 1209; x_wconf 91' lang='lat' dir='ltr'>uno</span> <span class='ocrx_word' id='word_1_78' title='bbox 3692 1133 4068 1228; x_wconf 82' lang='lat' dir='ltr'><strong>subsistit,</strong></span> <span class='ocrx_word' id='word_1_79' title='bbox 4112 1143 4188 1208; x_wconf 86' lang='lat' dir='ltr'>et</span> <span class='ocrx_word' id='word_1_80' title='bbox 4244 1157 4338 1209; x_wconf 87' lang='lat' dir='ltr'>ex</span> 
     </span>
     <span class='ocr_line' id='line_1_7' title="bbox 1127 1253 4337 1367; baseline 0 -24"><span class='ocrx_word' id='word_1_81' title='bbox 1127 1294 1311 1344; x_wconf 92' lang='lat' dir='ltr'>uno.</span> <span class='ocrx_word' id='word_1_82' title='bbox 1351 1272 1457 1344; x_wconf 77' lang='lat' dir='ltr'>Ac</span> <span class='ocrx_word' id='word_1_83' title='bbox 1499 1270 1559 1345; x_wconf 93' lang='lat' dir='ltr'>si</span> <span class='ocrx_word' id='word_1_84' title='bbox 1635 1269 1710 1342; x_wconf 89' lang='lat' dir='ltr'>in</span> <span class='ocrx_word' id='word_1_85' title='bbox 1770 1253 2272 1367; x_wconf 73' lang='lat' dir='ltr'>generatione</span> <span class='ocrx_word' id='word_1_86' title='bbox 2324 1268 2490 1343; x_wconf 88' lang='lat' dir='ltr'><strong>Filii</strong></span> <span class='ocrx_word' id='word_1_87' title='bbox 2534 1278 2607 1344; x_wconf 89' lang='lat' dir='ltr'>et</span> <span class='ocrx_word' id='word_1_88' title='bbox 2663 1279 3015 1343; x_wconf 87' lang='lat' dir='ltr'>naturam</span> <span class='ocrx_word' id='word_1_89' title='bbox 3060 1291 3309 1359; x_wconf 88' lang='lat' dir='ltr'>suam,</span> <span class='ocrx_word' id='word_1_90' title='bbox 3377 1277 3459 1343; x_wconf 83' lang='lat' dir='ltr'>ut</span> <span class='ocrx_word' id='word_1_91' title='bbox 3501 1267 3602 1344; x_wconf 89' lang='lat' dir='ltr'>ita</span> <span class='ocrx_word' id='word_1_92' title='bbox 3659 1268 3938 1363; x_wconf 91' lang='lat' dir='ltr'>dicam,</span> <span class='ocrx_word' id='word_1_93' title='bbox 3984 1268 4337 1367; x_wconf 86' lang='lat' dir='ltr'>sequitur</span> 
     </span>
     <span class='ocr_line' id='line_1_8' title="bbox 1122 1403 4331 1501; baseline -0.001 -22"><span class='ocrx_word' id='word_1_94' title='bbox 1122 1405 1704 1481; x_wconf 84' lang='lat' dir='ltr'>indemutabilis</span> <span class='ocrx_word' id='word_1_95' title='bbox 1771 1404 2007 1498; x_wconf 79' lang='lat' dir='ltr'>DeuS,</span> <span class='ocrx_word' id='word_1_96' title='bbox 2081 1403 2709 1481; x_wconf 79' lang='lat' dir='ltr'>indemutabilem</span> <span class='ocrx_word' id='word_1_97' title='bbox 2771 1406 3017 1480; x_wconf 93' lang='lat' dir='ltr'>Deum</span> <span class='ocrx_word' id='word_1_98' title='bbox 3078 1403 3437 1501; x_wconf 79' lang='lat' dir='ltr'>gignenS,</span> <span class='ocrx_word' id='word_1_99' title='bbox 3483 1426 3623 1478; x_wconf 88' lang='lat' dir='ltr'>nec</span> <span class='ocrx_word' id='word_1_100' title='bbox 3694 1413 4040 1478; x_wconf 85' lang='lat' dir='ltr'>naturam</span> <span class='ocrx_word' id='word_1_101' title='bbox 4109 1425 4331 1478; x_wconf 88' lang='lat' dir='ltr'>suam</span> 
     </span>
     <span class='ocr_line' id='line_1_9' title="bbox 1121 1539 4342 1638; baseline -0.001 -22"><span class='ocrx_word' id='word_1_102' title='bbox 1121 1541 1407 1616; x_wconf 90' lang='lat' dir='ltr'>deserit</span> <span class='ocrx_word' id='word_1_103' title='bbox 1438 1564 1533 1616; x_wconf 84' lang='lat' dir='ltr'>ex</span> <span class='ocrx_word' id='word_1_104' title='bbox 1562 1539 2091 1616; x_wconf 81' lang='lat' dir='ltr'>indemutabili</span> <span class='ocrx_word' id='word_1_105' title='bbox 2127 1541 2286 1615; x_wconf 92' lang='lat' dir='ltr'>Deo</span> <span class='ocrx_word' id='word_1_106' title='bbox 2321 1540 2895 1616; x_wconf 84' lang='lat' dir='ltr'>indemutabilis</span> <span class='ocrx_word' id='word_1_107' title='bbox 2926 1539 3064 1614; x_wconf 92' lang='lat' dir='ltr'>Dei</span> <span class='ocrx_word' id='word_1_108' title='bbox 3107 1540 3442 1638; x_wconf 83' lang='lat' dir='ltr'>perlecta</span> <span class='ocrx_word' id='word_1_109' title='bbox 3476 1540 3863 1614; x_wconf 86' lang='lat' dir='ltr'>nativitas.</span> <span class='ocrx_word' id='word_1_110' title='bbox 3896 1539 4342 1615; x_wconf 82' lang='lat' dir='ltr'>Subsisten-&#39;</span> 
     </span>
     <span class='ocr_line' id='line_1_10' title="bbox 1119 1673 4330 1774; baseline 0 -25"><span class='ocrx_word' id='word_1_111' title='bbox 1119 1685 1272 1751; x_wconf 85' lang='lat' dir='ltr'>tem</span> <span class='ocrx_word' id='word_1_112' title='bbox 1328 1699 1514 1773; x_wconf 85' lang='lat' dir='ltr'>ergo</span> <span class='ocrx_word' id='word_1_113' title='bbox 1585 1675 1661 1750; x_wconf 89' lang='lat' dir='ltr'>in</span> <span class='ocrx_word' id='word_1_114' title='bbox 1722 1699 1811 1751; x_wconf 94' lang='lat' dir='ltr'>eo</span> <span class='ocrx_word' id='word_1_115' title='bbox 1857 1675 1994 1750; x_wconf 90' lang='lat' dir='ltr'>Dei</span> <span class='ocrx_word' id='word_1_116' title='bbox 2038 1685 2389 1751; x_wconf 88' lang='lat' dir='ltr'>naturam</span> <span class='ocrx_word' id='word_1_117' title='bbox 2447 1675 2992 1774; x_wconf 82' lang='lat' dir='ltr'>intelligamuS,</span> <span class='ocrx_word' id='word_1_118' title='bbox 3039 1698 3216 1749; x_wconf 92' lang='lat' dir='ltr'>cum</span> <span class='ocrx_word' id='word_1_119' title='bbox 3281 1673 3357 1749; x_wconf 92' lang='lat' dir='ltr'>in</span> <span class='ocrx_word' id='word_1_120' title='bbox 3418 1675 3578 1751; x_wconf 93' lang='lat' dir='ltr'>Deo</span> <span class='ocrx_word' id='word_1_121' title='bbox 3637 1676 3847 1751; x_wconf 90' lang='lat' dir='ltr'>Deus</span> <span class='ocrx_word' id='word_1_122' title='bbox 3888 1675 4118 1750; x_wconf 86' lang='lat' dir='ltr'>insit:</span> <span class='ocrx_word' id='word_1_123' title='bbox 4184 1697 4330 1750; x_wconf 90' lang='lat' dir='ltr'>nec</span> 
     </span>
    </p>
   </div>
   <div class='ocr_carea' id='block_1_3' title="bbox 1112 1811 4323 2181">
    <p class='ocr_par' dir='ltr' id='par_1_3' title="bbox 1112 1811 4323 2181">
     <span class='ocr_line' id='line_1_11' title="bbox 1118 1811 4322 1912; baseline 0 -27"><span class='ocrx_word' id='word_1_124' title='bbox 1118 1822 1402 1911; x_wconf 78' lang='lat' dir='ltr'>praeter</span> <span class='ocrx_word' id='word_1_125' title='bbox 1440 1834 1619 1886; x_wconf 89' lang='lat' dir='ltr'>eum</span> <span class='ocrx_word' id='word_1_126' title='bbox 1656 1812 1787 1910; x_wconf 92' lang='lat' dir='ltr'>qui</span> <span class='ocrx_word' id='word_1_127' title='bbox 1821 1812 2030 1886; x_wconf 93' lang='lat' dir='ltr'>Deus</span> <span class='ocrx_word' id='word_1_128' title='bbox 2070 1821 2210 1905; x_wconf 88' lang='lat' dir='ltr'>est,</span> <span class='ocrx_word' id='word_1_129' title='bbox 2248 1813 2659 1911; x_wconf 86' lang='lat' dir='ltr'>quisquam</span> <span class='ocrx_word' id='word_1_130' title='bbox 2707 1813 2916 1887; x_wconf 93' lang='lat' dir='ltr'>Deus</span> <span class='ocrx_word' id='word_1_131' title='bbox 2954 1811 3155 1888; x_wconf 90' lang='lat' dir='ltr'>alius</span> <span class='ocrx_word' id='word_1_132' title='bbox 3196 1812 3345 1886; x_wconf 87' lang='lat' dir='ltr'>sit:</span> <span class='ocrx_word' id='word_1_133' title='bbox 3395 1812 3578 1910; x_wconf 89' lang='lat' dir='ltr'>quia</span> <span class='ocrx_word' id='word_1_134' title='bbox 3620 1811 3781 1912; x_wconf 89' lang='lat' dir='ltr'>ipse</span> <span class='ocrx_word' id='word_1_135' title='bbox 3823 1813 4063 1907; x_wconf 79' lang='lat' dir='ltr'>DeuS,</span> <span class='ocrx_word' id='word_1_136' title='bbox 4117 1822 4193 1888; x_wconf 88' lang='lat' dir='ltr'>et</span> <span class='ocrx_word' id='word_1_137' title='bbox 4246 1811 4322 1886; x_wconf 89' lang='lat' dir='ltr'>in</span> 
     </span>
     <span class='ocr_line' id='line_1_12' title="bbox 1116 1945 4323 2044; baseline -0.001 -21"><span class='ocrx_word' id='word_1_138' title='bbox 1116 1971 1208 2023; x_wconf 94' lang='lat' dir='ltr'>eo</span> <span class='ocrx_word' id='word_1_139' title='bbox 1250 1946 1487 2023; x_wconf 91' lang='lat' dir='ltr'>Deus.</span> <span class='ocrx_word' id='word_1_140' title='bbox 1524 1946 1841 2022; x_wconf 78' lang='lat' dir='ltr'>Naturoe</span> <span class='ocrx_word' id='word_1_141' title='bbox 1873 1970 2055 2044; x_wconf 84' lang='lat' dir='ltr'>ergo</span> <span class='ocrx_word' id='word_1_142' title='bbox 2096 1945 2233 2023; x_wconf 90' lang='lat' dir='ltr'>Dei</span> <span class='ocrx_word' id='word_1_143' title='bbox 2278 1946 2526 2022; x_wconf 86' lang='lat' dir='ltr'>Patris</span> <span class='ocrx_word' id='word_1_144' title='bbox 2565 1946 2849 2023; x_wconf 74' lang='lat' dir='ltr'>veritas</span> <span class='ocrx_word' id='word_1_145' title='bbox 2891 1948 2963 2022; x_wconf 89' lang='lat' dir='ltr'>in</span> <span class='ocrx_word' id='word_1_146' title='bbox 3007 1946 3170 2023; x_wconf 91' lang='lat' dir='ltr'>Deo</span> <span class='ocrx_word' id='word_1_147' title='bbox 3213 1947 3403 2022; x_wconf 85' lang='lat' dir='ltr'>Filio</span> <span class='ocrx_word' id='word_1_148' title='bbox 3435 1971 3605 2023; x_wconf 90' lang='lat' dir='ltr'>esse</span> <span class='ocrx_word' id='word_1_149' title='bbox 3647 1948 3991 2043; x_wconf 75' lang='lat' dir='ltr'>docetur,</span> <span class='ocrx_word' id='word_1_150' title='bbox 4036 1972 4212 2023; x_wconf 90' lang='lat' dir='ltr'>cum</span> <span class='ocrx_word' id='word_1_151' title='bbox 4244 1947 4323 2022; x_wconf 91' lang='lat' dir='ltr'>in</span> 
     </span>
     <span class='ocr_line' id='line_1_13' title="bbox 1112 2081 4323 2181; baseline 0.001 -22"><span class='ocrx_word' id='word_1_152' title='bbox 1112 2106 1206 2159; x_wconf 88' lang='lat' dir='ltr'>eo</span> <span class='ocrx_word' id='word_1_153' title='bbox 1246 2083 1458 2158; x_wconf 84' lang='lat' dir='ltr'>Deus</span> <span class='ocrx_word' id='word_1_154' title='bbox 1490 2081 1950 2179; x_wconf 81' lang='lat' dir='ltr'>intelligitur</span> <span class='ocrx_word' id='word_1_155' title='bbox 1986 2104 2155 2157; x_wconf 92' lang='lat' dir='ltr'>esse</span> <span class='ocrx_word' id='word_1_156' title='bbox 2201 2082 2329 2181; x_wconf 92' lang='lat' dir='ltr'>qui</span> <span class='ocrx_word' id='word_1_157' title='bbox 2374 2083 2583 2160; x_wconf 92' lang='lat' dir='ltr'>Deus</span> <span class='ocrx_word' id='word_1_158' title='bbox 2623 2093 2762 2159; x_wconf 89' lang='lat' dir='ltr'>est.</span> <span class='ocrx_word' id='word_1_159' title='bbox 2829 2085 2959 2158; x_wconf 86' lang='lat' dir='ltr'>Est</span> <span class='ocrx_word' id='word_1_160' title='bbox 2995 2082 3202 2158; x_wconf 91' lang='lat' dir='ltr'>enim</span> <span class='ocrx_word' id='word_1_161' title='bbox 3248 2106 3453 2159; x_wconf 90' lang='lat' dir='ltr'>unus</span> <span class='ocrx_word' id='word_1_162' title='bbox 3495 2083 3572 2157; x_wconf 89' lang='lat' dir='ltr'>in</span> <span class='ocrx_word' id='word_1_163' title='bbox 3618 2107 3802 2179; x_wconf 90' lang='lat' dir='ltr'>un0,</span> <span class='ocrx_word' id='word_1_164' title='bbox 3847 2093 3922 2159; x_wconf 88' lang='lat' dir='ltr'>et</span> <span class='ocrx_word' id='word_1_165' title='bbox 3963 2108 4167 2162; x_wconf 92' lang='lat' dir='ltr'>unus</span> <span class='ocrx_word' id='word_1_166' title='bbox 4226 2085 4323 2163; x_wconf 89' lang='lat' dir='ltr'>ab</span> 
     </span>
    </p>
   </div>
   <div class='ocr_carea' id='block_1_4' title="bbox 1116 2240 1298 2293">
    <p class='ocr_par' dir='ltr' id='par_1_4' title="bbox 1116 2240 1298 2293">
     <span class='ocr_line' id='line_1_14' title="bbox 1116 2240 1298 2293; baseline -0.016 0"><span class='ocrx_word' id='word_1_167' title='bbox 1116 2240 1298 2293; x_wconf 85' lang='lat' dir='ltr'>une.</span> 
     </span>
    </p>
   </div>
   <div class='ocr_carea' id='block_1_5' title="bbox 1076 2535 4598 4359">
    <p class='ocr_par' dir='ltr' id='par_1_5' title="bbox 1076 2535 4598 4359">
     <span class='ocr_line' id='line_1_15' title="bbox 2865 2535 4320 2628; baseline 0.005 -25"><span class='ocrx_word' id='word_1_168' title='bbox 2865 2536 3048 2615; x_wconf 63' lang='lat' dir='ltr'>[reat.</span> <span class='ocrx_word' id='word_1_169' title='bbox 3094 2535 3423 2606; x_wconf 71' lang='lat' dir='ltr'>Ura-nates</span> <span class='ocrx_word' id='word_1_170' title='bbox 3480 2539 3827 2628; x_wconf 83' lang='lat' dir='ltr'>quaeritur,</span> <span class='ocrx_word' id='word_1_171' title='bbox 3885 2539 4123 2609; x_wconf 89' lang='lat' dir='ltr'>Utrum</span> <span class='ocrx_word' id='word_1_172' title='bbox 4172 2537 4320 2610; x_wconf 82' lang='lat' dir='ltr'>haee</span> 
     </span>
     <span class='ocr_line' id='line_1_16' title="bbox 2769 2644 4321 2736; baseline 0.002 -22"><span class='ocrx_word' id='word_1_173' title='bbox 2769 2670 2931 2714; x_wconf 85' lang='lat' dir='ltr'>vera</span> <span class='ocrx_word' id='word_1_174' title='bbox 2969 2647 3079 2724; x_wconf 86' lang='lat' dir='ltr'>sit,</span> <span class='ocrx_word' id='word_1_175' title='bbox 3140 2644 3352 2713; x_wconf 83' lang='lat' dir='ltr'>Filius</span> <span class='ocrx_word' id='word_1_176' title='bbox 3388 2649 3829 2736; x_wconf 82' lang='lat' dir='ltr'>generatione</span> <span class='ocrx_word' id='word_1_177' title='bbox 3885 2647 4117 2716; x_wconf 86' lang='lat' dir='ltr'>divina</span> <span class='ocrx_word' id='word_1_178' title='bbox 4157 2651 4321 2717; x_wconf 80' lang='lat' dir='ltr'>est?</span> 
     </span>
     <span class='ocr_line' id='line_1_17' title="bbox 2770 2754 4319 2847; baseline 0.003 -25"><span class='ocrx_word' id='word_1_179' title='bbox 2770 2754 3106 2822; x_wconf 67' lang='lat' dir='ltr'>Pnoauto</span> <span class='ocrx_word' id='word_1_180' title='bbox 3191 2754 3376 2844; x_wconf 89' lang='lat' dir='ltr'>quod</span> <span class='ocrx_word' id='word_1_181' title='bbox 3421 2755 3516 2822; x_wconf 89' lang='lat' dir='ltr'>sic</span> <span class='ocrx_word' id='word_1_182' title='bbox 3560 2777 3574 2821; x_wconf 75' lang='grc' dir='ltr'>ε</span> <span class='ocrx_word' id='word_1_183' title='bbox 3621 2754 3832 2823; x_wconf 89' lang='lat' dir='ltr'>Filius</span> <span class='ocrx_word' id='word_1_184' title='bbox 3878 2757 4319 2847; x_wconf 81' lang='lat' dir='ltr'>generatione</span> 
     </span>
     <span class='ocr_line' id='line_1_18' title="bbox 1601 2859 4321 2952; baseline 0.005 -33"><span class='ocrx_word' id='word_1_185' title='bbox 1601 2874 1839 2921; x_wconf 74' lang='lat' dir='ltr'>Divisio</span> <span class='ocrx_word' id='word_1_186' title='bbox 1887 2877 2154 2922; x_wconf 73' lang='lat' dir='ltr'>rex-rus,</span> <span class='ocrx_word' id='word_1_187' title='bbox 2767 2862 2997 2929; x_wconf 83' lang='lat' dir='ltr'>divina</span> <span class='ocrx_word' id='word_1_188' title='bbox 3055 2859 3258 2929; x_wconf 89' lang='lat' dir='ltr'>habet</span> <span class='ocrx_word' id='word_1_189' title='bbox 3324 2861 3651 2952; x_wconf 88' lang='lat' dir='ltr'>quidquid</span> <span class='ocrx_word' id='word_1_190' title='bbox 3684 2871 3784 2930; x_wconf 89' lang='lat' dir='ltr'>est</span> <span class='ocrx_word' id='word_1_191' title='bbox 3825 2885 3841 2930; x_wconf 75' lang='grc' dir='ltr'><strong>ε</strong></span> <span class='ocrx_word' id='word_1_192' title='bbox 3886 2863 4003 2931; x_wconf 89' lang='lat' dir='ltr'>sed</span> <span class='ocrx_word' id='word_1_193' title='bbox 4043 2861 4187 2932; x_wconf 75' lang='lat' dir='ltr'>haec</span> <span class='ocrx_word' id='word_1_194' title='bbox 4216 2872 4321 2933; x_wconf 86' lang='lat' dir='ltr'>est</span> 
     </span>
     <span class='ocr_line' id='line_1_19' title="bbox 2765 2970 4316 3064; baseline 0.003 -26"><span class='ocrx_word' id='word_1_195' title='bbox 2765 2993 2953 3052; x_wconf 86' lang='lat' dir='ltr'>vera,</span> <span class='ocrx_word' id='word_1_196' title='bbox 2988 2970 3198 3038; x_wconf 87' lang='lat' dir='ltr'>Filius</span> <span class='ocrx_word' id='word_1_197' title='bbox 3237 2979 3387 3040; x_wconf 89' lang='lat' dir='ltr'>est:</span> <span class='ocrx_word' id='word_1_198' title='bbox 3433 2994 3595 3060; x_wconf 74' lang='lat' dir='ltr'>ergo</span> <span class='ocrx_word' id='word_1_199' title='bbox 3636 2972 3848 3039; x_wconf 87' lang='lat' dir='ltr'>Filius</span> <span class='ocrx_word' id='word_1_200' title='bbox 3877 2975 4316 3064; x_wconf 78' lang='lat' dir='ltr'>generatione</span> 
     </span>
     <span class='ocr_line' id='line_1_20' title="bbox 2765 3078 4315 3163; baseline 0.003 -18"><span class='ocrx_word' id='word_1_201' title='bbox 2765 3080 2996 3146; x_wconf 79' lang='lat' dir='ltr'>divina</span> <span class='ocrx_word' id='word_1_202' title='bbox 3053 3087 3175 3147; x_wconf 88' lang='lat' dir='ltr'>est.</span> <span class='ocrx_word' id='word_1_203' title='bbox 3251 3078 3516 3148; x_wconf 59' lang='lat' dir='ltr'>Comus</span> <span class='ocrx_word' id='word_1_204' title='bbox 3555 3103 3568 3147; x_wconf 93' lang='lat'>:</span> <span class='ocrx_word' id='word_1_205' title='bbox 3613 3080 3924 3149; x_wconf 87' lang='lat' dir='ltr'>Essentia</span> <span class='ocrx_word' id='word_1_206' title='bbox 3987 3089 4112 3163; x_wconf 86' lang='lat' dir='ltr'>est,</span> <span class='ocrx_word' id='word_1_207' title='bbox 4174 3102 4315 3149; x_wconf 90' lang='lat' dir='ltr'>nou</span> 
     </span>
     <span class='ocr_line' id='line_1_21' title="bbox 1196 3178 3484 3279; baseline 0.003 -37"><span class='ocrx_word' id='word_1_208' title='bbox 1196 3204 1229 3242; x_wconf 72' lang='grc' dir='ltr'>ι</span> <span class='ocrx_word' id='word_1_209' title='bbox 1264 3180 1396 3247; x_wconf 77' lang='lat' dir='ltr'>llic</span> <span class='ocrx_word' id='word_1_210' title='bbox 1430 3202 1583 3247; x_wconf 73' lang='lat' dir='ltr'>tero</span> <span class='ocrx_word' id='word_1_211' title='bbox 1616 3180 1821 3246; x_wconf 80' lang='lat' dir='ltr'>etiam</span> <span class='ocrx_word' id='word_1_212' title='bbox 1864 3178 1941 3246; x_wconf 81' lang='lat' dir='ltr'>id</span> <span class='ocrx_word' id='word_1_213' title='bbox 1974 3181 2421 3255; x_wconf 78' lang='lat' dir='ltr'>contrarium.</span> <span class='ocrx_word' id='word_1_214' title='bbox 2447 3189 2575 3249; x_wconf 87' lang='lat' dir='ltr'>etc.</span> <span class='ocrx_word' id='word_1_215' title='bbox 2615 3204 2648 3244; x_wconf 71' lang='lat' dir='ltr'>s</span> <span class='ocrx_word' id='word_1_216' title='bbox 2761 3187 3199 3279; x_wconf 71' lang='lat' dir='ltr'>generatione</span> <span class='ocrx_word' id='word_1_217' title='bbox 3228 3186 3484 3255; x_wconf 81' lang='lat' dir='ltr'>divina.</span> 
     </span>
     <span class='ocr_line' id='line_1_22' title="bbox 1191 3284 2654 3378; baseline 0.003 -27"><span class='ocrx_word' id='word_1_218' title='bbox 1191 3284 1320 3354; x_wconf 84' lang='lat' dir='ltr'>llic</span> <span class='ocrx_word' id='word_1_219' title='bbox 1379 3284 1615 3375; x_wconf 87' lang='lat' dir='ltr'>objicit</span> <span class='ocrx_word' id='word_1_220' title='bbox 1655 3309 1774 3378; x_wconf 89' lang='lat' dir='ltr'>per</span> <span class='ocrx_word' id='word_1_221' title='bbox 1799 3285 2010 3354; x_wconf 80' lang='lat' dir='ltr'>verba</span> <span class='ocrx_word' id='word_1_222' title='bbox 2038 3285 2303 3363; x_wconf 84' lang='lat' dir='ltr'>Hilarii,</span> <span class='ocrx_word' id='word_1_223' title='bbox 2338 3296 2404 3356; x_wconf 88' lang='lat' dir='ltr'>et</span> <span class='ocrx_word' id='word_1_224' title='bbox 2446 3287 2512 3355; x_wconf 90' lang='lat' dir='ltr'>in</span> <span class='ocrx_word' id='word_1_225' title='bbox 2552 3310 2654 3355; x_wconf 90' lang='lat' dir='ltr'>se·</span> 
     </span>
     <span class='ocr_line' id='line_1_23' title="bbox 1103 3393 4578 3519; baseline 0.005 -60"><span class='ocrx_word' id='word_1_226' title='bbox 1103 3393 1337 3484; x_wconf 85' lang='lat' dir='ltr'>quenti</span> <span class='ocrx_word' id='word_1_227' title='bbox 1370 3393 1601 3463; x_wconf 86' lang='lat' dir='ltr'>solvit.</span> <span class='ocrx_word' id='word_1_228' title='bbox 2851 3402 3160 3472; x_wconf 70' lang='lat' dir='ltr'>Sotcrto.</span> <span class='ocrx_word' id='word_1_229' title='bbox 3196 3403 3386 3481; x_wconf 82' lang='lat' dir='ltr'>Ilaec,</span> <span class='ocrx_word' id='word_1_230' title='bbox 3437 3404 3665 3471; x_wconf 75' lang='lat' dir='ltr'>Filius</span> <span class='ocrx_word' id='word_1_231' title='bbox 3706 3406 4142 3495; x_wconf 74' lang='lat' dir='ltr'>qeneratione</span> <span class='ocrx_word' id='word_1_232' title='bbox 4177 3418 4301 3492; x_wconf 77' lang='lat' dir='ltr'>est,</span> <span class='ocrx_word' id='word_1_233' title='bbox 4386 3470 4475 3519; x_wconf 82' lang='lat' dir='ltr'>sot</span> <span class='ocrx_word' id='word_1_234' title='bbox 4508 3466 4578 3515; x_wconf 78' lang='lat' dir='ltr'>uo</span> 
     </span>
     <span class='ocr_line' id='line_1_24' title="bbox 1196 3484 4598 3603; baseline 0.006 -38"><span class='ocrx_word' id='word_1_235' title='bbox 1196 3499 1279 3566; x_wconf 80' lang='lat' dir='ltr'>Bt</span> <span class='ocrx_word' id='word_1_236' title='bbox 1314 3508 1537 3590; x_wconf 78' lang='lat' dir='ltr'>potest</span> <span class='ocrx_word' id='word_1_237' title='bbox 1595 3523 1740 3571; x_wconf 86' lang='lat' dir='ltr'>esse</span> <span class='ocrx_word' id='word_1_238' title='bbox 1796 3501 2079 3569; x_wconf 89' lang='lat' dir='ltr'>dubium</span> <span class='ocrx_word' id='word_1_239' title='bbox 2128 3502 2213 3571; x_wconf 89' lang='lat' dir='ltr'>de</span> <span class='ocrx_word' id='word_1_240' title='bbox 2272 3501 2399 3570; x_wconf 87' lang='lat' dir='ltr'>hoc</span> <span class='ocrx_word' id='word_1_241' title='bbox 2465 3505 2650 3594; x_wconf 91' lang='lat' dir='ltr'>quod</span> <span class='ocrx_word' id='word_1_242' title='bbox 2758 3512 2903 3580; x_wconf 87' lang='lat' dir='ltr'>sine</span> <span class='ocrx_word' id='word_1_243' title='bbox 2941 3510 3332 3602; x_wconf 64' lang='lat' dir='ltr'>praejudicio</span> <span class='ocrx_word' id='word_1_244' title='bbox 3397 3510 3740 3603; x_wconf 87' lang='lat' dir='ltr'>loquendo</span> <span class='ocrx_word' id='word_1_245' title='bbox 3796 3509 4000 3581; x_wconf 83' lang='lat' dir='ltr'>habet</span> <span class='ocrx_word' id='word_1_246' title='bbox 4050 3513 4307 3582; x_wconf 88' lang='lat' dir='ltr'>calum·</span> <span class='ocrx_word' id='word_1_247' title='bbox 4476 3484 4508 3517; x_wconf 62' lang='lat'>⁰</span> <span class='ocrx_word' id='word_1_248' title='bbox 4580 3500 4598 3519; x_wconf 69' lang='lat'><em>⁶</em></span> 
     </span>
     <span class='ocr_line' id='line_1_25' title="bbox 1103 3604 4305 3714; baseline 0.006 -44"><span class='ocrx_word' id='word_1_249' title='bbox 1103 3604 1268 3673; x_wconf 90' lang='lat' dir='ltr'>‹licit</span> <span class='ocrx_word' id='word_1_250' title='bbox 1306 3605 1668 3685; x_wconf 76' lang='lat' dir='ltr'>solvende,</span> <span class='ocrx_word' id='word_1_251' title='bbox 1714 3633 1747 3671; x_wconf 73' lang='grc' dir='ltr'>ι</span> <span class='ocrx_word' id='word_1_252' title='bbox 1782 3608 1984 3677; x_wconf 72' lang='lat' dir='ltr'>Nilei!</span> <span class='ocrx_word' id='word_1_253' title='bbox 2016 3608 2218 3675; x_wconf 76' lang='lat' dir='ltr'>habel</span> <span class='ocrx_word' id='word_1_254' title='bbox 2258 3609 2485 3677; x_wconf 59' lang='lat' dir='ltr'>Mlius</span> <span class='ocrx_word' id='word_1_255' title='bbox 2513 3612 2650 3677; x_wconf 74' lang='lat' dir='ltr'>nisi</span> <span class='ocrx_word' id='word_1_256' title='bbox 2758 3619 2941 3686; x_wconf 75' lang='lat' dir='ltr'>niam</span> <span class='ocrx_word' id='word_1_257' title='bbox 2977 3640 2993 3687; x_wconf 89' lang='lat'>:</span> <span class='ocrx_word' id='word_1_258' title='bbox 3039 3621 3094 3685; x_wconf 81' lang='lat' dir='ltr'>si</span> <span class='ocrx_word' id='word_1_259' title='bbox 3137 3621 3320 3687; x_wconf 79' lang='lat' dir='ltr'>enim</span> <span class='ocrx_word' id='word_1_260' title='bbox 3352 3619 3448 3686; x_wconf 87' lang='lat' dir='ltr'>sic</span> <span class='ocrx_word' id='word_1_261' title='bbox 3480 3618 3916 3710; x_wconf 78' lang='lat' dir='ltr'>intelligutur.</span> <span class='ocrx_word' id='word_1_262' title='bbox 3954 3629 4305 3714; x_wconf 83' lang='lat' dir='ltr'>tamquam</span> 
     </span>
     <span class='ocr_line' id='line_1_26' title="bbox 1076 3714 4308 3820; baseline 0.006 -41"><span class='ocrx_word' id='word_1_263' title='bbox 1076 3722 1351 3792; x_wconf 78' lang='lat' dir='ltr'>nalum,</span> <span class='ocrx_word' id='word_1_264' title='bbox 1400 3740 1433 3774; x_wconf 73' lang='lat' dir='ltr'>n</span> <span class='ocrx_word' id='word_1_265' title='bbox 1470 3714 1532 3780; x_wconf 83' lang='grc' dir='ltr'>ἰιΙ</span> <span class='ocrx_word' id='word_1_266' title='bbox 1566 3723 1689 3791; x_wconf 79' lang='lat' dir='ltr'>est,</span> <span class='ocrx_word' id='word_1_267' title='bbox 1744 3716 1911 3782; x_wconf 80' lang='lat' dir='ltr'>nihil</span> <span class='ocrx_word' id='word_1_268' title='bbox 1997 3715 2203 3783; x_wconf 85' lang='lat' dir='ltr'>habet</span> <span class='ocrx_word' id='word_1_269' title='bbox 2273 3717 2645 3786; x_wconf 82' lang='lat' dir='ltr'>secundum</span> <span class='ocrx_word' id='word_1_270' title='bbox 2756 3750 2901 3795; x_wconf 75' lang='lat' dir='ltr'>esse</span> <span class='ocrx_word' id='word_1_271' title='bbox 2932 3727 3081 3795; x_wconf 82' lang='lat' dir='ltr'>Filii</span> <span class='ocrx_word' id='word_1_272' title='bbox 3113 3728 3198 3795; x_wconf 85' lang='lat' dir='ltr'>sit</span> <span class='ocrx_word' id='word_1_273' title='bbox 3232 3728 3561 3795; x_wconf 87' lang='lat' dir='ltr'>terminus</span> <span class='ocrx_word' id='word_1_274' title='bbox 3591 3729 4049 3819; x_wconf 79' lang='lat' dir='ltr'>generationis</span> <span class='ocrx_word' id='word_1_275' title='bbox 4078 3754 4199 3820; x_wconf 88' lang='lat' dir='ltr'>per</span> <span class='ocrx_word' id='word_1_276' title='bbox 4234 3755 4308 3801; x_wconf 89' lang='lat' dir='ltr'>se</span> 
     </span>
     <span class='ocr_line' id='line_1_27' title="bbox 1081 3818 4312 3927; baseline 0.006 -41"><span class='ocrx_word' id='word_1_277' title='bbox 1081 3818 1269 3911; x_wconf 93' lang='lat' dir='ltr'>quod</span> <span class='ocrx_word' id='word_1_278' title='bbox 1307 3819 1485 3888; x_wconf 79' lang='lat' dir='ltr'>Deus</span> <span class='ocrx_word' id='word_1_279' title='bbox 1525 3830 1651 3897; x_wconf 82' lang='lat' dir='ltr'>est.</span> <span class='ocrx_word' id='word_1_280' title='bbox 1688 3822 1812 3888; x_wconf 85' lang='lat' dir='ltr'>nisi</span> <span class='ocrx_word' id='word_1_281' title='bbox 1853 3822 2033 3913; x_wconf 88' lang='lat' dir='ltr'>quod</span> <span class='ocrx_word' id='word_1_282' title='bbox 2067 3825 2403 3893; x_wconf 84' lang='lat' dir='ltr'>nascendo</span> <span class='ocrx_word' id='word_1_283' title='bbox 2451 3848 2648 3895; x_wconf 87' lang='lat' dir='ltr'>acce·</span> <span class='ocrx_word' id='word_1_284' title='bbox 2755 3843 2821 3902; x_wconf 89' lang='lat' dir='ltr'>et</span> <span class='ocrx_word' id='word_1_285' title='bbox 2862 3836 2928 3902; x_wconf 90' lang='lat' dir='ltr'>in</span> <span class='ocrx_word' id='word_1_286' title='bbox 2972 3834 3167 3913; x_wconf 85' lang='lat' dir='ltr'>Filio,</span> <span class='ocrx_word' id='word_1_287' title='bbox 3202 3833 3371 3902; x_wconf 79' lang='lat' dir='ltr'>falsa</span> <span class='ocrx_word' id='word_1_288' title='bbox 3409 3844 3531 3902; x_wconf 91' lang='lat' dir='ltr'>est.</span> <span class='ocrx_word' id='word_1_289' title='bbox 3598 3836 3669 3901; x_wconf 81' lang='lat' dir='ltr'>Si</span> <span class='ocrx_word' id='word_1_290' title='bbox 3703 3843 3931 3904; x_wconf 87' lang='lat' dir='ltr'>autem</span> <span class='ocrx_word' id='word_1_291' title='bbox 3965 3836 4312 3927; x_wconf 78' lang='lat' dir='ltr'>intelliga-</span> 
     </span>
     <span class='ocr_line' id='line_1_28' title="bbox 1092 3928 4310 4034; baseline 0.006 -40"><span class='ocrx_word' id='word_1_292' title='bbox 1092 3928 1216 4019; x_wconf 83' lang='lat' dir='ltr'>pit.</span> <span class='ocrx_word' id='word_1_293' title='bbox 2754 3949 2888 4017; x_wconf 87' lang='lat' dir='ltr'>tur,</span> <span class='ocrx_word' id='word_1_294' title='bbox 2925 3940 3109 4031; x_wconf 90' lang='lat' dir='ltr'>quod</span> <span class='ocrx_word' id='word_1_295' title='bbox 3149 3942 3480 4008; x_wconf 84' lang='lat' dir='ltr'>terminus</span> <span class='ocrx_word' id='word_1_296' title='bbox 3530 3941 3806 4032; x_wconf 87' lang='lat' dir='ltr'>quidem</span> <span class='ocrx_word' id='word_1_297' title='bbox 3848 3945 4310 4034; x_wconf 79' lang='lat' dir='ltr'>generationis</span> 
     </span>
     <span class='ocr_line' id='line_1_29' title="bbox 2754 4046 4312 4139; baseline 0.005 -26"><span class='ocrx_word' id='word_1_298' title='bbox 2754 4056 2854 4114; x_wconf 89' lang='lat' dir='ltr'>est</span> <span class='ocrx_word' id='word_1_299' title='bbox 2904 4046 3136 4130; x_wconf 84' lang='lat' dir='ltr'>Filius,</span> <span class='ocrx_word' id='word_1_300' title='bbox 3192 4054 3261 4114; x_wconf 92' lang='lat' dir='ltr'>et</span> <span class='ocrx_word' id='word_1_301' title='bbox 3298 4046 3410 4115; x_wconf 90' lang='lat' dir='ltr'>ille</span> <span class='ocrx_word' id='word_1_302' title='bbox 3468 4070 3589 4138; x_wconf 87' lang='lat' dir='ltr'>per</span> <span class='ocrx_word' id='word_1_303' title='bbox 3625 4053 4139 4139; x_wconf 78' lang='lat' dir='ltr'>generationem</span> <span class='ocrx_word' id='word_1_304' title='bbox 4179 4050 4312 4121; x_wconf 77' lang='lat' dir='ltr'>lna-</span> 
     </span>
     <span class='ocr_line' id='line_1_30' title="bbox 2754 4151 4312 4252; baseline 0.005 -32"><span class='ocrx_word' id='word_1_305' title='bbox 2754 4151 2909 4222; x_wconf 86' lang='lat' dir='ltr'>beat</span> <span class='ocrx_word' id='word_1_306' title='bbox 2937 4176 3111 4237; x_wconf 89' lang='lat' dir='ltr'>esse,</span> <span class='ocrx_word' id='word_1_307' title='bbox 3148 4162 3309 4223; x_wconf 87' lang='lat' dir='ltr'>tunc</span> <span class='ocrx_word' id='word_1_308' title='bbox 3338 4163 3439 4223; x_wconf 89' lang='lat' dir='ltr'>est</span> <span class='ocrx_word' id='word_1_309' title='bbox 3466 4177 3655 4234; x_wconf 77' lang='lat' dir='ltr'>vera,</span> <span class='ocrx_word' id='word_1_310' title='bbox 3676 4165 3743 4224; x_wconf 88' lang='lat' dir='ltr'>et</span> <span class='ocrx_word' id='word_1_311' title='bbox 3763 4155 3895 4227; x_wconf 86' lang='lat' dir='ltr'>hoc</span> <span class='ocrx_word' id='word_1_312' title='bbox 3924 4158 4130 4227; x_wconf 89' lang='lat' dir='ltr'>modo</span> <span class='ocrx_word' id='word_1_313' title='bbox 4155 4182 4312 4252; x_wconf 85' lang='lat' dir='ltr'>pro·</span> 
     </span>
     <span class='ocr_line' id='line_1_31' title="bbox 2754 4259 4310 4359; baseline 0.005 -30"><span class='ocrx_word' id='word_1_314' title='bbox 2754 4260 2955 4329; x_wconf 89' lang='lat' dir='ltr'>batur</span> <span class='ocrx_word' id='word_1_315' title='bbox 2989 4285 3004 4330; x_wconf 74' lang='grc' dir='ltr'><strong><em>ε</em></strong></span> <span class='ocrx_word' id='word_1_316' title='bbox 3039 4259 3187 4329; x_wconf 84' lang='lat' dir='ltr'>haec</span> <span class='ocrx_word' id='word_1_317' title='bbox 3216 4269 3447 4330; x_wconf 88' lang='lat' dir='ltr'>autem</span> <span class='ocrx_word' id='word_1_318' title='bbox 3479 4272 3580 4330; x_wconf 89' lang='lat' dir='ltr'>est</span> <span class='ocrx_word' id='word_1_319' title='bbox 3607 4287 3769 4331; x_wconf 72' lang='lat' dir='ltr'>vera</span> <span class='ocrx_word' id='word_1_320' title='bbox 3806 4286 3822 4334; x_wconf 73' lang='grc' dir='ltr'>ε</span> <span class='ocrx_word' id='word_1_321' title='bbox 3866 4264 4076 4333; x_wconf 86' lang='lat' dir='ltr'>Filius</span> <span class='ocrx_word' id='word_1_322' title='bbox 4103 4290 4310 4359; x_wconf 82' lang='lat' dir='ltr'>gene·</span> 
     </span>
    </p>
   </div>
   <div class='ocr_carea' id='block_1_6' title="bbox 1095 4358 4313 4783">
    <p class='ocr_par' dir='ltr' id='par_1_6' title="bbox 1501 4358 4312 4451">
     <span class='ocr_line' id='line_1_32' title="bbox 1501 4358 4312 4451; baseline 0.006 -25"><span class='ocrx_word' id='word_1_323' title='bbox 1501 4362 1551 4427; x_wconf 72' lang='lat' dir='ltr'>A</span> <span class='ocrx_word' id='word_1_324' title='bbox 1566 4358 2001 4428; x_wconf 68' lang='lat' dir='ltr'>nTlctt&#39;Lcs</span> <span class='ocrx_word' id='word_1_325' title='bbox 2051 4359 2237 4428; x_wconf 73' lang='lat' dir='ltr'>Vlll.</span> <span class='ocrx_word' id='word_1_326' title='bbox 2757 4371 3016 4437; x_wconf 86' lang='lat' dir='ltr'>ratione</span> <span class='ocrx_word' id='word_1_327' title='bbox 3057 4368 3289 4436; x_wconf 81' lang='lat' dir='ltr'>divina</span> <span class='ocrx_word' id='word_1_328' title='bbox 3304 4377 3405 4438; x_wconf 88' lang='lat' dir='ltr'>est</span> <span class='ocrx_word' id='word_1_329' title='bbox 3439 4369 3671 4451; x_wconf 82' lang='lat' dir='ltr'>Filius,</span> <span class='ocrx_word' id='word_1_330' title='bbox 3703 4381 3772 4441; x_wconf 92' lang='lat' dir='ltr'>et</span> <span class='ocrx_word' id='word_1_331' title='bbox 3801 4376 4093 4442; x_wconf 87' lang='lat' dir='ltr'>essentia</span> <span class='ocrx_word' id='word_1_332' title='bbox 4128 4376 4312 4444; x_wconf 79' lang='lat' dir='ltr'>divi-</span> 
     </span>
    </p>

    <p class='ocr_par' dir='ltr' id='par_1_7' title="bbox 1095 4475 4313 4783">
     <span class='ocr_line' id='line_1_33' title="bbox 2761 4475 3647 4568; baseline 0.005 -25"><span class='ocrx_word' id='word_1_333' title='bbox 2761 4499 2851 4545; x_wconf 91' lang='lat' dir='ltr'>na</span> <span class='ocrx_word' id='word_1_334' title='bbox 2889 4484 2993 4545; x_wconf 85' lang='lat' dir='ltr'>est</span> <span class='ocrx_word' id='word_1_335' title='bbox 3022 4476 3214 4568; x_wconf 86' lang='lat' dir='ltr'>quasi</span> <span class='ocrx_word' id='word_1_336' title='bbox 3247 4475 3647 4547; x_wconf 79' lang='lat' dir='ltr'>formaliter.</span> 
     </span>
     <span class='ocr_line' id='line_1_34' title="bbox 1095 4569 4305 4683; baseline 0.007 -47"><span class='ocrx_word' id='word_1_337' title='bbox 1095 4575 1311 4657; x_wconf 78' lang='lat' dir='ltr'>Quem</span> <span class='ocrx_word' id='word_1_338' title='bbox 1346 4581 1575 4639; x_wconf 80' lang='lat' dir='ltr'>actum</span> <span class='ocrx_word' id='word_1_339' title='bbox 1653 4569 1932 4662; x_wconf 76' lang='lat' dir='ltr'>copula!</span> <span class='ocrx_word' id='word_1_340' title='bbox 1999 4570 2297 4647; x_wconf 75' lang='lat' dir='ltr'>verbum,</span> <span class='ocrx_word' id='word_1_341' title='bbox 2360 4573 2641 4664; x_wconf 84' lang='lat' dir='ltr'>accepit,</span> <span class='ocrx_word' id='word_1_342' title='bbox 2844 4586 2948 4654; x_wconf 76' lang='lat' dir='ltr'>An</span> <span class='ocrx_word' id='word_1_343' title='bbox 2998 4608 3060 4653; x_wconf 80' lang='lat' dir='ltr'>m</span> <span class='ocrx_word' id='word_1_344' title='bbox 3117 4594 3346 4652; x_wconf 82' lang='lat' dir='ltr'>autem</span> <span class='ocrx_word' id='word_1_345' title='bbox 3414 4587 3595 4676; x_wconf 86' lang='lat' dir='ltr'>quod</span> <span class='ocrx_word' id='word_1_346' title='bbox 3664 4589 3990 4678; x_wconf 81' lang='lat' dir='ltr'>quaeritur</span> <span class='ocrx_word' id='word_1_347' title='bbox 4057 4592 4305 4683; x_wconf 89' lang='lat' dir='ltr'>primo,</span> 
     </span>
     <span class='ocr_line' id='line_1_35' title="bbox 1182 4680 4313 4783; baseline 0.002 -35"><span class='ocrx_word' id='word_1_348' title='bbox 1182 4692 1417 4749; x_wconf 79' lang='lat' dir='ltr'>ulrum</span> <span class='ocrx_word' id='word_1_349' title='bbox 1457 4680 1875 4749; x_wconf 79' lang='lat' dir='ltr'>nationalem</span> <span class='ocrx_word' id='word_1_350' title='bbox 1908 4690 2032 4747; x_wconf 79' lang='lat' dir='ltr'>aut</span> <span class='ocrx_word' id='word_1_351' title='bbox 2060 4681 2478 4750; x_wconf 74' lang='lat' dir='ltr'>essentialem</span> <span class='ocrx_word' id='word_1_352' title='bbox 2517 4680 2557 4749; x_wconf 87' lang='lat'><strong><em>?</em></strong></span> <span class='ocrx_word' id='word_1_353' title='bbox 2755 4690 2974 4772; x_wconf 77' lang='lat' dir='ltr'>Quem</span> <span class='ocrx_word' id='word_1_354' title='bbox 3005 4701 3231 4760; x_wconf 75' lang='lat' dir='ltr'>actum</span> <span class='ocrx_word' id='word_1_355' title='bbox 3265 4692 3537 4783; x_wconf 74' lang='lat' dir='ltr'>copulat</span> <span class='ocrx_word' id='word_1_356' title='bbox 3571 4692 3700 4762; x_wconf 80' lang='lat' dir='ltr'>hoc</span> <span class='ocrx_word' id='word_1_357' title='bbox 3756 4694 4068 4777; x_wconf 73' lang='lat' dir='ltr'>verbum,</span> <span class='ocrx_word' id='word_1_358' title='bbox 4117 4723 4313 4769; x_wconf 63' lang='grc' dir='ltr'><strong>αραι-</strong></span> 
     </span>
    </p>
   </div>
   <div class='ocr_carea' id='block_1_7' title="bbox 1088 4800 4310 5863">
    <p class='ocr_par' dir='ltr' id='par_1_8' title="bbox 2748 4800 4310 4900">
     <span class='ocr_line' id='line_1_36' title="bbox 2748 4800 4310 4900; baseline 0.008 -33"><span class='ocrx_word' id='word_1_359' title='bbox 2748 4803 2857 4893; x_wconf 77' lang='lat' dir='ltr'>pit</span> <span class='ocrx_word' id='word_1_360' title='bbox 2900 4800 2941 4869; x_wconf 87' lang='lat'><em>?</em></span> <span class='ocrx_word' id='word_1_361' title='bbox 2967 4802 3162 4879; x_wconf 89' lang='lat' dir='ltr'>Dico,</span> <span class='ocrx_word' id='word_1_362' title='bbox 3199 4801 3382 4892; x_wconf 89' lang='lat' dir='ltr'>quod</span> <span class='ocrx_word' id='word_1_363' title='bbox 3429 4802 3845 4872; x_wconf 81' lang='lat' dir='ltr'>notionulem</span> <span class='ocrx_word' id='word_1_364' title='bbox 3889 4808 4002 4898; x_wconf 85' lang='lat' dir='ltr'>qui</span> <span class='ocrx_word' id='word_1_365' title='bbox 4046 4817 4145 4877; x_wconf 87' lang='lat' dir='ltr'>est</span> <span class='ocrx_word' id='word_1_366' title='bbox 4185 4833 4310 4900; x_wconf 80' lang='lat' dir='ltr'>ge—</span> 
     </span>
    </p>

    <p class='ocr_par' dir='ltr' id='par_1_9' title="bbox 2754 4911 4309 5007">
     <span class='ocr_line' id='line_1_37' title="bbox 2754 4911 4309 5007; baseline 0.006 -29"><span class='ocrx_word' id='word_1_367' title='bbox 2754 4912 3074 4979; x_wconf 88' lang='lat' dir='ltr'>neratio:</span> <span class='ocrx_word' id='word_1_368' title='bbox 3134 4933 3273 4978; x_wconf 90' lang='lat' dir='ltr'>non</span> <span class='ocrx_word' id='word_1_369' title='bbox 3338 4918 3567 4979; x_wconf 85' lang='lat' dir='ltr'>tamen</span> <span class='ocrx_word' id='word_1_370' title='bbox 3633 4911 3810 4991; x_wconf 86' lang='lat' dir='ltr'>dico,</span> <span class='ocrx_word' id='word_1_371' title='bbox 3878 4916 4060 5007; x_wconf 91' lang='lat' dir='ltr'>quod</span> <span class='ocrx_word' id='word_1_372' title='bbox 4118 4929 4309 4988; x_wconf 83' lang='lat' dir='ltr'>actus</span> 
     </span>
    </p>

    <p class='ocr_par' dir='ltr' id='par_1_10' title="bbox 1088 5003 4306 5863">
     <span class='ocr_line' id='line_1_38' title="bbox 1186 5003 4306 5095; baseline 0.004 -13"><span class='ocrx_word' id='word_1_373' title='bbox 1186 5005 1530 5082; x_wconf 57' lang='lat' dir='ltr'>Qua-‘fimf</span> <span class='ocrx_word' id='word_1_374' title='bbox 1559 5003 1738 5069; x_wconf 66' lang='grc' dir='ltr'><strong>011ῑ111</strong></span> <span class='ocrx_word' id='word_1_375' title='bbox 1808 5022 2012 5091; x_wconf 71' lang='lat' dir='ltr'>(tuem</span> <span class='ocrx_word' id='word_1_376' title='bbox 2070 5010 2293 5070; x_wconf 67' lang='grc'><strong>80111111</strong></span> <span class='ocrx_word' id='word_1_377' title='bbox 2371 5005 2644 5095; x_wconf 70' lang='lat' dir='ltr'>copulat</span> <span class='ocrx_word' id='word_1_378' title='bbox 2754 5018 3158 5086; x_wconf 87' lang='lat' dir='ltr'>terminetur</span> <span class='ocrx_word' id='word_1_379' title='bbox 3219 5017 3596 5085; x_wconf 88' lang='lat' dir='ltr'>secundum</span> <span class='ocrx_word' id='word_1_380' title='bbox 3656 5020 3989 5090; x_wconf 87' lang='lat' dir='ltr'>rationem</span> <span class='ocrx_word' id='word_1_381' title='bbox 4046 5026 4306 5095; x_wconf 89' lang='lat' dir='ltr'>intelli-</span> 
     </span>
     <span class='ocr_line' id='line_1_39' title="bbox 1088 5111 4305 5224; baseline 0.008 -45"><span class='ocrx_word' id='word_1_382' title='bbox 1088 5111 1222 5180; x_wconf 86' lang='lat' dir='ltr'>hoc</span> <span class='ocrx_word' id='word_1_383' title='bbox 1252 5111 1565 5189; x_wconf 79' lang='lat' dir='ltr'>verbum,</span> <span class='ocrx_word' id='word_1_384' title='bbox 1600 5112 1876 5201; x_wconf 76' lang='lat' dir='ltr'>occepit,</span> <span class='ocrx_word' id='word_1_385' title='bbox 1906 5118 2022 5177; x_wconf 88' lang='lat' dir='ltr'>aut</span> <span class='ocrx_word' id='word_1_386' title='bbox 2054 5112 2492 5189; x_wconf 85' lang='lat' dir='ltr'>notionalem,</span> <span class='ocrx_word' id='word_1_387' title='bbox 2527 5120 2641 5180; x_wconf 80' lang='lat' dir='ltr'>aut</span> <span class='ocrx_word' id='word_1_388' title='bbox 2753 5125 2951 5217; x_wconf 79' lang='lat' dir='ltr'>gendi</span> <span class='ocrx_word' id='word_1_389' title='bbox 2986 5126 3232 5215; x_wconf 83' lang='lat' dir='ltr'>primo,</span> <span class='ocrx_word' id='word_1_390' title='bbox 3275 5123 3384 5192; x_wconf 74' lang='lat' dir='ltr'>vel</span> <span class='ocrx_word' id='word_1_391' title='bbox 3434 5138 3930 5217; x_wconf 77' lang='lat' dir='ltr'>consequenter</span> <span class='ocrx_word' id='word_1_392' title='bbox 3965 5154 4171 5224; x_wconf 88' lang='lat' dir='ltr'>super</span> <span class='ocrx_word' id='word_1_393' title='bbox 4197 5158 4305 5204; x_wconf 89' lang='lat' dir='ltr'>es-</span> 
     </span>
     <span class='ocr_line' id='line_1_40' title="bbox 1092 5218 4302 5333; baseline 0.006 -43"><span class='ocrx_word' id='word_1_394' title='bbox 1092 5220 1583 5290; x_wconf 88' lang='lat' dir='ltr'>essentialem?</span> <span class='ocrx_word' id='word_1_395' title='bbox 1658 5218 1730 5287; x_wconf 87' lang='lat' dir='ltr'>Si</span> <span class='ocrx_word' id='word_1_396' title='bbox 1780 5219 2221 5302; x_wconf 85' lang='lat' dir='ltr'>notionalem,</span> <span class='ocrx_word' id='word_1_397' title='bbox 2283 5245 2435 5289; x_wconf 90' lang='lat' dir='ltr'>cum</span> <span class='ocrx_word' id='word_1_398' title='bbox 2500 5226 2642 5313; x_wconf 83' lang='lat' dir='ltr'>ipse</span> <span class='ocrx_word' id='word_1_399' title='bbox 2752 5233 3038 5300; x_wconf 87' lang='lat' dir='ltr'>sentiam</span> <span class='ocrx_word' id='word_1_400' title='bbox 3076 5253 3091 5297; x_wconf 92' lang='lat'>:</span> <span class='ocrx_word' id='word_1_401' title='bbox 3129 5232 3242 5299; x_wconf 88' lang='lat' dir='ltr'>sed</span> <span class='ocrx_word' id='word_1_402' title='bbox 3305 5232 3711 5299; x_wconf 76' lang='lat' dir='ltr'>terminatur</span> <span class='ocrx_word' id='word_1_403' title='bbox 3752 5234 3820 5301; x_wconf 87' lang='lat' dir='ltr'>in</span> <span class='ocrx_word' id='word_1_404' title='bbox 3853 5235 4024 5306; x_wconf 85' lang='lat' dir='ltr'>Filio</span> <span class='ocrx_word' id='word_1_405' title='bbox 4066 5242 4131 5307; x_wconf 91' lang='lat' dir='ltr'>in</span> <span class='ocrx_word' id='word_1_406' title='bbox 4164 5264 4302 5333; x_wconf 92' lang='lat' dir='ltr'>quo</span> 
     </span>
     <span class='ocr_line' id='line_1_41' title="bbox 1094 5329 4305 5431; baseline 0.007 -33"><span class='ocrx_word' id='word_1_407' title='bbox 1094 5329 1308 5398; x_wconf 86' lang='lat' dir='ltr'>Filius</span> <span class='ocrx_word' id='word_1_408' title='bbox 1339 5329 1678 5397; x_wconf 85' lang='lat' dir='ltr'>nascendo</span> <span class='ocrx_word' id='word_1_409' title='bbox 1718 5329 1974 5421; x_wconf 88' lang='lat' dir='ltr'>accepit</span> <span class='ocrx_word' id='word_1_410' title='bbox 2028 5331 2414 5409; x_wconf 88' lang='lat' dir='ltr'>essentiam,</span> <span class='ocrx_word' id='word_1_411' title='bbox 2458 5333 2641 5401; x_wconf 76' lang='lat' dir='ltr'>vide·</span> <span class='ocrx_word' id='word_1_412' title='bbox 2750 5348 2850 5407; x_wconf 90' lang='lat' dir='ltr'>est</span> <span class='ocrx_word' id='word_1_413' title='bbox 2895 5340 3186 5408; x_wconf 85' lang='lat' dir='ltr'>essentia</span> <span class='ocrx_word' id='word_1_414' title='bbox 3226 5338 3464 5408; x_wconf 89' lang='lat' dir='ltr'>eadem</span> <span class='ocrx_word' id='word_1_415' title='bbox 3513 5349 3786 5431; x_wconf 87' lang='lat' dir='ltr'>propter</span> <span class='ocrx_word' id='word_1_416' title='bbox 3843 5329 4007 5428; x_wconf 88' lang='lat' dir='ltr'>due,</span> <span class='ocrx_word' id='word_1_417' title='bbox 4048 5348 4305 5420; x_wconf 85' lang='lat' dir='ltr'>scilicet</span> 
     </span>
     <span class='ocr_line' id='line_1_42' title="bbox 1090 5436 4305 5532; baseline 0.006 -25"><span class='ocrx_word' id='word_1_418' title='bbox 1090 5451 1203 5507; x_wconf 90' lang='lat' dir='ltr'>tur</span> <span class='ocrx_word' id='word_1_419' title='bbox 1258 5446 1447 5506; x_wconf 86' lang='lat' dir='ltr'>actus</span> <span class='ocrx_word' id='word_1_420' title='bbox 1514 5436 1875 5504; x_wconf 85' lang='lat' dir='ltr'>notionalis</span> <span class='ocrx_word' id='word_1_421' title='bbox 1931 5459 2076 5506; x_wconf 89' lang='lat' dir='ltr'>esse</span> <span class='ocrx_word' id='word_1_422' title='bbox 2151 5461 2351 5529; x_wconf 83' lang='lat' dir='ltr'>super</span> <span class='ocrx_word' id='word_1_423' title='bbox 2414 5462 2641 5509; x_wconf 88' lang='lat' dir='ltr'>essen-</span> <span class='ocrx_word' id='word_1_424' title='bbox 2749 5450 3057 5516; x_wconf 81' lang='lat' dir='ltr'>essentiae</span> <span class='ocrx_word' id='word_1_425' title='bbox 3086 5448 3676 5532; x_wconf 88' lang='lat' dir='ltr'>communitatem,</span> <span class='ocrx_word' id='word_1_426' title='bbox 3720 5459 3787 5518; x_wconf 89' lang='lat' dir='ltr'>et</span> <span class='ocrx_word' id='word_1_427' title='bbox 3824 5452 4027 5521; x_wconf 90' lang='lat' dir='ltr'>etiam</span> <span class='ocrx_word' id='word_1_428' title='bbox 4059 5456 4305 5526; x_wconf 86' lang='lat' dir='ltr'>indivi-</span> 
     </span>
     <span class='ocr_line' id='line_1_43' title="bbox 1089 5544 4303 5648; baseline 0.007 -32"><span class='ocrx_word' id='word_1_429' title='bbox 1089 5549 1306 5616; x_wconf 88' lang='lat' dir='ltr'>tiam:</span> <span class='ocrx_word' id='word_1_430' title='bbox 1354 5568 1517 5636; x_wconf 83' lang='lat' dir='ltr'>ergo</span> <span class='ocrx_word' id='word_1_431' title='bbox 1559 5544 2018 5636; x_wconf 78' lang='lat' dir='ltr'>distinguitur,</span> <span class='ocrx_word' id='word_1_432' title='bbox 2079 5555 2154 5614; x_wconf 92' lang='lat' dir='ltr'>ut</span> <span class='ocrx_word' id='word_1_433' title='bbox 2206 5547 2499 5619; x_wconf 88' lang='lat' dir='ltr'>videtur.</span> <span class='ocrx_word' id='word_1_434' title='bbox 2560 5548 2634 5618; x_wconf 92' lang='lat' dir='ltr'>Si</span> <span class='ocrx_word' id='word_1_435' title='bbox 2747 5556 3034 5625; x_wconf 88' lang='lat' dir='ltr'>sionem.</span> <span class='ocrx_word' id='word_1_436' title='bbox 3098 5555 3295 5626; x_wconf 88' lang='lat' dir='ltr'>Unde</span> <span class='ocrx_word' id='word_1_437' title='bbox 3353 5555 3602 5647; x_wconf 86' lang='lat' dir='ltr'>adhoc</span> <span class='ocrx_word' id='word_1_438' title='bbox 3638 5559 3822 5648; x_wconf 90' lang='lat' dir='ltr'>quod</span> <span class='ocrx_word' id='word_1_439' title='bbox 3859 5565 4152 5637; x_wconf 85' lang='lat' dir='ltr'>essentia</span> <span class='ocrx_word' id='word_1_440' title='bbox 4214 5569 4303 5638; x_wconf 89' lang='lat' dir='ltr'>sit</span> 
     </span>
     <span class='ocr_line' id='line_1_44' title="bbox 1095 5652 4295 5756; baseline 0.006 -31"><span class='ocrx_word' id='word_1_441' title='bbox 1095 5653 1552 5731; x_wconf 87' lang='lat' dir='ltr'>essentialem,</span> <span class='ocrx_word' id='word_1_442' title='bbox 1586 5661 1747 5721; x_wconf 89' lang='lat' dir='ltr'>tunc</span> <span class='ocrx_word' id='word_1_443' title='bbox 1777 5652 2129 5744; x_wconf 84' lang='lat' dir='ltr'>aequaliter</span> <span class='ocrx_word' id='word_1_444' title='bbox 2147 5656 2446 5747; x_wconf 84' lang='lat' dir='ltr'>accipere</span> <span class='ocrx_word' id='word_1_445' title='bbox 2476 5680 2635 5726; x_wconf 88' lang='lat' dir='ltr'>con·</span> <span class='ocrx_word' id='word_1_446' title='bbox 2744 5665 3273 5749; x_wconf 88' lang='lat' dir='ltr'>communicata,</span> <span class='ocrx_word' id='word_1_447' title='bbox 3304 5663 3463 5733; x_wconf 82' lang='lat' dir='ltr'>facit</span> <span class='ocrx_word' id='word_1_448' title='bbox 3491 5668 3882 5756; x_wconf 82' lang='lat' dir='ltr'>generatio:</span> <span class='ocrx_word' id='word_1_449' title='bbox 3919 5671 4036 5739; x_wconf 90' lang='lat' dir='ltr'>sed</span> <span class='ocrx_word' id='word_1_450' title='bbox 4068 5681 4295 5745; x_wconf 89' lang='lat' dir='ltr'>tamen</span> 
     </span>
     <span class='ocr_line' id='line_1_45' title="bbox 1090 5760 4295 5863; baseline 0.006 -32"><span class='ocrx_word' id='word_1_451' title='bbox 1090 5766 1278 5832; x_wconf 83' lang='lat' dir='ltr'>venit</span> <span class='ocrx_word' id='word_1_452' title='bbox 1321 5761 1506 5828; x_wconf 82' lang='lat' dir='ltr'>Patri</span> <span class='ocrx_word' id='word_1_453' title='bbox 1538 5769 1601 5830; x_wconf 84' lang='lat' dir='ltr'>et</span> <span class='ocrx_word' id='word_1_454' title='bbox 1652 5760 1845 5840; x_wconf 77' lang='lat' dir='ltr'>Filio,</span> <span class='ocrx_word' id='word_1_455' title='bbox 1880 5761 2336 5852; x_wconf 79' lang='lat' dir='ltr'>quodfalsum</span> <span class='ocrx_word' id='word_1_456' title='bbox 2369 5774 2494 5833; x_wconf 91' lang='lat' dir='ltr'>est.</span> <span class='ocrx_word' id='word_1_457' title='bbox 2744 5793 2881 5838; x_wconf 89' lang='lat' dir='ltr'>non</span> <span class='ocrx_word' id='word_1_458' title='bbox 2921 5779 3023 5839; x_wconf 89' lang='lat' dir='ltr'>est</span> <span class='ocrx_word' id='word_1_459' title='bbox 3062 5778 3283 5862; x_wconf 83' lang='lat' dir='ltr'>&#39;super</span> <span class='ocrx_word' id='word_1_460' title='bbox 3319 5771 3537 5862; x_wconf 86' lang='lat' dir='ltr'>ipsam</span> <span class='ocrx_word' id='word_1_461' title='bbox 3578 5795 3701 5863; x_wconf 88' lang='lat' dir='ltr'>per</span> <span class='ocrx_word' id='word_1_462' title='bbox 3747 5777 3998 5859; x_wconf 77' lang='lat' dir='ltr'>se‚··vel</span> <span class='ocrx_word' id='word_1_463' title='bbox 4051 5777 4295 5850; x_wconf 75' lang='lat' dir='ltr'>eonse-</span> 
     </span>
    </p>
   </div>
  </div>
 </body>
</html>
