4897 6388
673 541 771 591 Sed
796 545 978 590 contra.

689 2919 963 3024 RQ&

687 4338 951 4387 Attiou.

1805 356 1901 423 IN
1948 355 1979 422 1
2030 352 2453 420 SENTENT.
2506 347 2733 427 ms‘r.
2787 344 2905 424 tv,
2957 299 3052 428 n,
3094 345 3295 413 ART.
3353 345 3457 411 ιο.

1124 521 1256 591 San
1303 547 1557 593 CONTRA
1593 546 1636 590 :·
2106 597 2110 601 .

1124 635 1180 701 1.
1206 633 1677 723 Quaecumque
1696 635 1977 724 aequalis
1997 643 2158 701 sunt
2186 637 2312 700 sim
2321 633 2580 723 plicita-

1022 741 1131 820 tis,
1162 741 1443 830 aequalis
1474 750 1634 809 sunt
1671 742 1927 811 ordinis
1959 746 2026 810 in
2061 742 2480 831 subjiciendo
2512 746 2578 805 et

1022 847 1453 933 praedicando
1481 870 1523 915 :⁷
1559 870 1849 938 persona
1879 859 1946 918 et
1984 850 2275 919 essentia
2334 869 2575 937 aequa-

1023 952 1105 1020 lis
1144 965 1306 1024 sunt
1341 958 1796 1047 simplicitatis
1831 983 1847 1030 ε
1893 983 2053 1051 ergo
2093 957 2373 1048 aequalis
2414 963 2574 1022 sunt

1024 1060 1284 1128 ordinis
1350 1064 1419 1130 in
1486 1064 1909 1154 subjiciendo
1974 1075 2039 1133 et
2112 1063 2561 1154 praedieando.

1112 1171 1176 1234 2.
1228 1174 1583 1249 Praeterea,
1674 1174 2134 1263 Quaecumque
2200 1181 2358 1238 sunt
2433 1192 2567 1236 non

1019 1279 1344 1347 habentia
1399 1304 1472 1348 se
1532 1290 1601 1348 ut
1663 1283 1973 1371 superius
2030 1288 2095 1348 et
2159 1280 2461 1358 inferius,
2505 1286 2573 1343 et

1017 1411 1158 1455 non
1190 1395 1350 1454 sunt
1388 1387 1775 1467 essentialia
1812 1397 1878 1456 et
1908 1386 2375 1455 substantialia
2410 1384 2566 1470 sibi,

1015 1494 1374 1586 aequaliter
1411 1494 1654 1584 subjici
1713 1495 1843 1562 sibi
1904 1496 2195 1562 invicem
2251 1499 2564 1582 possunt,

1015 1613 1084 1671 et
1120 1603 1477 1693 aequaliter
1541 1603 1888 1693 praedieari
1954 1602 2036 1670 de
2092 1625 2163 1669 se
2221 1602 2562 1669 invicem:

1015 1711 1310 1778 essentia
1347 1710 1582 1777 divina
1611 1719 1678 1778 et
1706 1733 1998 1800 persona
2035 1712 2131 1778 sic
2167 1732 2238 1777 se
2271 1708 2563 1776 liabent:

1016 1841 1181 1909 ergo
1238 1818 1593 1908 aequaliter
1629 1819 1868 1907 subjici
1925 1819 2212 1886 invicem
2256 1824 2562 1906 possunt,

1019 1932 1090 1991 et
1170 1923 1521 2015 praedicari
1592 1924 1676 1992 do
1740 1947 1810 1992 se
1897 1926 2213 1992 invicem.
2303 1923 2569 1990 Paom-

1013 2055 1120 2100 τιο
1150 2034 1389 2122 primae
1419 2041 1521 2101 est
1552 2054 1568 2101 :
1606 2035 1767 2124 quia
1804 2034 2154 2123 superiora
2183 2033 2567 2102 essentialia

1014 2139 1098 2206 de
1131 2139 1566 2208 inferioribus
1604 2142 1980 2210 secundum
2009 2142 2316 2209 ordinem
2365 2151 2568 2208 natu-

1016 2271 1107 2315 rae
1137 2247 1636 2339 praedicantur:
1689 2252 1982 2318 essentia
2021 2260 2248 2318 autem
2289 2273 2426 2316 non
2467 2258 2568 2317 est

1012 2357 1329 2446 superius
1357 2355 1444 2423 ad
1483 2379 1847 2448 personam
1879 2381 2005 2428 nec
2046 2367 2348 2441 econtra,
2406 2357 2565 2448 quia

1014 2463 1212 2531 aliter
1249 2473 1424 2532 esset
1470 2467 1878 2557 compositio
1929 2467 1996 2533 in
2038 2466 2204 2533 Deo.
2252 2467 2563 2535 Secunda

1015 2571 1347 2661 probatur
1401 2595 1523 2662 per
1575 2573 2079 2664 simplicitatem
2148 2597 2453 2666 personne
2501 2583 2569 2642 et

1018 2680 1352 2747 essentiae.

1114 2889 1424 2959 Somno.
1470 2893 1872 2972 Dicendum,
1934 2893 2113 2983 quod
2162 2895 2230 2959 in
2287 2895 2568 2961 veritate

1022 3000 1089 3066 in
1121 2999 1372 3068 «livinis
1402 3010 1768 3092 utrumque
1799 3010 2020 3095 potest
2058 3001 2293 3089 subjici
2344 3001 2561 3084 alteri,

1015 3116 1080 3174 et
1114 3106 1464 3197 pra-dicari
1501 3107 1585 3175 de
1632 3107 1871 3187 altero,
1909 3109 2084 3176 sicut
2132 3107 2373 3200 probat
2428 3107 2567 3175 Ma·

1012 3217 1247 3305 gister.
1314 3215 1495 3283 Licet
1548 3218 1733 3284 enim
1798 3217 2231 3307 praedicatum
2286 3219 2373 3283 sit
2412 3217 2562 3284 loeo

1013 3323 1250 3391 formae
1280 3326 1351 3392 in
1385 3323 1977 3414 praedicationibus
2024 3348 2172 3416 quaa
2219 3325 2388 3392 finnt
2445 3347 2565 3414 per

1014 3431 1490 3501 inliterentiam
1557 3441 1623 3500 et
1676 3433 2286 3524 participationem,
2332 3441 2561 3500 tamen

1013 3539 1080 3605 in
1143 3537 1727 3632 propositionibus
1794 3538 2187 3607 notantibus
2254 3540 2562 3607 identita-

1008 3656 1146 3713 tem
1194 3670 1391 3715 secus
1439 3670 1511 3716 se
1556 3646 1785 3719 habet.
1828 3649 1988 3738 quia
2046 3648 2133 3714 ibi
2196 3658 2558 3737 utrumque

1005 3765 1108 3822 est
1134 3753 1319 3822 idem
1341 3754 1564 3832 alteri,
1606 3764 1673 3823 et
1695 3754 1845 3822 ideo
1878 3763 2245 3845 utrumque
2289 3756 2554 3844 utrique

1003 3861 1388 3949 subjicitur,
1432 3871 1499 3930 et
1542 3870 1909 3953 utrumque
1935 3861 2018 3930 de
2058 3872 2343 3952 utroque
2381 3885 2560 3951 prae-

1003 3971 1290 4040 ‹licatur.
1338 3969 1470 4038 Per
1509 3968 1642 4038 hoc
1684 3969 1890 4060 igitur
1939 3978 2122 4060 patet
2163 3970 2413 4038 solutio
2471 3969 2556 4038 ad

1007 4080 1143 4146 dno
1174 4079 1394 4169 prima
1426 4100 1578 4168 quae
1618 4079 1789 4146 bene
1815 4077 2223 4147 concludunt
2264 4079 2347 4147 de
2379 4101 2559 4169 pree-

1009 4185 1349 4253 dicatione
1379 4207 1534 4275 quae
1558 4185 1633 4252 tit
1663 4208 1780 4275 per
1811 4183 2091 4252 modum
2116 4183 2550 4252 inhaerentiam

1101 4293 1203 4358 Ao
1250 4314 1451 4358 Λιιυυ
1489 4289 1876 4368 dicendum,
1920 4291 2098 4381 quod
2135 4290 2409 4358 Boetius
2450 4293 2555 4358 in-

1010 4399 1251 4489 telligit
1314 4399 1397 4467 de
1426 4397 1733 4488 subjecto
1777 4402 1897 4479 rei,
1937 4422 2076 4467 non
2106 4400 2287 4467 modi
2323 4400 2559 4490 praedi-

1003 4507 1227 4590 candi,
1290 4509 1463 4575 sicut
1515 4504 1872 4594 subjicitur
1924 4508 2313 4598 superticies
2364 4507 2558 4578 albe-

1004 4613 1170 4691 dini,
1194 4603 1330 4701 ‚vei
1355 4616 1530 4683 sicut
1570 4616 1855 4683 materia
1891 4615 2246 4705 subjicitur
2290 4617 2550 4685 lorinae.

1004 4726 1263 4794 Eodem
1309 4726 1516 4794 modo
1555 4727 1760 4794 etiam
1811 4725 2211 4817 intelligitur
2263 4751 2555 4817 sequens

1003 4837 1425 4905 auctoritast
1472 4837 1632 4927 quia
1669 4836 1859 4926 quod
1883 4847 1978 4903 est
2029 4845 2247 4925 potest
2297 4836 2554 4927 aliquid

1005 4943 1254 5011 habere
1291 4966 1305 5009 ε
1342 4944 1462 5013 sed
1494 4946 1564 5012 in
1605 4943 1855 5012 divinis
1894 4965 2028 5011 non
2059 4952 2155 5010 est
2198 4944 2326 5013 tale
2370 4945 2555 5035 quod

1006 5052 1220 5141 possit
1276 5074 1423 5119 esse
1489 5051 1868 5139 subjeetum
1945 5050 2062 5119 alii
2148 5060 2390 5140 proeter
2452 5076 2547 5121 se.

1007 5160 1198 5228 Unde
1256 5158 1388 5227 hoc
1437 5158 1839 5250 intelligitur
1896 5161 1964 5226 in
2028 5158 2131 5226 his
2181 5161 2246 5226 in
2306 5160 2553 5249 quibus

1004 5270 1227 5337 differt
1262 5270 1446 5360 quod
1487 5278 1615 5353 est,
1657 5280 1722 5338 et
1764 5293 1909 5339 esse
1939 5272 2081 5337 sive
2121 5293 2255 5360 quo
2289 5281 2411 5338 est.

4002 393 4020 440 t
4107 329 4227 397 171

3135 841 3633 914 ARTICULUS
3683 840 3770 908 X.

2685 1068 2929 1134 Utrum
2963 1066 3094 1131 ista
3131 1064 3223 1129 sit
3270 1084 3449 1134 vera,
3502 1060 3687 1126 Unus
3728 1057 3910 1121 Dens·
3949 1062 4045 1118 est
4094 1061 4226 1115 tres

2762 1193 3093 1263 personae‚
3127 1180 3190 1236 et
3211 1178 3344 1237 tres
3361 1186 3662 1257 personae
3693 1171 3787 1228 est
3811 1183 3987 1226 unns
4011 1161 4219 1240 Hem,

2769 1281 2954 1346 Deus
2995 1288 3094 1344 est
3177 1275 3514 1343 Trinitas:
3558 1279 3620 1335 et
3679 1277 3910 1334 utrum
3951 1287 4218 1345 nomen,

2771 1387 3089 1461 Trinitas,
3148 1385 3240 1451 sit
3295 1402 3538 1450 nomen
3617 1374 3995 1444 essentiale.

2766 1708 3021 1777 Deinde
3078 1707 3408 1797 quaeritur
3463 1703 3542 1769 «le
3599 1701 3725 1767 hoc
3779 1697 3960 1788 qnod
4011 1696 4211 1763 dicit:

2675 1843 2710 1882 ι
2759 1820 2948 1886 Unus
2991 1819 3178 1883 Deus
3205 1823 3303 1880 est
3342 1824 3472 1878 tres
3503 1830 3828 1901 personae,
3874 1814 3998 1873 ete.
4044 1833 4074 1865 ι»

2763 1923 2907 1993 lloc
2955 1924 3138 1991 enini
3207 1921 3473 1989 videtur
3523 1916 3766 1983 falsum
3816 1937 3831 1981 :
3894 1912 3959 2002 ly
4029 1914 4216 1979 Deus

2673 2034 2856 2099 enim
2896 2038 3013 2099 aut
3041 2038 3176 2096 stat
3206 2053 3327 2118 pro
3360 2047 3668 2117 persona,
3703 2031 3819 2090 aut
3849 2045 3969 2112 pro
3991 2042 4219 2089 essen-

2674 2141 2900 2208 tiazsi
2967 2160 3090 2228 pro
3149 2138 3465 2210 essentia,
3523 2144 3682 2200 tunc
3742 2129 4008 2196 videtur
4072 2126 4218 2195 liaec

2672 2271 2822 2317 esse
2861 2268 3020 2314 vera
3055 2268 3070 2312 :
3110 2243 3403 2311 essentia
3442 2250 3539 2307 est
3569 2250 3701 2307 tres
3733 2257 4218 2327 personae,·cu-

2665 2355 2780 2444 jus
2817 2352 3037 2422 simile
3107 2355 3174 2420 in
3243 2350 3482 2417 creatis
3541 2369 3676 2414 non
3738 2345 4100 2419 invenitur,
4147 2342 4215 2408 in

2675 2462 2923 2554 quibus
2945 2461 3239 2528 essentia
3272 2481 3409 2525 non
3441 2467 3534 2522 est
3571 2477 3885 2545 persona,
3920 2475 4042 2519 nec
4075 2473 4220 2540 per·

2675 2568 2997 2636 sonae2si
3029 2574 3258 2633 autem
3318 2573 3445 2629 stat
3498 2585 3616 2651 pro
3675 2581 3989 2649 persona,
4060 2566 4219 2625 tunc

2676 2697 2965 2765 persona
3002 2681 3180 2741 esset
3221 2681 3354 2738 tres
3395 2691 3699 2760 persona*
3735 2688 3750 2732 :
3786 2689 3948 2756 ergo
3989 2665 4217 2753 aliqua

2679 2804 2964 2872 persona
3021 2788 3121 2848 est
3173 2787 3305 2845 tres
3361 2797 3692 2866 personae,
3749 2772 4214 2865 quodfalsum

2673 2897 2800 2958 est.

2757 3118 2972 3186 JUXTA
3014 3113 3145 3182 lioc
3201 3113 3480 3180 ulterius
3536 3110 3859 3201 quaeritur
3933 3107 4015 3173 ‹le
4084 3105 4210 3174 liac
4263 3155 4513 3210 Quo-m.

2672 3250 2877 3316 quam
2919 3225 3136 3314 ponit,
3195 3220 3375 3313 quod
3453 3223 3631 3287 {lens
3701 3227 3797 3285 est
3868 3217 4207 3284 Trinitas:

2671 3356 2825 3400 cum
2877 3332 3057 3401 enim
3103 3330 3213 3397 ille
3254 3330 3608 3397 terminus,
3647 3329 3851 3402 Dens,
3913 3322 4213 3412 singula-

2674 3442 2834 3509 riter
2872 3446 3321 3531 supponatur,
3365 3436 3628 3503 videtnr
3683 3433 3861 3523 quod
3921 3455 4042 3521 pro
4083 3431 4216 3498 ali-

2670 3572 2807 3641 quo
2849 3572 2986 3616 uno
3025 3547 3268 3615 delient
3310 3545 3582 3612 reddere
3626 3542 4036 3609 locutionem
4091 3564 4215 3608 ve-

2673 3680 2818 3723 ram
2853 3678 2869 3722 :
2908 3679 3072 3743 ergo
3107 3654 3397 3729 videtur,
3431 3650 3610 3740 qumi
3658 3649 3911 3738 aliquid
3955 3647 4213 3714 liabens

2669 3763 2988 3831 deitatem
3018 3763 3107 3828 sit
3141 3760 3436 3827 Trinitas
3469 3780 3481 3822 :
3517 3779 3680 3842 ergo
3716 3755 3937 3836 l‘ater,
3967 3755 4071 3822 vel
4107 3755 4213 3822 Fi-

2669 3872 2827 3950 lius,
2870 3870 2975 3938 vel
3029 3870 3327 3959 Spiritus
3365 3874 3660 3942 sanctus,
3721 3863 3903 3954 quod
3962 3863 4207 3932 falsum

2668 3988 2792 4047 est.

2757 4086 2916 4153 iri-:si
2946 4085 3271 4176 quaeritur
3297 4082 3379 4148 de
3408 4080 3534 4148 linc
3567 4082 3867 4156 nmnine,
3910 4082 4207 4148 Trinita-
4258 4115 4438 4169 omi.
4470 4112 4515 4161 2.

2667 4196 2778 4271 tis,
2823 4192 2954 4260 linc
3018 4192 3202 4259 enim
3283 4189 3552 4255 videtur
3627 4186 4059 4276 singulariter
4120 4189 4203 4256 de

2665 4325 2805 4371 uno
2835 4300 3184 4392 praedieari
3221 4323 3236 4367 :
3289 4320 3449 4384 ergo
3488 4305 3584 4364 est
3617 4296 3994 4363 essentiale.

2758 4411 2893 4477 Sea
2936 4431 3187 4477 costas
3227 4430 3242 4474 z

2762 4520 2821 4586 ί.
2859 4514 3257 4584 lissentialia
3288 4514 3369 4580 ‹le
3401 4512 3703 4603 personis
3732 4511 4016 4599 singulis
4045 4536 4209 4603 prae·

2667 4626 3017 4692 dieantur:
3063 4645 3229 4709 ergo
3269 4622 3323 4686 si
3374 4620 3439 4708 ly
3488 4619 3781 4686 Trinitas
3826 4628 3929 4685 est
3983 4644 4209 4687 essen·

2668 4731 2849 4808 tiale,
2893 4730 3088 4797 debet
3148 4726 3423 4793 concedi
3471 4725 3632 4802 liaec,
3680 4724 3876 4791 l‘ater
3923 4736 4020 4793 est
4057 4726 4209 4795 Τπ-ἰ-

2666 4842 2868 4919 nitas,
2900 4838 3007 4906 vel
3040 4857 3329 4927 persona
3361 4843 3455 4900 est
3496 4833 3811 4910 Trinitas,
3856 4833 4034 4923 quod
4076 4834 4209 4903 sal·

2663 4970 2815 5015 sum
2848 4953 2972 5015 est.

2754 5058 2818 5123 2.
2879 5054 3072 5129 item,
3138 5049 3534 5117 Secundum
3596 5050 3921 5116 rationem
3964 5049 4211 5119 intelli·

2662 5162 2891 5253 gendi,
2934 5185 2972 5226 a
3037 5159 3392 5247 supposito
3441 5154 3781 5225 Trinitatis
3844 5159 4070 5224 minus
4108 5157 4207 5225 di·

2662 5278 2794 5336 stat
2844 5289 3204 5357 personam
3257 5285 3460 5354 qnam
3517 5264 3844 5329 essentia:
3893 5265 4007 5331 sed
4067 5264 4210 5335 haec

2662 5397 2802 5444 non
2859 5373 3278 5451 conceditur,
3340 5391 3623 5458 persona
3697 5379 3798 5437 est
3860 5373 4203 5441 Trinitas:

2662 5505 2826 5575 ergo
2867 5482 3083 5551 multo
3145 5482 3371 5546 minus
3436 5475 3578 5543 liaec
3632 5478 3832 5546 debet
3896 5482 4210 5562 concedi,

2662 5594 2952 5661 essentia
2982 5598 3083 5658 est
3111 5588 3429 5656 Trinitas.

2755 5699 2816 5765 3.
2864 5696 2938 5764 Si
2976 5696 3148 5764 forte
3181 5694 3463 5770 dicatur,
3508 5693 3687 5783 quod
3737 5693 3867 5763 hoe
3925 5720 4200 5783 nomen,

4237 4475 4533 4522 sedeonm.
