4897 6388
643 324 772 390 368

1043 437 1082 458 p

640 495 988 580 processio
1020 481 1198 565 dicat
1226 500 1741 590 productionem
1782 525 1817 569 e
1856 519 2181 569 converso

640 602 939 691 spiritus,
992 613 1056 673 et
1104 630 1225 697 per
1263 608 1682 677 identitatem
1734 610 1908 676 dicat
1965 606 2184 697 perfe-

640 714 821 775 ctum
884 712 954 777 in
1012 721 1273 782 natura.
1321 714 1595 782 CONTRA
1649 716 1779 783 hoc
1818 724 1939 793 est,
2002 710 2183 803 quod

640 819 861 885 omnis
897 819 1253 909 productio
1314 821 1492 888 illius
1548 832 1649 890 est
1702 845 1821 912 per
1874 844 1944 888 se
2000 818 2183 909 quod

639 925 1105 993 immediatum
1157 936 1258 994 est
1314 930 1493 996 actui
1553 929 1990 1019 producenti:
2051 925 2180 991 hoc

637 1042 864 1100 autem
896 1034 966 1099 in
1005 1037 1194 1102 omni
1250 1038 1865 1104 communicatione
1926 1043 2181 1101 naturae

509 1209 520 1219 ,
639 1150 741 1208 est
815 1146 1239 1233 suppositum
1315 1153 1619 1212 naturae:
1672 1168 1831 1236 ergo
1900 1167 2036 1211 non
2082 1150 2182 1211 est

295 2464 369 2511 aa
398 2461 590 2516 vueod·

636 1247 824 1335 prius
863 1248 1192 1329 attributi,
1230 1273 1435 1340 quarn
1467 1253 1612 1340 ejus
1653 1253 1767 1340 qui
1799 1259 1898 1317 est
1940 1257 2181 1316 natura

641 1354 990 1443 perfectus.
1030 1355 1102 1422 Si
1148 1358 1384 1446 quinto
1444 1357 1649 1424 modo
1711 1357 1916 1436 dicaS‚
1980 1354 2180 1443 hujus

637 1460 1026 1551 exemplum
1072 1485 1196 1531 nec
1250 1464 1319 1531 in
1359 1463 1688 1554 spirituali
1742 1473 2003 1545 natura,
2057 1484 2181 1529 nec

633 1569 707 1635 in
756 1569 1090 1659 corporali
1118 1580 1364 1638 natura
1409 1573 1777 1652 invenitur,
1821 1568 2005 1662 quod
2043 1569 2222 1653 dun,

634 1675 868 1743 sintin
897 1700 1037 1745 uno
1086 1700 1171 1745 ex
1223 1701 1420 1769 aequo
1462 1679 1770 1747 ordinata
1826 1680 1910 1747 ad
1965 1700 2176 1745 unum

631 1795 860 1854 actum
913 1795 991 1855 ut
1022 1789 1295 1857 termini
1344 1790 1492 1879 ejus
1542 1789 1914 1857 secundum
1969 1788 2179 1855 ratio-

632 1919 813 1964 nem.
853 1895 926 1963 Si
956 1907 1147 1965 sexto
1181 1897 1385 1965 modo
1417 1898 1625 1977 dicaS,
1658 1907 1820 1965 tunc
1848 1896 2174 1988 sequitur,

630 2003 816 2096 quod
847 2002 1144 2094 Spiritus
1164 2004 1234 2071 in
1254 2004 1504 2072 divinis
1525 2004 1713 2073 nulla
1737 2003 2179 2096 productione

631 2111 1053 2203 producitur,
1086 2111 1271 2204 quod
1299 2112 1622 2180 frivolum
1654 2122 1755 2181 est
1790 2137 1805 2181 :
1848 2134 2009 2203 ergo
2052 2111 2181 2177 ista

630 2221 866 2311 opinio
894 2219 1169 2289 novella
1198 2228 1375 2289 stare
1411 2242 1552 2288 non
1592 2228 1835 2312 potest.

735 2431 871 2501 Sed
926 2431 1099 2501 forte
1134 2440 1413 2524 propter
1448 2433 1610 2501 istas
1672 2435 1990 2513 ratione5‚
2053 2433 2181 2501 nisi

644 2540 731 2609 ad
758 2543 1146 2631 oppositum
1169 2540 1322 2608 aliae
1339 2540 1653 2609 fortiores
1678 2541 2177 2619 inducerentur,

635 2649 909 2719 haeresis
936 2648 1472 2719 confirmaretur.
1511 2648 1702 2718 Unde
1740 2649 1835 2716 sic
1870 2646 2181 2739 procedi-

631 2766 744 2826 tur
768 2756 856 2825 ad
891 2756 1283 2848 oppositum
1314 2777 1332 2825 t

723 2868 785 2933 1.
815 2863 1056 2933 Omnis
1091 2864 1624 2933 communicatio
1645 2863 1890 2932 divinae
1921 2872 2176 2930 naturae

637 2973 982 3066 possibilis
1024 2972 1248 3042 danda
1293 2980 1397 3042 est
1435 2975 1497 3042 ei
1532 2993 1550 3041 z
1607 2997 1762 3041 cum
1805 2995 1966 3063 ergo
2026 2994 2178 3062 pos-

628 3081 846 3151 sibilis
880 3084 970 3151 sit
1022 3083 1084 3151 ei
1138 3081 1669 3151 communicatio
1729 3102 2174 3171 personarum

626 3189 1095 3258 distinctarum
1170 3188 1241 3257 in
1293 3210 1553 3272 amore,
1616 3187 1730 3257 illa
1795 3185 2173 3256 necessario

624 3295 847 3365 danda
911 3304 1013 3364 est
1066 3295 1127 3364 ei
1163 3317 1181 3364 z
1245 3316 1410 3387 ergo
1477 3317 1614 3362 non
1662 3294 1788 3362 erit
1853 3293 1949 3360 illi
2026 3301 2174 3360 tan·

623 3413 770 3473 tum
828 3403 1359 3474 communicatio
1440 3412 1701 3471 naturae
1769 3426 1888 3493 per
1949 3408 2174 3470 actum

627 3521 910 3596 naturae,
977 3514 1097 3583 sed
1161 3512 1291 3582 erit
1355 3512 1562 3581 etiam
1645 3511 2172 3580 communicatio

624 3620 879 3688 amoris
914 3641 1039 3710 per
1099 3630 1326 3687 actum
1388 3618 1691 3685 amoris:
1764 3639 1957 3684 amor
2006 3639 2172 3705 ergo

623 3726 736 3796 ille
773 3727 892 3820 qui
932 3734 1034 3795 est
1071 3748 1111 3792 a
1148 3725 1461 3816 personis
1491 3723 1850 3800 distinctis,
1911 3733 2024 3790 aut
2073 3730 2171 3790 est

623 3832 905 3925 aliquid,
937 3837 1055 3899 aut
1082 3829 1279 3900 nihil.
1316 3828 1391 3897 Si
1430 3828 1600 3899 nihil
1640 3838 1785 3897 est:
1829 3852 1990 3919 ergo
2033 3851 2169 3896 non

623 3948 726 4008 est
763 3960 980 4008 amor.
1027 3936 1102 4005 Si
1153 3942 1382 4005 autem
1412 3945 1514 4004 est
1560 3934 1840 4025 aliquid,
1899 3943 2014 4002 aut
2063 3935 2172 4002 di-

624 4049 971 4124 stinctum,
1004 4053 1121 4114 aut
1157 4068 1295 4114 non
1335 4044 1751 4113 distinctum.
1788 4042 1862 4110 Si
1892 4066 2027 4110 non
2059 4042 2170 4109 di-

626 4159 987 4227 stinctum:
1040 4178 1205 4243 ergo
1248 4151 1380 4221 hoc
1409 4176 1547 4221 non
1597 4160 1695 4220 est
1743 4175 2030 4242 persona
2060 4150 2169 4217 di-

625 4265 890 4344 stincta,
931 4260 1050 4329 sed
1083 4260 1306 4351 potius
1335 4269 1435 4327 est
1464 4282 1503 4325 a
1534 4268 1795 4325 natura.
1835 4257 1906 4322 Si
1939 4266 2164 4324 autem

624 4378 726 4440 est
779 4368 1198 4446 distinctum,
1261 4375 1379 4434 aut
1432 4374 1534 4433 est
1596 4365 1994 4455 proprietas,
2049 4372 2164 4431 aut

623 4501 932 4572 persona.
972 4476 1125 4545 Non
1156 4476 1576 4567 proprietas:
1611 4476 1770 4564 quia
1791 4473 2165 4564 proprietas

626 4596 727 4657 est
757 4588 824 4655 in
856 4607 1171 4677 persona,
1213 4606 1351 4651 non
1383 4606 1423 4650 a
1454 4605 1739 4673 persona
1777 4604 1793 4649 :
1826 4590 1889 4647 et
1921 4579 2165 4646 distin-

623 4718 865 4787 guenS,
935 4717 1073 4763 non
1142 4692 1496 4759 distincta:
1585 4712 1747 4778 ergo
1817 4686 2158 4778 relinquit,

626 4805 809 4896 quod
839 4804 926 4871 sit
964 4821 1294 4893 persona:
1336 4808 1403 4867 et
1440 4799 1537 4865 sic
1590 4796 1808 4864 haben
1850 4796 2164 4885 proposi-

626 4921 771 4980 tum
820 4911 886 4977 in
936 4908 1199 4975 duabus
1245 4902 1796 4974 conclusionibus
1835 4901 2155 4968 intentis:

626 5040 917 5112 quarum
965 5037 1101 5084 una
1148 5023 1272 5098 est,
1307 5012 1490 5104 quod
1550 5010 1840 5101 Spiritus
1895 5017 2164 5075 sanctus

625 5138 727 5198 est
762 5146 1075 5218 persona.
1138 5120 1452 5190 Secunda
1506 5126 1631 5200 est,
1686 5117 1867 5208 quod
1924 5115 2165 5183 modus

628 5256 766 5303 suae
804 5230 1253 5324 processionis
1286 5249 1424 5294 non
1464 5233 1562 5292 est
1614 5224 1853 5291 modus
1895 5246 2167 5312 proces-

627 5342 838 5409 sionis
868 5337 1042 5406 Filii.

717 5450 782 5515 2.
827 5445 1023 5523 Item,
1067 5442 1276 5511 Pater
1303 5448 1370 5511 et
1411 5440 1618 5508 Filius
1646 5438 2060 5507 conveniunt
2099 5437 2166 5504 in

706 5685 725 5721 ¹
757 5680 844 5738 Cf.
874 5680 1085 5752 Supra,
1129 5677 1272 5734 nist.
1306 5679 1391 5731 ¹0.

1571 313 1576 318 ’
1621 330 1703 398 n.
1758 330 1953 397 ALss.
2006 326 2224 396 MAG.
2276 315 2485 395 0111)ss
2537 328 2835 397 PRAED.

2290 488 2376 563 eo‘
2429 498 2614 587 quod
2677 523 2893 567 unum
2963 507 3123 566 sunt
3179 501 3247 566 in
3316 483 3583 564 natura.
3647 498 3733 564 Et
3790 501 3846 566 si

2290 627 2519 694 quaero
2550 631 2591 674 a
2627 616 2718 686 te,
2755 608 2983 688 Quare
3014 609 3225 676 Filius
3257 617 3359 675 est
3398 607 3701 696 ejusdem
3737 630 3852 673 na-

2290 720 2457 779 turae
2488 736 2645 781 cum
2706 716 2960 784 Patre?
3017 726 3092 783 tu
3150 717 3331 784 dices
3371 715 3530 805 quia
3576 715 3850 805 genitus

2290 828 2390 885 est
2422 842 2463 885 a
2492 819 2693 889 Patre
2725 843 2739 889 :
2794 831 2861 890 et
2907 823 3095 912 quod
3131 823 3457 901 nascitur,
3502 819 3842 889 nascendo

2289 928 2531 1017 accipit
2596 939 2911 997 naturam
2987 934 3134 1020 ejus
3191 953 3231 998 a
3305 953 3443 1021 quo
3519 931 3846 997 nascitur.

2288 1035 2491 1103 Modo
2523 1060 2751 1128 quaero
2792 1038 3103 1117 ulterius,
3150 1037 3223 1105 Si
3286 1038 3487 1105 Pater
3524 1046 3592 1105 et
3632 1037 3846 1104 Filius

2287 1152 2571 1233 possunt
2624 1144 2873 1215 habere
2915 1147 3218 1237 aliquam
3263 1143 3844 1214 communicatio-

2287 1273 2444 1318 nem
2486 1259 2727 1340 praeter
2753 1257 3072 1322 naturam
3104 1255 3138 1320 Ῥ
3180 1252 3433 1332 Probe,
3470 1251 3655 1342 quod
3693 1251 3789 1318 sic
3822 1271 3836 1316 ε

2287 1357 2450 1446 quia
2487 1358 2583 1424 sic
2629 1368 2730 1426 est
2767 1360 2943 1426 inter
3000 1381 3081 1425 ea
3118 1381 3298 1454 quae·
3336 1365 3496 1425 sunt
3542 1355 3845 1446 ejusdem

2286 1473 2569 1549 naturae,
2612 1464 2796 1555 quod
2827 1467 2897 1533 in
2928 1466 3250 1533 societate
3279 1465 3441 1533 vitae
3474 1464 3851 1553 unusquis-

2287 1595 2419 1662 que
2448 1573 2530 1641 de
2561 1575 2837 1664 proprio
2869 1597 2995 1642 suo
3037 1574 3151 1641 dat
3202 1572 3317 1641 alii
3375 1573 3443 1640 in
3493 1595 3729 1641 amore
3785 1577 3852 1639 et

2285 1681 2630 1749 amicitia:
2675 1704 2838 1772 ergo
2882 1681 3085 1749 Pater
3135 1681 3493 1749 distinctus
3550 1679 3633 1748 de
3679 1701 3848 1770 pro-

2285 1790 2433 1878 prio
2473 1810 2597 1855 suo
2628 1797 2852 1878 potest
2882 1788 3042 1856 dare
3071 1789 3271 1869 Filio,
3306 1796 3373 1856 et
3401 1811 3437 1856 e
3468 1808 3840 1856 converso:

2285 1895 2454 1964 illud
2483 1903 2712 1963 autem
2742 1905 2844 1964 est
2873 1915 3107 1965 amor:
3156 1919 3320 1987 ergo
3360 1918 3557 1964 amor
3592 1903 3695 1964 est
3732 1896 3846 1962 in-

2288 2011 2388 2070 ter
2418 2001 2689 2070 Patrem
2730 2011 2799 2071 et
2826 2002 3078 2071 Filium
3120 2002 3503 2078 distinctus,
3541 2010 3609 2070 et
3644 2010 3724 2070 ut
3752 2000 3852 2068 di-

2285 2110 2513 2179 stincti
2544 2119 2727 2192 sunt,
2760 2133 2901 2179 non
2950 2120 3182 2180 tamen
3213 2095 3286 2179 in
3317 2119 3651 2202 quantum
3694 2117 3854 2177 sunt

2287 2241 2501 2286 unum
2535 2220 2604 2286 in
2635 2227 2878 2287 natura
2905 2241 2922 2286 ε
2952 2218 3122 2286 illud
3142 2228 3372 2287 autem
3407 2217 3591 2309 quod
3620 2217 3719 2285 sic
3740 2216 3857 2285 dat

2290 2328 2516 2414 Pater,
2551 2337 2668 2397 aut
2706 2339 2807 2397 est
2837 2351 2876 2396 a
2915 2330 3118 2397 Patre
3136 2329 3486 2413 distincte,
3511 2334 3631 2395 aut
3661 2326 3744 2393 ab
3766 2348 3847 2394 eo

2290 2438 2357 2504 in
2399 2447 2732 2528 quantum
2783 2438 3248 2505 communicat
3297 2437 3370 2503 in
3406 2444 3651 2503 natura
3691 2456 3848 2503 cum

2291 2543 2487 2613 Filio.
2533 2544 2606 2612 Si
2640 2546 2861 2635 primo
2903 2544 3110 2612 modo
3148 2566 3163 2611 :
3225 2552 3389 2611 tunc
3426 2541 3649 2611 habeo
3686 2564 3846 2632 pro·

2291 2654 2629 2743 positum:
2675 2654 2836 2744 quia
2894 2663 3060 2721 tunc
3098 2674 3297 2720 amor
3327 2660 3430 2719 est
3459 2673 3499 2718 a
3538 2649 3741 2717 Patre
3781 2655 3852 2717 et

2291 2759 2489 2838 Filio,
2532 2769 2600 2828 et
2636 2759 3082 2851 distinguitur
3133 2783 3175 2827 a
3238 2759 3550 2851 personis
3607 2777 3850 2825 eorum

2286 2866 2483 2935 aliter
2537 2890 2744 2958 quam
2787 2867 3001 2935 Filius
3047 2890 3089 2934 a
3146 2865 3373 2934 Patre.
3417 2863 3494 2933 Si
3540 2862 3839 2933 secundo

2287 2977 2542 3046 modo:
2588 3000 2752 3069 ergo
2803 2976 2920 3046 ille
2961 2999 3158 3045 amor
3204 2998 3346 3045 non
3401 2973 3709 3066 procedit
3754 2995 3836 3042 ex

2285 3085 2559 3175 proprio
2592 3083 2836 3163 Patris»,
2873 3094 2941 3153 et
2970 3107 3056 3152 ex
3086 3085 3363 3175 proprio
3414 3081 3564 3150 Filii
3602 3105 3619 3150 :
3653 3088 3720 3149 et
3749 3081 3846 3150 sic

2283 3191 2777 3261 deficientiores
2827 3192 2895 3260 in
2945 3191 3243 3261 amando
3296 3200 3498 3262 erunt
3537 3188 3741 3257 Pater
3776 3198 3846 3257 et

2284 3298 2519 3376 Filius,
2554 3320 2762 3390 quam
2792 3321 2922 3389 ego
2954 3307 3021 3366 et
3051 3307 3125 3366 tu
3157 3321 3172 3365 :
3206 3300 3367 3389 quia
3396 3319 3526 3388 ego
3553 3317 3834 3387 possum
3892 3386 3897 3389 .

2281 3402 2403 3470 tibi
2428 3425 2512 3470 ex
2562 3404 2838 3494 proprio
2868 3424 3178 3470 amorem
3217 3400 3641 3493 impendere,
3664 3407 3732 3467 et
3766 3408 3840 3466 tu

2281 3508 2477 3579 mihi.
2515 3508 2590 3577 Si
2629 3509 2801 3577 sorte
2841 3509 3054 3585 dicas,
3093 3507 3281 3601 quod
3311 3507 3425 3576 ille
3469 3529 3671 3576 amor
3699 3528 3842 3573 non

2280 3624 2382 3684 est
2405 3638 2732 3706 persona:
2766 3614 2901 3684 hoc
2940 3612 3109 3683 nihil
3134 3623 3263 3693 est,
3298 3611 3610 3707 quiahoc
3632 3635 3840 3702 supra

2282 3723 2644 3815 probatum
2694 3732 2797 3791 est
2827 3721 2876 3790 ¹.
2940 3720 3016 3790 Si
3086 3730 3317 3791 autem
3376 3720 3589 3796 dicas,
3658 3719 3841 3810 quod

2281 3850 2476 3895 amor
2524 3825 2634 3894 ille
2690 3835 2792 3895 est
2841 3828 2911 3893 in
2970 3826 3179 3895 Patre
3235 3826 3487 3892 virtute
3521 3824 3833 3891 essentia:

2275 3935 2549 4014 divinae,
2594 3944 2661 4004 et
2699 3936 2795 4004 ita
2825 3958 2966 4005 non
3007 3945 3109 4004 est
3138 3936 3499 4026 proprius:
3534 3931 3667 4002 hoc
3709 3935 3838 4000 ite-

2278 4067 2426 4112 rum
2469 4043 2637 4111 nihil
2695 4051 2795 4112 est
2833 4066 2847 4111 ε
2907 4045 3068 4135 quia
3108 4044 3313 4111 etiam
3356 4041 3661 4133 potentia
3716 4064 3835 4131 ge·

2275 4152 2553 4220 nerandi
2585 4161 2686 4221 est
2725 4153 2792 4220 in
2840 4152 3038 4220 l‘atre
3076 4152 3326 4218 virtute
3373 4151 3727 4219 essentioe:
3771 4158 3837 4216 et

2274 4269 2499 4328 tamen
2549 4283 2875 4350 generare
2923 4259 3275 4350 proprium
3340 4266 3440 4325 est
3474 4257 3716 4333 Patris,
3768 4265 3833 4323 et

2275 4391 2410 4434 non
2450 4369 2761 4436 essentia·
2801 4390 2817 4434 :
2888 4389 3053 4457 ergo
3121 4366 3273 4433 licet
3333 4366 3437 4432 vis
3508 4364 3833 4455 spirativa

2271 4475 2526 4541 amoris
2559 4476 2646 4542 sit
2702 4475 2771 4542 in
2805 4474 3009 4541 l’atre
3047 4482 3115 4540 et
3173 4472 3343 4540 Filio
3403 4472 3667 4540 ratione
3719 4495 3831 4538 es-

2270 4584 2534 4660 sentiae,
2565 4581 3021 4651 nihilominus
3058 4590 3288 4649 tamen
3325 4580 3610 4671 diligere
3640 4579 3825 4671 quod

2270 4691 2428 4759 dicit
2473 4690 2733 4758 exitum
2790 4688 2997 4778 hujus
3050 4690 3305 4757 amoris
3359 4688 3443 4756 ab
3509 4698 3827 4779 utroque,

2271 4801 2395 4867 erit
2426 4800 2779 4890 proprium
2810 4808 2875 4865 et
2924 4798 3390 4868 distinctivum
3426 4819 3442 4866 :
3489 4799 3583 4865 ita
3622 4798 3828 4864 etiam

2273 4909 2340 4974 in
2370 4930 2481 4974 nie
2512 4915 2578 4974 et
2608 4915 2671 4974 te
2704 4907 3008 4996 potentia
3039 4904 3314 4974 amandi
3348 4927 3473 4971 nos
3504 4904 3822 4980 invicem,

2272 5025 2371 5083 est
2428 5016 2498 5083 in
2557 5013 2757 5083 nobis
2815 5017 3068 5083 virtute
3122 5021 3379 5082 naturoe
3442 5011 3830 5080 communis

2271 5121 2439 5190 mihi
2473 5132 2541 5191 et
2586 5122 2705 5191 tibi
2742 5143 2759 5191 ε
2806 5132 2873 5190 et
2910 5131 3143 5190 tamen
3173 5120 3452 5211 diligere
3495 5144 3620 5186 nos
3663 5119 3829 5186 invi-

2272 5255 2446 5314 cem,
2482 5229 2649 5297 mihi
2688 5240 2757 5298 et
2789 5230 2909 5298 tibi
2949 5237 3050 5297 est
3088 5230 3465 5319 proprium.

2363 5340 2428 5403 3.
2466 5336 2661 5413 ltem,
2701 5337 2778 5404 ln
2839 5335 3138 5403 inferiori
3182 5343 3423 5403 natura
3461 5332 3674 5401 nobili
3718 5332 3829 5400 vi-

2275 5445 2402 5514 deo
2442 5443 2781 5535 duplicem
2832 5444 3118 5511 modum
3170 5444 3664 5534 processionis:
3701 5462 3828 5509 na-
