4897 6388
877 729 957 776 Ad
984 734 1026 778 2.

872 3125 952 3171 Ad
977 3124 1021 3170 ⁸.

871 3770 950 3817 Ad
978 3776 1017 3819 4.

1937 321 2029 387 ΙΝ
2080 319 2581 418 ΙΒΕΝΤΕΝΤ.
2635 317 2864 386 DIST.
2917 318 3006 397 X,
3060 318 3398 396 A,·ART.
3452 322 3515 388 2.

1133 494 1320 561 sonis
1356 502 1432 560 ut
1460 507 1769 583 personne
1800 500 1958 560 sunt
2002 491 2479 583 procedentem
2532 512 2679 557 esse

1132 604 1498 694 perfectam
1525 605 1592 671 in
1622 597 1997 670 substantia
2026 621 2410 692 personam.

1223 711 1328 777 An
1383 725 1580 777 Amne
1646 710 2037 789 dicendum,
2115 708 2297 800 quod
2387 707 2684 798 Spiritus

1134 826 1407 888 sanctus
1446 816 1753 908 procedit
1783 827 1856 886 ut
1887 819 1952 884 iu
1994 816 2200 896 aliud,
2238 826 2305 885 et
2344 824 2576 882 manet
2615 816 2684 881 in

1134 928 1357 1016 seipso
1401 925 1752 1020 distinctus
1780 941 1795 992 ε
1841 925 1982 994 haec
2010 926 2192 994 enim
2215 944 2352 991 non
2380 932 2540 991 sunt
2568 945 2686 1013 op·

1135 1028 1356 1128 posita
1392 1061 1407 1105 :
1453 1037 1522 1104 in
1552 1043 1884 1128 quantum
1906 1039 2088 1105 enim
2121 1036 2401 1102 refertur
2432 1034 2517 1101 ad
2547 1034 2685 1101 Pa-

1136 1152 1313 1212 trem
1351 1151 1416 1213 et
1455 1144 1703 1212 Filium
1752 1152 1825 1211 ut
1872 1144 1954 1211 ad
2011 1162 2224 1210 unum
2274 1136 2683 1233 principium

1137 1252 1269 1331 sui,
1304 1253 1401 1321 sic
1430 1260 1659 1320 manet
1689 1252 1759 1317 in
1788 1269 1861 1319 se
1893 1250 2244 1319 distinctus
2275 1250 2361 1317 ab
2391 1257 2684 1339 utroque

1136 1375 1259 1451 per
1286 1358 1638 1428 relativam
1670 1359 2194 1449 oppositionem,
2227 1357 2346 1425 sed
2376 1358 2444 1424 in
2474 1375 2687 1447 quan·

1135 1467 1285 1534 tum
1324 1466 1397 1533 in'
1439 1469 1702 1536 ratione
1751 1466 2003 1535 amoris
2040 1463 2413 1556 personalis
2452 1480 2687 1555 proce·-

1135 1572 1258 1656 dit,
1302 1573 1470 1643 nihil
1501 1573 1818 1665 prohibet
1848 1574 2030 1667 quod
2059 1597 2098 1641 a
2131 1574 2327 1641 Patre
2356 1570 2682 1664 procedat

1135 1684 1206 1750 in
1246 1674 1520 1764 Filium,
1555 1688 1621 1751 et
1662 1705 1699 1750 e
1748 1702 2076 1750 converso
2107 1698 2146 1749 a
2199 1680 2367 1747 Filio
2416 1679 2488 1745 in
2545 1677 2687 1745 Pa-

1131 1799 1331 1872 trem,
1364 1790 1700 1880 praecipue
1731 1810 1888 1858 cum
1927 1788 2069 1856 haec
2105 1791 2193 1856 sit
2229 1803 2415 1865 vera,
2479 1785 2685 1852 Pater

1131 1904 1197 1968 et
1245 1895 1455 1966 Filius
1511 1897 1805 1990 diligunt
1854 1919 1925 1966 se
1981 1896 2238 1989 Spiritu
2293 1904 2557 1973 sancto,
2615 1900 2683 1962 et

1130 2007 1336 2075 Pater
1386 2005 1606 2098 diligit
1671 2006 1916 2074 Filium
1976 2005 2232 2096 Spiritu
2283 2009 2545 2084 sancto,
2578 2011 2581 2014 ’
2615 2008 2683 2069 et

1130 2111 1346 2183 Filius
1386 2114 1606 2205 diligit
1652 2114 1926 2183 Patrem
1970 2107 2224 2205 Spiritu
2276 2119 2509 2180 sancto
2545 2128 2562 2179 t
2607 2110 2679 2176 in

1132 2222 1381 2315 quibus
1431 2222 1758 2290 omnibus
1814 2222 2138 2312 accipitur
2180 2220 2364 2311 quod
2402 2232 2679 2311 proces⁴

1132 2327 1343 2398 sionis
1374 2337 1498 2412 est,
1546 2334 1613 2398 et
1656 2329 1840 2421 quod
1870 2330 2120 2397 amoris
2176 2328 2289 2419 qui
2339 2325 2681 2418 specificat

1131 2440 1415 2508 modum
1445 2439 1849 2531 procedendi
1884 2463 1901 2507 z
1945 2446 2012 2508 et
2057 2440 2111 2506 si
2144 2438 2469 2528 accipitur
2513 2452 2681 2528 pro-

1131 2549 1347 2617 cessio
1375 2548 1447 2616 in
1478 2568 1573 2628 se,
1606 2563 1747 2616 non
1775 2543 2081 2617 causabit
2116 2547 2243 2614 nisi
2290 2541 2678 2615 distinctio-

1132 2673 1290 2725 nem
1328 2655 1752 2748 procedentis
1790 2655 1876 2725 ab
1932 2654 2036 2724 his
2076 2677 2116 2723 a
2153 2651 2398 2747 quibus
2445 2673 2680 2744 proce·

1130 2764 1271 2833 dit:
1315 2765 1370 2833 si
1401 2765 1729 2856 accipitur
1757 2758 2000 2832 modus
2038 2783 2173 2855 quo
2219 2764 2670 2854 specificatur,

1131 2875 1230 2943 sic
1255 2881 1572 2942 causatur
1605 2889 1825 2942 nexus
1857 2872 2073 2942 Patris
2110 2877 2177 2941 et
2215 2871 2476 2958 Filiiin
2519 2871 2674 2938 vin·-

1130 2980 1286 3049 culo
1316 2981 1569 3049 amoris
1599 2980 1713 3071 qui
1755 2988 1856 3048 est
1887 2978 2178 3070 Spiritus
2214 2985 2512 3047 sanctus.

1221 3091 1326 3159 Ao
1371 3107 1568 3158 Αιιυυ
1652 3087 2037 3167 dicendum,
2097 3087 2277 3181 quod
2361 3086 2510 3157 haeo
2570 3096 2674 3157 est

1129 3198 1323 3281 falsa,
1383 3194 1609 3265 nullus
1646 3214 1842 3269 amor
1903 3197 2270 3267 secundum
2337 3189 2671 3264 rationem

1131 3305 1408 3383 amoris,
1443 3306 1572 3374 etc.
1602 3328 1618 3373 τ
1654 3304 1812 3397 quia
1853 3324 2048 3373 amor
2072 3317 2520 3396 personarum
2566 3301 2673 3370 di-

1126 3416 1443 3482 vinarum
1482 3412 1590 3482 cui
1629 3429 1769 3481 non
1825 3412 2140 3481 convenit
2181 3413 2306 3481 nisi
2348 3409 2670 3504 perfectio

1129 3521 1551 3607 substantia»,
1618 3530 1684 3591 et
1740 3540 1877 3590 non
1925 3519 2257 3600 accidens,
2319 3529 2417 3589 est
2477 3534 2675 3588 amor

1130 3630 1462 3720 perfectus
1500 3630 1569 3696 in
1608 3627 1981 3721 hypostasi.

1221 3736 1322 3804 Ao
1369 3753 1567 3805 Αιιυυ
1630 3736 2014 3813 dicendum,
2110 3735 2295 3827 quod
2373 3735 2670 3828 Spiritus

1128 3857 1401 3915 sanctus
1428 3851 1699 3915 amatur
1724 3865 1764 3914 a
1795 3845 1992 3916 Patre
2022 3853 2087 3914 et
2118 3844 2285 3914 Filio
2305 3846 2670 3916 dilectione

1127 3950 1492 4032 essentiali,
1534 3957 1599 4019 et
1631 3971 1768 4019 non
1800 3972 2032 4020 amore
2061 3952 2178 4043 qui
2213 3950 2671 4043 distinguatur

1125 4084 1162 4130 a
1206 4061 1467 4153 Spiritu
1495 4068 1728 4129 sancto
1765 4079 1781 4130 ε
1817 4067 1882 4129 et
1922 4060 2051 4129 hoc
2080 4068 2262 4153 patet
2301 4062 2370 4129 in
2401 4059 2609 4129 simili
2645 4077 2663 4127 ε

1124 4167 1284 4256 quia
1323 4166 1465 4234 sive
1496 4163 1923 4234 attendamus
1955 4166 2019 4232 in
2057 4166 2376 4257 imagine,
2421 4166 2565 4233 sive
2598 4167 2669 4232 in

1120 4275 1455 4344 distinctis
1523 4272 1940 4353 hominibus,
2031 4293 2400 4366 numquam
2473 4292 2671 4342 amor

1119 4389 1349 4453 causat
1381 4384 1589 4452 alium
1637 4402 1939 4452 amorem
1981 4405 2117 4475 quo
2164 4382 2487 4474 diligatur
2525 4381 2659 4451 ille.

1121 4492 1197 4561 ln
1239 4493 1533 4584 imagine
1581 4492 1882 4582 quidem.
1925 4493 2084 4583 quia
2113 4491 2283 4560 bene
2321 4489 2661 4569 videmus,

1119 4600 1303 4692 quod
1342 4620 1381 4667 a
1411 4605 1732 4668 noscente
1762 4608 1826 4668 et
1857 4602 2093 4668 notitia
2125 4610 2441 4668 causatur
2470 4617 2668 4668 amor

1120 4709 1267 4798 ejus
1297 4705 1479 4799 quod
1519 4712 1756 4774 notum
1790 4716 1886 4773 est
1918 4730 1933 4775 ε
1985 4706 2102 4774 sed
2151 4708 2432 4775 ulterior
2469 4726 2668 4775 amor

1116 4838 1252 4884 non
1284 4824 1622 4897 causatur,
1656 4816 1771 4884 sed
1806 4814 1944 4906 ipse
1983 4837 2174 4884 amor
2202 4814 2509 4908 diligitur
2537 4838 2663 4884 eo-

1114 4924 1269 4992 dem
1309 4945 1565 4992 amore.
1605 4923 1933 4992 Similiter
1970 4925 2144 4992 inter
2188 4923 2502 4993 homines
2552 4925 2662 4993 di-

1111 5055 1347 5100 versos
1414 5052 1787 5100 consensus
1851 5039 2076 5100 causat
2142 5051 2447 5100 amorem
2522 5048 2662 5123 quo

1113 5140 1503 5229 conspirant
1558 5146 1623 5207 et
1675 5136 2081 5208 concordant
2140 5135 2456 5207 homines
2490 5154 2506 5205 ς
2540 5138 2660 5207 sed

1114 5269 1251 5315 non
1283 5245 1367 5314 ab
1399 5246 1528 5316 hoc
1555 5262 1788 5316 amore
1818 5252 2132 5315 causatur
2158 5244 2329 5315 alter
2365 5269 2504 5338 quo
2552 5245 2662 5314 di·-

1113 5354 1362 5445 ligatur
1390 5353 1526 5424 ille.
1592 5355 1665 5422 Si
1732 5356 1940 5436 dicae,
2001 5349 2178 5446 quod
2247 5374 2383 5424 uon
2422 5364 2525 5425 est
2562 5359 2661 5425 si-

1113 5461 1274 5530 mile
1309 5483 1324 5530 :
1371 5466 1528 5553 quia
1569 5484 1763 5532 amor
1798 5467 1868 5532 in
1912 5463 2338 5533 interioribus
2375 5483 2517 5533 non
2558 5473 2657 5533 eet

1112 5586 1403 5662 persona
1466 5571 1780 5641 distincta
1863 5572 2218 5641 amabilis:
2281 5572 2655 5642 secundum

4092 262 4097 266 ¹
4215 311 4337 376 311

2788 497 2891 558 est
2946 488 3117 557 alte'r
3195 512 3430 558 amor:
3505 503 3790 578 persona
3861 486 4043 553 enim
4102 482 4217 551 illa
4275 485 4341 551 in

2789 598 2979 666 nullo
3020 599 3464 690 distinguitur
3511 597 3596 665 ab
3646 596 3798 663 aliis
3845 593 4154 684 personis
4210 591 4340 658 nisi

2788 705 2863 771 in
2920 707 3354 794 oppositione
3427 703 3748 772 relativa:
3832 699 3942 767 ille
4007 697 4341 766 secundus

2788 833 2985 879 amor
3006 821 3123 879 aut
3146 812 3587 902 distinguitur
3614 809 4044 900 oppositione
4066 802 4344 872 relativa

2789 942 2829 986 a
2867 923 3116 1010 primo,
3160 920 3478 988 autnon.
3528 916 3599 984 Si
3659 919 3795 984 sic:
3853 931 4015 1006 ergo
4069 907 4342 1002 speciali

2788 1028 3206 1118 proprietate
3235 1027 3557 1095 differunt
3619 1024 3705 1091 ab
3748 1045 3905 1091 ‹eoz
3960 1042 4122 1111 ergo
4172 1021 4345 1087 sicut

2786 1133 2993 1203 Pater
3022 1143 3089 1203 et
3128 1134 3338 1202 Filius
3392 1136 3461 1201 in
3513 1138 3863 1224 quantum·
3911 1134 4073 1195 sunt
4126 1150 4340 1194 uuum

2786 1243 3202 1332 principium
3246 1240 3542 1332 Spiritus
3572 1237 3812 1315 saneti,
3856 1258 3997 1304 non
4026 1235 4345 1303 dicuntur

2786 1370 2982 1417 amor
3021 1349 3441 1440 personalis:
3486 1349 3581 1415 ita
3611 1346 3723 1414 ille
3779 1360 3973 1412 amor
4010 1332 4344 1409 secundus

2786 1473 2928 1525 non
2958 1457 3161 1525 debet
3186 1456 3321 1524 dici
3350 1474 3567 1536 amor,
3600 1454 3718 1523 sed
3748 1454 3833 1521 ab
3865 1450 3998 1520 alia
4034 1450 4346 1541 proprie-

2786 1566 2922 1631 tate
2954 1564 3270 1655 opposita
3299 1548 3749 1637 denominari,
3785 1559 3958 1627 sicut
4004 1557 4081 1626 fit
4108 1559 4180 1624 in
4210 1555 4343 1623 Pau

2785 1679 2888 1739 tre
2918 1680 2987 1739 et
3014 1671 3217 1750 Filio,
3261 1671 3442 1764 quod
3494 1669 3739 1739 falsum
3794 1675 3919 1736 est.
3981 1663 4054 1733 Si
4115 1672 4343 1735 autem

2786 1801 2926 1850 non
2958 1779 3207 1858 differt,
3264 1780 3486 1849 habeo
3526 1777 3954 1870 propositum
4004 1774 4188 1866 quod
4241 1780 4345 1840 est

2784 1888 2968 1956 idem
3005 1889 3145 1969 isti,
3204 1897 3275 1957 et
3325 1901 3464 1956 non
3508 1893 3692 1956 ,sunt
3757 1885 3919 1965 dun,
3951 1882 4101 1982 ,sed
4160 1901 4340 1960 unus

2783 2009 3005 2063 amm·-
3604 2007 3609 2016 ‘
3918 2055 3923 2064 ,
4054 2081 4061 2091 ⁸
4302 2009 4336 2067 ’,

2872 2122 2978 2188 Ao
3017 2135 3216 2190 amun
3245 2116 3634 2200 dicendum,
3680 2119 3861 2211 quod
3899 2116 4192 2187 canentia
4225 2113 4337 2184 di-

2782 2229 2948 2297 vina
2985 2236 3089 2298 est
3118 2241 3314 2298 amor
3350 2227 3576 2296 Patris
3628 2234 3697 2295 et
3730 2220 3921 2304 Filii,¹
3963 2223 4087 2293 ‘sed
4143 2223 4338 2290 aliter

2783 2355 2990 2427 quam
3030 2350 3229 2404 amor
3254 2334 3659 2428 personalis.
3704 2332 3898 2401 Sicut
3941 2332 4125 2400 enim
4155 2328 4338 2398 dixi·

2780 2458 2962 2527 mus,
2988 2457 3243 2534 ponere
3283 2441 3468 2511 Patri
3499 2451 3568 2510 et
3587 2441 3758 2510 Filio
3789 2438 4335 2509 convenientiam

2778 2555 2851 2621 in
2890 2556 3186 2622 essentia
3216 2556 3508 2634 tantum,
3546 2547 3679 2620 hoc
3699 2557 3802 2618 est
3818 2565 4061 2640 parum
4088 2551 4104 2615 t
4135 2548 4335 2638 quin·

2781 2662 2923 2728 imo
2972 2660 3030 2727 si
3086 2674 3430 2751 ponamus
3459 2673 3582 2750 per
3608 2652 4032 2748 impossibile
4061 2652 4334 2721 Patrem

2780 2776 2848 2838 et
2886 2763 3138 2836 Filium
3196 2780 3336 2835 non
3383 2784 3534 2837 esse
3587 2779 3805 2834 unum
3841 2762 4100 2841 Deum,
4160 2764 4336 2830 sicut

2778 2884 2964 2957 sunt,
2996 2877 3116 2945 sed
3153 2876 3328 2946 duos
3365 2883 3431 2946 et
3479 2875 3836 2968 periectos,
3885 2864 4109 2940 a'dhuo
4165 2891 4336 2940 con-

2776 2985 3059 3054 venient
3107 2987 3177 3053 in
3245 3000 3480 3053 amore
3538 2984 3655 3076 qui
3721 2978 4026 3073 procedit
4077 2979 4163 3048 ab
4237 2980 4335 3048 eis

2780 3094 2988 3163 etiam
3027 3094 3388 3178 distinctiS,
3423 3100 3489 3162 et
3545 3092 3617 3159 in
3656 3097 3990 3182 quantum
4027 3106 4336 3180 persona

2780 3209 2942 3271 sunt
2976 3223 2992 3271 ε
3027 3209 3097 3272 et
3124 3200 3239 3273 ille
3278 3218 3475 3270 amor
3503 3202 3620 3292 qul
3659 3202 3757 3268 nic
3796 3191 4097 3289 procedit
4122 3197 4207 3265 ab
4236 3199 4335 3266 eis

2778 3309 3116 3380 distinctis
3153 3326 3297 3379 non
3336 3309 3516 3380 unde
3552 3326 3770 3377 unum
3809 3304 3969 3376 sunt
4004 3308 4075 3374 in
4104 3325 4333 3375 casen-

2776 3418 2899 3504 tia,
2950 3418 3329 3512 personalis
3384 3424 3451 3486 et
3507 3409 3876 3485 notionalis
3906 3422 4084 3483 est:
4156 3412 4336 3482 unde

2779 3527 2965 3620 quod
3025 3527 3319 3596 essentia
3357 3541 3555 3595 amor
3598 3533 3702 3594 est
3756 3530 3824 3593 et
3875 3522 4145 3601 dicitur,
4204 3520 4337 3589 hoc

2778 3653 2921 3705 non
2978 3641 3079 3703 est
3137 3633 3362 3703 Patris
3398 3641 3467 3702 et
3507 3629 3656 3701 Filii
3700 3633 3767 3699 in
3806 3636 4337 3723 quantum-sunt

2778 3759 3089 3835 personae
3116 3742 3478 3820 distinctae.
3510 3740 3629 3810 sed
3659 3738 3886 3830 potius
3905 3739 3976 3807 in
4006 3746 4337 3830 quantum

2781 3867 2959 3920 unus
3000 3850 3186 3919 Deus
3219 3869 3239 3919 ε
3279 3859 3348 3919 et
3377 3848 3530 3918 ideo
3560 3863 3704 3918 non
3741 3854 3844 3916 est
3880 3860 4122 3917 eorum
4150 3854 4228 3914 ut
4251 3846 4338 3915 ab

2778 3962 2971 4052 ipsis,
3013 3959 3131 4030 sed
3171 3960 3401 4051 potius
3448 3966 3552 4026 est
3598 3973 3839 4027 eorum
3887 3965 3962 4024 ut
4011 3956 4155 4046 ipae
4192 3963 4335 4023 est:

2776 4068 2931 4138 idco
2970 4090 3111 4138 non
3153 4074 3253 4136 est
3293 4066 3654 4135 distinctus
3692 4063 3805 4133 ille
3839 4081 3858 4134 t
3918 4063 4036 4133 sed
4098 4083 4338 4155 perso·

2776 4175 2951 4245 nalis
2990 4178 3109 4268 qui
3139 4181 3239 4244 est
3278 4191 3547 4255 eorum,
3580 4191 3721 4242 nou
3760 4169 3941 4241 unde
3971 4179 4132 4241 sunt
4158 4188 4337 4240 unua

2772 4282 2985 4365 Deus,
3010 4280 3126 4351 sed
3162 4282 3229 4349 in
3280 4288 3612 4372 quantum
3651 4295 3960 4371 personae
3994 4287 4156 4347 sunt
4183 4297 4344 4348 con·

2773 4390 3135 4481 spirantes»,
3180 4387 3291 4457 ille
3331 4396 3431 4457 est
3470 4406 3709 4456 eorum
3751 4394 3826 4455 ut
3864 4385 3948 4455 ab
3989 4386 4152 4478 ipsis
4190 4406 4208 4458 τ
4268 4396 4335 4456 et

2773 4497 2929 4566 ideo
2958 4496 3404 4587 distinguitur
3430 4494 3543 4563 ille
3581 4491 3668 4563 ab
3700 4502 4012 4586 utroque.

2861 4607 2968 4673 Ao
3015 4625 3215 4673 antro
3251 4601 3641 4681 dicendum,
3688 4596 3872 4694 quod
3908 4607 4150 4671 natura
4185 4604 4329 4694 spi·

2772 4712 3036 4783 ritualis
3084 4709 3441 4803 multiplex
3487 4717 3629 4778 est:
3673 4709 3983 4800 quiedam
4013 4704 4194 4778 enim
4226 4720 4328 4779 est

2771 4836 2924 4913 quae
2962 4820 3251 4889 retertur
3279 4818 3363 4886 ad
3401 4840 3650 4909 corpus
3687 4815 4053 4886 multarum
4086 4828 4150 4886 et
4189 4819 4327 4887 dis·

2770 4927 3101 4997 similium
3161 4926 3486 5016 partium,
3529 4919 3701 4994 elcut
3747 4924 3977 4992 anima
4021 4926 4328 4994 rationa-

2769 5038 2853 5106 lis
2890 5035 2978 5104 ad
3033 5051 3282 5127 eorpus
3332 5032 3786 5126 organicum:
3828 5042 3896 5102 et
3950 5032 4067 5102 illa
4121 5033 4326 5104 habet

2767 5145 3168 5214 varietatem
3210 5142 3505 5232 partium
3536 5138 3906 5209 multarum
3947 5141 4320 5210 secundum

2766 5250 3284 5344 proportionem
3344 5248 3428 5317 ad
3493 5255 3719 5339 partes
3764 5248 4093 5338 corporis,
4153 5270 4322 5339 quae

2768 5360 2909 5428 suis
2946 5355 3255 5448 partibus
3303 5354 3564 5447 perlicit
3604 5364 3670 5423 et
3699 5363 3968 5424 movet:
4006 5354 4318 5447 quaedam

2765 5484 2931 5536 vero
2970 5486 3111 5532 non
3141 5457 3347 5532 habet
3386 5461 3783 5531 relationem
3825 5459 4030 5531 talem
4060 5463 4146 5532 ad
4175 5484 4320 5533 cor·

2765 5595 2936 5665 pus:
2994 5579 3061 5640 et
3098 5570 3254 5639 ideo
3320 5587 3462 5639 non
3528 5578 3796 5662 oportet
3850 5569 4035 5662 quod
4070 5563 4322 5642 habeat

1116 5678 1250 5747 hoc
1277 5679 1537 5748 facilius
1576 5678 1792 5748 habeo
1820 5682 2266 5771 propositum,
2301 5681 2484 5773 quod
2515 5699 2657 5750 non
2761 5685 2990 5771 partes
3031 5670 3427 5766 hujusmodi
3459 5699 3476 5745 ε
3518 5676 3699 5745 unde
3737 5677 3897 5746 dicit
3946 5676 4319 5746 Commen-

4453 2139 4522 2183 ad
4550 2141 4590 2183 5.
