4897 6388
428 1644 500 1688 Ad
536 1642 580 1689 2.

382 4749 584 4797 soterio.

680 354 812 418 414

1585 483 1624 506 t

680 525 811 591 ritu
841 544 854 589 :
893 523 1010 590 sed
1045 522 1332 589 intendit
1360 522 1606 602 dicere,
1640 520 1825 612 quod
1855 523 1923 588 in
1954 521 2225 588 nomine

681 639 748 697 et
784 630 1286 697 constructione
1327 628 1496 696 nihil
1545 628 1727 695 aliud
1809 628 2227 718 significatur

681 759 887 826 quam
923 735 1214 825 Spiritus
1246 744 1555 804 sanctus:
1592 758 1745 802 cum
1778 736 1958 802 enim
1989 734 2229 801 dicitur

681 842 938 909 donum
973 842 1264 931 Spiritus
1296 844 1534 925 sancti,
1582 849 1852 930 propter
1881 840 2225 906 transitio-

681 973 839 1017 nem
879 950 1140 1040 obliqui
1198 950 1499 1019 crederet
1539 949 1780 1039 aliquis
1822 948 2003 1038 quod
2059 946 2226 1013 divi-

679 1060 856 1126 nitas
941 1070 1118 1126 esset
1191 1061 1366 1127 inter
1423 1059 1773 1149 obliquum
1828 1066 1894 1124 et
1943 1065 2214 1124 rectum.

685 1169 875 1237 Unde
940 1171 1087 1236 vult
1145 1170 1592 1258 AugustinuS‚
1674 1168 1854 1258 quod
1910 1168 2223 1255 obliquus

680 1299 837 1344 cum
871 1286 1049 1344 recto
1083 1277 1578 1343 intransitivam
1640 1274 1882 1342 habeat
1913 1285 2222 1341 constru-

680 1386 1014 1453 ctionem:
1051 1388 1224 1451 sicut
1251 1408 1407 1452 cum
1431 1384 1698 1465 dicitur,
1734 1406 1976 1473 corpus
2006 1383 2221 1449 carnis

683 1489 792 1558 vel
821 1499 1128 1558 creatura
1157 1491 1387 1559 simul.

774 1598 876 1664 An
905 1621 1202 1666 uurmuu
1232 1597 1617 1676 dicendum,
1656 1596 1839 1687 quod
1893 1596 2221 1686 Augusti-

681 1727 810 1773 nus
863 1715 1061 1774 vocat
1118 1728 1364 1795 corpus
1421 1704 1770 1796 quodlibet
1799 1705 1976 1793 quod
2018 1703 2219 1772 habet

675 1814 922 1881 trinam
964 1814 1504 1882 dimensionem:
1541 1822 1610 1881 et
1645 1815 1741 1880 sic
1780 1836 2022 1903 corpus
2068 1836 2218 1881 car-

672 1922 779 1989 nis
808 1930 911 1989 est
926 1945 1110 2002 caro,
1147 1929 1211 1989 ct
1233 1942 1478 2011 corpus
1509 1921 1682 1987 ossis
1711 1927 1810 1987 est
1842 1943 1958 1986 os:
1986 1929 2050 1986 et
2080 1943 2213 1986 non

665 2036 869 2097 vocat
905 2051 1154 2120 corpus
1193 2031 1572 2096 animatum
1621 2026 1801 2117 quod
1861 2028 2217 2117 componi-

666 2144 780 2203 tur
814 2159 899 2203 ex
928 2136 1205 2227 organis
1244 2133 1690 2203 dissimilibus
1719 2133 2023 2202 diversis.

1103 2562 1608 2633 ARTlCULUS
1659 2562 1777 2632 IV.

668 2772 916 2840 Utrum
937 2783 1160 2864 potest
1218 2773 1432 2843 Pater
1495 2773 1777 2866 aliquid
1828 2772 2018 2864 quod
2074 2796 2206 2840 non

1114 2879 1423 2969 Spiritus
1448 2890 1726 2948 sanctus
1747 2879 1788 2949 P

745 3192 1006 3264 Deinde
1074 3196 1402 3287 quaeritur
1462 3196 1548 3264 de
1604 3192 1734 3265 hoc
1808 3206 2206 3289 argumento

659 3301 845 3393 quod
881 3300 1064 3385 facit,
1108 3301 1229 3388 ibi,
1276 3330 1308 3369 ι
1341 3303 1425 3372 Si
1458 3303 1640 3371 enim
1693 3303 2001 3395 Spiritus
2040 3327 2208 3370 san-

656 3419 808 3477 otus
842 3410 1144 3501 seipsum
1181 3409 1351 3479 dare
1373 3433 1510 3480 non
1532 3419 1778 3502 potest,
1811 3419 1940 3479 etc.
1977 3436 2012 3477 ι

752 3515 1037 3587 Videtur
1064 3518 1248 3588 enim
1279 3540 1418 3586 non
1449 3516 1716 3586 valere:
1767 3517 1928 3610 quia
2002 3517 2212 3610 Spiri-

657 3633 770 3694 tus
797 3634 1072 3696 sanctus
1100 3649 1239 3696 non
1299 3633 1520 3719 potest
1582 3627 1839 3717 spirare
1880 3627 2205 3719 Spiritum

659 3742 1017 3803 sanctum:
1060 3744 1127 3803 et
1157 3756 1318 3802 eum
1346 3733 1548 3802 Pater
1564 3741 1784 3825 potest
1812 3736 2107 3825 spirare:
2141 3746 2210 3805 et

664 3852 895 3913 tamen
959 3867 1041 3913 ex
1074 3844 1204 3913 hoc
1234 3865 1374 3912 non
1412 3844 1744 3936 sequitur,
1796 3844 1978 3935 quod
2012 3845 2209 3914 Pater

664 3950 878 4042 possit
912 3949 1021 4018 vel
1052 3950 1252 4018 faciat
1279 3949 1540 4042 aliquid
1566 3949 1751 4041 quod
1802 3973 1942 4020 non
1999 3954 2210 4043 [iussit

659 4055 772 4125 vel
802 4056 1001 4125 t'aciat
1060 4055 1356 4148 Spiritus
1409 4066 1707 4135 sanctus,
1769 4081 1925 4126 cum
1956 4062 2207 4151 spirare

665 4185 803 4231 non
859 4162 948 4229 sit
984 4162 1267 4254 aliquid,
1326 4163 1448 4233 sed
1513 4163 1597 4231 ad
1644 4162 1946 4256 aliquid:
1978 4189 2207 4257 ergon

665 4268 871 4337 simili
902 4276 967 4337 et
1008 4267 1139 4336 lioc
1189 4292 1325 4337 non
1392 4268 1596 4346 valet,
1639 4293 1797 4339 cum
1836 4274 2206 4341 secundum

667 4375 1068 4469 Magistrum
1111 4377 1292 4445 idem
1323 4379 1407 4444 sit
1436 4376 1598 4445 dare
1628 4379 1812 4469 quod
1854 4381 2208 4472 procedere

666 4484 1158 4575 temporaliter.

762 4693 1070 4765 Somno.
1140 4696 1545 4771 Dicendum.
1623 4697 1806 4789 quod
1868 4698 1974 4768 liic
2027 4709 2207 4771 tenet

670 4810 1149 4892 argumentum
1258 4813 1531 4894 propter
1617 4814 2056 4874 connotatum
2140 4808 2206 4876 in

668 4917 1001 4986 creatura.
1067 4909 1250 5000 quod
1318 4910 1655 4979 clauditur
1729 4912 1796 4980 in
1871 4912 2207 4983 intellectu

668 5016 814 5103 ejus
843 5014 1027 5105 quod
1061 5024 1160 5087 est
1198 5017 1358 5086 dare
1386 5038 1402 5085 ε
1437 5017 1568 5087 Ιιοο
1605 5018 1788 5086 enim
1816 5020 2077 5109 operari
2110 5030 2206 5089 est

668 5145 905 5191 eorum
958 5147 1110 5215 quae
1176 5124 1632 5215 subjiciuntur
1694 5129 2013 5217 potentiae
2068 5151 2082 5194 ε
2144 5140 2208 5197 et

671 5229 821 5299 ideo
859 5230 915 5298 si
946 5231 1033 5300 ab
1069 5230 1201 5300 hoc
1237 5232 1711 5302 excluderetur
1740 5232 2034 5325 Spiritus
2061 5259 2211 5304 san-

668 5343 840 5417 ctus,
881 5348 1276 5427 sequeretur
1306 5339 1491 5431 quod
1530 5338 1788 5431 aliquid
1817 5353 2042 5432 posset
2076 5342 2209 5411 l'a-

668 5449 773 5512 ter
800 5442 982 5533 quod
1015 5466 1153 5513 non
1183 5454 1410 5537 posset
1447 5446 1741 5537 Spiritus
1769 5457 2064 5520 sanctus.

1707 349 1792 417 D.
1845 349 2040 417 ALB.
2092 348 2306 416 MAG.
2358 347 2562 417 ont).
2622 348 2917 417 PRAED.

2768 791 3268 858 itrt't'tCULtJS
3328 792 3407 857 V.

2335 1001 2701 1082 (hauritur,
2746 1026 2833 1066 cm
2880 1025 3045 1068 ceree
3082 1004 3220 1068 sint
3254 1005 3396 1070 illae
3444 1016 3577 1071 lres
3622 1029 3882 1096 propo-

2413 1110 2712 1188 sitiones,
2745 1110 3000 1177 scilieet
3047 1113 3354 1201 Spiritus
3415 1116 3629 1179 mittit
3665 1138 3757 1193 se,
3819 1124 3881 1180 el

2414 1213 2718 1302 Spiritus
2786 1216 3089 1281 mittitur
3152 1241 3194 1282 a
3250 1241 3342 1294 se,
3378 1258 3383 1263 -
3424 1226 3486 1282 et
3572 1219 3878 1307 Spirilus

2403 1320 2713 1413 procedit
2753 1346 2793 1387 α
2822 1346 2890 1388 se
2917 1320 2957 1388 Ρ

2416 1585 2672 1653 Deinde
2703 1586 3031 1676 quaeritur
3072 1587 3155 1655 de
3222 1586 3351 1655 hoc
3418 1588 3602 1677 quod
3670 1589 3871 1656 dicit:

2325 1718 2359 1758 κ
2390 1695 2472 1762 Si
2508 1703 2733 1761 autem
2763 1695 3062 1784 seipsum
3085 1696 3231 1774 dat,
3282 1704 3444 1762 tuuc
3473 1706 3535 1762 el
3575 1720 3618 1763 a
3656 1697 3876 1787 seipso

2312 1802 2621 1891 procedit
2675 1811 2737 1867 et
2768 1803 3096 1884 minister,
3133 1811 3258 1872 etc.
3309 1829 3340 1868 ι)

2409 1908 2522 1976 Est
2582 1908 2765 1976 enim
2836 1907 2944 1977 hic
3019 1910 3334 1988 dubium,
3398 1910 3470 1976 si
3579 1910 3874 2001 Spiritus

2317 2025 2589 2082 sanctus
2621 2018 2844 2090 mittat
2882 2039 2954 2084 se
2976 2021 3011 2085 'l
3041 2017 3123 2086 Et
3153 2019 3209 2084 si
3241 2018 3368 2084 ista
3401 2017 3634 2107 aliquo
3667 2020 3872 2087 modo
3990 2009 3993 2014 ⁶

2316 2122 2730 2204 conceditur,
2773 2122 2977 2191 dubie
3017 2123 3240 2191 adhuc
3269 2126 3395 2192 orit
3428 2126 3582 2204 ista,
3609 2126 3684 2193 Si
3719 2125 3873 2216 Spi-

2319 2230 2484 2297 ritus
2527 2239 2799 2299 sanctus
2852 2232 3145 2300 mittitur
3186 2254 3225 2298 a
3263 2234 3390 2300 se?
3425 2231 3507 2301 lit
3544 2234 3602 2300 si
3653 2233 3871 2301 ambae

2319 2338 2458 2405 istae
2499 2337 2566 2405 in
2596 2336 2826 2428 aliquo
2859 2362 3065 2406 sensu
3106 2338 3594 2419 concedantur,
3646 2339 3870 2408 adhuc

2317 2453 2618 2512 remanet
2655 2444 2800 2512 lioec
2839 2444 3070 2529 dubia,
3118 2444 3191 2511 Si
3244 2445 3539 2536 Spiritus
3597 2455 3870 2515 sanctus

2314 2552 2612 2642 procedit
2642 2575 2682 2620 a
2738 2576 2811 2621 se
2844 2557 2879 2619 ’ἑ

2405 2658 2687 2727 Videtur
2722 2660 2904 2728 enini
2949 2658 3091 2728 luec
3148 2684 3294 2730 esse
3329 2661 3519 2745 falsa,
3574 2662 3870 2753 Spiritus

2316 2775 2589 2834 sanctus
2628 2769 2831 2836 mittit
2861 2792 2957 2836 se.

2407 2875 2464 2940 Ι.
2510 2873 2731 2962 Supra
2765 2874 2946 2941 euim
2983 2874 3289 2942 habitum
3322 2885 3451 2950 est.
3495 2875 3680 2965 quud
3715 2878 3866 2945 mit-

2313 2980 2358 3046 ti
2400 2989 2502 3048 est
2540 2983 2860 3070 cognosci
2903 2981 3088 3071 quod
3116 2982 3203 3049 ab
3259 2982 3396 3049 nlio
3429 2983 3557 3050 sit:
3621 3005 3788 3073 ergo
3829 3008 3866 3051 a

2312 3110 2447 3178 quo
2496 3087 2788 3155 mittitur
2843 3087 3071 3179 aliqua
3101 3111 3577 3178 personarum,
3609 3112 3876 3180 cogno-

2311 3197 2521 3263 scitur
2579 3193 2811 3265 abillo
2863 3216 3054 3266 esse:
3097 3197 3213 3264 sed
3248 3198 3545 3289 Spiritus
3593 3207 3868 3267 sanctus

2312 3300 2513 3369 mittit
2542 3323 2639 3375 se,
2684 3309 2758 3369 ut
2787 3310 2855 3369 tu
2888 3301 3101 3370 dicis:
3145 3325 3308 3392 ergo
3365 3303 3661 3392 Spiritus
3709 3326 3863 3371 san·

2310 3422 2460 3479 ctus
2495 3419 2595 3478 est
2636 3433 2676 3479 a
2713 3434 2811 3489 se,
2853 3412 3037 3500 quod
3069 3410 3312 3480 falsum
3346 3422 3446 3480 est
3474 3435 3490 3479 ε
3518 3412 3681 3503 quia
3704 3410 3867 3479 dicit

2315 3517 2699 3592 Ansetmus,
2733 3518 2916 3609 quod
2950 3541 3072 3587 nec
3103 3529 3345 3588 natura
3376 3519 3699 3600 admittit,
3736 3544 3859 3588 nec

2313 3625 2688 3696 intellectus
2715 3628 2919 3716 capit.
2956 3626 3140 3717 quod
3172 3627 3348 3696 idem
3410 3628 3495 3695 sit
3536 3650 3576 3696 a
3604 3628 3858 3718 seipso.

2398 3739 2464 3804 2.
2512 3734 2703 3811 iteut.
2738 3735 2907 3802 Cum
2950 3735 3221 3818 dicitur,
3271 3738 3494 3805 Mittit
3538 3762 3632 3815 se,
3690 3759 3860 3827 sup-

2316 3844 2606 3932 positum
2649 3841 2833 3909 verbi
2864 3852 2961 3911 est
2997 3843 3064 3911 in
3096 3866 3234 3934 quo
3275 3843 3858 3912 notaturauctori·

2310 3958 2412 4018 tas
2488 3958 2791 4038 respectu
2862 3949 3010 4035 ejus
3067 3948 3252 4041 quod
3316 3950 3729 4040 supponitur
3796 3951 3864 4017 in

2312 4057 2754 4148 pronomine:
2800 4057 2915 4124 sed
2956 4055 3088 4125 hoc
3121 4068 3219 4125 est
3253 4058 3461 4137 idem,
3496 4082 3652 4126 cum
3689 4058 3868 4126 rela-

2308 4166 2524 4234 tivum
2567 4163 2804 4232 referat
2838 4164 3016 4233 idem
3054 4165 3238 4256 quod
3272 4176 3371 4232 est
3445 4168 3509 4233 in
3589 4176 3863 4235 antece·

2311 4272 2545 4341 dente:
2573 4296 2734 4362 ergo
2768 4272 2833 4339 in
2858 4271 3202 4341 locutione
3233 4273 3660 4361 significatur
3688 4273 3867 4342 idem

2314 4378 2557 4448 habere
2614 4381 3087 4448 auctoritatem
3158 4389 3462 4469 respectu
3514 4380 3664 4448 sui:
3708 4404 3864 4448 cum

2312 4513 2475 4577 ergo
2507 4488 2631 4557 hoc
2685 4513 2819 4557 nun
2850 4490 2931 4556 sit
2976 4511 3242 4567 verum,
3296 4489 3566 4557 videtur
3610 4488 3866 4558 locutio

2312 4620 2459 4666 esse
2490 4596 2677 4668 [alsa.

2399 4709 2462 4774 3.
2536 4704 2730 4783 ltem.
2793 4704 3069 4774 Mittens
3134 4716 3202 4775 et
3267 4706 3518 4775 missus
3549 4714 3864 4797 qum-unt

2311 4812 2808 4881 distinctionem
2844 4814 3270 4902 personalem
3295 4814 3377 4882 ad
3413 4815 3685 4882 minus:
3722 4811 3870 4881 lia-c

2313 4931 2707 4993 autemnon
2739 4934 2837 4990 est
2866 4920 3000 5001 hie,
3046 4947 3200 4991 cum
3246 4922 3516 5004 dicitur,
3565 4921 3864 5011 Spiritus

2310 5037 2580 5096 sanctus
2610 5029 2812 5099 mittit
2852 5050 2965 5098 se:
3001 5051 3165 5120 ergo
3205 5029 3457 5097 locutio
3502 5038 3604 5097 est
3670 5028 3863 5097 salsa.

2401 5137 2466 5204 t.
2506 5136 2696 5218 Item,
2743 5137 2943 5205 Pater
2979 5159 3118 5205 non
3154 5138 3449 5205 mittitur
3489 5135 3575 5204 ab
3631 5134 3866 5227 aliquo

2311 5255 2407 5332 (ut
2440 5246 2598 5315 dicit
2628 5250 3071 5338 Augustinus)
3094 5273 3176 5316 eo
3211 5247 3464 5338 quoda
3496 5246 3691 5314 nullo
3721 5254 3821 5311 est
3848 5266 3864 5311 ε

2309 5380 2473 5445 ergo
2514 5379 2553 5422 n
2616 5355 2821 5423 simili
2868 5379 2989 5423 uec
3029 5354 3327 5446 Spiritus
3401 5363 3677 5423 sanctus
3711 5353 3863 5420 mit·

2312 5465 2390 5531 tit
2419 5487 2516 5540 se,
2551 5487 2631 5532 eo
2673 5463 2857 5555 quod
2893 5486 2933 5531 a
2962 5487 3034 5532 se
3074 5486 3213 5532 non
3253 5472 3377 5533 est.

2402 5571 2474 5637 Si
2529 5571 2696 5638 forte
2741 5570 2948 5652 dieas,
2993 5579 3067 5638 ut
3104 5593 3336 5663 supra,
3380 5572 3565 5665 quod
3604 5578 3706 5639 est
3746 5593 3865 5660 po·

2310 5687 2519 5748 testas
2547 5677 2931 5750 collationis
2976 5666 3061 5750 ex
3117 5677 3185 5752 vi
3230 5682 3512 5766 amoris.
3554 5688 3622 5752 et
3671 5701 3759 5751 ex
3798 5679 3870 5745 vi
