4897 6388
632 269 637 274 ’
678 271 807 393 ,ἓξ-’18

1663 320 1749 396 n.
1799 319 2268 402 Ate-MAG.
2320 319 2526 415 om).
2578 321 2904 400 PRAED.>
3043 291 3047 295 Α

1414 849 1502 923 Β.
1549 846 1702 921 Hic
1742 843 1835 919 de
1865 843 2384 926 coaetemilate
2411 843 2610 919 Filii
2655 864 2825 917 cum
2874 834 3139 919 Patre.

777 1166 1102 1242 Genitus
1141 1175 1259 1240 est
1295 1165 1503 1240 enim
1547 1189 1594 1240 a
1631 1165 1858 1240 Patre
1891 1165 2157 1260 Filius,
2195 1174 2269 1240 et
2308 1165 2480 1240 ideo
2511 1163 2708 1239 alius
2753 1187 2768 1237 :
2813 1185 2958 1238 nec
2989 1169 3246 1236 tamen
3290 1168 3472 1235 ante
3527 1150 3668 1234 fuit
3734 1156 3886 1232 Pa-

676 1313 817 1398 ter,
862 1324 1097 1402 quarn
1140 1301 1382 1376 Filius
1428 1325 1442 1377 :
1484 1308 1893 1376 coaeternae
1925 1299 2128 1376 enirn
2164 1309 2345 1375 sunt
2370 1299 2516 1375 sibi
2557 1311 2709 1376 tres
2747 1319 3132 1396 personae.

1137 1897 1645 1970 ARTICULUS
1688 1896 1776 1970 V.

862 2119 1110 2188 Utrum
1147 2121 1361 2186 Pater
1385 2119 1478 2185 sit
1506 2126 1667 2185 ante
1692 2114 1963 2185 Filium
2006 2114 2049 2184 Ρ

754 2436 1018 2507 Deinde
1050 2441 1378 2531 quaeritur
1406 2439 1487 2508 de
1520 2437 1653 2509 hoc
1692 2438 1880 2530 quod
1933 2439 2095 2508 dicit
2153 2441 2221 2508 in

666 2545 888 2636 prima
919 2547 1181 2615 ratione
1239 2568 1255 2616 ε
1304 2572 1338 2613 α
1399 2542 1538 2616 Nec
1593 2556 1822 2614 tamen
1873 2539 2049 2615 ante‘
2078 2549 2223 2641 suit

669 2659 906 2740 Pater,
938 2678 1151 2748 quam
1178 2656 1428 2740 Filius,
1463 2664 1591 2726 etc.
1632 2682 1666 2723 »

761 2765 821 2832 1.
868 2762 1073 2831 Pater
1127 2761 1313 2832 enim
1372 2772 1475 2832 est
1530 2761 1909 2834 substantia
1984 2789 2024 2834 a
2086 2789 2221 2860 qua

668 2870 1012 2963 egreditur
1059 2877 1252 2940 actus
1297 2871 1756 2962 generationis
1808 2894 1824 2940 ε
1887 2896 2051 2967 ergo
2107 2895 2222 2943 se-

664 2979 965 3048 cundum
997 2977 1333 3049 rationem
1365 2989 1465 3048 est
1514 2987 1671 3048 ante
1721 2987 1945 3049 actum
1993 2980 2214 3064 illum,

666 3097 733 3157 et
768 3087 1145 3158 secundum
1176 3089 1512 3158 rationem
1553 3089 1901 3181 generatio
1933 3099 2037 3160 est
2064 3098 2218 3161 ante

665 3198 974 3289 genitum
1025 3220 1042 3266 ε
1089 3197 1249 3290 quia
1295 3196 1726 3289 Augustinus
1790 3196 1974 3276 dicit,
2036 3199 2220 3290 quod

668 3305 1000 3399 quidquid
1030 3305 1236 3375 habet
1267 3304 1504 3387 Filius,
1556 3328 1678 3397 per
1704 3307 2216 3399 generationem

663 3412 1109 3504 habet:ergo
1168 3412 1373 3481 Pater
1410 3412 1777 3499 ad„minus
1842 3400 2214 3484 secundum

664 3522 999 3590 rationem
1034 3519 1478 3613 intelligendi,
1522 3529 1623 3591 est
1665 3529 1822 3590 anto
1852 3520 2123 3592 Filium.

750 3633 814 3700 2.
851 3628 1217 3709 Praeterea,
1252 3629 1399 3700 Iloc
1468 3626 1741 3700 videtur
1793 3654 2003 3723 penes
2030 3629 2220 3702 ordi·-

668 3763 825 3810 nem
884 3762 1089 3832 quem
1171 3736 1471 3808 Ecclesia
1535 3739 1732 3829 ponit
1799 3739 2216 3809 nominando

660 3868 1012 3938 personas,
1047 3868 1204 3914 cum
1226 3844 1494 3925 dicitur,
1525 3844 1729 3913 Pater
1784 3854 1850 3914 et
1904 3842 2115 3915 Filius
2151 3854 2217 3915 et

665 3954 959 4045 Spiritus
1024 3961 1299 4021 sanctus
1362 3977 1378 4021 :
1450 3952 1519 4021 in
1568 3975 1706 4044 quo
1746 3949 1983 4023 ordine
2013 3950 2217 4024 Pater

661 4062 1058 4133 nominatur
1093 4061 1344 4153 primo.

740 4174 807 4242 3.
841 4170 1042 4250 Item,
1086 4170 1290 4239 Pater
1340 4179 1442 4239 est
1488 4170 1906 4262 principium
1938 4193 2075 4240 non
2126 4172 2210 4242 de

656 4279 991 4370 principio
1055 4301 1071 4347 :
1142 4276 1355 4346 Filius
1410 4286 1640 4346 autem
1685 4277 2093 4370 principium
2123 4278 2205 4349 de

656 4384 991 4474 principio
1034 4409 1051 4452 t
1087 4405 1249 4475 ergo
1291 4381 1495 4451 Pater
1549 4391 1651 4452 est
1686 4384 1872 4475 prior
1908 4380 2080 4452 Filio
2122 4384 2207 4453 ad

659 4491 886 4558 minus
950 4487 1322 4558 secundum
1414 4488 1746 4559 rationem
1844 4512 1861 4561 :
1954 4486 2209 4582 princi-

657 4599 845 4688 pium
904 4597 1088 4667 enim
1129 4619 1268 4666 non
1307 4595 1391 4664 de
1439 4597 1800 4688 principio,
1831 4594 2203 4668 secundum

655 4706 989 4773 rationem
1030 4703 1573 4797 intelligendiest
1612 4714 1771 4775 ante
1798 4706 2202 4799 principium

652 4814 733 4881 de
763 4813 1126 4904 principio.

742 4922 806 4988 4.
844 4922 1209 5002 Praeterea,
1284 4922 1371 4991 Ut
1427 4922 1586 4992 dicit
1626 4923 2051 5011 Augustinus
2132 4926 2202 4994 in

652 5028 826 5097 libro
866 5029 947 5097 de
982 5031 1314 5099 Trinitate
1356 5053 1371 5099 :
1405 5029 1699 5099 Ilaeresis
1736 5041 1839 5099 est
1876 5032 2204 5102 attribue-

653 5162 724 5208 re
756 5139 925 5218 Deo,
970 5138 1156 5231 quod
1210 5163 1334 5209 nec
1399 5140 1470 5207 in
1536 5140 1870 5231 spirituali
1934 5163 2058 5209 nec
2131 5142 2200 5208 in

649 5246 980 5337 corporali
1009 5255 1321 5316 creatura
1348 5256 1573 5337 potest
1611 5247 1899 5314 inveniri
1934 5270 1950 5315 :
1984 5246 2101 5315 sed
2131 5246 2200 5315 in

650 5353 835 5422 nulla
901 5363 1211 5424 creatura
1259 5356 1604 5424 invenitur
1674 5352 1806 5423 hoc
1841 5354 2026 5447 quod
2066 5379 2201 5424 una

646 5462 1023 5533 substantia
1053 5463 1375 5555 procedat
1394 5463 1479 5532 ab
1502 5463 1661 5551 alia,
1695 5473 1760 5533 et
1800 5465 1887 5533 sit
1907 5464 2127 5534 eidem
2159 5489 2199 5534 a

652 5592 786 5660 qua
827 5570 1132 5661 procedit
1167 5593 1424 5640 coaeva.

739 5679 803 5745 5.
845 5677 923 5746 Et
961 5678 1017 5745 si
1059 5676 1297 5767 objicis
1336 5677 1419 5746 de
1449 5678 1809 5769 splendore
1840 5703 1877 5749 a
1917 5703 2198 5772 corpore

2331 1681 2674 1756 luminoso
2735 1665 3165 1777 procedente,
3241 1681 3455 1750 nulla'
3511 1683 3608 1750 est
3685 1671 3876 1770 obje-

2334 1796 2467 1864 ctio
2503 1818 2519 1862 :
2552 1795 2712 1885 quia
2740 1815 2878 1861 non
2921 1800 3021 1860 est
3055 1786 3519 1858 substantialis
3572 1788 3701 1856 ista
3726 1809 3882 1878 pro-

2249 1972 2266 1985 *
2332 1901 2548 1986 cessio
2609 1922 2625 1967 ε
2674 1898 2793 1967 sed
2829 1901 3004 1967 esset
3068 1894 3291 1964 simile
3356 1896 3414 1963 si
3452 1916 3668 1962 unum
3733 1914 3880 1961 cor-

2333 2033 2462 2101 pus
2517 2005 2934 2077 luminosum
3001 2003 3399 2097 procederet
3484 2001 3570 2071 ab
3648 2001 3782 2070 alio
3854 2021 3870 2068 ε

2208 2111 2213 2116 ’
2335 2142 2497 2211 ergo
2552 2117 2843 2198 videtur,
2920 2114 3122 2209 quod.
3175 2136 3313 2183 non
3370 2105 3874 2220 attribuendum

2331 2226 2503 2296 Deo.

2425 2333 2499 2403 Si
2562 2336 2733 2404 forte
2789 2328 2995 2412 dicas,
3054 2323 3241 2424 quod
3297 2332 3368 2399 in
3443 2323 3875 2399 inferioribus

2330 2465 2534 2513 causa
2570 2450 2637 2512 et
2673 2447 3021 2511 causatum
3087 2442 3247 2508 sunt
3285 2436 3687 2507 correlativa
3737 2457 3752 2504 :
3807 2444 3874 2506 et

2330 2551 2493 2620 dicit
2531 2543 3009 2641 Philosophus,
3071 2543 3255 2638 quod
3309 2541 3711 2614 correlativa
3777 2545 3876 2614 si-

2278 2647 2283 2652 ’
2330 2658 2472 2729 mul
2528 2668 2686 2729 sunt
2764 2683 2779 2728 :
2847 2655 2980 2727 hoc
3015 2657 3265 2726 iterum
3294 2653 3470 2723 nihil
3506 2663 3608 2722 est
3651 2675 3668 2723 ε
3713 2654 3875 2746 quia

2326 2768 2485 2841 licet
2512 2794 2715 2840 causa
2761 2771 2831 2838 in
2888 2774 3217 2861 quantum
3291 2787 3497 2836 causa
3562 2765 3651 2834 sit
3715 2785 3872 2834 cum

2328 2888 2631 2963 causato,
2673 2887 2898 2947 tamen
2936 2873 3313 2946 substantia
3365 2895 3588 2943 causae
3635 2893 3876 2942 neces-

2327 2988 2508 3055 sario
2538 2995 2639 3054 est
2676 2993 2831 3052 ante
2904 2983 2970 3052 id
3011 2982 3199 3075 quod
3261 2988 3365 3050 est
3389 2986 3770 3060 causatum,
3807 2986 3876 3047 et

2325 3093 2422 3163 sic
2447 3092 2696 3162 iterum
2734 3097 2918 3183 patet
2951 3088 3136 3181 quod
3164 3094 3265 3157 est
3292 3094 3555 3157 contra.

2414 3199 2775 3283 I‘raeterea,
2819 3194 3056 3267 Simile
3086 3196 3271 3290 quod
3297 3193 3680 3275 adducitur,
3713 3193 3875 3263 nul-

2324 3308 2471 3378 lum
2501 3316 2602 3377 est
2634 3330 2649 3375 :
2685 3308 2844 3400 quia
2872 3305 3074 3375 etiam
3107 3327 3263 3374 cum
3292 3300 3615 3394 splendor
3633 3323 3876 3394 proce-

2326 3417 2423 3488 dit
2451 3416 2536 3487 ab
2576 3417 2733 3509 igne
2777 3413 2888 3485 vel
2924 3438 2964 3483 a
3001 3411 3173 3504 sole,
3240 3411 3616 3481 secundum
3673 3411 3875 3479 ratio·

2325 3546 2485 3594 nem
2550 3523 2838 3614 objectio
2898 3520 3204 3614 corporis
3285 3518 3613 3588 luminosi
3687 3517 3873 3609 prior

2327 3634 2430 3699 est
2520 3652 2726 3721 quam
2790 3625 3131 3720 splendor.
3227 3624 3589 3696 I‘aoaano.
3655 3624 3873 3695 Detur

2327 3732 2509 3807 enim
2550 3759 2798 3829 corpus
2834 3732 3254 3804 luminosum
3311 3733 3656 3826 objectum
3725 3756 3865 3804 non

2325 3869 2497 3929 esse,
2539 3868 2677 3915 non
2731 3843 2859 3913 erit
2894 3842 3215 3936 splendor
3243 3838 3313 3911 in
3358 3865 3441 3912 eo
3478 3842 3589 3913 cui
3618 3839 3867 3933 objici-

2324 3961 2435 4022 tur
2476 3975 2493 4024 :
2526 3975 2689 4045 ergo
2720 3949 3049 4044 sequitur,
3073 3950 3131 4018 si
3168 3946 3491 4042 splendor
3543 3954 3669 4033 est,
3703 3970 3864 4019 cor-

2320 4084 2448 4153 pus
2499 4061 2916 4130 luminosum
2982 4057 3326 4150 objectum
3382 4064 3485 4128 est
3528 4081 3546 4127 ε
3597 4066 3664 4127 et
3720 4078 3860 4126 non

2321 4193 2358 4240 e
2402 4194 2759 4253 converso,
2802 4170 2961 4262 quia
3012 4176 3239 4261 potest
3284 4164 3649 4260 impediri:
3695 4190 3859 4260 ergo

2320 4278 2610 4370 objectio
2639 4280 2940 4371 corporis
2994 4285 3095 4347 est
3130 4277 3319 4369 prior
3354 4285 3595 4347 natura
3646 4299 3663 4345 ε
3697 4278 3860 4370 quia

2318 4389 2505 4480 prius
2542 4395 2780 4456 natura
2817 4393 2918 4456 est
2970 4410 3010 4454 a
3064 4408 3201 4478 quo
3266 4407 3406 4453 non
3444 4386 3862 4454 convertitur

2317 4498 2798 4587 consequentia
2856 4518 2873 4563 ε
2933 4501 2998 4565 et
3035 4492 3090 4563 si
3135 4491 3357 4564 adhuc
3394 4499 3854 4576 convertatur,

2318 4630 2399 4677 co
2431 4605 2614 4697 quod
2660 4602 2830 4674 nihil
2882 4602 3229 4696 impediat,
3286 4600 3508 4672 adhuc
3565 4600 3855 4693 obJ’ectio

2315 4714 2568 4784 directa
2598 4714 2901 4804 corporis
2928 4710 3250 4780 luminosi
3269 4733 3473 4780 causa
3503 4717 3605 4780 est
3632 4709 3861 4801 splen-

2315 4822 2499 4891 doris
2541 4841 2558 4891 :
2602 4829 2662 4890 et
2701 4821 2863 4890 dicit
2915 4818 3400 4911 Philosophus,
3427 4818 3610 4910 quod
3665 4818 3853 4910 prius

2311 4939 2552 4999 natura
2590 4939 2688 4999 est
2727 4951 2927 4998 causa
2959 4948 2977 4999 ε
3028 4950 3191 5021 ergo
3232 4925 3438 4997 Pater
3472 4925 3847 4995 secundum

2312 5050 2622 5110 naturam
2654 5048 2755 5108 est
2777 5048 2936 5127 ante*
2963 5037 3236 5117 Filium,
3297 5044 3364 5106 et
3417 5036 3515 5104 sic
3550 5042 3713 5105 tunc
3755 5042 3851 5105 te·

2309 5158 2423 5218 net
2460 5148 2748 5238 objectio
2779 5145 3072 5216 haeretici
3103 5154 3436 5237 quantum
3467 5143 3553 5213 ad
3596 5142 3752 5215 hoc.

2400 5255 2534 5323 Sso
2562 5278 2811 5323 coxi-na
2853 5279 2869 5323 :

2402 5364 2463 5431 1.
2499 5361 2697 5431 Ratio
2736 5361 3126 5449 aeternitatis
3165 5367 3291 5441 est,
3341 5365 3418 5427 ut
3462 5381 3667 5451 supra
3713 5355 3851 5427 ha-

2309 5469 2527 5538 bitum
2592 5477 2715 5549 est,
2788 5465 2969 5559 quod
3023 5466 3169 5556 ipsa
3227 5475 3327 5535 est
3379 5474 3521 5536 tota
3586 5464 3844 5535 simul:

2310 5597 2472 5667 ergo
2503 5597 2651 5666 quae
2705 5582 2954 5643 aeterna
3006 5580 3167 5640 sunt
3229 5579 3298 5640 et
3331 5574 3402 5641 in
3443 5573 3842 5654 aeternitate,

2309 5692 2374 5752 et
2430 5684 2768 5752 aeternitas
2823 5684 2989 5772 ipsa,
3025 5678 3291 5749 nullum
3322 5678 3596 5750 illorum
3636 5680 3841 5750 etiam

3788 5330 3801 5344 .
3875 5296 3973 5343 Sed
3995 5303 4189 5345 contu.
