<?xml version="1.0" encoding="UTF-8"?>
<!DOCTYPE html PUBLIC "-//W3C//DTD XHTML 1.0 Transitional//EN"
    "http://www.w3.org/TR/xhtml1/DTD/xhtml1-transitional.dtd">
<html xmlns="http://www.w3.org/1999/xhtml" xml:lang="en" lang="en">
 <head>
  <title>
</title>
<meta http-equiv="Content-Type" content="text/html;charset=utf-8" />
  <meta name='ocr-system' content='tesseract 3.04.00' />
  <meta name='ocr-capabilities' content='ocr_page ocr_carea ocr_par ocr_line ocrx_word'/>
</head>
<body>
  <div class='ocr_page' id='page_1' title='image "balbertimagnira03chgoog_0459.png"; bbox 0 0 4897 6388; ppageno 0'>
   <div class='ocr_carea' id='block_1_1' title="bbox 1786 255 3485 375">
    <p class='ocr_par' dir='ltr' id='par_1_1' title="bbox 1786 255 3485 375">
     <span class='ocr_line' id='line_1_1' title="bbox 1786 255 3485 375; baseline 0.001 -51"><span class='ocrx_word' id='word_1_1' title='bbox 1786 255 1881 375; x_wconf 52' lang='lat' dir='ltr'>{N</span> <span class='ocrx_word' id='word_1_2' title='bbox 1929 257 1952 324; x_wconf 91' lang='lat' dir='ltr'>l</span> <span class='ocrx_word' id='word_1_3' title='bbox 2010 256 2433 325; x_wconf 84' lang='lat' dir='ltr'>SENTENT.</span> <span class='ocrx_word' id='word_1_4' title='bbox 2486 255 2712 323; x_wconf 81' lang='lat' dir='ltr'>DlS&#39;r.</span> <span class='ocrx_word' id='word_1_5' title='bbox 2767 256 2924 355; x_wconf 75' lang='lat' dir='ltr'>XV,</span> <span class='ocrx_word' id='word_1_6' title='bbox 2978 258 3067 355; x_wconf 75' lang='lat' dir='ltr'>K,</span> <span class='ocrx_word' id='word_1_7' title='bbox 3121 257 3322 325; x_wconf 77' lang='grc' dir='ltr'><strong>ΛΒΤ.</strong></span> <span class='ocrx_word' id='word_1_8' title='bbox 3379 259 3485 325; x_wconf 85' lang='grc'>17.</span> 
     </span>
    </p>
   </div>
   <div class='ocr_carea' id='block_1_2' title="bbox 1054 417 2622 5487">
    <p class='ocr_par' dir='ltr' id='par_1_2' title="bbox 1068 417 2621 730">
     <span class='ocr_line' id='line_1_2' title="bbox 1072 417 2618 518; baseline -0.004 -22"><span class='ocrx_word' id='word_1_9' title='bbox 1072 447 1284 518; x_wconf 82' lang='lat' dir='ltr'>quam</span> <span class='ocrx_word' id='word_1_10' title='bbox 1313 417 1953 518; x_wconf 48' lang='lat' dir='ltr'>coqnosct‘th’etc‘.</span> <span class='ocrx_word' id='word_1_11' title='bbox 2003 454 2037 490; x_wconf 83' lang='lat'>»</span> <span class='ocrx_word' id='word_1_12' title='bbox 2079 426 2178 494; x_wconf 91' lang='lat' dir='ltr'>Ex</span> <span class='ocrx_word' id='word_1_13' title='bbox 2238 427 2369 494; x_wconf 90' lang='lat' dir='ltr'>hoc</span> <span class='ocrx_word' id='word_1_14' title='bbox 2435 426 2618 493; x_wconf 91' lang='lat' dir='ltr'>euim</span> 
     </span>
     <span class='ocr_line' id='line_1_3' title="bbox 1068 534 2621 627; baseline -0.003 -25"><span class='ocrx_word' id='word_1_15' title='bbox 1068 537 1362 616; x_wconf 88' lang='lat' dir='ltr'>videtur,</span> <span class='ocrx_word' id='word_1_16' title='bbox 1401 535 1582 627; x_wconf 88' lang='lat' dir='ltr'>quod</span> <span class='ocrx_word' id='word_1_17' title='bbox 1613 535 1907 626; x_wconf 82' lang='lat' dir='ltr'>cognitio</span> <span class='ocrx_word' id='word_1_18' title='bbox 1937 542 2170 602; x_wconf 87' lang='lat' dir='ltr'>nostra</span> <span class='ocrx_word' id='word_1_19' title='bbox 2199 534 2621 601; x_wconf 88' lang='lat' dir='ltr'>substantia-</span> 
     </span>
     <span class='ocr_line' id='line_1_4' title="bbox 1071 644 1798 730; baseline 0.003 -21"><span class='ocrx_word' id='word_1_20' title='bbox 1071 644 1155 711; x_wconf 92' lang='lat' dir='ltr'>lis</span> <span class='ocrx_word' id='word_1_21' title='bbox 1195 647 1282 711; x_wconf 91' lang='lat' dir='ltr'>sit</span> <span class='ocrx_word' id='word_1_22' title='bbox 1305 645 1636 711; x_wconf 85' lang='lat' dir='ltr'>missioni.</span> <span class='ocrx_word' id='word_1_23' title='bbox 1795 729 1798 730; x_wconf 15' lang='lat'><em>⁷</em></span> 
     </span>
    </p>

    <p class='ocr_par' dir='ltr' id='par_1_3' title="bbox 1058 748 2622 1487">
     <span class='ocr_line' id='line_1_5' title="bbox 1165 748 2619 842; baseline -0.003 -23"><span class='ocrx_word' id='word_1_24' title='bbox 1165 754 1224 818; x_wconf 91' lang='lat'>1.</span> <span class='ocrx_word' id='word_1_25' title='bbox 1265 750 1401 818; x_wconf 87' lang='lat' dir='ltr'>Sed</span> <span class='ocrx_word' id='word_1_26' title='bbox 1449 758 1682 842; x_wconf 86' lang='lat' dir='ltr'>contra</span> <span class='ocrx_word' id='word_1_27' title='bbox 1738 748 1867 816; x_wconf 93' lang='lat' dir='ltr'>hoc</span> <span class='ocrx_word' id='word_1_28' title='bbox 1905 756 2028 833; x_wconf 85' lang='lat' dir='ltr'>est,</span> <span class='ocrx_word' id='word_1_29' title='bbox 2063 748 2246 838; x_wconf 90' lang='lat' dir='ltr'>quod</span> <span class='ocrx_word' id='word_1_30' title='bbox 2285 750 2619 837; x_wconf 83' lang='lat' dir='ltr'>praecipuo</span> 
     </span>
     <span class='ocr_line' id='line_1_6' title="bbox 1068 856 2622 948; baseline -0.001 -24"><span class='ocrx_word' id='word_1_31' title='bbox 1068 860 1302 926; x_wconf 92' lang='lat' dir='ltr'>missio</span> <span class='ocrx_word' id='word_1_32' title='bbox 1329 858 1401 925; x_wconf 80' lang='lat' dir='ltr'>fit</span> <span class='ocrx_word' id='word_1_33' title='bbox 1425 857 1973 948; x_wconf 81' lang='lat' dir='ltr'>simplicioribuS,</span> <span class='ocrx_word' id='word_1_34' title='bbox 1995 858 2106 947; x_wconf 92' lang='lat' dir='ltr'>qui</span> <span class='ocrx_word' id='word_1_35' title='bbox 2132 859 2349 947; x_wconf 90' lang='lat' dir='ltr'>magis</span> <span class='ocrx_word' id='word_1_36' title='bbox 2367 856 2622 934; x_wconf 86' lang='lat' dir='ltr'>hahent</span> 
     </span>
     <span class='ocr_line' id='line_1_7' title="bbox 1067 965 2612 1055; baseline -0.001 -25"><span class='ocrx_word' id='word_1_37' title='bbox 1067 966 1136 1032; x_wconf 92' lang='lat' dir='ltr'>in</span> <span class='ocrx_word' id='word_1_38' title='bbox 1171 987 1449 1032; x_wconf 86' lang='lat' dir='ltr'>munere</span> <span class='ocrx_word' id='word_1_39' title='bbox 1483 966 1795 1054; x_wconf 78' lang='lat' dir='ltr'>gratiam,</span> <span class='ocrx_word' id='word_1_40' title='bbox 1831 987 2034 1055; x_wconf 89' lang='lat' dir='ltr'>quam</span> <span class='ocrx_word' id='word_1_41' title='bbox 2072 966 2143 1030; x_wconf 93' lang='lat' dir='ltr'>in</span> <span class='ocrx_word' id='word_1_42' title='bbox 2172 965 2561 1054; x_wconf 81' lang='lat' dir='ltr'>cognitione</span> <span class='ocrx_word' id='word_1_43' title='bbox 2598 986 2612 1029; x_wconf 75' lang='grc' dir='ltr'>ε</span> 
     </span>
     <span class='ocr_line' id='line_1_8' title="bbox 1074 1071 2620 1162; baseline -0.001 -23"><span class='ocrx_word' id='word_1_44' title='bbox 1074 1072 1302 1140; x_wconf 79' lang='lat' dir='ltr'>vetula</span> <span class='ocrx_word' id='word_1_45' title='bbox 1334 1073 1517 1139; x_wconf 91' lang='lat' dir='ltr'>enim</span> <span class='ocrx_word' id='word_1_46' title='bbox 1557 1071 1973 1162; x_wconf 89' lang='lat' dir='ltr'>quandoque</span> <span class='ocrx_word' id='word_1_47' title='bbox 2022 1094 2192 1162; x_wconf 88' lang='lat' dir='ltr'>paru</span> <span class='ocrx_word' id='word_1_48' title='bbox 2220 1094 2287 1138; x_wconf 91' lang='lat' dir='ltr'>m</span> <span class='ocrx_word' id='word_1_49' title='bbox 2353 1093 2620 1162; x_wconf 90' lang='lat' dir='ltr'>cogno-</span> 
     </span>
     <span class='ocr_line' id='line_1_9' title="bbox 1082 1178 2621 1247; baseline -0.001 -1"><span class='ocrx_word' id='word_1_50' title='bbox 1082 1182 1208 1246; x_wconf 90' lang='lat' dir='ltr'>scit</span> <span class='ocrx_word' id='word_1_51' title='bbox 1254 1178 1361 1247; x_wconf 83' lang='lat' dir='ltr'>vel</span> <span class='ocrx_word' id='word_1_52' title='bbox 1428 1178 1638 1246; x_wconf 69' lang='lat' dir='ltr'>nihili</span> <span class='ocrx_word' id='word_1_53' title='bbox 1688 1187 2009 1247; x_wconf 90' lang='lat' dir='ltr'>ettamen</span> <span class='ocrx_word' id='word_1_54' title='bbox 2049 1180 2339 1247; x_wconf 78' lang='lat' dir='ltr'>mittitur</span> <span class='ocrx_word' id='word_1_55' title='bbox 2376 1180 2437 1246; x_wconf 92' lang='lat' dir='ltr'>ei</span> <span class='ocrx_word' id='word_1_56' title='bbox 2496 1180 2621 1245; x_wconf 80' lang='lat' dir='ltr'>fre-</span> 
     </span>
     <span class='ocr_line' id='line_1_10' title="bbox 1065 1285 2612 1377; baseline 0 -25"><span class='ocrx_word' id='word_1_57' title='bbox 1065 1289 1383 1376; x_wconf 89' lang='lat' dir='ltr'>quentius</span> <span class='ocrx_word' id='word_1_58' title='bbox 1441 1310 1645 1376; x_wconf 87' lang='lat' dir='ltr'>quam</span> <span class='ocrx_word' id='word_1_59' title='bbox 1680 1309 1926 1377; x_wconf 88' lang='lat' dir='ltr'>magno</span> <span class='ocrx_word' id='word_1_60' title='bbox 1958 1286 2280 1377; x_wconf 79' lang='lat' dir='ltr'>theologo</span> <span class='ocrx_word' id='word_1_61' title='bbox 2306 1285 2612 1354; x_wconf 89' lang='lat' dir='ltr'>multum</span> 
     </span>
     <span class='ocr_line' id='line_1_11' title="bbox 1058 1396 1520 1487; baseline 0.002 -25"><span class='ocrx_word' id='word_1_62' title='bbox 1058 1396 1520 1487; x_wconf 80' lang='lat' dir='ltr'>cognoscenti.</span> 
     </span>
    </p>

    <p class='ocr_par' dir='ltr' id='par_1_4' title="bbox 1065 1503 2621 2224">
     <span class='ocr_line' id='line_1_12' title="bbox 1153 1503 2612 1589; baseline -0.001 -19"><span class='ocrx_word' id='word_1_63' title='bbox 1153 1506 1217 1571; x_wconf 88' lang='lat'>2.</span> <span class='ocrx_word' id='word_1_64' title='bbox 1261 1503 1622 1583; x_wconf 86' lang='lat' dir='ltr'>Praeterea,</span> <span class='ocrx_word' id='word_1_65' title='bbox 1666 1503 2109 1589; x_wconf 84' lang='lat' dir='ltr'>Eccle.1x‚1:</span> <span class='ocrx_word' id='word_1_66' title='bbox 2143 1504 2371 1572; x_wconf 78' lang='lat' dir='ltr'>Nescit</span> <span class='ocrx_word' id='word_1_67' title='bbox 2410 1504 2612 1570; x_wconf 78' lang='lat' dir='ltr'>homo</span> 
     </span>
     <span class='ocr_line' id='line_1_13' title="bbox 1072 1611 2617 1704; baseline -0.001 -25"><span class='ocrx_word' id='word_1_68' title='bbox 1072 1624 1308 1680; x_wconf 78' lang='lat' dir='ltr'>utrum</span> <span class='ocrx_word' id='word_1_69' title='bbox 1338 1636 1567 1680; x_wconf 85' lang='lat' dir='ltr'>amore</span> <span class='ocrx_word' id='word_1_70' title='bbox 1599 1636 1689 1680; x_wconf 86' lang='grc' dir='ltr'>αη</span> <span class='ocrx_word' id='word_1_71' title='bbox 1717 1614 1875 1681; x_wconf 87' lang='lat' dir='ltr'>odio</span> <span class='ocrx_word' id='word_1_72' title='bbox 1914 1613 2166 1704; x_wconf 76' lang='lat' dir='ltr'>diqnus</span> <span class='ocrx_word' id='word_1_73' title='bbox 2188 1614 2304 1679; x_wconf 82' lang='lat' dir='ltr'>sit.</span> <span class='ocrx_word' id='word_1_74' title='bbox 2343 1611 2479 1680; x_wconf 87' lang='lat' dir='ltr'>Sed</span> <span class='ocrx_word' id='word_1_75' title='bbox 2508 1613 2617 1680; x_wconf 94' lang='lat' dir='ltr'>cui</span> 
     </span>
     <span class='ocr_line' id='line_1_14' title="bbox 1069 1721 2617 1812; baseline -0.001 -24"><span class='ocrx_word' id='word_1_76' title='bbox 1069 1723 1320 1789; x_wconf 88' lang='lat' dir='ltr'>missus</span> <span class='ocrx_word' id='word_1_77' title='bbox 1349 1729 1451 1789; x_wconf 91' lang='lat' dir='ltr'>est</span> <span class='ocrx_word' id='word_1_78' title='bbox 1490 1721 1782 1812; x_wconf 82' lang='lat' dir='ltr'>Spiritus</span> <span class='ocrx_word' id='word_1_79' title='bbox 1811 1729 2106 1803; x_wconf 86' lang='lat' dir='ltr'>sanctus,</span> <span class='ocrx_word' id='word_1_80' title='bbox 2139 1728 2206 1789; x_wconf 91' lang='lat' dir='ltr'>et</span> <span class='ocrx_word' id='word_1_81' title='bbox 2229 1723 2339 1789; x_wconf 91' lang='lat' dir='ltr'>cui</span> <span class='ocrx_word' id='word_1_82' title='bbox 2369 1721 2617 1787; x_wconf 89' lang='lat' dir='ltr'>missus</span> 
     </span>
     <span class='ocr_line' id='line_1_15' title="bbox 1073 1830 2621 1922; baseline -0.001 -25"><span class='ocrx_word' id='word_1_83' title='bbox 1073 1837 1176 1897; x_wconf 90' lang='lat' dir='ltr'>est</span> <span class='ocrx_word' id='word_1_84' title='bbox 1213 1830 1450 1911; x_wconf 84' lang='lat' dir='ltr'>Filius,</span> <span class='ocrx_word' id='word_1_85' title='bbox 1494 1831 1548 1898; x_wconf 91' lang='lat' dir='ltr'>si</span> <span class='ocrx_word' id='word_1_86' title='bbox 1589 1832 1940 1922; x_wconf 86' lang='lat' dir='ltr'>cognoscit</span> <span class='ocrx_word' id='word_1_87' title='bbox 1985 1830 2407 1909; x_wconf 87' lang='lat' dir='ltr'>missionem,</span> <span class='ocrx_word' id='word_1_88' title='bbox 2451 1851 2621 1919; x_wconf 89' lang='lat' dir='ltr'>cog-</span> 
     </span>
     <span class='ocr_line' id='line_1_16' title="bbox 1087 1938 2610 2031; baseline -0.002 -23"><span class='ocrx_word' id='word_1_89' title='bbox 1087 1941 1309 2009; x_wconf 85' lang='lat' dir='ltr'>noscit</span> <span class='ocrx_word' id='word_1_90' title='bbox 1399 1964 1472 2008; x_wconf 89' lang='lat' dir='ltr'>se</span> <span class='ocrx_word' id='word_1_91' title='bbox 1523 1962 1669 2009; x_wconf 83' lang='lat' dir='ltr'>esse</span> <span class='ocrx_word' id='word_1_92' title='bbox 1735 1938 2018 2031; x_wconf 89' lang='lat' dir='ltr'>dignum</span> <span class='ocrx_word' id='word_1_93' title='bbox 2089 1940 2232 2006; x_wconf 83' lang='lat' dir='ltr'>vita</span> <span class='ocrx_word' id='word_1_94' title='bbox 2295 1946 2548 2007; x_wconf 85' lang='lat' dir='ltr'>aeterna</span> <span class='ocrx_word' id='word_1_95' title='bbox 2595 1961 2610 2005; x_wconf 77' lang='grc' dir='ltr'><strong><em>ε</em></strong></span> 
     </span>
     <span class='ocr_line' id='line_1_17' title="bbox 1069 2045 2621 2139; baseline -0.002 -24"><span class='ocrx_word' id='word_1_96' title='bbox 1069 2069 1233 2139; x_wconf 90' lang='lat' dir='ltr'>ergo</span> <span class='ocrx_word' id='word_1_97' title='bbox 1264 2047 1614 2139; x_wconf 89' lang='lat' dir='ltr'>cognoscit</span> <span class='ocrx_word' id='word_1_98' title='bbox 1641 2069 1712 2114; x_wconf 91' lang='lat' dir='ltr'>se</span> <span class='ocrx_word' id='word_1_99' title='bbox 1743 2069 1887 2116; x_wconf 90' lang='lat' dir='ltr'>esse</span> <span class='ocrx_word' id='word_1_100' title='bbox 1917 2045 2201 2138; x_wconf 80' lang='lat' dir='ltr'>dignuin</span> <span class='ocrx_word' id='word_1_101' title='bbox 2230 2067 2464 2114; x_wconf 89' lang='lat' dir='ltr'>amore</span> <span class='ocrx_word' id='word_1_102' title='bbox 2493 2067 2508 2111; x_wconf 92' lang='lat'>:</span> <span class='ocrx_word' id='word_1_103' title='bbox 2552 2051 2621 2112; x_wconf 90' lang='lat' dir='ltr'>et</span> 
     </span>
     <span class='ocr_line' id='line_1_18' title="bbox 1065 2153 2378 2224; baseline 0 -2"><span class='ocrx_word' id='word_1_104' title='bbox 1065 2155 1160 2223; x_wconf 91' lang='lat' dir='ltr'>ita</span> <span class='ocrx_word' id='word_1_105' title='bbox 1187 2154 1580 2224; x_wconf 83' lang='lat' dir='ltr'>falsificatur</span> <span class='ocrx_word' id='word_1_106' title='bbox 1608 2154 1893 2224; x_wconf 86' lang='lat' dir='ltr'>verbum</span> <span class='ocrx_word' id='word_1_107' title='bbox 1935 2153 2378 2223; x_wconf 82' lang='lat' dir='ltr'>Ecclesiastae.</span> 
     </span>
    </p>

    <p class='ocr_par' dir='ltr' id='par_1_5' title="bbox 1067 2248 2617 3110">
     <span class='ocr_line' id='line_1_19' title="bbox 1161 2248 2614 2355; baseline -0.002 -23"><span class='ocrx_word' id='word_1_108' title='bbox 1161 2264 1225 2332; x_wconf 90' lang='lat'>3.</span> <span class='ocrx_word' id='word_1_109' title='bbox 1280 2261 1354 2331; x_wconf 92' lang='lat' dir='ltr'>Si</span> <span class='ocrx_word' id='word_1_110' title='bbox 1376 2263 1583 2347; x_wconf 79' lang='lat' dir='ltr'>dicaS,</span> <span class='ocrx_word' id='word_1_111' title='bbox 1617 2262 1800 2355; x_wconf 91' lang='lat' dir='ltr'>quod</span> <span class='ocrx_word' id='word_1_112' title='bbox 1818 2286 2023 2332; x_wconf 89' lang='lat' dir='ltr'>nemo</span> <span class='ocrx_word' id='word_1_113' title='bbox 2044 2248 2169 2331; x_wconf 87' lang='lat' dir='ltr'>scit</span> <span class='ocrx_word' id='word_1_114' title='bbox 2190 2264 2257 2329; x_wconf 92' lang='lat' dir='ltr'>in</span> <span class='ocrx_word' id='word_1_115' title='bbox 2281 2269 2614 2353; x_wconf 90' lang='lat' dir='ltr'>quantum</span> 
     </span>
     <span class='ocr_line' id='line_1_20' title="bbox 1072 2368 2617 2464; baseline 0 -27"><span class='ocrx_word' id='word_1_116' title='bbox 1072 2368 1339 2441; x_wconf 88' lang='lat' dir='ltr'>homo:</span> <span class='ocrx_word' id='word_1_117' title='bbox 1387 2371 1505 2440; x_wconf 88' lang='lat' dir='ltr'>sed</span> <span class='ocrx_word' id='word_1_118' title='bbox 1569 2370 1730 2441; x_wconf 88' lang='lat' dir='ltr'>dicit</span> <span class='ocrx_word' id='word_1_119' title='bbox 1776 2371 2227 2464; x_wconf 84' lang='lat' dir='ltr'>Augustinus,</span> <span class='ocrx_word' id='word_1_120' title='bbox 2300 2369 2485 2462; x_wconf 87' lang='lat' dir='ltr'>quod</span> <span class='ocrx_word' id='word_1_121' title='bbox 2547 2371 2617 2437; x_wconf 91' lang='lat' dir='ltr'>in</span> 
     </span>
     <span class='ocr_line' id='line_1_21' title="bbox 1067 2478 2615 2570; baseline 0 -24"><span class='ocrx_word' id='word_1_122' title='bbox 1067 2488 1400 2569; x_wconf 89' lang='lat' dir='ltr'>quantum</span> <span class='ocrx_word' id='word_1_123' title='bbox 1433 2478 1690 2570; x_wconf 89' lang='lat' dir='ltr'>aliquid</span> <span class='ocrx_word' id='word_1_124' title='bbox 1728 2478 1810 2549; x_wconf 89' lang='lat' dir='ltr'>de</span> <span class='ocrx_word' id='word_1_125' title='bbox 1851 2478 2174 2548; x_wconf 82' lang='lat' dir='ltr'>missione</span> <span class='ocrx_word' id='word_1_126' title='bbox 2204 2479 2331 2547; x_wconf 86' lang='lat' dir='ltr'>ista</span> <span class='ocrx_word' id='word_1_127' title='bbox 2385 2486 2615 2547; x_wconf 90' lang='lat' dir='ltr'>mente</span> 
     </span>
     <span class='ocr_line' id='line_1_22' title="bbox 1067 2585 2615 2679; baseline -0.001 -24"><span class='ocrx_word' id='word_1_128' title='bbox 1067 2589 1503 2679; x_wconf 85' lang='lat' dir='ltr'>percipimus,</span> <span class='ocrx_word' id='word_1_129' title='bbox 1541 2589 1608 2655; x_wconf 93' lang='lat' dir='ltr'>in</span> <span class='ocrx_word' id='word_1_130' title='bbox 1637 2596 1903 2657; x_wconf 88' lang='lat' dir='ltr'>tantum</span> <span class='ocrx_word' id='word_1_131' title='bbox 1925 2611 2063 2657; x_wconf 91' lang='lat' dir='ltr'>non</span> <span class='ocrx_word' id='word_1_132' title='bbox 2094 2589 2163 2655; x_wconf 90' lang='lat' dir='ltr'>in</span> <span class='ocrx_word' id='word_1_133' title='bbox 2193 2585 2327 2656; x_wconf 89' lang='lat' dir='ltr'>boc</span> <span class='ocrx_word' id='word_1_134' title='bbox 2354 2586 2615 2655; x_wconf 86' lang='lat' dir='ltr'>mundo</span> 
     </span>
     <span class='ocr_line' id='line_1_23' title="bbox 1068 2694 2617 2788; baseline -0.001 -24"><span class='ocrx_word' id='word_1_135' title='bbox 1068 2719 1352 2766; x_wconf 84' lang='lat' dir='ltr'>sumus:</span> <span class='ocrx_word' id='word_1_136' title='bbox 1387 2704 1454 2765; x_wconf 93' lang='lat' dir='ltr'>et</span> <span class='ocrx_word' id='word_1_137' title='bbox 1509 2697 1600 2764; x_wconf 79' lang='lat' dir='ltr'>ita</span> <span class='ocrx_word' id='word_1_138' title='bbox 1638 2697 1707 2765; x_wconf 90' lang='lat' dir='ltr'>in</span> <span class='ocrx_word' id='word_1_139' title='bbox 1737 2696 1866 2766; x_wconf 88' lang='lat' dir='ltr'>hac</span> <span class='ocrx_word' id='word_1_140' title='bbox 1917 2697 2057 2765; x_wconf 86' lang='lat' dir='ltr'>vita</span> <span class='ocrx_word' id='word_1_141' title='bbox 2086 2703 2309 2788; x_wconf 90' lang='lat' dir='ltr'>potest</span> <span class='ocrx_word' id='word_1_142' title='bbox 2356 2694 2617 2788; x_wconf 80' lang='lat' dir='ltr'>aliquid</span> 
     </span>
     <span class='ocr_line' id='line_1_24' title="bbox 1071 2803 2614 2896; baseline -0.001 -24"><span class='ocrx_word' id='word_1_143' title='bbox 1071 2804 1254 2890; x_wconf 87' lang='lat' dir='ltr'>sciri,</span> <span class='ocrx_word' id='word_1_144' title='bbox 1314 2803 1489 2875; x_wconf 88' lang='lat' dir='ltr'>sicut</span> <span class='ocrx_word' id='word_1_145' title='bbox 1525 2805 1722 2873; x_wconf 80' lang='lat' dir='ltr'>scivit</span> <span class='ocrx_word' id='word_1_146' title='bbox 1758 2804 2128 2896; x_wconf 80' lang='lat' dir='ltr'>Apostolus</span> <span class='ocrx_word' id='word_1_147' title='bbox 2166 2804 2249 2874; x_wconf 90' lang='lat' dir='ltr'>de</span> <span class='ocrx_word' id='word_1_148' title='bbox 2297 2827 2396 2886; x_wconf 85' lang='lat' dir='ltr'>se,</span> <span class='ocrx_word' id='word_1_149' title='bbox 2457 2826 2614 2873; x_wconf 88' lang='lat' dir='ltr'>cum</span> 
     </span>
     <span class='ocr_line' id='line_1_25' title="bbox 1069 2910 2612 3004; baseline -0.001 -25"><span class='ocrx_word' id='word_1_150' title='bbox 1069 2910 1282 2981; x_wconf 72' lang='lat' dir='ltr'>dixite</span> <span class='ocrx_word' id='word_1_151' title='bbox 1336 2914 1447 2981; x_wconf 78' lang='lat' dir='ltr'>An</span> <span class='ocrx_word' id='word_1_152' title='bbox 1510 2913 2011 3004; x_wconf 70' lang='lat' dir='ltr'>eoeprimentmn</span> <span class='ocrx_word' id='word_1_153' title='bbox 2068 2912 2376 3003; x_wconf 61' lang='lat' dir='ltr'>qua-ritis</span> <span class='ocrx_word' id='word_1_154' title='bbox 2429 2910 2612 3000; x_wconf 80' lang='lat' dir='ltr'>ejus,</span> 
     </span>
     <span class='ocr_line' id='line_1_26' title="bbox 1070 3019 2192 3110; baseline 0 -23"><span class='ocrx_word' id='word_1_155' title='bbox 1070 3020 1195 3110; x_wconf 77' lang='lat' dir='ltr'>qui</span> <span class='ocrx_word' id='word_1_156' title='bbox 1225 3021 1295 3088; x_wconf 78' lang='lat' dir='ltr'>in</span> <span class='ocrx_word' id='word_1_157' title='bbox 1326 3043 1434 3087; x_wconf 84' lang='lat' dir='ltr'>me</span> <span class='ocrx_word' id='word_1_158' title='bbox 1463 3019 1771 3110; x_wconf 78' lang='lat' dir='ltr'>loquitur</span> <span class='ocrx_word' id='word_1_159' title='bbox 1809 3019 2118 3090; x_wconf 73' lang='lat' dir='ltr'>Christus</span> <span class='ocrx_word' id='word_1_160' title='bbox 2148 3040 2192 3087; x_wconf 82' lang='lat'>¹.</span> 
     </span>
    </p>

    <p class='ocr_par' dir='ltr' id='par_1_6' title="bbox 1064 3125 2617 4491">
     <span class='ocr_line' id='line_1_27' title="bbox 1161 3125 2609 3212; baseline 0 -18"><span class='ocrx_word' id='word_1_161' title='bbox 1161 3127 1228 3196; x_wconf 74' lang='lat'>4.</span> <span class='ocrx_word' id='word_1_162' title='bbox 1272 3125 1381 3210; x_wconf 80' lang='lat' dir='ltr'>Et,</span> <span class='ocrx_word' id='word_1_163' title='bbox 1409 3126 1493 3194; x_wconf 86' lang='lat' dir='ltr'>ad</span> <span class='ocrx_word' id='word_1_164' title='bbox 1514 3126 1805 3198; x_wconf 81' lang='lat' dir='ltr'>Roman.</span> <span class='ocrx_word' id='word_1_165' title='bbox 1837 3150 1983 3212; x_wconf 77' lang='lat' dir='ltr'>vm,</span> <span class='ocrx_word' id='word_1_166' title='bbox 2017 3127 2139 3197; x_wconf 85' lang='lat'>38:</span> <span class='ocrx_word' id='word_1_167' title='bbox 2168 3128 2407 3198; x_wconf 76' lang='lat' dir='ltr'>Certus</span> <span class='ocrx_word' id='word_1_168' title='bbox 2426 3149 2609 3206; x_wconf 80' lang='lat' dir='ltr'>sum,</span> 
     </span>
     <span class='ocr_line' id='line_1_28' title="bbox 1065 3235 2617 3327; baseline 0 -25"><span class='ocrx_word' id='word_1_169' title='bbox 1065 3235 1235 3326; x_wconf 83' lang='lat' dir='ltr'>qm‘a</span> <span class='ocrx_word' id='word_1_170' title='bbox 1271 3258 1486 3326; x_wconf 82' lang='lat' dir='ltr'>neque</span> <span class='ocrx_word' id='word_1_171' title='bbox 1521 3257 1727 3315; x_wconf 71' lang='lat' dir='ltr'>mon,</span> <span class='ocrx_word' id='word_1_172' title='bbox 1793 3258 2007 3327; x_wconf 80' lang='lat' dir='ltr'>neque</span> <span class='ocrx_word' id='word_1_173' title='bbox 2069 3235 2326 3319; x_wconf 57' lang='lat' dir='ltr'>vitm...</span> <span class='ocrx_word' id='word_1_174' title='bbox 2401 3257 2617 3327; x_wconf 78' lang='lat' dir='ltr'>neque</span> 
     </span>
     <span class='ocr_line' id='line_1_29' title="bbox 1067 3341 2617 3434; baseline -0.001 -23"><span class='ocrx_word' id='word_1_175' title='bbox 1067 3352 1385 3411; x_wconf 80' lang='lat' dir='ltr'>creatura</span> <span class='ocrx_word' id='word_1_176' title='bbox 1413 3341 1561 3410; x_wconf 72' lang='lat' dir='ltr'>alia</span> <span class='ocrx_word' id='word_1_177' title='bbox 1583 3343 1837 3434; x_wconf 76' lang='lat' dir='ltr'>poterit</span> <span class='ocrx_word' id='word_1_178' title='bbox 1871 3365 1995 3410; x_wconf 80' lang='lat' dir='ltr'>nos</span> <span class='ocrx_word' id='word_1_179' title='bbox 2018 3364 2341 3434; x_wconf 80' lang='lat' dir='ltr'>separare</span> <span class='ocrx_word' id='word_1_180' title='bbox 2368 3365 2411 3409; x_wconf 81' lang='lat' dir='ltr'>a</span> <span class='ocrx_word' id='word_1_181' title='bbox 2447 3341 2617 3409; x_wconf 82' lang='lat' dir='ltr'>clm-</span> 
     </span>
     <span class='ocr_line' id='line_1_30' title="bbox 1069 3450 2613 3542; baseline 0.001 -24"><span class='ocrx_word' id='word_1_182' title='bbox 1069 3452 1276 3520; x_wconf 75' lang='lat' dir='ltr'>ritate</span> <span class='ocrx_word' id='word_1_183' title='bbox 1312 3451 1467 3528; x_wconf 76' lang='lat' dir='ltr'>Dei,</span> <span class='ocrx_word' id='word_1_184' title='bbox 1506 3474 1659 3542; x_wconf 69' lang='lat' dir='ltr'>qua·</span> <span class='ocrx_word' id='word_1_185' title='bbox 1685 3461 1784 3520; x_wconf 80' lang='lat' dir='ltr'>est</span> <span class='ocrx_word' id='word_1_186' title='bbox 1822 3450 1893 3519; x_wconf 74' lang='lat' dir='ltr'>in</span> <span class='ocrx_word' id='word_1_187' title='bbox 1926 3450 2195 3521; x_wconf 74' lang='lat' dir='ltr'>Christo</span> <span class='ocrx_word' id='word_1_188' title='bbox 2239 3452 2403 3519; x_wconf 77' lang='lat' dir='ltr'>lesu</span> <span class='ocrx_word' id='word_1_189' title='bbox 2465 3452 2613 3519; x_wconf 87' lang='lat' dir='ltr'>Do·</span> 
     </span>
     <span class='ocr_line' id='line_1_31' title="bbox 1068 3558 2612 3651; baseline -0.002 -21"><span class='ocrx_word' id='word_1_190' title='bbox 1068 3562 1257 3630; x_wconf 74' lang='lat' dir='ltr'>mino</span> <span class='ocrx_word' id='word_1_191' title='bbox 1286 3572 1541 3630; x_wconf 78' lang='lat' dir='ltr'>nostro.</span> <span class='ocrx_word' id='word_1_192' title='bbox 1591 3559 1694 3640; x_wconf 91' lang='lat' dir='ltr'>Si,</span> <span class='ocrx_word' id='word_1_193' title='bbox 1726 3560 2033 3651; x_wconf 89' lang='lat' dir='ltr'>inquam,</span> <span class='ocrx_word' id='word_1_194' title='bbox 2056 3560 2151 3628; x_wconf 89' lang='lat' dir='ltr'>sic</span> <span class='ocrx_word' id='word_1_195' title='bbox 2189 3559 2396 3629; x_wconf 86' lang='lat' dir='ltr'>dicas.</span> <span class='ocrx_word' id='word_1_196' title='bbox 2432 3558 2612 3628; x_wconf 75' lang='lat' dir='ltr'>Cox-</span> 
     </span>
     <span class='ocr_line' id='line_1_32' title="bbox 1067 3665 2615 3761; baseline -0.002 -25"><span class='ocrx_word' id='word_1_197' title='bbox 1067 3691 1199 3737; x_wconf 75' lang='grc' dir='ltr'>τιυι</span> <span class='ocrx_word' id='word_1_198' title='bbox 1225 3689 1243 3737; x_wconf 87' lang='lat'>:</span> <span class='ocrx_word' id='word_1_199' title='bbox 1272 3667 1435 3748; x_wconf 82' lang='lat' dir='ltr'>Job,</span> <span class='ocrx_word' id='word_1_200' title='bbox 1480 3690 1575 3749; x_wconf 88' lang='grc' dir='ltr'>ιιι,</span> <span class='ocrx_word' id='word_1_201' title='bbox 1611 3669 1723 3751; x_wconf 80' lang='grc'>23,</span> <span class='ocrx_word' id='word_1_202' title='bbox 1753 3690 1959 3761; x_wconf 85' lang='lat' dir='ltr'>super</span> <span class='ocrx_word' id='word_1_203' title='bbox 1986 3665 2180 3747; x_wconf 88' lang='lat' dir='ltr'>illud,</span> <span class='ocrx_word' id='word_1_204' title='bbox 2225 3667 2379 3734; x_wconf 79' lang='lat' dir='ltr'>Viro</span> <span class='ocrx_word' id='word_1_205' title='bbox 2407 3666 2615 3756; x_wconf 81' lang='lat' dir='ltr'>cujus</span> 
     </span>
     <span class='ocr_line' id='line_1_33' title="bbox 1066 3770 2613 3852; baseline -0.003 -9"><span class='ocrx_word' id='word_1_206' title='bbox 1066 3773 1466 3843; x_wconf 75' lang='lat' dir='ltr'>abscondita</span> <span class='ocrx_word' id='word_1_207' title='bbox 1495 3783 1593 3841; x_wconf 80' lang='lat' dir='ltr'>es!</span> <span class='ocrx_word' id='word_1_208' title='bbox 1646 3775 1784 3852; x_wconf 77' lang='lat' dir='ltr'>via,</span> <span class='ocrx_word' id='word_1_209' title='bbox 1833 3780 1898 3839; x_wconf 79' lang='lat' dir='ltr'>et</span> <span class='ocrx_word' id='word_1_210' title='bbox 1951 3770 2401 3840; x_wconf 74' lang='lat' dir='ltr'>circumdedi!</span> <span class='ocrx_word' id='word_1_211' title='bbox 2456 3795 2613 3841; x_wconf 78' lang='lat' dir='ltr'>eum</span> 
     </span>
     <span class='ocr_line' id='line_1_34' title="bbox 1068 3878 2612 3972; baseline -0.002 -20"><span class='ocrx_word' id='word_1_212' title='bbox 1068 3886 1253 3952; x_wconf 75' lang='lat' dir='ltr'>Deus</span> <span class='ocrx_word' id='word_1_213' title='bbox 1281 3881 1567 3950; x_wconf 73' lang='lat' dir='ltr'>tenebris</span> <span class='ocrx_word' id='word_1_214' title='bbox 1599 3903 1624 3949; x_wconf 91' lang='lat'>.·</span> <span class='ocrx_word' id='word_1_215' title='bbox 1656 3880 1747 3950; x_wconf 88' lang='lat' dir='ltr'>ibi</span> <span class='ocrx_word' id='word_1_216' title='bbox 1778 3878 1937 3950; x_wconf 89' lang='lat' dir='ltr'>dicit</span> <span class='ocrx_word' id='word_1_217' title='bbox 1986 3881 2381 3970; x_wconf 74' lang='lat' dir='ltr'>Gregorius,</span> <span class='ocrx_word' id='word_1_218' title='bbox 2424 3882 2612 3972; x_wconf 87' lang='lat' dir='ltr'>quod</span> 
     </span>
     <span class='ocr_line' id='line_1_35' title="bbox 1067 3992 2609 4085; baseline 0.002 -29"><span class='ocrx_word' id='word_1_219' title='bbox 1067 3993 1410 4085; x_wconf 69' lang='lat' dir='ltr'>praecipua</span> <span class='ocrx_word' id='word_1_220' title='bbox 1465 4012 1668 4059; x_wconf 80' lang='lat' dir='ltr'>causa</span> <span class='ocrx_word' id='word_1_221' title='bbox 1724 3992 1922 4060; x_wconf 86' lang='lat' dir='ltr'>fletus</span> <span class='ocrx_word' id='word_1_222' title='bbox 1970 3998 2074 4059; x_wconf 86' lang='lat' dir='ltr'>est</span> <span class='ocrx_word' id='word_1_223' title='bbox 2136 3992 2284 4060; x_wconf 76' lang='lat' dir='ltr'>viro</span> <span class='ocrx_word' id='word_1_224' title='bbox 2346 4000 2609 4072; x_wconf 83' lang='lat' dir='ltr'>sancto,</span> 
     </span>
     <span class='ocr_line' id='line_1_36' title="bbox 1067 4096 2613 4191; baseline -0.001 -26"><span class='ocrx_word' id='word_1_225' title='bbox 1067 4097 1252 4191; x_wconf 88' lang='lat' dir='ltr'>quod</span> <span class='ocrx_word' id='word_1_226' title='bbox 1283 4098 1494 4167; x_wconf 85' lang='lat' dir='ltr'>nescit</span> <span class='ocrx_word' id='word_1_227' title='bbox 1523 4107 1749 4164; x_wconf 88' lang='lat' dir='ltr'>utrum</span> <span class='ocrx_word' id='word_1_228' title='bbox 1779 4096 1935 4164; x_wconf 87' lang='lat' dir='ltr'>odio</span> <span class='ocrx_word' id='word_1_229' title='bbox 1962 4096 2069 4165; x_wconf 77' lang='lat' dir='ltr'>vel</span> <span class='ocrx_word' id='word_1_230' title='bbox 2099 4119 2332 4164; x_wconf 73' lang='lat' dir='ltr'>autore</span> <span class='ocrx_word' id='word_1_231' title='bbox 2361 4096 2613 4186; x_wconf 86' lang='lat' dir='ltr'>dignus</span> 
     </span>
     <span class='ocr_line' id='line_1_37' title="bbox 1065 4201 2610 4297; baseline -0.001 -26"><span class='ocrx_word' id='word_1_232' title='bbox 1065 4208 1153 4274; x_wconf 82' lang='lat' dir='ltr'>sit</span> <span class='ocrx_word' id='word_1_233' title='bbox 1188 4228 1204 4274; x_wconf 74' lang='grc' dir='ltr'>ε</span> <span class='ocrx_word' id='word_1_234' title='bbox 1240 4205 1401 4297; x_wconf 84' lang='lat' dir='ltr'>quia</span> <span class='ocrx_word' id='word_1_235' title='bbox 1464 4213 1564 4272; x_wconf 83' lang='lat' dir='ltr'>est</span> <span class='ocrx_word' id='word_1_236' title='bbox 1619 4204 1730 4271; x_wconf 77' lang='lat' dir='ltr'>via</span> <span class='ocrx_word' id='word_1_237' title='bbox 1791 4226 1944 4295; x_wconf 66' lang='lat' dir='ltr'>quae</span> <span class='ocrx_word' id='word_1_238' title='bbox 2012 4203 2281 4271; x_wconf 80' lang='lat' dir='ltr'>videtur</span> <span class='ocrx_word' id='word_1_239' title='bbox 2347 4201 2610 4271; x_wconf 86' lang='lat' dir='ltr'>homini</span> 
     </span>
     <span class='ocr_line' id='line_1_38' title="bbox 1069 4310 2614 4402; baseline -0.001 -20"><span class='ocrx_word' id='word_1_240' title='bbox 1069 4321 1274 4394; x_wconf 90' lang='lat' dir='ltr'>recta,</span> <span class='ocrx_word' id='word_1_241' title='bbox 1316 4323 1381 4382; x_wconf 88' lang='lat' dir='ltr'>et</span> <span class='ocrx_word' id='word_1_242' title='bbox 1422 4313 1790 4381; x_wconf 80' lang='lat' dir='ltr'>novissima</span> <span class='ocrx_word' id='word_1_243' title='bbox 1819 4312 1966 4402; x_wconf 84' lang='lat' dir='ltr'>ejus</span> <span class='ocrx_word' id='word_1_244' title='bbox 1994 4310 2250 4380; x_wconf 88' lang='lat' dir='ltr'>ducunt</span> <span class='ocrx_word' id='word_1_245' title='bbox 2295 4311 2380 4379; x_wconf 88' lang='lat' dir='ltr'>ad</span> <span class='ocrx_word' id='word_1_246' title='bbox 2420 4336 2614 4380; x_wconf 88' lang='lat' dir='ltr'>mor-</span> 
     </span>
     <span class='ocr_line' id='line_1_39' title="bbox 1064 4433 1232 4491; baseline -0.012 0"><span class='ocrx_word' id='word_1_247' title='bbox 1064 4433 1232 4491; x_wconf 84' lang='lat' dir='ltr'>tem.</span> 
     </span>
    </p>

    <p class='ocr_par' dir='ltr' id='par_1_7' title="bbox 1054 4527 2616 5487">
     <span class='ocr_line' id='line_1_40' title="bbox 1069 4527 2614 4622; baseline -0.001 -22"><span class='ocrx_word' id='word_1_248' title='bbox 1069 4585 1076 4589; x_wconf 79' lang='grc'><strong>.</strong></span> <span class='ocrx_word' id='word_1_249' title='bbox 1156 4534 1223 4602; x_wconf 82' lang='grc'>5.</span> <span class='ocrx_word' id='word_1_250' title='bbox 1276 4531 1476 4607; x_wconf 87' lang='lat' dir='ltr'>Item,</span> <span class='ocrx_word' id='word_1_251' title='bbox 1540 4530 1668 4599; x_wconf 81' lang='lat' dir='ltr'>l‘er</span> <span class='ocrx_word' id='word_1_252' title='bbox 1714 4529 1879 4622; x_wconf 86' lang='lat' dir='ltr'>quid</span> <span class='ocrx_word' id='word_1_253' title='bbox 1928 4529 2093 4599; x_wconf 87' lang='lat' dir='ltr'>sciet</span> <span class='ocrx_word' id='word_1_254' title='bbox 2147 4527 2359 4599; x_wconf 89' lang='lat' dir='ltr'>homo</span> <span class='ocrx_word' id='word_1_255' title='bbox 2425 4530 2614 4622; x_wconf 90' lang='lat' dir='ltr'>quod</span> 
     </span>
     <span class='ocr_line' id='line_1_41' title="bbox 1070 4634 2612 4728; baseline -0.001 -22"><span class='ocrx_word' id='word_1_256' title='bbox 1070 4638 1319 4706; x_wconf 87' lang='lat' dir='ltr'>missus</span> <span class='ocrx_word' id='word_1_257' title='bbox 1350 4645 1450 4706; x_wconf 83' lang='lat' dir='ltr'>est</span> <span class='ocrx_word' id='word_1_258' title='bbox 1481 4637 1607 4704; x_wconf 90' lang='lat' dir='ltr'>sibi</span> <span class='ocrx_word' id='word_1_259' title='bbox 1633 4634 1926 4726; x_wconf 80' lang='lat' dir='ltr'>Spiritus</span> <span class='ocrx_word' id='word_1_260' title='bbox 1948 4638 2278 4704; x_wconf 81' lang='lat' dir='ltr'>sanctus?</span> <span class='ocrx_word' id='word_1_261' title='bbox 2314 4635 2612 4728; x_wconf 82' lang='lat' dir='ltr'>Spiritus</span> 
     </span>
     <span class='ocr_line' id='line_1_42' title="bbox 1065 4742 2614 4816; baseline -0.004 -1"><span class='ocrx_word' id='word_1_262' title='bbox 1065 4745 1254 4816; x_wconf 89' lang='lat' dir='ltr'>enim</span> <span class='ocrx_word' id='word_1_263' title='bbox 1292 4754 1482 4813; x_wconf 88' lang='lat' dir='ltr'>actus</span> <span class='ocrx_word' id='word_1_264' title='bbox 1531 4742 1855 4810; x_wconf 88' lang='lat' dir='ltr'>simillimi</span> <span class='ocrx_word' id='word_1_265' title='bbox 1930 4750 2089 4811; x_wconf 88' lang='lat' dir='ltr'>sunt</span> <span class='ocrx_word' id='word_1_266' title='bbox 2137 4766 2292 4811; x_wconf 87' lang='lat' dir='ltr'>cum</span> <span class='ocrx_word' id='word_1_267' title='bbox 2352 4744 2614 4811; x_wconf 79' lang='lat' dir='ltr'>actibus</span> 
     </span>
     <span class='ocr_line' id='line_1_43' title="bbox 1067 4850 2612 4944; baseline -0.003 -20"><span class='ocrx_word' id='word_1_268' title='bbox 1067 4864 1326 4924; x_wconf 80' lang='lat' dir='ltr'>naturae</span> <span class='ocrx_word' id='word_1_269' title='bbox 1355 4851 1466 4923; x_wconf 76' lang='lat' dir='ltr'>vel</span> <span class='ocrx_word' id='word_1_270' title='bbox 1502 4852 1724 4922; x_wconf 87' lang='lat' dir='ltr'>cordis</span> <span class='ocrx_word' id='word_1_271' title='bbox 1755 4875 1771 4921; x_wconf 73' lang='grc' dir='ltr'><strong><em>ε</em></strong></span> <span class='ocrx_word' id='word_1_272' title='bbox 1803 4852 1978 4920; x_wconf 89' lang='lat' dir='ltr'>sicut</span> <span class='ocrx_word' id='word_1_273' title='bbox 2006 4851 2076 4919; x_wconf 91' lang='lat' dir='ltr'>in</span> <span class='ocrx_word' id='word_1_274' title='bbox 2112 4850 2246 4920; x_wconf 89' lang='lat' dir='ltr'>hoc</span> <span class='ocrx_word' id='word_1_275' title='bbox 2275 4852 2426 4944; x_wconf 90' lang='lat' dir='ltr'>ipso</span> <span class='ocrx_word' id='word_1_276' title='bbox 2456 4861 2612 4920; x_wconf 88' lang='lat' dir='ltr'>actu</span> 
     </span>
     <span class='ocr_line' id='line_1_44' title="bbox 1068 4957 2613 5054; baseline -0.001 -23"><span class='ocrx_word' id='word_1_277' title='bbox 1068 4963 1182 5054; x_wconf 90' lang='lat' dir='ltr'>qui</span> <span class='ocrx_word' id='word_1_278' title='bbox 1217 4970 1319 5031; x_wconf 91' lang='lat' dir='ltr'>est</span> <span class='ocrx_word' id='word_1_279' title='bbox 1364 4960 1669 5053; x_wconf 88' lang='lat' dir='ltr'>diligere,</span> <span class='ocrx_word' id='word_1_280' title='bbox 1729 4957 1942 5028; x_wconf 65' lang='lat' dir='ltr'>videri</span> <span class='ocrx_word' id='word_1_281' title='bbox 1984 4959 2258 5050; x_wconf 65' lang='lat' dir='ltr'>{potestt</span> <span class='ocrx_word' id='word_1_282' title='bbox 2328 4982 2613 5051; x_wconf 89' lang='lat' dir='ltr'>possum</span> 
     </span>
     <span class='ocr_line' id='line_1_45' title="bbox 1069 5064 2616 5159; baseline -0.001 -22"><span class='ocrx_word' id='word_1_283' title='bbox 1069 5069 1254 5137; x_wconf 90' lang='lat' dir='ltr'>enim</span> <span class='ocrx_word' id='word_1_284' title='bbox 1294 5070 1488 5147; x_wconf 88' lang='lat' dir='ltr'>scire,</span> <span class='ocrx_word' id='word_1_285' title='bbox 1522 5066 1710 5159; x_wconf 87' lang='lat' dir='ltr'>quod</span> <span class='ocrx_word' id='word_1_286' title='bbox 1763 5065 1975 5157; x_wconf 84' lang='lat' dir='ltr'>diligo</span> <span class='ocrx_word' id='word_1_287' title='bbox 2039 5064 2261 5134; x_wconf 84' lang='lat' dir='ltr'>Deum</span> <span class='ocrx_word' id='word_1_288' title='bbox 2338 5075 2616 5158; x_wconf 90' lang='lat' dir='ltr'>propter</span> 
     </span>
     <span class='ocr_line' id='line_1_46' title="bbox 1066 5172 2616 5267; baseline -0.002 -21"><span class='ocrx_word' id='word_1_289' title='bbox 1066 5200 1165 5256; x_wconf 88' lang='lat' dir='ltr'>se,</span> <span class='ocrx_word' id='word_1_290' title='bbox 1209 5185 1276 5246; x_wconf 90' lang='lat' dir='ltr'>et</span> <span class='ocrx_word' id='word_1_291' title='bbox 1325 5199 1529 5267; x_wconf 88' lang='lat' dir='ltr'>super</span> <span class='ocrx_word' id='word_1_292' title='bbox 1583 5174 1852 5243; x_wconf 87' lang='lat' dir='ltr'>omnia:</span> <span class='ocrx_word' id='word_1_293' title='bbox 1905 5172 2024 5243; x_wconf 88' lang='lat' dir='ltr'>sed</span> <span class='ocrx_word' id='word_1_294' title='bbox 2079 5181 2309 5241; x_wconf 88' lang='lat' dir='ltr'>utrum</span> <span class='ocrx_word' id='word_1_295' title='bbox 2359 5172 2489 5243; x_wconf 89' lang='lat' dir='ltr'>boc</span> <span class='ocrx_word' id='word_1_296' title='bbox 2530 5197 2616 5243; x_wconf 78' lang='lat' dir='ltr'>ex</span> 
     </span>
     <span class='ocr_line' id='line_1_47' title="bbox 1054 5282 2609 5375; baseline -0.001 -22"><span class='ocrx_word' id='word_1_297' title='bbox 1054 5283 1387 5353; x_wconf 79' lang='lat' dir='ltr'>charitate</span> <span class='ocrx_word' id='word_1_298' title='bbox 1454 5282 1790 5375; x_wconf 88' lang='lat' dir='ltr'>procedat,</span> <span class='ocrx_word' id='word_1_299' title='bbox 1872 5305 2008 5351; x_wconf 91' lang='lat' dir='ltr'>non</span> <span class='ocrx_word' id='word_1_300' title='bbox 2076 5305 2356 5373; x_wconf 87' lang='lat' dir='ltr'>possum</span> <span class='ocrx_word' id='word_1_301' title='bbox 2414 5284 2609 5362; x_wconf 88' lang='lat' dir='ltr'>seire,</span> 
     </span>
     <span class='ocr_line' id='line_1_48' title="bbox 1064 5393 2613 5487; baseline -0.003 -23"><span class='ocrx_word' id='word_1_302' title='bbox 1064 5419 1221 5464; x_wconf 90' lang='lat' dir='ltr'>cum</span> <span class='ocrx_word' id='word_1_303' title='bbox 1258 5394 1714 5487; x_wconf 81' lang='lat' dir='ltr'>Philosophus</span> <span class='ocrx_word' id='word_1_304' title='bbox 1744 5393 2147 5464; x_wconf 87' lang='lat' dir='ltr'>determinet</span> <span class='ocrx_word' id='word_1_305' title='bbox 2178 5416 2338 5463; x_wconf 75' lang='lat' dir='ltr'>vere</span> <span class='ocrx_word' id='word_1_306' title='bbox 2369 5394 2613 5463; x_wconf 74' lang='lat' dir='ltr'>fortem</span> 
     </span>
    </p>
   </div>
   <div class='ocr_carea' id='block_1_3' title="bbox 1135 5602 1869 5803">
    <p class='ocr_par' dir='ltr' id='par_1_8' title="bbox 1135 5602 1869 5803">
     <span class='ocr_line' id='line_1_49' title="bbox 1135 5602 1869 5694; baseline -0.005 -10"><span class='ocrx_word' id='word_1_307' title='bbox 1135 5628 1154 5664; x_wconf 80' lang='lat'><strong>¹</strong></span> <span class='ocrx_word' id='word_1_308' title='bbox 1185 5629 1237 5685; x_wconf 91' lang='lat'>11</span> <span class='ocrx_word' id='word_1_309' title='bbox 1267 5626 1343 5684; x_wconf 83' lang='lat' dir='ltr'>ad</span> <span class='ocrx_word' id='word_1_310' title='bbox 1372 5602 1634 5685; x_wconf 79' lang='lat' dir='ltr'>Corinth.</span> <span class='ocrx_word' id='word_1_311' title='bbox 1663 5642 1786 5694; x_wconf 80' lang='lat' dir='ltr'>xm,</span> <span class='ocrx_word' id='word_1_312' title='bbox 1816 5628 1869 5681; x_wconf 83' lang='lat'>3.</span> 
     </span>
     <span class='ocr_line' id='line_1_50' title="bbox 1388 5759 1499 5803; baseline -0.054 1"><span class='ocrx_word' id='word_1_313' title='bbox 1388 5759 1499 5803; x_wconf 79' lang='lat' dir='ltr'>xxv</span> 
     </span>
    </p>
   </div>
   <div class='ocr_carea' id='block_1_4' title="bbox 4154 256 4283 352">
    <p class='ocr_par' dir='ltr' id='par_1_9' title="bbox 4154 256 4283 352">
     <span class='ocr_line' id='line_1_51' title="bbox 4154 256 4283 352; baseline 0.016 -30"><span class='ocrx_word' id='word_1_314' title='bbox 4154 256 4283 352; x_wconf 62' lang='lat'>433</span> 
     </span>
    </p>
   </div>
   <div class='ocr_carea' id='block_1_5' title="bbox 2728 418 4289 1573">
    <p class='ocr_par' dir='ltr' id='par_1_10' title="bbox 2734 418 4288 731">
     <span class='ocr_line' id='line_1_52' title="bbox 2734 418 4285 517; baseline 0.002 -27"><span class='ocrx_word' id='word_1_315' title='bbox 2734 426 2953 514; x_wconf 88' lang='lat' dir='ltr'>gratia</span> <span class='ocrx_word' id='word_1_316' title='bbox 2992 418 3188 503; x_wconf 71' lang='lat' dir='ltr'>bon&#39;i,</span> <span class='ocrx_word' id='word_1_317' title='bbox 3239 434 3304 493; x_wconf 91' lang='lat' dir='ltr'>et</span> <span class='ocrx_word' id='word_1_318' title='bbox 3369 434 3646 517; x_wconf 88' lang='lat' dir='ltr'>propter</span> <span class='ocrx_word' id='word_1_319' title='bbox 3701 425 3960 493; x_wconf 88' lang='lat' dir='ltr'>bonum</span> <span class='ocrx_word' id='word_1_320' title='bbox 4017 426 4285 493; x_wconf 89' lang='lat' dir='ltr'>virtutis</span> 
     </span>
     <span class='ocr_line' id='line_1_53' title="bbox 2735 533 4288 603; baseline 0.003 -6"><span class='ocrx_word' id='word_1_321' title='bbox 2735 535 2937 598; x_wconf 87' lang='lat' dir='ltr'>etiam</span> <span class='ocrx_word' id='word_1_322' title='bbox 2980 534 3194 600; x_wconf 84' lang='lat' dir='ltr'>vitam</span> <span class='ocrx_word' id='word_1_323' title='bbox 3226 544 3659 603; x_wconf 89' lang='lat' dir='ltr'>contemnere</span> <span class='ocrx_word' id='word_1_324' title='bbox 3695 558 3708 602; x_wconf 92' lang='lat'>:</span> <span class='ocrx_word' id='word_1_325' title='bbox 3744 543 3809 602; x_wconf 92' lang='lat' dir='ltr'>et</span> <span class='ocrx_word' id='word_1_326' title='bbox 3847 544 4074 602; x_wconf 88' lang='lat' dir='ltr'>tamen</span> <span class='ocrx_word' id='word_1_327' title='bbox 4120 533 4288 602; x_wconf 90' lang='lat' dir='ltr'>illud</span> 
     </span>
     <span class='ocr_line' id='line_1_54' title="bbox 2734 640 4210 731; baseline 0.003 -27"><span class='ocrx_word' id='word_1_328' title='bbox 2734 661 2875 705; x_wconf 89' lang='lat' dir='ltr'>non</span> <span class='ocrx_word' id='word_1_329' title='bbox 2915 642 3294 709; x_wconf 90' lang='lat' dir='ltr'>necessario</span> <span class='ocrx_word' id='word_1_330' title='bbox 3328 642 3635 731; x_wconf 85' lang='lat' dir='ltr'>procedit</span> <span class='ocrx_word' id='word_1_331' title='bbox 3665 665 3748 709; x_wconf 86' lang='lat' dir='ltr'>ex</span> <span class='ocrx_word' id='word_1_332' title='bbox 3795 640 4144 709; x_wconf 82' lang='lat' dir='ltr'>charitate.</span> <span class='ocrx_word' id='word_1_333' title='bbox 4206 668 4210 671; x_wconf 49' lang='lat'><strong>⁴</strong></span> 
     </span>
    </p>

    <p class='ocr_par' dir='ltr' id='par_1_11' title="bbox 2728 745 4289 1573">
     <span class='ocr_line' id='line_1_55' title="bbox 2827 745 4280 839; baseline 0.001 -27"><span class='ocrx_word' id='word_1_334' title='bbox 2827 745 3179 826; x_wconf 87' lang='lat' dir='ltr'>Similiter,</span> <span class='ocrx_word' id='word_1_335' title='bbox 3208 747 3387 816; x_wconf 90' lang='lat' dir='ltr'>Dicit</span> <span class='ocrx_word' id='word_1_336' title='bbox 3407 748 3802 839; x_wconf 89' lang='lat' dir='ltr'>Apostolus,</span> <span class='ocrx_word' id='word_1_337' title='bbox 3829 748 3958 814; x_wconf 82' lang='lat' dir='ltr'>lad</span> <span class='ocrx_word' id='word_1_338' title='bbox 3977 746 4280 815; x_wconf 89' lang='lat' dir='ltr'>Corinth.</span> 
     </span>
     <span class='ocr_line' id='line_1_56' title="bbox 2736 857 4288 949; baseline 0.001 -28"><span class='ocrx_word' id='word_1_339' title='bbox 2736 879 2878 933; x_wconf 82' lang='lat' dir='ltr'>xm,</span> <span class='ocrx_word' id='word_1_340' title='bbox 2916 857 2954 923; x_wconf 89' lang='lat'><strong>3</strong></span> <span class='ocrx_word' id='word_1_341' title='bbox 2991 879 3004 924; x_wconf 90' lang='lat'>:</span> <span class='ocrx_word' id='word_1_342' title='bbox 3041 858 3124 926; x_wconf 70' lang='lat' dir='ltr'>Si</span> <span class='ocrx_word' id='word_1_343' title='bbox 3161 858 3515 925; x_wconf 78' lang='lat' dir='ltr'>tradidero</span> <span class='ocrx_word' id='word_1_344' title='bbox 3546 882 3791 949; x_wconf 82' lang='lat' dir='ltr'>corpus</span> <span class='ocrx_word' id='word_1_345' title='bbox 3822 879 4048 925; x_wconf 81' lang='lat' dir='ltr'>meum</span> <span class='ocrx_word' id='word_1_346' title='bbox 4072 858 4170 923; x_wconf 84' lang='lat' dir='ltr'>ita</span> <span class='ocrx_word' id='word_1_347' title='bbox 4213 866 4288 924; x_wconf 82' lang='lat' dir='ltr'>ut</span> 
     </span>
     <span class='ocr_line' id='line_1_57' title="bbox 2732 964 4282 1043; baseline 0.001 -15"><span class='ocrx_word' id='word_1_348' title='bbox 2732 964 3039 1039; x_wconf 81' lang='lat' dir='ltr'>ardeam,</span> <span class='ocrx_word' id='word_1_349' title='bbox 3085 965 3492 1032; x_wconf 77' lang='lat' dir='ltr'>charitatem</span> <span class='ocrx_word' id='word_1_350' title='bbox 3524 975 3754 1033; x_wconf 81' lang='lat' dir='ltr'>autem</span> <span class='ocrx_word' id='word_1_351' title='bbox 3784 988 3920 1031; x_wconf 82' lang='lat' dir='ltr'>non</span> <span class='ocrx_word' id='word_1_352' title='bbox 3957 964 4282 1043; x_wconf 78' lang='lat' dir='ltr'>habuere,</span> 
     </span>
     <span class='ocr_line' id='line_1_58' title="bbox 2730 1070 4289 1162; baseline 0.002 -28"><span class='ocrx_word' id='word_1_353' title='bbox 2730 1070 2916 1135; x_wconf 61' lang='lat' dir='ltr'>nillil</span> <span class='ocrx_word' id='word_1_354' title='bbox 2977 1071 3151 1136; x_wconf 64' lang='lat' dir='ltr'>milii</span> <span class='ocrx_word' id='word_1_355' title='bbox 3206 1072 3509 1162; x_wconf 77' lang='lat' dir='ltr'>prodest.</span> <span class='ocrx_word' id='word_1_356' title='bbox 3582 1072 3763 1162; x_wconf 86' lang='lat' dir='ltr'>Ergo</span> <span class='ocrx_word' id='word_1_357' title='bbox 3823 1080 4026 1160; x_wconf 86' lang='lat' dir='ltr'>patet,</span> <span class='ocrx_word' id='word_1_358' title='bbox 4106 1070 4289 1160; x_wconf 91' lang='lat' dir='ltr'>quod</span> 
     </span>
     <span class='ocr_line' id='line_1_59' title="bbox 2732 1179 4281 1272; baseline 0.001 -27"><span class='ocrx_word' id='word_1_359' title='bbox 2732 1187 3008 1269; x_wconf 84' lang='lat' dir='ltr'>propter</span> <span class='ocrx_word' id='word_1_360' title='bbox 3022 1179 3246 1247; x_wconf 88' lang='lat' dir='ltr'>Deum</span> <span class='ocrx_word' id='word_1_361' title='bbox 3280 1204 3560 1271; x_wconf 91' lang='lat' dir='ltr'>possum</span> <span class='ocrx_word' id='word_1_362' title='bbox 3592 1191 3998 1272; x_wconf 88' lang='lat' dir='ltr'>postponere</span> <span class='ocrx_word' id='word_1_363' title='bbox 4029 1183 4236 1249; x_wconf 85' lang='lat' dir='ltr'>vitam</span> <span class='ocrx_word' id='word_1_364' title='bbox 4265 1203 4281 1247; x_wconf 74' lang='grc' dir='ltr'><strong><em>ε</em></strong></span> 
     </span>
     <span class='ocr_line' id='line_1_60' title="bbox 2731 1289 4278 1359; baseline 0.001 -6"><span class='ocrx_word' id='word_1_365' title='bbox 2731 1294 2796 1354; x_wconf 86' lang='lat' dir='ltr'>et</span> <span class='ocrx_word' id='word_1_366' title='bbox 2826 1297 3056 1355; x_wconf 89' lang='lat' dir='ltr'>tamen</span> <span class='ocrx_word' id='word_1_367' title='bbox 3088 1291 3385 1357; x_wconf 90' lang='lat' dir='ltr'>nesciam</span> <span class='ocrx_word' id='word_1_368' title='bbox 3423 1313 3530 1358; x_wconf 90' lang='lat' dir='ltr'>me</span> <span class='ocrx_word' id='word_1_369' title='bbox 3563 1289 3811 1358; x_wconf 87' lang='lat' dir='ltr'>habere</span> <span class='ocrx_word' id='word_1_370' title='bbox 3833 1289 4227 1359; x_wconf 88' lang='lat' dir='ltr'>charitatem</span> <span class='ocrx_word' id='word_1_371' title='bbox 4262 1311 4278 1355; x_wconf 91' lang='lat'>:</span> 
     </span>
     <span class='ocr_line' id='line_1_61' title="bbox 2728 1395 4283 1486; baseline 0 -25"><span class='ocrx_word' id='word_1_372' title='bbox 2728 1416 2893 1484; x_wconf 90' lang='lat' dir='ltr'>ergo</span> <span class='ocrx_word' id='word_1_373' title='bbox 2925 1397 3225 1464; x_wconf 78' lang='lat' dir='ltr'>nesciam</span> <span class='ocrx_word' id='word_1_374' title='bbox 3250 1395 3417 1463; x_wconf 90' lang='lat' dir='ltr'>mihi</span> <span class='ocrx_word' id='word_1_375' title='bbox 3447 1399 3731 1464; x_wconf 91' lang='lat' dir='ltr'>missum</span> <span class='ocrx_word' id='word_1_376' title='bbox 3776 1420 3920 1464; x_wconf 90' lang='lat' dir='ltr'>esse</span> <span class='ocrx_word' id='word_1_377' title='bbox 3953 1395 4283 1486; x_wconf 90' lang='lat' dir='ltr'>Spiritum</span> 
     </span>
     <span class='ocr_line' id='line_1_62' title="bbox 2728 1513 3065 1573; baseline 0.006 -3"><span class='ocrx_word' id='word_1_378' title='bbox 2728 1513 3065 1573; x_wconf 88' lang='lat' dir='ltr'>sanctum.</span> 
     </span>
    </p>
   </div>
   <div class='ocr_carea' id='block_1_6' title="bbox 2715 1720 4557 5484">
    <p class='ocr_par' dir='ltr' id='par_1_12' title="bbox 2718 1720 4557 3974">
     <span class='ocr_line' id='line_1_63' title="bbox 2820 1720 4557 1834; baseline 0 -46"><span class='ocrx_word' id='word_1_379' title='bbox 2820 1720 3133 1789; x_wconf 60' lang='lat' dir='ltr'>Sonus-io.</span> <span class='ocrx_word' id='word_1_380' title='bbox 3180 1721 3499 1814; x_wconf 91' lang='lat' dir='ltr'>Cognitio</span> <span class='ocrx_word' id='word_1_381' title='bbox 3539 1724 3834 1814; x_wconf 82' lang='lat' dir='ltr'>exigitur</span> <span class='ocrx_word' id='word_1_382' title='bbox 3888 1721 3974 1789; x_wconf 88' lang='lat' dir='ltr'>ad</span> <span class='ocrx_word' id='word_1_383' title='bbox 4015 1723 4280 1815; x_wconf 80' lang='lat' dir='ltr'>missio·</span> <span class='ocrx_word' id='word_1_384' title='bbox 4362 1731 4557 1834; x_wconf 53' lang='lat' dir='ltr'>Sffiatffo·</span> 
     </span>
     <span class='ocr_line' id='line_1_64' title="bbox 2726 1821 4528 1911; baseline 0.004 -17"><span class='ocrx_word' id='word_1_385' title='bbox 2726 1850 2911 1906; x_wconf 86' lang='lat' dir='ltr'>nem,</span> <span class='ocrx_word' id='word_1_386' title='bbox 2948 1838 3023 1896; x_wconf 91' lang='lat' dir='ltr'>ut</span> <span class='ocrx_word' id='word_1_387' title='bbox 3045 1827 3214 1896; x_wconf 90' lang='lat' dir='ltr'>mihi</span> <span class='ocrx_word' id='word_1_388' title='bbox 3245 1831 3540 1910; x_wconf 84' lang='lat' dir='ltr'>videtur,</span> <span class='ocrx_word' id='word_1_389' title='bbox 3573 1831 3691 1899; x_wconf 86' lang='lat' dir='ltr'>sed</span> <span class='ocrx_word' id='word_1_390' title='bbox 3721 1854 3860 1899; x_wconf 90' lang='lat' dir='ltr'>non</span> <span class='ocrx_word' id='word_1_391' title='bbox 3891 1831 4138 1911; x_wconf 77' lang='lat' dir='ltr'>omniS,</span> <span class='ocrx_word' id='word_1_392' title='bbox 4158 1832 4276 1900; x_wconf 91' lang='lat' dir='ltr'>sed</span> <span class='ocrx_word' id='word_1_393' title='bbox 4515 1821 4528 1834; x_wconf 63' lang='lat'><em>⁶</em></span> 
     </span>
     <span class='ocr_line' id='line_1_65' title="bbox 2724 1935 4265 2030; baseline 0.003 -27"><span class='ocrx_word' id='word_1_394' title='bbox 2724 1935 3000 2028; x_wconf 86' lang='lat' dir='ltr'>triplex,</span> <span class='ocrx_word' id='word_1_395' title='bbox 3035 1936 3291 2006; x_wconf 90' lang='lat' dir='ltr'>scilicet</span> <span class='ocrx_word' id='word_1_396' title='bbox 3323 1962 3458 2007; x_wconf 89' lang='lat' dir='ltr'>una</span> <span class='ocrx_word' id='word_1_397' title='bbox 3498 1961 3653 2030; x_wconf 85' lang='lat' dir='ltr'>quae</span> <span class='ocrx_word' id='word_1_398' title='bbox 3683 1947 3895 2007; x_wconf 81' lang='lat' dir='ltr'>estex</span> <span class='ocrx_word' id='word_1_399' title='bbox 3923 1947 4114 2029; x_wconf 88' lang='lat' dir='ltr'>parte</span> <span class='ocrx_word' id='word_1_400' title='bbox 4158 1963 4265 2008; x_wconf 91' lang='lat' dir='ltr'>co-</span> 
     </span>
     <span class='ocr_line' id='line_1_66' title="bbox 2725 2043 4278 2134; baseline 0.003 -24"><span class='ocrx_word' id='word_1_401' title='bbox 2725 2044 2922 2134; x_wconf 90' lang='lat' dir='ltr'>gniti,</span> <span class='ocrx_word' id='word_1_402' title='bbox 2966 2043 3222 2113; x_wconf 88' lang='lat' dir='ltr'>scilicet</span> <span class='ocrx_word' id='word_1_403' title='bbox 3251 2054 3325 2114; x_wconf 93' lang='lat' dir='ltr'>ut</span> <span class='ocrx_word' id='word_1_404' title='bbox 3354 2046 3644 2114; x_wconf 86' lang='lat' dir='ltr'>sentiam</span> <span class='ocrx_word' id='word_1_405' title='bbox 3681 2047 3749 2113; x_wconf 89' lang='lat' dir='ltr'>in</span> <span class='ocrx_word' id='word_1_406' title='bbox 3779 2069 3887 2114; x_wconf 89' lang='lat' dir='ltr'>me</span> <span class='ocrx_word' id='word_1_407' title='bbox 3909 2045 4174 2114; x_wconf 78' lang='lat' dir='ltr'>‘donum</span> <span class='ocrx_word' id='word_1_408' title='bbox 4210 2047 4278 2114; x_wconf 92' lang='lat' dir='ltr'>in</span> 
     </span>
     <span class='ocr_line' id='line_1_67' title="bbox 2725 2154 4278 2247; baseline 0.001 -26"><span class='ocrx_word' id='word_1_409' title='bbox 2725 2176 2862 2244; x_wconf 91' lang='lat' dir='ltr'>quo</span> <span class='ocrx_word' id='word_1_410' title='bbox 2890 2161 2981 2222; x_wconf 78' lang='lat' dir='ltr'>‘ut</span> <span class='ocrx_word' id='word_1_411' title='bbox 3019 2154 3091 2222; x_wconf 91' lang='lat' dir='ltr'>in</span> <span class='ocrx_word' id='word_1_412' title='bbox 3128 2155 3327 2247; x_wconf 89' lang='lat' dir='ltr'>signo</span> <span class='ocrx_word' id='word_1_413' title='bbox 3367 2154 3849 2247; x_wconf 90' lang='lat' dir='ltr'>cognoscibilis</span> <span class='ocrx_word' id='word_1_414' title='bbox 3869 2156 3956 2224; x_wconf 91' lang='lat' dir='ltr'>sit</span> <span class='ocrx_word' id='word_1_415' title='bbox 3985 2177 4278 2246; x_wconf 87' lang='lat' dir='ltr'>persona</span> 
     </span>
     <span class='ocr_line' id='line_1_68' title="bbox 2725 2263 4279 2354; baseline 0.002 -25"><span class='ocrx_word' id='word_1_416' title='bbox 2725 2264 2976 2330; x_wconf 88' lang='lat' dir='ltr'>missa:</span> <span class='ocrx_word' id='word_1_417' title='bbox 3028 2263 3309 2353; x_wconf 75' lang='lat' dir='ltr'>siquam</span> <span class='ocrx_word' id='word_1_418' title='bbox 3347 2269 3576 2332; x_wconf 90' lang='lat' dir='ltr'>autem</span> <span class='ocrx_word' id='word_1_419' title='bbox 3605 2286 3778 2332; x_wconf 84' lang='lat' dir='ltr'>voco</span> <span class='ocrx_word' id='word_1_420' title='bbox 3810 2263 3877 2331; x_wconf 93' lang='lat' dir='ltr'>id</span> <span class='ocrx_word' id='word_1_421' title='bbox 3916 2263 4100 2354; x_wconf 91' lang='lat' dir='ltr'>quod</span> <span class='ocrx_word' id='word_1_422' title='bbox 4148 2263 4279 2332; x_wconf 91' lang='lat' dir='ltr'>ha-</span> 
     </span>
     <span class='ocr_line' id='line_1_69' title="bbox 2725 2371 4278 2464; baseline 0.002 -25"><span class='ocrx_word' id='word_1_423' title='bbox 2725 2371 2839 2440; x_wconf 89' lang='lat' dir='ltr'>bet</span> <span class='ocrx_word' id='word_1_424' title='bbox 2892 2381 3122 2441; x_wconf 88' lang='lat' dir='ltr'>actum</span> <span class='ocrx_word' id='word_1_425' title='bbox 3162 2373 3401 2464; x_wconf 82' lang='lat' dir='ltr'>gratiae</span> <span class='ocrx_word' id='word_1_426' title='bbox 3475 2372 3784 2442; x_wconf 85' lang='lat' dir='ltr'>facientis</span> <span class='ocrx_word' id='word_1_427' title='bbox 3837 2380 4136 2464; x_wconf 89' lang='lat' dir='ltr'>gratum,</span> <span class='ocrx_word' id='word_1_428' title='bbox 4210 2380 4278 2442; x_wconf 92' lang='lat' dir='ltr'>et</span> 
     </span>
     <span class='ocr_line' id='line_1_70' title="bbox 2724 2481 4274 2573; baseline 0 -24"><span class='ocrx_word' id='word_1_429' title='bbox 2724 2481 3230 2573; x_wconf 88' lang='lat' dir='ltr'>appropriabile</span> <span class='ocrx_word' id='word_1_430' title='bbox 3259 2491 3360 2551; x_wconf 90' lang='lat' dir='ltr'>est</span> <span class='ocrx_word' id='word_1_431' title='bbox 3382 2481 3553 2550; x_wconf 79' lang='lat' dir='ltr'>Filio</span> <span class='ocrx_word' id='word_1_432' title='bbox 3569 2481 3680 2551; x_wconf 77' lang='lat' dir='ltr'>vel</span> <span class='ocrx_word' id='word_1_433' title='bbox 3714 2481 3994 2572; x_wconf 89' lang='lat' dir='ltr'>Spiritui</span> <span class='ocrx_word' id='word_1_434' title='bbox 4017 2490 4274 2551; x_wconf 86' lang='lat' dir='ltr'>sancto.</span> 
     </span>
     <span class='ocr_line' id='line_1_71' title="bbox 2725 2588 4278 2680; baseline 0.003 -26"><span class='ocrx_word' id='word_1_435' title='bbox 2725 2588 3045 2657; x_wconf 81' lang='lat' dir='ltr'>Secunda</span> <span class='ocrx_word' id='word_1_436' title='bbox 3071 2598 3176 2657; x_wconf 88' lang='lat' dir='ltr'>est</span> <span class='ocrx_word' id='word_1_437' title='bbox 3205 2588 3537 2657; x_wconf 85' lang='lat' dir='ltr'>habituali</span> <span class='ocrx_word' id='word_1_438' title='bbox 3565 2589 4153 2680; x_wconf 88' lang='lat' dir='ltr'>scogniti0.Tertia</span> <span class='ocrx_word' id='word_1_439' title='bbox 4177 2598 4278 2658; x_wconf 90' lang='lat' dir='ltr'>est</span> 
     </span>
     <span class='ocr_line' id='line_1_72' title="bbox 2720 2697 4283 2790; baseline 0.001 -24"><span class='ocrx_word' id='word_1_440' title='bbox 2720 2697 3200 2789; x_wconf 87' lang='lat' dir='ltr'>conjecturalis</span> <span class='ocrx_word' id='word_1_441' title='bbox 3228 2722 3311 2767; x_wconf 84' lang='lat' dir='ltr'>ex</span> <span class='ocrx_word' id='word_1_442' title='bbox 3333 2700 3575 2790; x_wconf 86' lang='lat' dir='ltr'>signis,</span> <span class='ocrx_word' id='word_1_443' title='bbox 3595 2700 3770 2767; x_wconf 88' lang='lat' dir='ltr'>sicut</span> <span class='ocrx_word' id='word_1_444' title='bbox 3799 2700 3855 2767; x_wconf 89' lang='lat' dir='ltr'>si</span> <span class='ocrx_word' id='word_1_445' title='bbox 3885 2698 4150 2767; x_wconf 83' lang='lat' dir='ltr'>videam</span> <span class='ocrx_word' id='word_1_446' title='bbox 4176 2721 4283 2767; x_wconf 88' lang='lat' dir='ltr'>me</span> 
     </span>
     <span class='ocr_line' id='line_1_73' title="bbox 2722 2803 4288 2896; baseline 0 -23"><span class='ocrx_word' id='word_1_447' title='bbox 2722 2827 2921 2895; x_wconf 88' lang='lat' dir='ltr'>posse</span> <span class='ocrx_word' id='word_1_448' title='bbox 2944 2806 3028 2874; x_wconf 87' lang='lat' dir='ltr'>de</span> <span class='ocrx_word' id='word_1_449' title='bbox 3057 2804 3239 2873; x_wconf 83' lang='lat' dir='ltr'>facili</span> <span class='ocrx_word' id='word_1_450' title='bbox 3268 2806 3486 2874; x_wconf 76' lang='lat' dir='ltr'>facere</span> <span class='ocrx_word' id='word_1_451' title='bbox 3508 2828 3664 2896; x_wconf 82' lang='lat' dir='ltr'>quoe</span> <span class='ocrx_word' id='word_1_452' title='bbox 3695 2828 3833 2874; x_wconf 92' lang='lat' dir='ltr'>non</span> <span class='ocrx_word' id='word_1_453' title='bbox 3852 2803 4107 2873; x_wconf 88' lang='lat' dir='ltr'>habens</span> <span class='ocrx_word' id='word_1_454' title='bbox 4121 2827 4288 2896; x_wconf 87' lang='lat' dir='ltr'>gra-</span> 
     </span>
     <span class='ocr_line' id='line_1_74' title="bbox 2722 2911 4287 3004; baseline 0 -24"><span class='ocrx_word' id='word_1_455' title='bbox 2722 2915 2889 2981; x_wconf 84' lang='lat' dir='ltr'>tiam</span> <span class='ocrx_word' id='word_1_456' title='bbox 2920 2911 3029 2981; x_wconf 82' lang='lat' dir='ltr'>vel</span> <span class='ocrx_word' id='word_1_457' title='bbox 3064 2934 3204 2984; x_wconf 91' lang='lat' dir='ltr'>non</span> <span class='ocrx_word' id='word_1_458' title='bbox 3246 2919 3493 3004; x_wconf 84' lang='lat' dir='ltr'>potest,</span> <span class='ocrx_word' id='word_1_459' title='bbox 3527 2911 3644 2980; x_wconf 75' lang='lat' dir='ltr'>vel</span> <span class='ocrx_word' id='word_1_460' title='bbox 3674 2935 3830 2982; x_wconf 90' lang='lat' dir='ltr'>cum</span> <span class='ocrx_word' id='word_1_461' title='bbox 3862 2934 4113 3003; x_wconf 87' lang='lat' dir='ltr'>magna</span> <span class='ocrx_word' id='word_1_462' title='bbox 4153 2911 4287 2980; x_wconf 77' lang='lat' dir='ltr'>‹lit-</span> 
     </span>
     <span class='ocr_line' id='line_1_75' title="bbox 2722 3019 4280 3112; baseline 0.001 -25"><span class='ocrx_word' id='word_1_463' title='bbox 2722 3019 3019 3090; x_wconf 87' lang='lat' dir='ltr'>ticultate</span> <span class='ocrx_word' id='word_1_464' title='bbox 3041 3029 3267 3111; x_wconf 84' lang='lat' dir='ltr'>potest</span> <span class='ocrx_word' id='word_1_465' title='bbox 3297 3042 3314 3087; x_wconf 75' lang='grc' dir='ltr'>ε</span> <span class='ocrx_word' id='word_1_466' title='bbox 3350 3021 3404 3089; x_wconf 82' lang='lat' dir='ltr'>si</span> <span class='ocrx_word' id='word_1_467' title='bbox 3424 3020 3695 3089; x_wconf 81' lang='lat' dir='ltr'>videam</span> <span class='ocrx_word' id='word_1_468' title='bbox 3719 3021 4028 3112; x_wconf 88' lang='lat' dir='ltr'>spiritum</span> <span class='ocrx_word' id='word_1_469' title='bbox 4050 3042 4280 3088; x_wconf 89' lang='lat' dir='ltr'>meum</span> 
     </span>
     <span class='ocr_line' id='line_1_76' title="bbox 2721 3127 4278 3221; baseline 0.001 -25"><span class='ocrx_word' id='word_1_470' title='bbox 2721 3151 2869 3197; x_wconf 89' lang='lat' dir='ltr'>esse</span> <span class='ocrx_word' id='word_1_471' title='bbox 2900 3127 3193 3198; x_wconf 87' lang='lat' dir='ltr'>liberum</span> <span class='ocrx_word' id='word_1_472' title='bbox 3226 3152 3266 3198; x_wconf 88' lang='lat' dir='ltr'>a</span> <span class='ocrx_word' id='word_1_473' title='bbox 3304 3151 3481 3198; x_wconf 73' lang='lat' dir='ltr'>vana</span> <span class='ocrx_word' id='word_1_474' title='bbox 3514 3150 3663 3221; x_wconf 82' lang='lat' dir='ltr'>spe,</span> <span class='ocrx_word' id='word_1_475' title='bbox 3695 3136 3763 3198; x_wconf 90' lang='lat' dir='ltr'>et</span> <span class='ocrx_word' id='word_1_476' title='bbox 3791 3151 3967 3197; x_wconf 84' lang='lat' dir='ltr'>vano</span> <span class='ocrx_word' id='word_1_477' title='bbox 4021 3150 4278 3210; x_wconf 87' lang='lat' dir='ltr'>amore,</span> 
     </span>
     <span class='ocr_line' id='line_1_77' title="bbox 2720 3237 4285 3329; baseline 0.001 -25"><span class='ocrx_word' id='word_1_478' title='bbox 2720 3246 2987 3307; x_wconf 77' lang='lat' dir='ltr'>etvano</span> <span class='ocrx_word' id='word_1_479' title='bbox 3016 3237 3297 3329; x_wconf 80' lang='lat' dir='ltr'>gaudio,</span> <span class='ocrx_word' id='word_1_480' title='bbox 3331 3247 3399 3307; x_wconf 90' lang='lat' dir='ltr'>et</span> <span class='ocrx_word' id='word_1_481' title='bbox 3437 3237 3692 3306; x_wconf 86' lang='lat' dir='ltr'>caduca</span> <span class='ocrx_word' id='word_1_482' title='bbox 3713 3238 4010 3317; x_wconf 86' lang='lat' dir='ltr'>tristitia,</span> <span class='ocrx_word' id='word_1_483' title='bbox 4072 3244 4138 3305; x_wconf 87' lang='lat' dir='ltr'>et</span> <span class='ocrx_word' id='word_1_484' title='bbox 4193 3240 4285 3305; x_wconf 91' lang='lat' dir='ltr'>ti-</span> 
     </span>
     <span class='ocr_line' id='line_1_78' title="bbox 2722 3342 4281 3435; baseline 0 -22"><span class='ocrx_word' id='word_1_485' title='bbox 2722 3367 2915 3413; x_wconf 87' lang='lat' dir='ltr'>more</span> <span class='ocrx_word' id='word_1_486' title='bbox 2937 3343 3316 3426; x_wconf 89' lang='lat' dir='ltr'>mundano,</span> <span class='ocrx_word' id='word_1_487' title='bbox 3349 3355 3414 3412; x_wconf 88' lang='lat' dir='ltr'>et</span> <span class='ocrx_word' id='word_1_488' title='bbox 3453 3342 3871 3435; x_wconf 86' lang='lat' dir='ltr'>hujusmodi.</span> <span class='ocrx_word' id='word_1_489' title='bbox 3944 3343 4030 3411; x_wconf 86' lang='lat' dir='ltr'>Et</span> <span class='ocrx_word' id='word_1_490' title='bbox 4092 3344 4281 3413; x_wconf 80' lang='lat' dir='ltr'>illam</span> 
     </span>
     <span class='ocr_line' id='line_1_79' title="bbox 2720 3450 4281 3543; baseline 0.001 -25"><span class='ocrx_word' id='word_1_491' title='bbox 2720 3450 3054 3542; x_wconf 86' lang='lat' dir='ltr'>triplicem</span> <span class='ocrx_word' id='word_1_492' title='bbox 3104 3451 3568 3541; x_wconf 89' lang='lat' dir='ltr'>cognitionem</span> <span class='ocrx_word' id='word_1_493' title='bbox 3601 3460 3766 3543; x_wconf 89' lang='lat' dir='ltr'>puto</span> <span class='ocrx_word' id='word_1_494' title='bbox 3796 3452 4101 3519; x_wconf 78' lang='lat' dir='ltr'>sufficere</span> <span class='ocrx_word' id='word_1_495' title='bbox 4174 3475 4281 3520; x_wconf 89' lang='lat' dir='ltr'>se-</span> 
     </span>
     <span class='ocr_line' id='line_1_80' title="bbox 2719 3556 4280 3638; baseline 0 -12"><span class='ocrx_word' id='word_1_496' title='bbox 2719 3558 3021 3627; x_wconf 90' lang='lat' dir='ltr'>cundum</span> <span class='ocrx_word' id='word_1_497' title='bbox 3052 3556 3364 3626; x_wconf 89' lang='lat' dir='ltr'>habitum</span> <span class='ocrx_word' id='word_1_498' title='bbox 3407 3558 3493 3626; x_wconf 89' lang='lat' dir='ltr'>ad</span> <span class='ocrx_word' id='word_1_499' title='bbox 3526 3559 3949 3638; x_wconf 85' lang='lat' dir='ltr'>missionem,</span> <span class='ocrx_word' id='word_1_500' title='bbox 4014 3565 4080 3627; x_wconf 87' lang='lat' dir='ltr'>et</span> <span class='ocrx_word' id='word_1_501' title='bbox 4129 3557 4280 3626; x_wconf 90' lang='lat' dir='ltr'>dico</span> 
     </span>
     <span class='ocr_line' id='line_1_81' title="bbox 2721 3665 4283 3757; baseline 0.001 -25"><span class='ocrx_word' id='word_1_502' title='bbox 2721 3689 2859 3735; x_wconf 89' lang='lat' dir='ltr'>non</span> <span class='ocrx_word' id='word_1_503' title='bbox 2899 3674 3214 3757; x_wconf 85' lang='lat' dir='ltr'>oportere</span> <span class='ocrx_word' id='word_1_504' title='bbox 3255 3665 3489 3733; x_wconf 80' lang='lat' dir='ltr'>adesse</span> <span class='ocrx_word' id='word_1_505' title='bbox 3528 3666 3991 3756; x_wconf 85' lang='lat' dir='ltr'>cognitionem</span> <span class='ocrx_word' id='word_1_506' title='bbox 4033 3688 4283 3734; x_wconf 89' lang='lat' dir='ltr'>secun-</span> 
     </span>
     <span class='ocr_line' id='line_1_82' title="bbox 2718 3772 4272 3866; baseline 0 -25"><span class='ocrx_word' id='word_1_507' title='bbox 2718 3773 2883 3841; x_wconf 87' lang='lat' dir='ltr'>dum</span> <span class='ocrx_word' id='word_1_508' title='bbox 2915 3783 3169 3841; x_wconf 87' lang='lat' dir='ltr'>actum.</span> <span class='ocrx_word' id='word_1_509' title='bbox 3202 3773 3279 3841; x_wconf 77' lang='lat' dir='ltr'>Et</span> <span class='ocrx_word' id='word_1_510' title='bbox 3301 3796 3423 3865; x_wconf 83' lang='lat' dir='ltr'>per</span> <span class='ocrx_word' id='word_1_511' title='bbox 3450 3772 3581 3841; x_wconf 87' lang='lat' dir='ltr'>hoc</span> <span class='ocrx_word' id='word_1_512' title='bbox 3647 3780 3830 3866; x_wconf 90' lang='lat' dir='ltr'>patet</span> <span class='ocrx_word' id='word_1_513' title='bbox 3885 3773 4135 3841; x_wconf 83' lang='lat' dir='ltr'>solutio</span> <span class='ocrx_word' id='word_1_514' title='bbox 4190 3773 4272 3841; x_wconf 87' lang='lat' dir='ltr'>ad</span> 
     </span>
     <span class='ocr_line' id='line_1_83' title="bbox 2720 3883 3047 3974; baseline 0.012 -27"><span class='ocrx_word' id='word_1_515' title='bbox 2720 3883 3047 3974; x_wconf 86' lang='lat' dir='ltr'>primum.</span> 
     </span>
    </p>

    <p class='ocr_par' dir='ltr' id='par_1_13' title="bbox 2715 3989 4528 4708">
     <span class='ocr_line' id='line_1_84' title="bbox 2809 3989 4528 4082; baseline 0.001 -26"><span class='ocrx_word' id='word_1_516' title='bbox 2809 3990 2913 4057; x_wconf 82' lang='lat' dir='ltr'>An</span> <span class='ocrx_word' id='word_1_517' title='bbox 2979 4014 3177 4059; x_wconf 72' lang='lat' dir='ltr'>Auro</span> <span class='ocrx_word' id='word_1_518' title='bbox 3207 3989 3597 4073; x_wconf 86' lang='lat' dir='ltr'>dicendum,</span> <span class='ocrx_word' id='word_1_519' title='bbox 3624 3991 3806 4082; x_wconf 64' lang='lat' dir='ltr'>quoa!</span> <span class='ocrx_word' id='word_1_520' title='bbox 3844 3989 4271 4058; x_wconf 74' lang='lat' dir='ltr'>Ecclesiastes</span> <span class='ocrx_word' id='word_1_521' title='bbox 4382 4021 4459 4067; x_wconf 62' lang='lat' dir='ltr'>M</span> <span class='ocrx_word' id='word_1_522' title='bbox 4483 4020 4528 4070; x_wconf 76' lang='lat'>2.</span> 
     </span>
     <span class='ocr_line' id='line_1_85' title="bbox 2719 4097 4268 4188; baseline 0.001 -25"><span class='ocrx_word' id='word_1_523' title='bbox 2719 4120 2859 4164; x_wconf 88' lang='lat' dir='ltr'>non</span> <span class='ocrx_word' id='word_1_524' title='bbox 2890 4097 3187 4164; x_wconf 80' lang='lat' dir='ltr'>excludit</span> <span class='ocrx_word' id='word_1_525' title='bbox 3252 4098 3719 4188; x_wconf 83' lang='lat' dir='ltr'>cognitionem</span> <span class='ocrx_word' id='word_1_526' title='bbox 3787 4121 3869 4165; x_wconf 81' lang='lat' dir='ltr'>ex</span> <span class='ocrx_word' id='word_1_527' title='bbox 3917 4097 4142 4187; x_wconf 81' lang='lat' dir='ltr'>signo,</span> <span class='ocrx_word' id='word_1_528' title='bbox 4203 4106 4268 4164; x_wconf 85' lang='lat' dir='ltr'>et</span> 
     </span>
     <span class='ocr_line' id='line_1_86' title="bbox 2716 4202 4272 4294; baseline 0.002 -23"><span class='ocrx_word' id='word_1_529' title='bbox 2716 4206 3273 4294; x_wconf 84' lang='lat' dir='ltr'>conjecturalem,</span> <span class='ocrx_word' id='word_1_530' title='bbox 3313 4214 3383 4272; x_wconf 90' lang='lat' dir='ltr'>et</span> <span class='ocrx_word' id='word_1_531' title='bbox 3416 4202 3880 4273; x_wconf 83' lang='lat' dir='ltr'>habitualem:</span> <span class='ocrx_word' id='word_1_532' title='bbox 3923 4207 4030 4272; x_wconf 87' lang='lat' dir='ltr'>cui</span> <span class='ocrx_word' id='word_1_533' title='bbox 4088 4208 4272 4274; x_wconf 90' lang='lat' dir='ltr'>enim</span> 
     </span>
     <span class='ocr_line' id='line_1_87' title="bbox 2720 4310 4271 4403; baseline 0.001 -23"><span class='ocrx_word' id='word_1_534' title='bbox 2720 4314 2971 4381; x_wconf 76' lang='lat' dir='ltr'>missus</span> <span class='ocrx_word' id='word_1_535' title='bbox 3030 4322 3133 4379; x_wconf 86' lang='lat' dir='ltr'>est</span> <span class='ocrx_word' id='word_1_536' title='bbox 3199 4311 3521 4403; x_wconf 84' lang='lat' dir='ltr'>Spiritus,</span> <span class='ocrx_word' id='word_1_537' title='bbox 3564 4310 3768 4380; x_wconf 84' lang='lat' dir='ltr'>habet</span> <span class='ocrx_word' id='word_1_538' title='bbox 3828 4311 4134 4381; x_wconf 87' lang='lat' dir='ltr'>habitum</span> <span class='ocrx_word' id='word_1_539' title='bbox 4205 4315 4271 4381; x_wconf 88' lang='lat' dir='ltr'>in</span> 
     </span>
     <span class='ocr_line' id='line_1_88' title="bbox 2717 4420 4277 4514; baseline 0.001 -26"><span class='ocrx_word' id='word_1_540' title='bbox 2717 4445 2856 4512; x_wconf 84' lang='lat' dir='ltr'>quo</span> <span class='ocrx_word' id='word_1_541' title='bbox 2915 4420 3045 4488; x_wconf 85' lang='lat' dir='ltr'>boc</span> <span class='ocrx_word' id='word_1_542' title='bbox 3103 4421 3426 4510; x_wconf 85' lang='lat' dir='ltr'>cognosci</span> <span class='ocrx_word' id='word_1_543' title='bbox 3485 4429 3735 4510; x_wconf 86' lang='lat' dir='ltr'>potest,</span> <span class='ocrx_word' id='word_1_544' title='bbox 3806 4422 3860 4487; x_wconf 86' lang='lat' dir='ltr'>si</span> <span class='ocrx_word' id='word_1_545' title='bbox 3937 4423 4277 4514; x_wconf 84' lang='lat' dir='ltr'>aperiatur</span> 
     </span>
     <span class='ocr_line' id='line_1_89' title="bbox 2715 4526 4278 4619; baseline 0 -23"><span class='ocrx_word' id='word_1_546' title='bbox 2715 4527 2984 4612; x_wconf 80' lang='lat' dir='ltr'>oculuS,</span> <span class='ocrx_word' id='word_1_547' title='bbox 3025 4526 3134 4595; x_wconf 78' lang='lat' dir='ltr'>vel</span> <span class='ocrx_word' id='word_1_548' title='bbox 3170 4549 3290 4616; x_wconf 88' lang='lat' dir='ltr'>per</span> <span class='ocrx_word' id='word_1_549' title='bbox 3340 4526 3828 4596; x_wconf 83' lang='lat' dir='ltr'>revelationem</span> <span class='ocrx_word' id='word_1_550' title='bbox 3878 4538 4031 4619; x_wconf 91' lang='lat' dir='ltr'>post</span> <span class='ocrx_word' id='word_1_551' title='bbox 4087 4551 4278 4597; x_wconf 90' lang='lat' dir='ltr'>mor-</span> 
     </span>
     <span class='ocr_line' id='line_1_90' title="bbox 2715 4650 2881 4708; baseline 0.006 -1"><span class='ocrx_word' id='word_1_552' title='bbox 2715 4650 2881 4708; x_wconf 87' lang='lat' dir='ltr'>tem.</span> 
     </span>
    </p>

    <p class='ocr_par' dir='ltr' id='par_1_14' title="bbox 2716 4744 4542 5378">
     <span class='ocr_line' id='line_1_91' title="bbox 2811 4744 4542 4837; baseline 0 -24"><span class='ocrx_word' id='word_1_553' title='bbox 2811 4748 2917 4813; x_wconf 81' lang='lat' dir='ltr'>An</span> <span class='ocrx_word' id='word_1_554' title='bbox 2946 4768 3145 4813; x_wconf 71' lang='grc' dir='ltr'>Λιιυυ</span> <span class='ocrx_word' id='word_1_555' title='bbox 3203 4745 3595 4826; x_wconf 87' lang='lat' dir='ltr'>dicendum,</span> <span class='ocrx_word' id='word_1_556' title='bbox 3665 4744 3850 4837; x_wconf 91' lang='lat' dir='ltr'>quod</span> <span class='ocrx_word' id='word_1_557' title='bbox 3907 4744 4276 4836; x_wconf 85' lang='lat' dir='ltr'>Apostolus</span> <span class='ocrx_word' id='word_1_558' title='bbox 4399 4776 4468 4820; x_wconf 61' lang='grc' dir='ltr'>Λα</span> <span class='ocrx_word' id='word_1_559' title='bbox 4497 4775 4542 4820; x_wconf 71' lang='grc' dir='ltr'>ι.</span> 
     </span>
     <span class='ocr_line' id='line_1_92' title="bbox 2718 4849 4279 4944; baseline -0.001 -22"><span class='ocrx_word' id='word_1_560' title='bbox 2718 4854 3025 4944; x_wconf 89' lang='lat' dir='ltr'>loquitur</span> <span class='ocrx_word' id='word_1_561' title='bbox 3064 4851 3155 4919; x_wconf 92' lang='lat' dir='ltr'>ibi</span> <span class='ocrx_word' id='word_1_562' title='bbox 3189 4852 3273 4919; x_wconf 88' lang='lat' dir='ltr'>de</span> <span class='ocrx_word' id='word_1_563' title='bbox 3304 4849 3797 4920; x_wconf 80' lang='lat' dir='ltr'>inhabitatione</span> <span class='ocrx_word' id='word_1_564' title='bbox 3855 4851 4102 4921; x_wconf 85' lang='lat' dir='ltr'>Christi</span> <span class='ocrx_word' id='word_1_565' title='bbox 4157 4875 4279 4943; x_wconf 89' lang='lat' dir='ltr'>per</span> 
     </span>
     <span class='ocr_line' id='line_1_93' title="bbox 2718 4960 4275 5053; baseline -0.001 -22"><span class='ocrx_word' id='word_1_566' title='bbox 2718 4962 3191 5053; x_wconf 84' lang='lat' dir='ltr'>operationem</span> <span class='ocrx_word' id='word_1_567' title='bbox 3222 4960 3733 5040; x_wconf 88' lang='lat' dir='ltr'>miraculorum,</span> <span class='ocrx_word' id='word_1_568' title='bbox 3777 4970 3843 5029; x_wconf 92' lang='lat' dir='ltr'>et</span> <span class='ocrx_word' id='word_1_569' title='bbox 3873 4968 4275 5053; x_wconf 88' lang='lat' dir='ltr'>potestatem</span> 
     </span>
     <span class='ocr_line' id='line_1_94' title="bbox 2720 5069 4279 5162; baseline 0 -25"><span class='ocrx_word' id='word_1_570' title='bbox 2720 5073 3109 5162; x_wconf 85' lang='lat' dir='ltr'>signorum,</span> <span class='ocrx_word' id='word_1_571' title='bbox 3152 5091 3307 5161; x_wconf 71' lang='lat' dir='ltr'>quie</span> <span class='ocrx_word' id='word_1_572' title='bbox 3347 5092 3431 5138; x_wconf 83' lang='lat' dir='ltr'>ex</span> <span class='ocrx_word' id='word_1_573' title='bbox 3468 5091 3542 5138; x_wconf 88' lang='lat' dir='ltr'>se</span> <span class='ocrx_word' id='word_1_574' title='bbox 3580 5078 3899 5159; x_wconf 85' lang='lat' dir='ltr'>expertus</span> <span class='ocrx_word' id='word_1_575' title='bbox 3920 5069 4160 5138; x_wconf 77' lang='lat' dir='ltr'>luerat.</span> <span class='ocrx_word' id='word_1_576' title='bbox 4195 5069 4279 5137; x_wconf 85' lang='lat' dir='ltr'>Et</span> 
     </span>
     <span class='ocr_line' id='line_1_95' title="bbox 2718 5176 4280 5267; baseline -0.001 -22"><span class='ocrx_word' id='word_1_577' title='bbox 2718 5177 2849 5247; x_wconf 91' lang='lat' dir='ltr'>hoc</span> <span class='ocrx_word' id='word_1_578' title='bbox 2883 5201 3024 5245; x_wconf 88' lang='lat' dir='ltr'>non</span> <span class='ocrx_word' id='word_1_579' title='bbox 3067 5183 3169 5244; x_wconf 85' lang='lat' dir='ltr'>est</span> <span class='ocrx_word' id='word_1_580' title='bbox 3196 5176 3376 5244; x_wconf 87' lang='lat' dir='ltr'>mitti</span> <span class='ocrx_word' id='word_1_581' title='bbox 3414 5177 3821 5267; x_wconf 83' lang='lat' dir='ltr'>sapientiam</span> <span class='ocrx_word' id='word_1_582' title='bbox 3853 5176 3984 5244; x_wconf 83' lang='lat' dir='ltr'>nisi</span> <span class='ocrx_word' id='word_1_583' title='bbox 4042 5198 4280 5244; x_wconf 89' lang='lat' dir='ltr'>secun·</span> 
     </span>
     <span class='ocr_line' id='line_1_96' title="bbox 2716 5282 3969 5378; baseline -0.002 -24"><span class='ocrx_word' id='word_1_584' title='bbox 2716 5286 2882 5354; x_wconf 92' lang='lat' dir='ltr'>dum</span> <span class='ocrx_word' id='word_1_585' title='bbox 2917 5284 3107 5378; x_wconf 86' lang='lat' dir='ltr'>quid,</span> <span class='ocrx_word' id='word_1_586' title='bbox 3145 5293 3221 5353; x_wconf 95' lang='lat' dir='ltr'>ut</span> <span class='ocrx_word' id='word_1_587' title='bbox 3251 5285 3439 5375; x_wconf 90' lang='lat' dir='ltr'>prius</span> <span class='ocrx_word' id='word_1_588' title='bbox 3480 5282 3792 5353; x_wconf 90' lang='lat' dir='ltr'>habitum</span> <span class='ocrx_word' id='word_1_589' title='bbox 3847 5295 3969 5353; x_wconf 88' lang='lat' dir='ltr'>est.</span> 
     </span>
    </p>

    <p class='ocr_par' dir='ltr' id='par_1_15' title="bbox 2809 5390 4536 5484">
     <span class='ocr_line' id='line_1_97' title="bbox 2809 5390 4536 5484; baseline -0.001 -23"><span class='ocrx_word' id='word_1_590' title='bbox 2809 5397 2913 5461; x_wconf 85' lang='lat' dir='ltr'>An</span> <span class='ocrx_word' id='word_1_591' title='bbox 2952 5415 3152 5461; x_wconf 77' lang='grc' dir='ltr'>Αιιυο</span> <span class='ocrx_word' id='word_1_592' title='bbox 3201 5390 3595 5475; x_wconf 90' lang='lat' dir='ltr'>dicendum,</span> <span class='ocrx_word' id='word_1_593' title='bbox 3660 5390 3844 5484; x_wconf 89' lang='lat' dir='ltr'>quod</span> <span class='ocrx_word' id='word_1_594' title='bbox 3908 5390 4278 5482; x_wconf 84' lang='lat' dir='ltr'>Apostolus</span> <span class='ocrx_word' id='word_1_595' title='bbox 4383 5422 4536 5472; x_wconf 54' lang='lat' dir='ltr'>Aa«,</span> 
     </span>
    </p>
   </div>
   <div class='ocr_carea' id='block_1_7' title="bbox 3942 5737 4012 5791">
    <p class='ocr_par' dir='ltr' id='par_1_16' title="bbox 3942 5737 4012 5791">
     <span class='ocr_line' id='line_1_98' title="bbox 3942 5737 4012 5791; baseline 0 0"><span class='ocrx_word' id='word_1_596' title='bbox 3942 5737 4012 5791; x_wconf 72' lang='lat'>28</span> 
     </span>
    </p>
   </div>
  </div>
 </body>
</html>
