4897 6388
238 536 539 637 ‚attam

586 340 671 406 52

679 507 785 573 An
833 529 898 574 ln
928 493 1455 597 quod-fulterius
1495 504 1845 594 quaeritur,
1896 501 2137 569 Utrum

588 625 789 682 erunt
825 615 916 682 ibi
964 600 1415 707 cogitationes
1462 610 1853 678 volubiles?
1894 608 2139 674 Dicen-

589 723 775 802 dum,
813 725 994 815 quod
1027 747 1161 790 non
1197 744 1212 791 :
1256 722 1374 789 sed
1413 718 1750 786 volubiles
1778 717 2139 807 cogitatio-

586 855 704 899 nes
737 856 872 899 non
915 833 1236 899 dicuntur
1268 830 1351 896 ab
1387 829 1517 896 hoc
1557 827 1741 919 quod
1766 835 1867 894 est
1897 824 2139 894 intelli-

585 962 741 1029 gere
774 939 905 1006 hoc
933 947 1000 1005 et
1029 937 1197 1004 illud
1228 939 1648 1006 successive:
1687 937 1802 1005 sed
1834 936 1984 1003 aliis
2024 935 2138 1001 tri-

587 1046 712 1113 bus
753 1045 1133 1114 rationibus
1164 1045 1647 1114 denotantibus
1678 1043 2134 1134 imperfectio-

587 1178 743 1221 nem
777 1155 1094 1223 dicuntur
1122 1156 1487 1233 volubiles,
1533 1176 1822 1244 quarum
1866 1172 2000 1218 una
2035 1158 2136 1217 est

588 1272 864 1355 propter
928 1265 1448 1355 inquisitionem
1525 1262 1956 1344 invenientia,
2028 1257 2136 1326 vel

586 1373 944 1443 discentis:
991 1397 1072 1443 eo
1107 1373 1291 1464 quod
1319 1394 1461 1439 non
1495 1378 1709 1439 totum
1732 1369 1935 1437 ⁴videt
1968 1369 2135 1435 ratio

582 1483 961 1552 'secundum
1001 1505 1265 1563 causaS,
1311 1489 1378 1549 et
1417 1479 1719 1560 effectuS,
1756 1487 1821 1547 et
1842 1478 2141 1569 proprie-

580 1602 795 1663 tates:
857 1602 1020 1662 tunc
1077 1600 1305 1661 autem
1366 1614 1507 1659 non
1584 1592 1713 1658 erit
1765 1590 2133 1679 inquirens,

590 1703 907 1772 Secunda
940 1690 1047 1771 est
1086 1702 1432 1770 fastidium
1505 1701 1597 1768 rei
1656 1698 2008 1767 intellectae
2074 1698 2139 1761 in

590 1808 733 1903 qua
764 1813 1110 1880 invenitur
1139 1809 1559 1901 imperfectio
1599 1831 1613 1875 :
1648 1816 1715 1874 et
1751 1806 1903 1874 ideo
1954 1803 2146 1872 intel-

589 1922 804 1990 lectus
843 1923 1083 1989 transit
1123 1921 1205 1989 ad
1236 1920 1440 1987 aliam
1484 1897 1628 1986 rem
1663 1918 1732 1984 in
1765 1938 1898 2007 qua
1930 1913 2144 2003 magis

594 2032 986 2111 delectetur,
1022 2040 1088 2100 et
1126 2030 1258 2099 hoc
1295 2029 1540 2097 accidit
1577 2050 1660 2095 ex
1706 2027 1964 2093 vilitate
2022 2023 2142 2104 rei,

587 2151 663 2211 ‘et
700 2140 1199 2232 privationibus
1230 2141 1298 2207 in
1341 2160 1421 2206 ea
1458 2137 1781 2214 inventis,
1816 2142 1881 2202 et
1921 2139 2149 2200 muta-

589 2249 879 2334 bilitate,
913 2260 981 2320 et
1009 2247 1509 2318 materialitate.
1534 2245 1760 2315 Tertia
1781 2266 1983 2313 causa
2011 2252 2141 2312 est:

590 2363 756 2452 quia
795 2359 1205 2453 principium
1237 2356 1665 2451 intelligendi
1708 2355 1818 2423 hic
1856 2377 1994 2423 non
2050 2358 2152 2421 est

591 2490 809 2538 unum
859 2470 945 2538 ad
984 2491 1262 2538 omnem
1304 2490 1478 2549 rem,
1521 2466 1642 2536 sed
1688 2473 1791 2534 est
1844 2463 2152 2532 diverso-

594 2565 747 2648 rum
784 2601 802 2650 :
835 2587 902 2648 et
931 2578 1083 2649 ideo
1115 2601 1240 2648 nec
1271 2579 1343 2647 in
1380 2601 1481 2658 se,
1526 2599 1651 2646 nec
1682 2576 1751 2644 in
1791 2576 1932 2643 suis
1972 2576 2155 2665 prin-

593 2688 788 2779 cipiis
823 2696 1113 2780 possunt
1171 2710 1279 2757 res
1334 2684 1448 2755 hic
1509 2685 1718 2755 simul
1751 2684 2005 2775 accipi:
2058 2682 2154 2751 ibi

1598 335 1675 400 1).
1732 334 1926 400 ALB.
1978 329 2195 398 MAG.

2247 329 2453 397 ORD.
2507 328 2800 397 PRAED.

2252 510 2479 567 autent
2520 501 2939 589 accipiuntur
2979 500 3048 565 in
3087 518 3167 565 eo
3209 490 3392 585 quod
3448 495 3549 555 est
3600 507 3784 553 sum-

2249 630 2436 673 mum
2491 616 2556 673 et
2608 608 2944 672 inlinitum
2988 607 3267 677 bonum,
3312 596 3492 690 quod
3531 602 3631 662 est
3667 592 3789 659 lux

2245 716 2636 805 plenissima
2667 716 2886 804 inqua
2920 714 3000 779 de
3025 734 3091 778 re
3122 709 3290 776 nihil
3330 709 3514 782 lutet,
3557 710 3790 773 contra

2247 827 2583 914 primum:
2622 820 2686 892 et
2736 826 2802 891 in
2852 844 2930 889 eo
2973 819 3156 910 quod
3204 826 3305 884 est
3339 819 3477 883 vita
3524 831 3789 881 summe

2246 935 2575 1014 reficiens,
2621 944 2852 1002 contra
2902 927 3276 998 secundum
3313 946 3327 993 :
3375 933 3441 991 et
3479 924 3548 989 in
3598 943 3677 989 eo
3720 920 3788 986 in

2245 1067 2378 1135 quo
2421 1044 2654 1110 onmia
2699 1040 2901 1108 simul
2941 1046 3123 1117 sunt,
3193 1041 3429 1102 contra
3481 1030 3781 1096 tertium.

2242 1154 2497 1220 Tamen
2529 1151 2700 1217 bene
2730 1147 3052 1224 concede,
3089 1143 3272 1235 quod
3301 1143 3358 1209 si
3389 1134 3788 1225 intelligibi-

2247 1261 2334 1329 lia
2351 1259 2858 1330 considerentur
2886 1258 2955 1322 in
2986 1254 3273 1344 propriis
3296 1247 3623 1329 essentiis,
3650 1264 3788 1310 non

2248 1374 2529 1462 accipiet
2559 1367 2937 1436 intellectus
2978 1364 3111 1431 duo
3153 1360 3356 1428 simul
3392 1380 3408 1426 :
3460 1356 3618 1446 quia
3658 1353 3792 1420 im-

2247 1479 2565 1574 possibile
2623 1486 2721 1546 est
2798 1473 3172 1564 intelligere
3253 1468 3548 1558 qualiter
3612 1483 3790 1531 unus

2250 1600 2436 1660 actus
2468 1591 2863 1659 terminetur
2908 1606 3111 1675 super
3156 1581 3318 1662 duo,
3361 1579 3535 1645 sicut
3590 1594 3793 1663 super

2254 1703 2419 1770 lines
2477 1722 2558 1767 ex
2601 1720 2794 1789 aequo
2851 1695 3315 1762 terminantes.
3372 1688 3460 1756 Et
3516 1707 3651 1752 non
3691 1689 3792 1750 est

2254 1813 2570 1879 instantia
2644 1812 2712 1877 in
2795 1804 3138 1873 intellectu
3226 1798 3785 1888 compositorum,

2255 1922 2577 2012 quoniam
2621 1916 2732 1983 illa
2786 1911 3210 1983 uniunturin
3270 1907 3786 1997 compositione,

2255 2054 2377 2100 nec
2406 2031 2829 2120 accipiuntur
2858 2035 2929 2092 ut
2969 2047 3052 2091 ex
3089 2043 3283 2112 aequo
3318 2015 3786 2086 terminantia:

2256 2140 2372 2208 sed
2401 2161 2614 2208 unum
2645 2137 2966 2226 accipitur
2994 2136 3062 2200 in
3095 2129 3330 2200 ordine
3352 2127 3436 2195 ad
3466 2125 3789 2194 alterum:

2258 2249 2434 2317 unde
2466 2270 2679 2316 unum
2721 2253 2921 2313 estut
2952 2242 3361 2330 subjectum,
3396 2235 3684 2304 alterum
3724 2239 3799 2299 ut

2258 2360 2472 2426 forma
2507 2379 2521 2423 :
2593 2354 2772 2423 unde
2845 2347 3303 2438 Philosophus
3370 2344 3555 2422 dicit,
3619 2337 3801 2430 quod

2260 2464 2462 2535 simul
2509 2465 2679 2534 scire
2742 2462 2935 2555 plura
3001 2477 3390 2551 possumus,
3416 2451 3800 2543 intelligere

2259 2598 2424 2645 vero
2456 2573 2764 2643 minime.
3825 2566 3832 2573 ’
