4897 6388
784 3759 981 3808 solutio.

1902 309 2071 401 mi
2121 283 2549 406 SENTENT.
2599 302 2830 375 DlsT.
2885 305 3009 386 lx,
3061 305 3148 386 D,
3201 306 3401 375 ΛΒΤ.
3455 307 3521 375 7.
3603 387 3609 392 ,

1096 484 1305 568 denti,
1340 486 1524 577 quod
1551 483 1667 552 illa
1704 481 2229 574 praedicamenta
2278 482 2439 550 artis
2497 478 2649 556 dia-

1097 591 1346 660 lecticae
1396 593 1468 658 in
1514 591 1737 658 Deum
1788 611 1926 658 non
1976 589 2223 657 cadunt
2258 613 2273 659 :
2313 594 2474 683 quia
2504 593 2648 684 ipse

1097 699 1277 767 Deus
1318 707 1419 767 est
1471 697 1800 788 quidquid
1841 696 2043 765 habet
2081 698 2264 788 quod
2312 698 2397 767 ad
2427 723 2501 768 se
2540 699 2649 767 di-

1094 806 1289 890 citur,
1334 814 1400 872 et
1425 804 1604 872 idem
1636 813 1738 872 est
1779 803 1872 871 ibi
1920 826 2151 896 sapere
2204 806 2387 896 quod
2443 828 2588 874 esse
2627 829 2644 876 z

1093 915 1279 1006 quod
1344 921 1571 983 autem
1630 913 1968 1005 significat
2040 914 2490 983 substantiam
2547 923 2647 983 est

1091 1020 1618 1100 substantivum,
1654 1030 1722 1090 et
1758 1043 1898 1088 non
1937 1021 2344 1109 adjectivum
2366 1021 2476 1090 vel
2502 1045 2645 1091 non

1090 1129 1419 1219 adjective
1479 1137 1816 1198 retentum
1851 1149 1868 1197 ε
1905 1151 2064 1220 ergo
2097 1129 2164 1196 in
2205 1127 2436 1198 divina
2466 1153 2645 1221 prae-

1091 1236 1426 1306 dicatione
1455 1235 1626 1303 nihil
1671 1243 1770 1304 est
1808 1234 2213 1326 adjectivum
2272 1237 2382 1306 vel
2413 1235 2644 1327 adjec-

1088 1346 1225 1415 tive
1255 1352 1620 1414 retentum.

1177 1455 1244 1520 2.
1265 1452 1462 1538 Item,
1487 1450 1770 1521 Boetius
1792 1452 1975 1538 dicit,
2003 1453 2187 1546 quod
2208 1462 2453 1523 caetera
2470 1477 2645 1545 prae-

1091 1559 1474 1628 dicamenta
1505 1567 1753 1652 praeter
1812 1561 2233 1644 relationem,
2282 1586 2437 1631 cum
2488 1562 2641 1654 quis

1093 1669 1161 1734 in
1192 1664 1499 1735 divinam
1540 1666 1846 1737 retulerit
1881 1668 2456 1760 praedicationem,
2491 1693 2641 1739 om-

1090 1774 1202 1842 nia
1234 1782 1584 1843 mutantur
1611 1776 1679 1844 in
1729 1775 2218 1845 substantiam:
2262 1799 2425 1868 ergo
2473 1801 2636 1868 pos-

1092 1889 1250 1950 sunt
1275 1881 1606 1972 adjective
1638 1884 1875 1953 teneri.

1184 2099 1515 2170 Ueranius
1552 2102 1884 2193 quaeritur
1929 2101 2124 2191 juxta
2170 2099 2360 2181 illud,
2405 2101 2632 2182 Quare

1091 2231 1370 2300 possum
1411 2209 1658 2295 dicere,
1693 2208 1894 2279 Pater
1936 2217 2003 2279 et
2040 2208 2249 2278 Filius
2288 2218 2446 2279 sunt
2485 2207 2636 2279 duae

1090 2338 1421 2408 personae,
1464 2325 1531 2386 et
1570 2316 1772 2386 Pater
1810 2325 1877 2386 et
1906 2316 2113 2386 Filius
2150 2326 2308 2385 sunt
2346 2317 2481 2387 duo
2517 2341 2532 2386 ε
2569 2327 2638 2388 et

1087 2445 1229 2491 non
1258 2446 1536 2516 possum
1576 2425 1825 2508 dicere,
1855 2422 2061 2494 Pater
2103 2432 2169 2494 et
2211 2423 2419 2493 Filius
2475 2435 2639 2495 sunt

1086 2532 1221 2601 duo
1277 2533 1396 2614 dii,
1451 2535 1562 2603 vel
1624 2533 1763 2602 duo
1838 2534 2172 2626 sapientes
2258 2535 2635 2604 secundum

1084 2640 1482 2734 quosdam?
1537 2638 1825 2711 Videtur
1875 2642 2055 2711 enim
2113 2643 2295 2734 quod
2350 2666 2635 2734 possum

1084 2747 1303 2819 dicere
1338 2771 1355 2816 τ
1392 2749 1551 2842 quia
1580 2749 1716 2819 duo
1747 2746 2076 2819 terminus
2105 2748 2475 2821 numeralis
2506 2761 2630 2836 est,

1084 2852 1418 2926 denotans
1482 2858 1799 2929 notiones
1857 2859 2100 2950 quibus
2185 2870 2638 2931 numerantur

1084 2985 1431 3068 personoe:
1468 2988 1631 3059 ergo
1671 2966 2033 3035 terminum
2070 2967 2464 3056 adjunctum
2503 2960 2633 3037 sibi

1083 3070 1265 3163 cogit
1296 3080 1473 3142 stare
1515 3096 1639 3165 pro
1671 3096 2001 3166 persona:
2046 3097 2206 3167 ergo
2253 3098 2409 3145 cum
2460 3071 2636 3145 dici-

1079 3190 1215 3263 tur,
1250 3179 1454 3252 Pater
1508 3191 1576 3252 et
1638 3181 1852 3251 Filius
1903 3191 2060 3252 sunt
2100 3182 2234 3253 duo
2263 3182 2382 3266 dii,
2434 3181 2632 3255 intel·

1080 3288 1314 3381 ligitur
1342 3290 1494 3359 duze
1535 3290 1784 3359 divinae
1840 3314 2196 3383 personaet
2259 3316 2421 3385 ergo
2471 3316 2631 3363 cum

1083 3399 1282 3469 Pater
1310 3409 1376 3469 et
1411 3400 1619 3468 Filius
1648 3409 1809 3470 sunt
1838 3401 1985 3470 duae
2025 3400 2271 3469 divinae
2293 3425 2630 3494 personae,

1081 3506 1283 3575 Pater
1316 3515 1379 3575 et
1414 3506 1623 3576 Filius
1652 3515 1811 3576 sunt
1851 3507 1986 3577 duo
2017 3508 2135 3594 dii,
2175 3519 2251 3578 ut
2288 3510 2583 3582 videtur.

1170 3721 1477 3790 Sourrto.
1516 3722 1677 3789 Sine
1707 3721 2097 3814 praejudicio
2127 3723 2302 3803 dico,
2337 3748 2419 3793 eo
2442 3725 2627 3816 quod

1079 3829 1188 3899 hic
1214 3831 1743 3901 sintmultorum
1774 3831 2005 3901 multae
2022 3834 2404 3924 opiniones,
2434 3835 2619 3928 quod

1079 3949 1211 4010 tres
1257 3939 1684 4011 diversitates
1732 3943 2171 4012 inveniuntur
2209 3945 2388 4014 circa
2426 3945 2619 4037 adje-

1074 4053 1277 4123 ctiva.
1320 4050 1748 4145 Quandoque
1783 4055 1965 4123 enim
2010 4053 2262 4123 habent
2299 4056 2428 4125 tria
2478 4064 2627 4125 tra·-

1075 4157 1308 4227 hentia
1327 4159 1411 4228 ad
1434 4158 1983 4251 adjectivitatem,
2017 4170 2082 4229 et
2109 4170 2372 4231 tantum
2406 4186 2623 4232 unum

1075 4266 1156 4334 ad
1189 4265 1664 4350 substantiam,
1709 4276 1774 4335 et
1816 4267 1943 4336 boc
1990 4270 2056 4336 in
2101 4268 2398 4338 divinis:
2462 4271 2625 4363 quia

1075 4382 1337 4442 tantum
1369 4373 1452 4442 de
1491 4374 1623 4442 illis
1664 4375 2059 4468 loquimur:
2102 4387 2166 4446 et
2209 4378 2623 4471 quandoque

1075 4480 1329 4550 habent
1385 4482 1520 4550 duo
1574 4491 1880 4552 tantum:
1934 4493 1998 4552 et
2046 4485 2455 4577 quandoque
2503 4486 2624 4555 ha-

1074 4585 1234 4656 bent
1273 4611 1485 4656 unum
1519 4587 1703 4680 quod
1733 4590 2170 4685 conjungitur
2209 4592 2479 4661 duobus
2509 4593 2619 4663 vel

1073 4697 1309 4776 tribuS‚
1353 4696 1743 4767 denotando
1790 4680 2244 4790 pluralitatem
2285 4725 2623 4793 persona-

1072 4827 1249 4884 rum,
1275 4803 1428 4873 licet
1461 4828 1595 4873 non
1626 4804 1821 4873 faciat
1856 4805 1937 4873 ad
1967 4806 2245 4875 modum
2268 4808 2612 4898 adjectivi,

1068 4921 1295 4981 tamen
1353 4912 1646 4980 multum
1692 4912 1852 4980 facit
1888 4912 1973 4980 ad
2032 4914 2428 4983 relationem
2487 4916 2617 4985 ad-

1054 5020 1288 5110 jectivi
1330 5019 1415 5088 ad
1453 5018 1581 5088 hoc
1620 5022 2048 5112 suppositum
2098 5022 2205 5091 vel
2258 5021 2424 5092 illud
2462 5048 2477 5092 :
2532 5049 2615 5095 ex

1063 5132 1209 5221 ipso
1238 5130 1419 5198 enim
1459 5131 1668 5199 scitur
1697 5141 1924 5199 utrum
1973 5140 2178 5223 ponat
2215 5126 2435 5222 ipsum
2489 5134 2615 5202 ad-

1053 5240 1381 5329 jectivum
1415 5261 1555 5305 rem
1593 5262 1788 5307 suam
1838 5240 2012 5308 circa
2060 5263 2448 5331 personam,
2502 5243 2613 5312 vel

1060 5346 1236 5413 circa
1274 5343 1753 5418 substantiam.
1799 5345 2001 5414 Verbi
2036 5350 2276 5439 gratia,
2319 5350 2609 5421 verbum

1059 5452 1495 5540 adjectivum,
1538 5450 1949 5542 adjectivum
2004 5466 2125 5535 est,
2186 5466 2248 5524 et
2297 5458 2612 5528 similiter

1058 5560 1489 5654 participium
1548 5570 1614 5629 et
1669 5584 1971 5632 nomen:
2031 5565 2146 5634 sed
2195 5566 2608 5657 adjectivum

1056 5666 1344 5737 verbum
1374 5676 1440 5737 et
1480 5669 1907 5760 participium
1938 5674 2062 5740 tria
2099 5672 2347 5743 habent
2375 5674 2458 5744 de
2493 5697 2609 5743 na-

4187 301 4316 402 233

2760 486 2913 547 tura
2936 479 3278 569 adjectivi,
3304 477 3555 546 scilicet
3580 475 3859 546 modum
3881 473 4310 568 significandi

2758 586 3198 666 inhaerentiae,
3243 594 3308 654 et
3355 586 3639 653 modum
3677 583 3872 652 illum
3910 607 4044 676 quo
4094 583 4314 675 signi-

2759 695 2964 761 ficant
2992 717 3219 784 agere,
3273 701 3338 761 et
3375 694 3581 761 etiam
3622 690 3903 760 modum
3939 690 4130 759 illum
4172 715 4307 782 quo

2756 802 3095 894 significat
3121 803 3411 871 verbum
3451 825 3608 871 cum
3638 807 3967 892 tempore,
4000 810 4065 870 et
4104 803 4308 870 etiam

2753 909 3216 1002 participium,
3259 910 3414 979 licet
3444 907 3671 978 minus
3692 911 3763 978 in
3794 916 4123 1000 quantum
4146 911 4310 980 vici-

2754 1021 2909 1088 nius
2949 1021 3257 1089 nomini:
3293 1019 3413 1088 sed
3460 1041 3714 1089 nomen
3762 1041 3900 1087 non
3940 1018 4145 1088 habe-t
4180 1020 4310 1087 nisi

2754 1119 2915 1209 du0,
2962 1128 3220 1198 scilicet
3257 1126 3851 1220 significationem,
3886 1134 3952 1195 et
3989 1127 4304 1197 modum:

2752 1239 3352 1331 significationem,
3397 1239 3557 1330 quia
3590 1261 3731 1306 rem
3761 1238 4209 1329 adjacentem,
4244 1247 4311 1307 et

2751 1369 2906 1437 quae
2954 1348 3133 1416 inest
3170 1345 3552 1438 significat:
3595 1354 3662 1414 et
3688 1347 3747 1413 si
3794 1343 3930 1414 non
3961 1353 4061 1413 est
4098 1347 4169 1413 in
4200 1345 4310 1414 di-

2749 1445 2953 1537 vinis,
2989 1462 3055 1523 et
3112 1477 3253 1522 non
3309 1448 3394 1521 ex
3448 1453 3713 1521 ratione
3773 1453 3876 1520 sui
3916 1451 4299 1544 significati,

2750 1562 2928 1631 sicut
2990 1561 3283 1631 dicimus
3350 1584 3497 1630 esse
3583 1549 3892 1653 quaedam
3971 1561 4304 1651 adjectiva

2748 1670 3249 1761 significatione
3301 1679 3370 1737 et
3424 1690 3566 1737 non
3608 1667 3840 1738 modo.
3892 1665 4099 1738 Modo
4171 1692 4302 1738 au·-

2748 1787 2914 1860 tem,
2967 1778 3128 1868 quia
3183 1768 3387 1845 e'tiam
3458 1775 3740 1844 modum
3793 1775 4100 1865 adjectivi
4169 1774 4300 1845 ha·-

2747 1885 2912 1954 bent
2967 1907 2983 1951 :
3048 1884 3209 1976 quia
3277 1905 3399 1974 per
3478 1881 3762 1952 modum
3844 1882 4297 1952 concretionis

2744 1988 3160 2081 significant,
3202 1997 3279 2056 ut
3325 2012 3481 2057 cum
3521 1982 3790 2070 dicitur,
3841 1987 4134 2080 sapiens,
4179 1987 4299 2058 bo-

2745 2086 2926 2178 nuS,⁶
2963 2106 3028 2167 et
3076 2094 3499 2189 hujusmodi.
3570 2095 3695 2166 His
3748 2121 4020 2190 quoque
4069 2099 4300 2190 jungi-

2745 2214 2857 2275 tur
2901 2228 3024 2299 per
3105 2206 3688 2297 compositionum
3736 2205 4123 2297 praepositio
4185 2204 4299 2274 de-

2745 2325 2995 2384 notans
3043 2315 3527 2384 correlationes
3565 2322 3870 2407 personae
3930 2312 4016 2383 ad
4071 2337 4298 2407 perso·
4388 2315 4402 2330 “

2745 2446 2934 2507 nam,
2967 2423 3144 2494 sicut
3180 2445 3338 2492 cum
3378 2421 3647 2508 dicitur,
3689 2431 4088 2509 coaeternus‚
4120 2446 4301 2493 cooe-

2749 2530 2997 2624 qualiS,
3060 2531 3170 2601 vel
3237 2533 3686 2625 aequipotens,
3756 2540 3822 2600 et
3909 2528 4300 2623 hujusmodi

2750 2640 3294 2734 praepositiones,
3357 2639 3471 2710 vel
3538 2640 3858 2711 adverbia
3909 2640 4161 2711 iaciunt
4217 2643 4299 2712 ad

2746 2751 2932 2843 quod
2974 2747 3138 2820 talia
3168 2749 3504 2841 adjectiva
3550 2751 3621 2820 in
3653 2759 3834 2820 recto
3872 2750 4105 2821 dicunt
4132 2775 4303 2844 sup-

2744 2860 2967 2952 posita
2996 2882 3476 2952 personarum,
3509 2869 3579 2929 et
3615 2861 3975 2929 essentiam
4021 2861 4092 2928 in
4121 2861 4300 2929 obli·

2743 2989 2910 3059 quo.
2952 2966 3125 3036 Dico
3157 2989 3351 3059 ergo,
3386 2966 3574 3059 quod
3601 2963 3809 3036 verba
3837 2975 3905 3036 et
3950 2967 4300 3060 participia

2743 3075 3068 3145 habentia
3099 3077 3225 3144 tria
3265 3075 3376 3144 vel
3415 3083 3707 3168 quatuor
3736 3076 3816 3145 de
3856 3076 4025 3159 istis,
4063 3100 4304 3146 secun-

2744 3183 2911 3254 dum
2951 3181 3375 3256 intellectum
3415 3184 3746 3255 viciniora
3783 3192 3942 3255 sunt
3990 3187 4299 3277 personis

2745 3317 2954 3387 quam
2996 3294 3357 3364 essentiae:
3406 3303 3488 3363 ·et
3528 3294 3679 3364 ideo
3729 3293 4181 3386 praedicantur
4216 3295 4299 3366 de

2743 3401 3056 3495 pluribus
3084 3400 3464 3494 pluraliter,
3496 3410 3574 3471 ut
3604 3400 3804 3471 Pater
3840 3410 3906 3472 et
3936 3402 4144 3471 Filius
4181 3427 4299 3472 sa-

2741 3512 2968 3604 piunt,
3025 3511 3278 3591 sciunt,
3339 3519 3652 3602 possunt,
3701 3519 3883 3592 sunt,
3924 3509 4189 3594 volunt,
4230 3521 4296 3582 et

2737 3615 3137 3708 hujusmodi
3170 3618 3405 3687 omnia
3433 3641 3450 3690 ε
3484 3628 3551 3687 et
3578 3618 3932 3711 participia
3958 3619 4295 3706 similiter,

2739 3734 2816 3795 ut
2855 3726 3060 3796 Pater
3097 3735 3165 3797 et
3202 3726 3415 3797 Filius
3463 3738 3625 3798 sunt
3660 3728 3974 3815 scientes,
4024 3730 4299 3821 sapien-

2740 3841 2868 3920 tes,
2934 3847 3151 3919 entes,
3211 3843 3522 3927 potentes
3557 3860 3573 3906 ε
3646 3838 3738 3906 ita
3802 3837 3986 3930 quod
4040 3861 4299 3907 unum-

2742 3942 3066 4037 quodque
3107 3942 3382 4014 illorum
3440 3946 3529 4014 sit
3574 3945 3998 4037 participium
4039 3947 4297 4038 princi-

2737 4048 2981 4142 paliter
3044 4059 3410 4122 retentum.
3464 4050 3544 4121 In
3615 4051 4005 4124 nominibus
4065 4064 4292 4123 autem

2735 4157 3012 4249 quando
3052 4157 3189 4229 duo
3223 4167 3490 4228 tantum
3528 4169 3711 4242 sunt,
3754 4183 4042 4252 quorum
4074 4184 4289 4230 unum

2734 4264 2939 4335 habet
2978 4265 3206 4337 solum
3256 4268 3541 4337 modum
3580 4267 3918 4359 adjectivi,
3973 4269 4290 4339 dixerunt

2732 4374 2999 4467 antiqui
3021 4374 3207 4467 quod
3236 4398 3377 4444 non
3397 4375 3721 4445 deberent
3747 4375 3878 4445 dici
3907 4375 3974 4446 in
4005 4375 4284 4470 plurali:

2733 4484 3046 4554 moderni
3078 4493 3307 4556 autem
3348 4485 3877 4568 considerantes,
3912 4488 4093 4581 quod
4125 4511 4290 4581 pro-

2730 4601 2883 4684 pter
2909 4592 3077 4662 illud
3103 4593 3329 4664 solum
3358 4592 3807 4664 substantiam
3837 4604 3904 4664 et
3926 4618 4286 4665 numerum

2731 4702 2975 4794 accipit
3041 4724 3082 4772 a
3138 4726 3456 4796 persona,
3522 4703 3793 4797 quando
3851 4706 4289 4798 conjungitur

2729 4812 2818 4893 ei,
2851 4810 3172 4882 dixerunt
3202 4814 3389 4905 quod
3424 4824 3710 4907 possunt
3738 4814 4086 4907 praedicari
4126 4816 4286 4909 plu-

2730 4918 2987 4991 raliter.
3020 4920 3169 5011 Ego
3199 4922 3402 4992 credo
3430 4922 3615 5015 quod
3643 4933 3951 5015 possunt,
3994 4923 4112 4994 sed
4153 4926 4286 4992 mi-

2729 5050 2859 5097 nus
2903 5033 3177 5123 proprie
3211 5053 3228 5102 ε
3283 5041 3351 5101 et
3388 5032 3542 5102 ideo
3591 5056 3728 5102 non
3778 5043 3935 5103 sunt
3974 5034 4139 5105 tales
4178 5034 4287 5106 lo-

2726 5139 3039 5209 cutiones
3069 5140 3540 5225 extendendae,
3573 5141 3692 5210 sed
3730 5143 4278 5234 interpretandae,

2727 5245 3005 5335 quando
3046 5248 3515 5317 inveniuntur.
3572 5238 3645 5317 Si
3694 5258 3920 5319 autem
3961 5251 4281 5342 cuiquam

2725 5352 3064 5441 adjectivo
3094 5358 3553 5448 conjungatur
3590 5357 3976 5449 praepositio
4006 5358 4116 5427 vel
4153 5359 4282 5427 ad-

2722 5463 3040 5533 verbium
3087 5475 3333 5536 notans
3390 5466 3908 5536 correlationem
3947 5490 4280 5558 persona-

2725 5594 2877 5639 rum
2921 5572 3009 5641 ad
3050 5574 3372 5657 invicem,
3415 5581 3576 5642 tunc
3603 5573 3858 5666 absque
3888 5573 4095 5644 dubio
4134 5598 4274 5646 non

2724 5677 2978 5749 debent
3016 5680 3145 5750 dici
3176 5682 3305 5749 nisi
3346 5679 3699 5771 pluraliter
3734 5680 3816 5751 de
3859 5672 4166 5775 pluribus
4202 5686 4274 5755 in
