4897 6388
641 327 765 395 13²

643 496 830 562 vitia.
867 495 1043 564 Nam
1072 497 1301 588 placet-⁵
1330 501 1501 568 mihi
1542 503 1724 592 quod
1766 500 1926 568 novi
1960 510 2027 568 et
2063 500 2200 567 dif-

651 602 862 670 tinitio
896 605 1056 695 quid
1089 607 1173 672 sit
1231 609 1779 697 intemperantia,
1843 617 1911 673 et
1941 606 2072 673 hoc
2103 613 2205 672 est

649 710 931 778 verbum
965 714 1132 801 ejus.
1166 714 1269 780 Ex
1299 714 1431 781 hoc
1461 715 1747 780 habetur
1784 714 1987 781 idem.

740 821 804 886 ὃ.
845 819 1130 908 Propter
1191 819 1321 886 lioc
1387 829 1545 886 sunt
1611 820 1721 886 alii
1793 821 1906 909 qui
1974 820 2207 887 dicunt

653 927 835 1017 quod
876 930 1003 995 ista
1034 918 1388 1017 aequalitas
1447 953 1585 996 non
1645 932 1969 1020 accipitur
2000 953 2205 1020 penes

657 1039 949 1103 rationes
1008 1058 1247 1103 eorum
1296 1061 1591 1127 quorum
1654 1042 2090 1106 meminimus
2141 1047 2206 1106 et

656 1165 805 1224 quae
836 1143 1280 1234 intelligimus
1312 1156 1379 1214 et
1409 1147 1730 1214 volumus
1760 1170 1774 1213 :
1805 1148 1964 1238 quia
1993 1145 2205 1213 multa

654 1251 1026 1318 secundum
1093 1245 1429 1321 rationem
1519 1256 1679 1321 mali
1736 1254 2201 1344 intelligimuS,

655 1358 768 1425 sed
830 1368 1060 1428 tamen
1110 1384 1243 1428 non
1302 1362 1673 1428 volumus:
1721 1363 1837 1428 sed
1886 1363 2210 1452 accipitur

656 1489 862 1555 penes
913 1477 1102 1535 actus
1155 1469 1440 1535 istarum
1494 1471 1948 1559 potentiarum
2008 1493 2210 1559 super

657 1574 969 1660 objecta:
1006 1574 1328 1642 volumus
1375 1579 1560 1644 enim
1622 1579 2010 1645 meminisse
2060 1602 2210 1644 ma-

657 1671 878 1747 lorum
910 1690 977 1749 et
1008 1682 1387 1773 intelligere
1420 1685 1600 1752 mala
1638 1711 1652 1752 ;
1687 1693 1751 1752 et
1780 1684 1909 1753 hoc
1950 1685 2214 1752 videtur

659 1791 868 1881 accipi
900 1790 986 1857 ab
1015 1793 1403 1882 Augustino
1444 1793 1515 1860 in
1565 1792 2077 1861 auctoritatibus
2105 1794 2215 1860 in-

663 1899 900 1966 ductis·
941 1897 1077 1967 Sed
1116 1909 1349 1966 contra
1408 1901 1539 1968 hoc
1595 1911 1693 1969 est
1742 1902 1926 1992 quod
1973 1903 2216 1992 Augu-

659 2006 876 2074 stinus
940 2005 1011 2072 in
1070 2005 1308 2073 eodem
1361 2006 1535 2075 libro
1585 2008 1655 2090 '¹,
1716 1997 2212 2100 aliquantulum

659 2123 893 2206 postea
917 2114 1075 2184 dicit
1092 2117 1187 2183 sic
1212 2137 1227 2182 ε
1254 2114 1501 2184 Melior
1521 2126 1623 2185 est
1644 2119 2041 2208 imaginatio
2073 2141 2219 2186 cor-

657 2223 844 2313 poris
874 2221 943 2288 in
963 2222 1194 2290 animo
1225 2209 1436 2312 quam
1459 2222 1570 2290 illa
1601 2225 1857 2314 species
1887 2227 2214 2314 corporiS,

662 2330 731 2396 in
762 2338 1094 2420 quantum
1134 2328 1284 2397 haec
1312 2330 1376 2397 in
1421 2330 1688 2399 meliori
1721 2341 1962 2400 natura
1990 2341 2114 2412 est,
2149 2332 2218 2400 id

665 2449 790 2523 est,
834 2440 903 2506 in
942 2439 1321 2508 substantia
1351 2440 1542 2508 vitali
1570 2443 1765 2509 sicuti
1789 2443 2058 2510 animus
2087 2452 2212 2511 est.

666 2546 751 2615 Et
778 2570 862 2616 ex
898 2545 1032 2616 hoc
1069 2548 1417 2639 accipitur,
1491 2550 1674 2640 quod
1724 2553 1790 2618 in
1831 2551 2071 2619 notitia
2113 2554 2220 2619 in-

664 2657 987 2725 feriorum
1028 2680 1167 2725 non
1198 2667 1300 2727 est
1337 2659 1688 2751 (equalitas
1724 2683 1739 2726 :
1788 2662 1948 2751 quia
1977 2662 2221 2730 melior

666 2774 768 2833 est
832 2766 1073 2834 notitia
1130 2789 1337 2857 quam
1391 2791 1495 2836 res
1555 2777 1714 2836 nota
1748 2791 1764 2836 ε
1799 2777 1865 2836 et
1914 2771 2006 2836 ita
2061 2792 2217 2838 cum

671 2873 1022 2963 aequalitas
1078 2874 1394 2964 exigatur
1467 2874 1552 2942 ad
1628 2877 2217 2967 imaginationem,

668 3002 804 3048 non
834 2983 960 3049 erit
991 2983 1217 3072 imago
1248 2985 1319 3049 in
1351 2984 1593 3052 notitia
1621 2983 1886 3053 talium.

762 3091 828 3155 6.
903 3087 1100 3170 lteni,
1168 3092 1619 3181 AugustinuS,
1694 3090 1951 3160 ibidem
1989 3116 2005 3161 ε
2049 3093 2218 3162 Cum

673 3197 891 3265 Deum
943 3200 1290 3283 novimus,
1352 3202 1668 3291 quamvis
1726 3200 2041 3269 meliores
2075 3203 2219 3269 elti-

674 3306 932 3374 ciamur
978 3331 1184 3398 quam
1243 3331 1518 3376 eramus
1573 3318 1940 3400 antequam
1982 3333 2223 3379 nosse-

670 3436 847 3490 mus»,
929 3414 1367 3504 maximeque
1445 3438 1601 3483 cum
1688 3419 1925 3484 eadem
1977 3418 2219 3485 notitia

668 3524 870 3589 etiarn
897 3522 1143 3613 placita
1173 3524 1513 3616 digneque
1554 3535 1779 3593 amata
1809 3528 2012 3595 etiam
2076 3549 2224 3593 ver-

669 3631 829 3696 bum
863 3638 989 3707 est,
1026 3632 1230 3722 litque
1270 3632 1499 3723 aliqua
1539 3633 1658 3701 Dei
1703 3634 2078 3701 similitudo
2112 3633 2222 3702 illa

674 3740 960 3807 notitia:
1000 3748 1226 3808 tamen
1280 3741 1555 3808 inferior
1596 3752 1721 3819 est,
1774 3744 1932 3833 qnia
1989 3744 2054 3808 in
2115 3744 2223 3808 in-

671 3846 896 3913 feriori
956 3857 1194 3915 natura
1256 3857 1379 3915 est.
1427 3849 1748 3916 Creatura
1790 3850 2038 3939 quippe
2068 3851 2222 3917 ani-

671 3976 850 4035 mus,
885 3958 1166 4025 Creator
1194 3968 1422 4026 autem
1457 3957 1639 4026 Deus
1660 3973 1705 4025 ².
1746 3960 1841 4027 Ex
1882 3959 2009 4028 lioc
2041 3962 2222 4028 acci-

671 4062 876 4151 pitur,
920 4063 1103 4152 quod
1144 4087 1267 4131 nec
1294 4065 1647 4154 aequalitas
1671 4067 1794 4132 ista
1833 4075 1931 4133 est
1966 4067 2031 4134 in
2074 4090 2221 4133 me-

673 4171 887 4236 moria
955 4178 1022 4238 et
1079 4171 1420 4238 intellectu
1499 4183 1565 4240 et
1618 4172 1969 4240 voluntate
2027 4173 2148 4241 Dei
2198 4197 2214 4241 :

668 4275 850 4366 quod
914 4283 1141 4343 tamen
1211 4279 1480 4344 videtur
1544 4303 1690 4347 esse
1741 4289 1976 4347 contra
2015 4304 2221 4372 supra

668 4383 1143 4453 determinata.

757 4498 822 4563 Ἰ.
858 4496 1056 4579 Item,
1090 4497 1541 4586 Augustinus,
1579 4498 1837 4566 ibidem
1870 4520 1885 4567 ε
1920 4499 2090 4565 Cum
2147 4522 2218 4565 se

672 4627 863 4672 mens
894 4605 1037 4695 ipsa
1102 4606 1288 4673 novit
1332 4616 1536 4697 atque
1594 4608 1951 4697 approbat,
1994 4607 2089 4674 sic
2119 4615 2217 4674 est

670 4710 904 4778 eadem
937 4713 1177 4778 notitia
1216 4712 1502 4780 verbum
1536 4714 1707 4802 ejnS,
1750 4723 1824 4781 ut
1873 4714 1933 4780 ei
1974 4714 2057 4780 sit
2099 4736 2222 4803 par

671 4820 951 4886 omnino
976 4830 1042 4888 et
1068 4819 1354 4909 a‘qnale,
1390 4820 1977 4912 atqueidentidem
2009 4843 2023 4889 ε
2060 4822 2217 4911 quia

672 4947 890 5014 neque
926 4926 1262 4993 inferioris
1293 4930 1602 4994 essentiae
1646 4929 1884 4996 notitia
1934 4935 2060 5008 est,
2097 4929 2221 4996 sic-

669 5042 743 5099 ut
776 5036 1079 5123 corporis
1110 5058 1125 5102 :
1165 5059 1384 5126 neque
1414 5037 1809 5127 superioriS,
1844 5038 2014 5104 sicut
2068 5037 2212 5104 Dei.

670 5139 940 5208 Etcum
992 5140 1235 5210 habeat
1288 5145 1528 5212 notitia
1577 5144 2093 5212 similitudinem
2134 5145 2216 5212 ad

667 5271 814 5314 eain
850 5272 991 5316 rem
1031 5272 1236 5339 quam
1282 5253 1499 5332 novit,
1547 5251 1673 5321 lioc
1706 5263 1830 5330 est,
1876 5255 2069 5342 cujus
2100 5276 2222 5320 no-

665 5355 813 5423 titia
851 5363 976 5437 est,
1031 5355 1174 5425 haec
1221 5357 1426 5427 habet
1457 5360 1821 5450 perfectam
1882 5370 1947 5428 et
1985 5383 2221 5451 aequa-

744 5604 759 5639 ¹
804 5599 860 5653 S.
894 5604 1261 5669 Aucus-risus,
1288 5602 1409 5659 Lib.
1447 5604 1516 5660 lx
1548 5604 1621 5660 de
1652 5608 1955 5669 Trinitate,
1980 5625 2107 5681 cap.
2136 5609 2219 5663 11.

740 5691 763 5727 ¹
790 5692 945 5762 inex,
978 5692 1224 5750 Ibidem.

1656 333 1740 401 D.
1798 334 1993 404 ALB.
2048 331 2262 402 MAG.

2319 332 2434 400 011
2447 332 2519 400 Ι).
2579 334 2875 405 PRAED.

2318 499 2482 576 lem,
2550 524 2684 589 qua
2744 525 2931 570 mens
2979 507 3122 592 ipsa
3153 494 3283 594 qua
3313 494 3503 572 novit
3529 513 3632 571 'est
3665 514 3854 575 nota.

2318 604 2613 694 Ideoque
2667 617 2733 673 et
2787 602 3122 698 imago'et
3174 612 3458 679 verbum
3514 619 3638 688 est,
3699 612 3860 699 quia

2317 710 2397 778 de
2429 711 2543 779 illa
2578 716 3004 803 exprimitur,
3048 741 3200 784 eum
3244 719 3716 810 cognoscendo
3757 720 3856 786 ei-

2316 818 2470 887 dem
2501 831 2917 911 cozequatur‚
2962 833 3027 889 et
3076 834 3176 890 est
3242 828 3543 915 gignenti
3600 826 3856 916 aequale

2319 928 2495 1016 quod
2529 929 2832 1018 genitum
2867 931 3032 997 est³.
3071 930 3171 997 Ex
3200 930 3329 999 hoc
3382 955 3695 1022 expresse
3733 931 3856 999 ha·

2315 1031 2532 1108 betur,
2570 1034 2750 1121 quod
2784 1036 2909 1100 ista
2939 1036 3285 1126 {equalitas
3317 1060 3447 1104 non
3491 1038 3859 1105 attenditur

2318 1139 2445 1204 nisi
2493 1141 2558 1204 in
2616 1142 2856 1207 notitia
2906 1151 2969 1208 et
3009 1147 3337 1212 memoria
3376 1152 3443 1211 et
3477 1145 3854 1222 voluntate,

2320 1266 2452 1333 qua
2483 1248 2674 1311 novit
2728 1269 2821 1321 se,
2864 1257 2929 1314 et
2970 1248 3280 1340 intelligit
3336 1274 3429 1327 se,
3466 1261 3531 1319 et
3570 1251 3717 1319 vult
3759 1274 3855 1331 se,
3959 1261 3968 1268 ’

2319 1360 2384 1417 et
2458 1351 2640 1441 quod
2715 1354 2940 1444 imago
2982 1357 3183 1423 etiam
3243 1380 3379 1424 non
3420 1366 3519 1425 est
3563 1360 3694 1425 nisi
3737 1359 3861 1425 ista

2318 1457 2879 1527 consideratione.

2408 1565 2472 1632 8.
2508 1563 2702 1643 Item,
2738 1568 3182 1657 Augustinus,
3229 1570 3293 1635 in
3362 1570 3599 1638 eodem
3639 1570 3855 1637 libro:

2322 1668 2624 1738 Verbum
2658 1675 2840 1762 quod
2894 1675 3240 1742 insinuare
3281 1676 3720 1759 intendimus,
3762 1688 3864 1747 est

2321 1803 2476 1848 cum
2543 1805 2776 1850 amore
2834 1785 3118 1852 notitia⁴
3163 1808 3179 1851 ε
3259 1809 3416 1854 cum
3465 1810 3627 1879 ergo
3671 1788 3863 1855 nulla

2322 1890 2560 1958 notitia
2590 1894 2968 1961 necessario
3000 1916 3230 1962 secum
3261 1894 3508 1963 habeat
3557 1918 3862 1965 amorem

2323 1998 2452 2064 nisi
2484 2020 2634 2066 cum
2678 2022 2750 2068 se
2808 2023 3000 2069 mens
3049 2003 3266 2081 novit,
3309 2001 3454 2072 haec
3512 2006 3864 2094 aequalitas

2322 2113 2588 2173 tantum
2658 2108 3049 2189 attenditur,
3093 2111 3365 2201 quando
3432 2135 3626 2180 mens
3673 2113 3865 2180 novit

2324 2214 2641 2303 seipsam.

2411 2321 2478 2387 9.
2525 2321 2888 2401 Praeterea,
2931 2323 3085 2392 Non
3134 2326 3358 2393 omnis
3400 2349 3596 2394 amor
3622 2326 3867 2395 sufficit

2325 2426 2408 2494 ad
2458 2429 2790 2511 rationem
2824 2430 3166 2522 imaginiS,
3201 2432 3321 2500 sed
3348 2442 3616 2524 oportet
3644 2457 3869 2525 aequa-

2324 2534 2458 2602 lem
2489 2558 2633 2604 esse
2665 2539 2968 2606 notitiae:
3007 2539 3133 2607 hoe
3165 2548 3394 2608 autem
3429 2563 3567 2609 non
3607 2551 3709 2610 est
3737 2543 3867 2611 nisi

2327 2645 2393 2709 in
2434 2645 2675 2712 notitia
2713 2646 2961 2713 mentis
2989 2669 3029 2712 a
3066 2649 3331 2738 seipsa:
3375 2671 3536 2740 ergo
3578 2672 3716 2716 non
3744 2649 3871 2716 de-

2325 2751 2439 2817 bet
2467 2752 2678 2842 accipi
2720 2763 3021 2843 respectu
3076 2754 3637 2845 cognoscibilium
3694 2756 3872 2825 alio-

2328 2883 2504 2926 rum.

2419 3090 2724 3160 Somno.
2794 3091 3194 3171 Dicendum,
3254 3093 3433 3183 quod
3495 3094 3863 3179 imaginem

2328 3199 2463 3267 duo
2519 3199 2898 3289 perficiunt,
2964 3202 3217 3270 scilicet
3271 3212 3461 3270 actus
3556 3202 3861 3270 imitandi

2327 3309 2696 3399 exemplar,
2739 3322 2803 3378 et
2833 3312 3224 3402 aequalitas:
3269 3323 3337 3380 et
3375 3312 3599 3404 quoad
3637 3321 3861 3380 actum

2331 3415 2632 3483 imitandi
2719 3419 2937 3508 magis
2994 3428 3092 3486 est
3158 3420 3387 3510 imago
3491 3421 3556 3487 in
3628 3421 3867 3488 notitia

2326 3524 2466 3589 veri
2507 3534 2570 3591 et
2612 3522 2774 3590 boni
2806 3525 2987 3614 quod
3027 3525 3205 3593 Deus
3233 3535 3357 3604 est,
3390 3549 3595 3617 quam
3636 3528 3706 3593 in
3733 3548 3868 3593 no-

2328 3632 2472 3698 titia
2512 3635 2653 3700 veri
2686 3641 2749 3698 et
2782 3632 2940 3699 boni
2974 3633 3154 3723 quod
3195 3656 3389 3702 mens
3418 3642 3552 3702 est:
3598 3635 3758 3725 quia
3799 3635 3866 3700 in

2329 3739 2507 3806 illius
2582 3740 2820 3807 notitia
2862 3749 3012 3806 actu
3073 3740 3453 3810 intellectus
3499 3743 3867 3831 conjungi-

2331 3858 2462 3923 tur,
2506 3846 2573 3914 in
2609 3848 2736 3915 isto
2767 3858 2992 3915 autem
3026 3870 3163 3915 non
3211 3846 3416 3916 habet
3472 3849 3690 3916 Deum
3732 3849 3859 3916 nisi

2328 3958 2499 4022 sicut
2533 3956 2598 4022 in
2621 3954 2920 4046 speculo.
2950 3955 3022 4022 Si
3049 3978 3212 4022 vero
3233 3956 3618 4023 attendatur
3645 3978 3869 4046 oequa·

2329 4062 2479 4130 litas
2510 4062 2825 4153 imaginis
2865 4085 3014 4153 quoe
3045 4062 3152 4131 hie
3196 4065 3656 4155 principaliter
3701 4087 3867 4154 pro-

2328 4170 2549 4248 batur,
2580 4178 2741 4237 tunc
2761 4171 3131 4237 secundum
3155 4169 3640 4260 Augustinum‚
3668 4194 3869 4262 opor-

2327 4287 2415 4345 tet
2455 4278 2703 4358 dicere,
2775 4278 2954 4367 quod
3013 4278 3236 4346 adhuc
3301 4278 3567 4347 dnobus
3642 4279 3863 4348 modis

2324 4395 2544 4477 potest
2631 4385 2886 4454 attendi
2962 4409 2976 4452 :
3066 4397 3183 4454 aut
3255 4389 3434 4454 enim
3512 4388 3864 4479 aequalitas

2323 4494 2649 4584 accipitur
2684 4517 2891 4585 penes
2936 4503 3123 4561 actus
3181 4494 3600 4585 egredientes
3656 4520 3694 4565 a
3733 4520 3863 4587 po-

2322 4603 2549 4670 tentiis
2605 4625 2810 4693 super
2862 4600 3125 4690 objecta
3171 4612 3460 4682 tantum,
3502 4615 3620 4671 aut
3659 4628 3863 4696 penes

2322 4712 2667 4799 objectum
2696 4722 2759 4779 et
2790 4714 3187 4803 potentiam.
3235 4712 3307 4780 Si
3360 4715 3577 4803 primo
3626 4715 3862 4792 inodo,

2322 4828 2480 4887 tunc
2519 4829 2616 4886 est
2667 4819 3018 4909 aequalitas
3068 4822 3135 4886 in
3192 4821 3580 4909 cognitione
3633 4819 3750 4887 Dei
3797 4830 3863 4887 et

2321 4928 2426 4993 sui
2456 4948 2470 4992 :
2508 4927 2670 5016 quia
2701 4937 3031 5016 quantum
3067 4926 3148 4994 de
3179 4925 3325 4993 Deo
3358 4927 3461 4995 vel
3508 4926 3589 4994 de
3628 4950 3699 4995 se
3753 4951 3864 4996 co-

2326 5032 2592 5122 gnoscit
2625 5034 2750 5099 ista
2779 5033 3195 5122 cognitione,
3239 5040 3500 5099 tanturn
3534 5043 3716 5101 amat
3752 5057 3768 5102 ε
3797 5042 3864 5102 et

2322 5148 2655 5227 quantum
2723 5148 2931 5216 amat,
3005 5147 3264 5206 tantum
3321 5142 3668 5231 cognoscit
3749 5141 3864 5210 illa

2320 5248 2709 5337 cognitione
2750 5251 2817 5315 in
2852 5247 3109 5313 ratione
3143 5248 3429 5315 naturali
3465 5247 3546 5316 de
3586 5249 3865 5339 qua-lo-

2323 5356 2618 5443 quimur.
2667 5354 2737 5420 Si
2799 5362 3022 5421 antem
3075 5353 3457 5421 attendatur
3512 5355 3863 5445 aequalitas

2391 5603 2414 5639 ⁸
2443 5604 2594 5674 luza,
2626 5601 2871 5659 Ibidem.

2396 5694 2419 5729 ⁴
2446 5701 2600 5768 lanx,
2631 5694 2876 5762 ibidem,
2910 5693 3030 5751 Lib.
3062 5694 3157 5761 lx,
3188 5708 3316 5767 cap.
3352 5696 3439 5755 ¹0.

3946 3122 4149 3170 Solonio.
