4897 6388
379 1920 687 2021 ”tssfflss‘t‘t‘

399 2027 685 2073 conditioni·

1737 329 1818 398 Ι).
1873 331 2071 423 ALB.
2123 331 2555 402 MAGoRo.
2653 334 2951 403 PRAEo.

1825 957 2528 1055 DISTINCTIO
2598 959 2846 1054 VIII.

941 1345 1029 1416 A.
1076 1342 1201 1417 De
1241 1344 1565 1419 veritate
1604 1351 1678 1418 ct
1692 1345 2164 1443 proprietate
2185 1350 2259 1417 et
2295 1343 3061 1420 incommutabilitate
3100 1353 3173 1421 ct
3204 1346 3704 1446 simplicitate

2042 1477 2388 1551 essentiae
2413 1477 2592 1553 Dei.
2917 1478 2924 1485 '

828 1924 895 1998 N
906 1949 1054 2000 unc
1086 1926 1181 2001 de
1203 1924 1525 1999 veritate
1550 1924 1712 1999 sive
1738 1924 2195 2022 proprietate
2211 1921 2373 1999 sive
2398 1924 3166 2036 incommutabilitate
3188 1934 3421 2024 atque
3445 1927 3936 2027 simplicitate

408 2078 498 2124 tm
525 2081 677 2127 rans-
735 2058 1021 2133 divinae
1055 2057 1569 2152 naturze,sive
1601 2058 2049 2133 substantia*
2082 2059 2245 2135 sive
2277 2059 2634 2134 essentiae
2661 2059 3046 2156 agendum
3079 2068 3218 2135 est.
3247 2062 3381 2136 Est
3410 2061 3669 2160 itaque
3696 2064 3933 2156 DeuS,

380 2135 491 2179 tatia
517 2143 566 2176 et
607 2136 702 2179 uni·

466 2189 596 2237 mit.

734 2205 817 2268 ut
846 2195 954 2269 ait
980 2192 1464 2291 Augustinus
1495 2194 1571 2267 in
1601 2193 1793 2268 libro
1821 2193 1885 2265 V
1916 2193 2008 2269 de
2047 2193 2441 2281 Trinitate,
2475 2193 2641 2269 sine
2666 2192 3142 2270 dubitatione
3175 2196 3636 2289 substantia,
3695 2200 3819 2273 vel
3871 2200 3936 2274 si

728 2331 1009 2406 melius
1043 2333 1190 2406 hoc
1222 2329 1687 2428 appellatur,
1723 2327 2055 2402 essentia
2075 2327 2317 2403 Graeci
2343 2337 2549 2401 οὑσιαν
2571 2322 2915 2402 vocant¹.
2953 2328 3170 2403 Sicut
3195 2329 3400 2403 enim
3438 2330 3533 2404 ab
3567 2354 3658 2406 eo
3721 2334 3931 2429 quod

722 2475 838 2542 est
858 2462 1355 2564 saperejdicta
1384 2472 1503 2538 est
1531 2462 1935 2561 sapientia,
1970 2461 2155 2537 etab
2177 2484 2268 2537 eo
2307 2461 2512 2559 quod
2545 2474 2659 2538 est
2688 2463 2882 2537 scire
2913 2462 3117 2539 dieta
3137 2472 3253 2539 est
3292 2463 3618 2539 scientia
3656 2490 3673 2541 :
3705 2466 3810 2541 ita
3832 2468 3928 2542 ab

720 2623 811 2675 eo
845 2599 1051 2699 quod
1093 2608 1210 2674 est
1248 2620 1421 2672 esse
1462 2595 1663 2671 dicta
1694 2606 1814 2672 est
1852 2595 2207 2671 essentia.
2242 2595 2529 2694 thuis
2556 2575 2796 2695 magis
2834 2606 2975 2693 est,
3011 2619 3244 2696 quam
3277 2598 3407 2674 ille
3439 2599 3573 2698 qui
3605 2599 3794 2674 dixit
3834 2602 3935 2676 ia-

722 2736 932 2809 mulo
967 2758 1110 2810 suo
1149 2734 1368 2832 :lisso
1415 2756 1589 2807 sum
1620 2732 1758 2830 qui
1778 2756 1949 2806 sum
1995 2714 2012 2805 ὲ
2055 2741 2155 2826 et,
2193 2729 2330 2806 Sic
2382 2730 2589 2806 dices
2623 2729 2815 2829 siliis
2851 2732 3152 2808 Israel:
3184 2733 3340 2825 Qui
3387 2741 3518 2823 est,
3559 2736 3769 2812 misit
3804 2760 3928 2811 me

719 2870 976 2946 advos
1005 2862 1054 2942 ².
1100 2870 1275 2968 Ipse
1312 2890 1497 2942 vere
1530 2891 1619 2941 ac
1645 2865 1948 2965 proprie
1976 2865 2252 2940 dicitur
2282 2866 2635 2959 essentia,
2669 2865 2894 2964 eujus
2922 2867 3259 2943 essentia
3298 2891 3455 2943 non
3489 2870 3707 2944 novit
3738 2895 3931 2968 prm-

717 3004 1031 3080 teritum
1072 3003 1196 3078 vel
1232 3003 1605 3078 futurum.
1658 2999 1872 3076 Unde
1914 2999 2431 3100 Hieronymus
2461 2999 2554 3074 ad
2586 3000 3006 3075 Damasum
3039 3001 3389 3077 scribens
3419 3003 3468 3094 ³,
3496 3003 3604 3077 ait
3646 3027 3664 3079 ε
3712 3004 3927 3079 Deus

711 3141 951 3234 soluS,
998 3137 1129 3237 qui
1164 3135 1568 3212 exordium
1618 3158 1767 3209 non
1813 3133 2067 3227 habet,
2126 3156 2331 3209 verm
2371 3133 2726 3209 essentia}
2769 3157 3049 3211 nomen
3099 3143 3303 3212 tenet
3341 3136 3584 3236 :quia
3622 3136 3698 3212 in
3749 3138 3923 3237 ejus

704 3273 1286 3374 comparatione
1328 3271 1464 3369 qui
1520 3294 1701 3347 vere
1760 3279 1901 3358 est,
1937 3268 2118 3368 quia
2159 3268 2811 3345 incommutabilis
2861 3281 3029 3345 est:
3063 3271 3284 3369 quasi
3334 3295 3489 3345 non
3524 3272 3678 3347 sint
3736 3296 3914 3371 qua}

700 3410 1105 3487 mutabilia
1135 3417 1343 3482 sunt.
1389 3407 1503 3482 De
1544 3429 1700 3504 quo
1739 3404 1945 3480 enim
1987 3403 2266 3478 dicitur
2300 3402 2485 3501 suit,
2530 3427 2684 3477 non
2725 3411 2842 3478 est
2883 3431 2899 3477 ι
2946 3414 3023 3479 et
3058 3404 3152 3480 de
3203 3428 3358 3503 quo
3414 3406 3694 3481 dicitur
3729 3408 3904 3498 erit,

695 3545 1042 3621 nondum
1086 3553 1225 3619 est.
1260 3542 1471 3617 Deus
1504 3552 1760 3616 autem
1798 3548 2086 3614 tantuin
2121 3550 2261 3632 est,
2297 3537 2427 3637 qui
2471 3562 2625 3614 non
2654 3538 2870 3612 novit
2900 3538 3134 3615 tuisse
3163 3542 3287 3615 vel
3320 3541 3661 3616 futurum
3698 3565 3896 3619 esse.

694 3682 925 3757 Solus
955 3705 1142 3776 ergo
1177 3680 1390 3755 Deus
1430 3701 1611 3753 vere
1660 3685 1770 3750 est
1819 3700 1835 3750 ε
1879 3674 2100 3773 cujus
2147 3673 2499 3749 essentiae
2531 3683 3057 3772 comparatum
3107 3684 3455 3750 nostrum
3498 3698 3694 3767 esse,
3741 3701 3895 3752 nou

692 3828 835 3894 est.

1187 4387 1428 4433 mvtsto
1479 4385 1748 4430 Tenes·

790 4611 823 4650 α
866 4587 1066 4654 Nunc
1103 4582 1187 4649 de
1222 4582 1506 4648 veritate
1532 4579 1673 4645 sive
1707 4575 2127 4668 proprietate
2180 4582 2244 4639 et

702 4689 1427 4765 incommutabilitate,
1455 4695 1583 4754 etc.
1632 4712 1666 4747 n

790 4799 916 4867 llic
978 4799 1209 4888 incipit
1259 4796 1454 4864 terlia
1504 4816 1660 4885 pars
1710 4791 1887 4859 illius
1925 4797 2243 4858 tractatus

703 4908 785 4975 de
824 4909 1263 4998 generatione
1313 4904 1493 4972 Filii.
1539 4902 1711 4970 Cum
1760 4900 1942 4968 enim
1984 4900 2050 4964 in
2091 4921 2246 4964 om-

701 5019 766 5083 ni
815 5017 1250 5105 generalione
1300 5014 1386 5080 sit
1440 5011 1732 5079 essentia
1771 5008 1999 5097 aliquo
2038 5004 2242 5071 modo

701 5123 1058 5210 conjuncta
1093 5121 1323 5211 genito
1356 5142 1393 5185 a
1426 5124 1815 5207 generante,
1839 5121 2065 5203 posset
2094 5134 2245 5178 cre-

702 5230 766 5297 di
844 5253 988 5298 esse
1064 5228 1281 5296 divisa
1354 5250 1476 5317 per
1559 5222 2243 5292 communicationem

700 5345 964 5403 aeternae
1013 5333 1474 5425 generationis
1510 5353 1525 5397 ε
1563 5340 1629 5398 et
1665 5339 1827 5396 tunc
1882 5349 2016 5393 non
2071 5333 2245 5391 esset
2299 5404 2307 5415 ³

773 5597 790 5631 ¹
823 5598 879 5652 S.
906 5601 1276 5662 Aer-rsrixrs,
1308 5595 1432 5652 Lib.
1466 5597 1506 5651 V
1539 5595 1611 5650 de
1641 5593 1947 5657 Trinitate,
1976 5608 2102 5661 cap.
2133 5593 2187 5645 2.

767 5682 792 5718 ¹
822 5681 1001 5739 Exod.
1033 5700 1117 5748 ιιι,
1152 5685 1237 5738 ¹4.

2349 4142 2946 4228 incommutabilis»,
3017 4166 3140 4213 nec
3226 4145 3572 4236 simplex:
3632 4153 3697 4212 et
3747 4147 3898 4215 ideo

2349 4252 2693 4318 inducitur
2765 4250 2877 4321 hic
2928 4252 3011 4320 de
3079 4255 3247 4331 istis„
3298 4264 3374 4322 ut
3413 4257 3708 4323 sciamus
3755 4279 3894 4324 non

2348 4383 2497 4427 esse
2550 4355 2990 4441 divisam,’et
3040 4372 3268 4431 tamen
3317 4367 3892 4434 communicatam

2352 4469 2421 4535 in
2456 4477 2824 4558 generante
2863 4477 2928 4535 et
2976 4468 3237 4558 genito.
3280 4471 3624 4540 Dividitur
3671 4482 3898 4541 autem

2349 4578 2479 4643 ista
2527 4575 2867 4643 distinctio
2895 4578 2977 4645 ,in
3035 4584 3169 4645 tres
3200 4587 3451 4669 parteS‚
3486 4581 3555 4647 in
3602 4603 3893 4671 quarum

2350 4685 2571 4775 prima
2601 4685 2742 4774 agit
2782 4682 2865 4750 de
2892 4684 3177 4753 veritate
3228 4695 3295 4754 et
3338 4689 3747 4776 proprietate
3788 4710 3896 4755 es-

2348 4791 2582 4858 sentia·
2615 4790 2885 4858 divium.
2922 4790 2998 4857 In
3030 4792 3325 4860 secunda
3372 4802 3601 4861 autem
3642 4796 3781 4885 agit
3812 4794 3893 4862 de

2351 4898 3034 4966 incommutabilitate
3061 4900 3392 4988 ejusdem,
3427 4899 3546 4979 ibi,
3587 4900 3662 4985 C,
3707 4903 3898 4970 «Dei
3991 4918 4000 4927 ·

2352 5015 2581 5072 autem
2637 5006 2854 5073 solius
2890 4992 3202 5088 essentia,
3261 5016 3388 5075 etc.
3450 5034 3483 5069 n
3540 5005 3617 5074 ln
3675 5011 3892 5090 tertia,

2352 5112 2493 5201 agit
2572 5112 2654 5179 do
2720 5112 3147 5204 simplicitate
3223 5113 3531 5201 ejusdem
3605 5115 3724 5192 ibi,
3808 5116 3890 5192 D,

2351 5219 2616 5286 Eadem
2692 5242 2959 5311 quoquc
3025 5221 3178 5287 sola
3228 5224 3511 5312 proprie
3569 5246 3649 5290 ac
3699 5248 3891 5310 pere,

2353 5336 2480 5393 etc.
2520 5352 2553 5391 w

2422 5589 2443 5623 ³
2476 5589 2532 5643 S.
2586 5588 2961 5654 limans-rurs,
3003 5586 3184 5657 Epist.
3217 5586 3291 5642 ad
3343 5588 3681 5656 Damasum,
3728 5587 3900 5659 cujus

2351 5677 2590 5732 initium
2622 5682 2731 5745 est,
2762 5677 3028 5741 Quoniam
3067 5682 3295 5731 vetusto.
