4897 6388
788 3508 987 3555 Salano.

720 3925 819 3988 :Ad
847 3926 1022 3985 obj-et.

1852 375 1947 441 IN
1995 375 2023 440 l
2073 373 2497 444 SENTENT.
2550 373 2778 441 DIST.
2833 375 3091 454 X-'VIIL
3145 377 3219 459 F,
3267 377 3463 445 ΛΒΤ.
3508 379 3573 444 6.

1091 545 1315 615 adhuc
1354 570 1494 615 non
1532 546 1811 614 tollatur
1852 547 2020 612 ratio
2051 547 2282 612 aeterni
2319 565 2335 613 ε
2380 545 2636 612 donum

1089 663 1318 723 autem
1352 656 1557 724 habet
1597 655 1928 723 rationem
1973 656 2230 735 aeterni,
2275 655 2431 743 quia
2474 676 2642 720 con-

1089 765 1277 830 venit
1344 761 1431 830 ab
1502 769 1755 830 aeterno
1801 783 1816 829 :
1871 784 2032 851 ergo
2109 762 2399 837 videtur,
2456 759 2640 851 quod

1090 893 1231 937 non
1262 893 1342 937 eo
1374 870 1635 937 dicatur
1653 869 1938 949 donum,
1974 871 2132 959 quia
2172 869 2455 935 daturus
2496 877 2639 936 erat

1088 979 1159 1044 in
1201 987 1534 1068 tempore.
1581 976 1653 1044 Si
1687 987 1758 1045 tu
1787 977 1994 1054 (11005,
2033 977 2215 1068 quod
2255 987 2414 1045 tnnc
2443 977 2638 1066 ponit

1090 1085 1537 1175 aptitudinem
1586 1085 1671 1153 ad
1729 1094 2103 1154 creaturam
2174 1108 2322 1175 quae
2411 1093 2640 1174 posset

1088 1215 1260 1271 esse,
1296 1192 1451 1261 licet
1482 1216 1621 1261 non
1651 1195 1779 1262 erit
1812 1216 1826 1261 ε
1864 1217 2043 1285 pono
2077 1203 2260 1275 tunc,
2297 1192 2477 1284 quod
2514 1216 2636 1260 nec

1085 1305 1302 1394 possit
1327 1325 1472 1372 esse
1503 1314 1809 1372 creatura
1835 1328 1849 1370 :
1876 1304 2095 1372 adhuc
2125 1306 2306 1371 enim
2348 1305 2473 1371 erit
2504 1303 2636 1370 dis-

1085 1413 1321 1480 tinctio
1362 1435 1807 1503 personarum
1838 1437 1853 1480 :
1889 1423 1955 1482 et
1985 1416 2071 1480 ita
2103 1415 2378 1502 spiritus
2403 1434 2636 1502 proce-

1081 1521 1180 1589 dit
1224 1523 1290 1588 in
1324 1522 1582 1590 ratione
1614 1522 1801 1600 doni,
1847 1523 1902 1590 si
1920 1522 2001 1589 ab
2024 1531 2275 1590 aeterno
2308 1523 2633 1590 convenit

1082 1631 1143 1696 ei
1176 1629 1433 1697 donum
1477 1651 1645 1697 esse.

1171 1735 1236 1801 5.
1270 1731 1438 1800 Item
1472 1732 1802 1821 objiciunt
1824 1734 2126 1825 quidam,
2153 1735 2335 1825 quod
2367 1734 2629 1802 donum

1080 1842 1136 1909 si
1168 1840 1328 1908 dicit
1359 1839 1664 1908 ordinem
1697 1841 1780 1909 ad
1820 1851 2223 1923 creaturam,
2267 1865 2430 1932 ergo
2471 1866 2632 1910 con-

1081 1954 1272 2015 notat
1301 1946 1614 2015 effectum
1657 1948 2114 2038 potentialiter
2163 1950 2230 2016 in
2272 1957 2623 2018 creatura:

1079 2077 1243 2144 ergo
1291 2054 1631 2145 significat
1675 2054 1976 2123 divinam
2028 2057 2415 2134 essentiam,
2469 2058 2628 2148 quia

1071 2159 1315 2252 regula
1353 2168 1478 2239 est,
1522 2161 1705 2252 quod
1742 2164 1966 2230 omnis
2015 2163 2217 2231 dictio
2249 2173 2627 2232 connotans

1079 2269 1453 2338 ellectum
1438 2293 1504 2338 ιιι
1554 2280 1859 2339 creatura
1917 2271 2250 2362 significat
2324 2272 2624 2339 divinam

1077 2380 1466 2447 essentiam
1496 2379 1578 2446 Et
1606 2379 1754 2447 501)
1761 2387 1880 2447 unt
1912 2381 1994 2447 ad
2020 2380 2146 2448 hoe
2170 2380 2356 2471 quod
2385 2403 2623 2447 verum

1075 2495 1179 2554 051
1221 2486 1302 2554 (10
1352 2487 1879 2555 connotantibus
1943 2488 2281 2558 effectum.
2353 2512 2491 2556 non
2559 2490 2625 2555 in

1076 2595 1407 2686 potentia,
1442 2595 1559 2663 sed
1591 2597 1657 2663 in
1689 2604 1869 2663 actu.

1169 2702 1301 2771 San
1332 2725 1624 2772 coxraA:
1667 2706 1876 2793 Cujus
1916 2715 2013 2774 051
2043 2715 2230 2773 actus
2263 2708 2625 2774 creationis

1075 2811 1356 2879 effectus
1376 2812 1443 2878 in
1465 2818 1798 2895 creatura,
1821 2812 2120 2900 ejusdem
2154 2822 2251 2880 051
2274 2815 2577 2903 potentia
2602 2836 2618 2880 ε

1075 2917 1194 2986 5οἀ
1233 2926 1423 2986 actus
1453 2927 1557 2988 est
1576 2921 2030 2987 communiter
2067 2921 2271 2987 trium
2307 2941 2322 2987 ε
2359 2943 2523 3010 ergo
2554 2931 2618 2987 01

1073 3025 1422 3116 potentia:
1466 3048 1629 3115 ergo
1670 3012 1931 3094 ratione
1961 3026 2216 3094 ordinis
2246 3026 2350 3094 vel
2385 3037 2619 3117 poten-

1078 3132 1186 3201 tiae
1216 3131 1486 3200 videtur
1523 3131 1590 3224 1)·
1644 3132 1899 3201 donum
1954 3135 2331 3225 significari·
2388 3156 2620 3202 essen·

1076 3242 1270 3319 tiam,
1313 3250 1375 3309 01
1418 3263 1554 3309 non
1595 3263 1974 3332 personam.

1174 3457 1479 3525 Somno.
1515 3457 1676 3526 Sine
1709 3457 2090 3549 praejudicio
2129 3459 2306 3540 (1100,
2341 3457 2522 3548 quod
2552 3458 2620 3549 1)·

1082 3567 1334 3634 donum
1379 3589 1513 3633 non
1544 3566 1878 3655 significat
1900 3567 2021 3633 nisi
2053 3568 2378 3633 ratium-in
2409 3567 2620 3657 Spiri-

1082 3686 1189 3743 tus
1220 3674 1430 3741 sancti
1468 3696 1482 3740 :
1518 3682 1580 3741 01
1621 3673 1747 3742 hoc
1795 3673 1945 3741 dico
2010 3674 2403 3764 simpliciter
2456 3698 2619 3741 cun-

1079 3786 1434 3855 sentiendo
1500 3787 1905 3877 Augustino.

1167 3893 1273 3960 Ao
1318 3915 1587 3960 omnem
1645 3902 1872 3959 autem
1923 3891 2270 3967 solvenda,
2317 3916 2353 3957 a
2406 3891 2622 3982 pluri-

1078 4006 1207 4073 bus
1239 4001 1696 4096 glossantibus
1727 4003 1949 4072 locum
1993 4006 2192 4070 istum
2219 4006 2491 4071 inventa
2524 4014 2618 4071 051

1078 4112 1230 4180 talis
1269 4112 1633 4187 distinctio,
1679 4110 1859 4200 quod
1911 4110 1976 4201 1)·
2032 4112 2284 4178 domem
2361 4111 2622 4179 dicatur

1071 4220 1450 4312 tripliciter.
1500 4219 1648 4286 l'no
1709 4218 1940 4300 modo,
1999 4218 2178 4309 quod
2247 4243 2381 4286 non
2443 4220 2616 4287 dicat

1074 4329 1201 4395 nisi
1238 4336 1611 4417 respectum
1653 4324 1736 4392 ad
1779 4324 2045 4391 Patrem
2069 4335 2129 4391 01
2170 4325 2438 4392 Filium.
2488 4328 2618 4393 Sc-

1068 4434 1293 4504 cundo
1335 4434 1566 4516 modo,
1610 4443 1683 4501 ut
1732 4433 1930 4501 addat
1971 4458 2172 4525 super
2233 4444 2612 4525 respectum

1068 4544 1261 4613 illum
1293 4544 1597 4611 ordinem
1632 4542 1713 4610 ad
1746 4552 2010 4633 tempus
2033 4544 2098 4609 in
2121 4567 2258 4634 qno
2288 4543 2428 4610 dari
2465 4567 2617 4634 pos-

1065 4655 1175 4718 sit.
1218 4651 1443 4719 'l'crtio
1477 4648 1705 4726 mode,
1763 4658 1829 4714 ut
1875 4671 2075 4738 super
2118 4662 2494 4740 respectum
2550 4659 2613 4716 01

1068 4760 1376 4828 ordinem
1426 4756 1622 4824 addat
1666 4765 1889 4823 actum
1924 4779 2057 4846 quo
2116 4756 2335 4823 detur.
2374 4756 2453 4823 l·'.t
2503 4756 2615 4823 ‹li-

1065 4875 1255 4950 cunt,
1279 4863 1461 4956 quod
1492 4864 1713 4954 primo
1743 4862 1946 4930 modo
1965 4865 2278 4930 convenit
2302 4863 2386 4929 al»
2416 4875 2614 4932 mter-

1069 4999 1185 5057 n0,
1219 4975 1480 5043 etiamsi
1514 4994 1888 5062 numquam
1922 4972 2216 5039 futurum
2251 4974 2611 5063 sitaliquid

1065 5088 1173 5153 cui
1206 5085 1347 5151 dari
1391 5082 1620 5173 possit.
1659 5081 1973 5148 Secundo
2035 5082 2236 5147 inodo
2296 5084 2611 5151 couvi-nit

1067 5196 1152 5262 ab
1205 5203 1482 5268 aeterno,
1540 5191 1655 5258 sed
1704 5191 2164 5275 consignificat
2250 5194 2610 5261 essentiam

1067 5313 1343 5396 propter
1391 5301 1840 5390 objectionem
1901 5300 2139 5367 ultimo
2199 5301 2488 5370 factam:
2546 5313 2609 5369 01

1065 5412 1385 5483 convenit
1415 5409 1542 5477 hac
1563 5408 1980 5487 conditione,
2015 5408 2194 5498 quod
2227 5409 2479 5499 aliquid
2514 5410 2612 5477 su-

1064 5530 1296 5587 turum
1320 5518 1405 5583 sit
1425 5515 1529 5583 vel
1554 5538 1698 5582 0550
1724 5516 1932 5604 possit
1958 5516 2061 5580 cui
2094 5514 2292 5582 detur
2313 5516 2418 5583 vel
2452 5516 2608 5583 ‹lan-

1067 5628 1229 5697 dum
1263 5626 1368 5692 sit.
1403 5622 1630 5690 Tertio
1666 5621 1869 5688 inodo
1918 5621 2167 5697 dicunt.
2239 5625 2419 5713 quod
2474 5648 2608 5691 non

1069 5737 1387 5806 convenit
1418 5736 1545 5803 nisi
1585 5756 1668 5801 ex
1723 5742 2051 5821 tempore.
2116 5732 2249 5798 Sed
2307 5731 2439 5803 hoc
2511 5742 2608 5800 051

4179 379 4303 446 501

2750 553 2987 614 contra
3029 548 3363 612 rationem
3390 548 3550 614 doni
3588 571 3602 614 ε
3640 549 3799 637 quia
3829 549 4087 639 primus
4119 546 4309 615 intel-

2747 655 2962 723 lectus
3014 666 3116 724 est
3155 666 3343 723 extra
3404 659 3737 725 rationem
3788 657 3988 723 doni:
4042 665 4108 722 et
4158 656 4305 724 ideo

2746 784 2884 828 non
2919 770 3143 851 potest
3170 765 3380 852 accipi
3435 766 3501 830 in
3534 763 3967 831 distinctione
4000 764 4297 830 termini.

2746 866 2941 934 Unde
3003 867 3258 958 ubique
3316 870 3743 958 Augustinus
3793 871 4145 958 assignans
4195 891 4308 934 ra-

2748 974 3004 1040 tionem
3039 973 3227 1051 doni,
3264 974 3424 1042 dicit
3455 979 3640 1066 quod
3680 974 3979 1041 dandum
4018 982 4182 1041 erat.
4220 973 4303 1039 Et

2745 1079 2898 1148 ideo
2942 1081 3121 1164 dico,
3157 1082 3339 1170 quod
3391 1082 3525 1149 duo
3568 1082 3791 1149 ultimi
3856 1090 4015 1148 sunt
4052 1080 4134 1148 de
4192 1103 4305 1147 ra-

2746 1188 2931 1254 tione
2966 1191 3264 1266 termini,
3299 1190 3419 1257 sed
3449 1213 3588 1257 non
3629 1192 3888 1282 primus
3918 1211 4157 1256 sensus
4186 1211 4201 1255 :
4238 1198 4301 1255 ct

2743 1296 2894 1363 dico
2946 1296 3424 1377 nihilominus,
3469 1297 3654 1389 quod
3711 1295 4157 1388 personaliter
4195 1295 4303 1363 di-

2740 1405 2917 1471 citur
2956 1405 3025 1471 in
3067 1405 3365 1473 secundo
3402 1427 3630 1471 sensu.
3676 1403 3759 1470 Et
3825 1405 4019 1471 tertio
4060 1403 4302 1470 dicitur

2737 1512 3194 1602 personaliter
3223 1512 3749 1603 consignificans
3817 1511 4202 1578 essentiam.

2826 1622 2932 1686 Λι)
2973 1644 3229 1687 rammi
3271 1644 3434 1711 ergo
3489 1619 3877 1696 dicendum,
3923 1619 4106 1709 quod
4158 1642 4294 1686 non

2737 1734 3064 1798 convenit
3108 1731 3191 1798 ab
3222 1742 3477 1799 aeterno
3520 1731 3799 1798 datum:
3854 1732 4012 1819 quia
4070 1732 4290 1819 ipsum

2737 1847 2839 1906 est
2876 1840 3310 1929 participium
3341 1843 3424 1928 [et
3478 1838 3946 1930 consignificat
3986 1846 4288 1928 tempus:

2736 1957 2803 2015 et
2834 1948 2986 2015 ideo
3021 1970 3159 2015 non
3199 1950 3518 2016 convenit
3569 1948 3700 2015 nisi
3756 1946 4130 2014 secundum
4180 1969 4297 2014 ac-

2737 2063 2881 2121 tum
2911 2077 2926 2120 :
2973 2066 3039 2123 et
3070 2054 3225 2123 ideo
3258 2057 3461 2123 etiam
3506 2055 3717 2123 Filius
3748 2077 3887 2122 non
3924 2052 4009 2121 ab
4038 2064 4293 2122 aeterno

2735 2170 2960 2251 potest
2991 2162 3120 2230 dici
3146 2162 3407 2231 datum.
3451 2164 3560 2230 Ad
3583 2161 3768 2231 aliud
3793 2163 3935 2251 jam
3968 2185 4170 2254 supra
4191 2185 4298 2230 so-

2736 2270 2957 2337 lutum
3000 2279 3141 2337 est:
3209 2272 3364 2360 quia
3416 2269 3570 2339 licet
3638 2270 3846 2336 Filius
3903 2269 4208 2361 procedit
4255 2295 4292 2337 a

2738 2377 2965 2461 l‘atrc,
3001 2385 3066 2442 01
3097 2400 3179 2444 ex
3209 2375 3339 2444 hoc
3383 2378 3555 2444 mitti
3598 2386 3661 2445 et
3709 2376 3851 2444 dari
3900 2379 4138 2467 possit,
4201 2386 4295 2444 tn-

2737 2510 2895 2555 men
2932 2488 3074 2577 ipsa
3115 2510 3239 2554 sua
3307 2487 3742 2576 processione
3806 2509 3943 2554 non
3988 2486 4148 2554 dicit
4192 2508 4293 2552 ra·

2735 2599 2995 2664 tionem
3030 2595 3228 2687 primi
3289 2595 3476 2671 doni,
3539 2598 3712 2663 sicut
3765 2595 3919 2662 facit
3996 2593 4293 2685 Spiritus

2732 2708 3031 2776 sanctuS,
3078 2701 3448 2790 procedens
3480 2709 3548 2767 ut
3582 2722 3799 2767 amor.

2821 2810 2926 2875 An
2971 2831 3171 2876 Αιιυι)
3234 2808 3625 2888 dicendum,
3668 2806 3851 2899 quod
3894 2808 4173 2876 effectus
4223 2809 4288 2875 in

2733 2915 3081 2984 intcllectu
3137 2939 3273 2983 non
3344 2914 3597 2984 liabent
3687 2917 4015 2984 rationem
4086 2917 4288 3007 primi

2730 3024 2891 3091 doni
2926 3047 3009 3091 ex
3033 3032 3223 3115 parte
3256 3023 3481 3091 dantis
3509 3048 3522 3091 :
3558 3023 3675 3091 svd
3700 3025 3925 3114 potius
3945 3047 4139 3092 amor
4169 3025 4282 3115 qui

2732 3130 3098 3223 respondet
3143 3131 3534 3222 perfectioni
3577 3131 3879 3199 allectus.

2820 3242 2923 3305 An
2986 3263 3186 3306 Amrn
3227 3238 3617 3317 dicendum,
3671 3240 3853 3330 quod
3907 3239 4279 3329 temporalo.

2731 3370 2855 3415 nec
2894 3370 3099 3415 causa
3131 3370 3253 3415 nec
3301 3348 3473 3414 ratio
3532 3356 3630 3414 051
3669 3348 3901 3415 aeterni
3940 3370 3954 3414 ε
3998 3346 4112 3414 sed
4154 3370 4284 3438 po-

2730 3456 2866 3521 tius
2923 3478 2959 3521 0
3017 3478 3372 3522 converso.
3432 3454 3623 3521 l'nde
3662 3453 4049 3535 dicendum,
4100 3454 4283 3545 qnod

2731 3562 3179 3641 cumdicitur,
3214 3561 3396 3651 quod
3420 3563 3698 3651 spiritus
3736 3559 3978 3629 dicitur
3998 3561 4283 3640 donum,

2732 3671 2891 3759 quia
2933 3669 3199 3736 daiidus
3240 3680 3378 3736 vrat
3415 3672 3479 3736 in
3531 3680 3863 3759 tempore,
3894 3669 3958 3761 1)·
4017 3671 4290 3737 dandus

2732 3777 2837 3845 vel
2893 3779 3213 3859 damnes,
3247 3802 3402 3845 cum
3438 3779 3683 3845 dicitur
3758 3779 3959 3847 l’atcr
4010 3779 4291 3846 daturus

2735 3886 3069 3976 Spiritum
3112 3895 3427 3953 sanctum
3461 3895 3531 3952 ut
3557 3894 3657 3952 051
3688 3886 3970 3960 donum.
4021 3909 4158 3954 non
4198 3887 4294 3953 (11-

2732 4008 2889 4065 cunt
2915 4020 3191 4065 causant
3225 3998 3330 4065 vel
3367 4000 3725 4074 rationem,
3763 3998 3876 4066 sed
3910 4001 4134 4090 potius
4165 4009 4295 4067 ter-

2734 4108 3027 4178 minum.
3075 4122 3141 4177 et
3170 4133 3597 4200 conseque-ns
3632 4111 3959 4177 rationem
3995 4110 4183 4176 «luni.
4215 4109 4292 4176 1ἰ1

2731 4229 2828 4284 051
2862 4242 3103 4285 sensus
3133 4241 3147 4284 :
3176 4219 3348 4296 Quia
3375 4220 3632 4285 donum
3662 4228 3800 4285 crat
3826 4219 4109 4294 donum.
4140 4219 4288 4286 ideo

2730 4325 3278 4415 consequi-batur
3308 4328 3515 4394 «latio.
3575 4325 3646 4391 Si
3690 4338 3917 4395 autem
3971 4328 4139 4394 velis
4180 4331 4288 4396 in·

2730 4436 2929 4515 serre,
2975 4436 3161 4525 quod
3196 4437 3248 4502 si
3302 4437 3441 4517 «lat,
3486 4436 3743 4503 donum
3776 4437 3883 4503 dat
3915 4459 3928 4502 ε
3965 4438 4142 4504 etita
4182 4439 4292 4503 vi-

2732 4543 2932 4609 detur
2978 4545 3149 4609 ratio
3184 4543 3343 4610 «luni
3396 4543 3621 4610 inferri
3693 4566 3775 4609 ex
3843 4543 4025 4619 date,
4078 4553 4142 4611 01
4198 4544 4287 4610 ita

2728 4652 3019 4718 causari.
3082 4650 3486 4722 Dice-ndum.
3533 4650 3715 4739 quod
3776 4661 3873 4717 051
3931 4651 4288 4717 causalitns

2727 4761 3261 4850 conseque-ulixe,
3305 4772 3363 4825 01
3439 4782 3575 4826 non
3662 4762 4178 4850 consequentis:
4225 4771 4283 4827 01

2727 4867 3028 4935 5101)οιιο
3088 4868 3368 4934 effi-ctus
3438 4867 3635 4934 insert
3692 4890 3989 4935 causam.
4056 4868 4134 4936 Et
4187 4880 4285 4936 cst

2727 4977 3091 5044 causalitas
3130 4978 3610 5065 consequentis
3641 5000 3655 5043 :
3690 4986 3757 5044 01
3790 4979 3882 5044 510
3910 4999 4045 5043 nun
4089 4978 4283 5045 infert

2727 5086 3009 5154 01100105
3042 5108 3341 5155 causam.
3391 5085 3506 5152 sed
3562 5086 3781 5174 magis
3837 5109 3872 5151 e
3910 5108 4277 5153 converso:

2729 5200 2794 5258 01
2827 5195 2923 5258 510
2965 5202 3065 5258 051
3100 5191 3230 5258 1ι10.
3274 5191 3463 5259 1ἰι(10
3497 5192 3771 5281 quando
3811 5214 3893 5258 ex
3928 5192 4280 5282 temporali

2730 5298 3016 5366 insertur
3044 5309 3404 5371 (eternum.
3438 5322 3577 5365 non
3608 5308 3705 5365 est
3738 5300 3864 5365 nisi
3909 5301 4080 5365 ratio
4111 5323 4282 5367 con·

2728 5410 3131 5499 sequentias,
3180 5419 3243 5477 et
3284 5433 3423 5476 non
3466 5409 3968 5497 consequentis.

2816 5516 2922 5582 Λι)
2980 5538 3181 5583 amun
3286 5515 3678 5592 dicendum,
3750 5515 3930 5604 quod
4014 5515 4275 5583 etiamsi

2724 5633 3050 5690 creatura}
3093 5646 3229 5690 non
3270 5631 3544 5713 possent
3586 5646 3757 5703 csse,
3817 5622 4036 5691 adhuc
4078 5624 4280 5714 spiri-

2727 5741 2837 5799 tus
2873 5733 3134 5800 donum
3173 5741 3297 5809 051,
3342 5742 3406 5801 01
3466 5732 3636 5799 ratio
3675 5741 3774 5798 051
3833 5732 3898 5798 1ιι
3966 5753 4046 5798 eo
4095 5731 4278 5821 qnod

4403 1677 4472 1720 Ant
4514 1680 4554 1724 1.

4402 3291 4544 3339 Ad&

4395 5573 4466 5616 Ad
4494 5576 4535 5613 4.
