4897 6388
965 1495 968 1498 ·
1096 1467 1217 1536 sed
1248 1470 1474 1560 potius
1508 1468 1601 1536 illi
1633 1467 1924 1558 abipso.
2013 1503 2018 1508 ·

1965 325 2056 395 ιΝ
2106 328 2135 394 1
2185 314 2611 436 SENTENT.
2661 309 2889 422 Djs'r.
2945 309 3033 405 Χ
3087 310 3162 407 F',
3216 309 3413 393 Am&
3469 310 3532 392 τ’.
3586 367 3617 388 Α

1113 502 1476 570 transitiva
1502 511 1580 569 ut
1608 502 1694 568 sit
1723 521 1982 573 sensuS,
2013 497 2210 564 Pater
2235 504 2300 564 et
2332 496 2540 564 Filius
2571 495 2666 562 di-

1111 606 1337 699 ligunt
1378 631 1448 676 se
1483 606 1740 699 Spiritu
1770 612 2026 684 sanct0‚
2070 603 2136 670 id
2175 611 2295 681 est,
2336 604 2534 670 Pater
2572 603 2667 669 di-

1109 713 1260 804 ligit
1289 715 1537 782 Filium
1568 712 1825 803 Spiritu
1865 719 2122 795 sanem,
2157 719 2223 778 et
2261 710 2469 778 Filius
2509 709 2665 776 dili-

1107 821 1208 908 git
1254 820 1530 887 Patrem
1591 818 1848 909 Spiritu
1896 827 2152 895 sancte,
2206 818 2378 884 sicut
2442 814 2665 882 innuit

1106 928 1478 995 auctoritas
1549 927 1976 1018 Hieronymi.
2066 925 2331 993 Cos'rnA
2399 947 2413 992 ε
2487 922 2661 1002 Quia

1104 1036 1483 1104 secundum
1515 1035 1646 1104 hoc
1684 1043 1959 1103 notatur
2003 1034 2211 1101 Filius
2261 1031 2507 1100 habere
2544 1054 2662 1099 ac-

4205 307 4332 395 3'23'

2760 507 2849 563 'se
2904 508 3183 587 propter
3234 496 3564 585 Spiritum
3612 502 3947 573 sanctum,
3997 496 4115 563 sed
4169 517 4333 585 pro-

2773 611 2924 693 pter
2954 605 3238 694 seipsos,
3273 604 3607 672 Praeterea
3646 603 3798 670 sinis
3831 609 4061 670 movet
4095 626 4110 668 :
4146 612 4213 669 et
4232 625 4333 670 se-

2773 711 3075 778 cundum
3109 712 3238 780 hoc
3280 722 3453 780 esset
3510 735 3770 792 sensuS‚
3806 710 3989 804 quod
4037 709 4328 799 Spiritus

2771 828 3045 888 sanctus
3115 833 3419 889 moveret
3472 824 3918 892 intentionem
3980 820 4204 887 Patris
4262 829 4329 888 et

2771 928 2921 997 Filii
2957 931 3041 999 ad
3073 928 3202 999 hoc
3243 940 3315 999 ut
3372 932 3731 1024 diligerent
3787 954 3857 999 se
3902 953 3916 998 ε
3964 931 4149 1021 quod
4192 933 4325 1002 ite-

2769 1061 2921 1105 rum
2952 1037 3199 1106 salsum
3241 1050 3363 1120 est,
3401 1043 3561 1131 quia
3589 1043 3687 1109 sic
3728 1041 4020 1132 Spiritus
4049 1050 4324 1109 sanctus

1104 1153 1252 1213 tum
1299 1144 1680 1214 dilectionis
1719 1167 1758 1211 a
1816 1142 2072 1232 Spiritu
2124 1149 2353 1210 sancto
2400 1143 2469 1207 in
2527 1139 2659 1206 Pa·
2765 1148 3141 1216 secundum
3194 1151 3525 1217 rationem
3577 1158 3951 1234 essekante
4011 1148 4325 1218 dilectio-

1101 1263 1304 1341 trem‚
1339 1264 1407 1324 et
1447 1279 1482 1324 e
1543 1275 1874 1324 converso
1921 1252 2192 1320 Patrem
2245 1252 2314 1319 in
2357 1250 2650 1318 Filium:
2746 1275 2923 1337 ⁸nem
2965 1277 3116 1344 quae
3146 1256 3555 1345 importatur
3593 1257 3662 1323 in
3692 1256 3929 1338 verbo,
3964 1257 4140 1324 sicut
4169 1255 4323 1324 finis

1100 1382 1264 1452 ergo
1309 1360 1604 1452 Spiritus
1643 1367 1916 1428 sanctus
1944 1380 2084 1426 non
2114 1355 2316 1424 habet
2345 1355 2429 1423 ab
2461 1356 2646 1446 ipsis,
2763 1361 2832 1428 in
2863 1363 3244 1432 intentione
3278 1372 3378 1432 est
3401 1372 3556 1431 ante
3578 1387 3750 1454 opus
3781 1364 4155 1434 efficientis,
4182 1363 4323 1432 Nec

2746 1470 3029 1538 'videtur
3060 1474 3243 1563 quod
3296 1474 3366 1539 in
3419 1475 3682 1542 ratione
3738 1495 3957 1542 causae
4015 1472 4321 1560 formalis

1183 1576 1407 1644 Juxu
1472 1576 1605 1645 hoc
1658 1575 1981 1666 quaeritur
2047 1572 2350 1654 ulterius,
2403 1570 2646 1639 Utrum
2754 1589 2987 1668 posset
3012 1584 3315 1649 construi
3352 1607 3366 1649 :
3402 1585 3562 1673 quia
3585 1584 3803 1650 torma
3842 1582 4316 1673 estdispositio

1097 1683 1240 1752 llaec
1269 1685 1552 1753 concedi
1580 1683 1845 1767 debeat,
1898 1681 2101 1749 Pater
2129 1679 2345 1768 diligit
2374 1701 2445 1746 se
2487 1677 2649 1769 Spi-
2754 1688 3019 1775 agentis
3042 1688 3128 1755 ad
3153 1697 3380 1757 actum
3408 1712 3422 1757 ;
3452 1712 3615 1780 ergo
3643 1712 3881 1758 sensus
3904 1697 4103 1768 esset,
4134 1689 4315 1781 quod

1095 1793 1231 1860 ritu
1301 1802 1561 1874 sanem,
1633 1800 1701 1861 et
1748 1790 1956 1859 Filius
2003 1788 2220 1880 diligit
2267 1810 2337 1855 se
2387 1787 2647 1877 Spiritu
2754 1793 3051 1885 Spiritus
3116 1810 3390 1865 sanctus
3437 1806 3613 1866 esset
3657 1797 3879 1866 forma
3944 1796 4314 1886 disponens

1093 1906 1392 1971 sancto?
1795 1916 1799 1922 ’
2538 1907 2541 1912 ”
2746 1901 3026 1972 Patrem
3060 1911 3128 1971 et
3178 1903 3424 1972 Filium
3478 1906 3561 1973 ad
3600 1904 4024 1997 diligendum
4072 1926 4190 1973 se:
4245 1916 4311 1973 et

1177 2007 1471 2080 Videtur
1498 2018 1728 2079 autem
1787 2006 1969 2098 quod
2007 2027 2146 2073 non
2191 2026 2207 2075 t
2251 2005 2410 2095 quia
2441 2004 2645 2071 Pater
2748 2011 3128 2079 secundum
3172 2011 3302 2081 hoc
3352 2012 3555 2081 Pater
3590 2021 3659 2081 et
3709 2012 3919 2080 Filius
3966 2037 4006 2081 a
4049 2011 4305 2102 Spiritu

1088 2127 1157 2189 et
1199 2116 1414 2187 Filius
1453 2135 1608 2186 sunt
1639 2137 1855 2184 unum
1899 2112 2301 2204 principium
2345 2111 2639 2202 Spiritus
2746 2127 2982 2188 sancto
3022 2121 3199 2187 sicut
3248 2144 3285 2187 a
3326 2121 3545 2188 forma
3592 2119 3944 2201 haberent,
3998 2122 4182 2212 quod
4234 2145 4305 2190 se

965 2245 968 2248 '
1086 2231 1334 2311 sancti,
1370 2237 1438 2297 et
1474 2250 1651 2296 unus
1688 2248 1829 2293 non
1876 2222 2021 2290 sine
2051 2222 2180 2289 alio
2217 2242 2232 2291 t
2268 2243 2431 2312 ergo
2479 2243 2635 2288 cum
2743 2227 3039 2295 invicem
3090 2227 3450 2318 diligerent
3486 2253 3500 2296 :
3539 2228 3721 2319 quod
3753 2228 4124 2298 absurdum
4157 2238 4297 2298 est:

714 2802 815 2849 sed
840 2812 1027 2856 eontra.

739 3666 922 3722 Quane.
948 3673 990 3718 ο.

1083 2338 1364 2407 divisim
1422 2335 1919 2428 significantur,
2007 2330 2477 2422 significantur
2560 2336 2637 2397 ut
2741 2335 2900 2426 quia
2930 2358 3071 2402 non
3100 2334 3353 2405 habent
3376 2337 3458 2403 ab
3508 2339 3681 2428 ipso,
3742 2337 3859 2406 sed
3895 2339 4036 2429 ipse
4068 2338 4299 2406 omnia

1081 2446 1419 2538 principia
1455 2443 1675 2535 plura,
1729 2453 1794 2510 et
1831 2462 1970 2508 non
2017 2447 2092 2507 ut
2131 2460 2344 2507 unum
2381 2459 2398 2504 ε
2468 2459 2629 2528 ergo

1079 2556 1228 2624 haec
1294 2561 1395 2624 est
1448 2554 1653 2632 falsa‚‘
1712 2551 1912 2619 Pater
1965 2548 2181 2640 diligit
2234 2570 2305 2615 se
2369 2545 2631 2636 Spiritu

1079 2672 1344 2733 sancte.

1169 2770 1305 2840 Ssso
1335 2792 1584 2839 comm
1616 2792 1633 2837 τ
1673 2766 1747 2836 Si
1779 2767 1960 2835 enim
2001 2765 2198 2833 Pater
2234 2786 2373 2832 non
2404 2770 2628 2853 potest

1075 2881 1361 2973 diligere
1417 2902 1490 2948 se
1539 2877 1796 2969 Spiritu
1856 2883 2088 2944 sancto
2125 2896 2142 2944 ε
2174 2881 2289 2941 aut
2346 2871 2477 2940 hoc
2523 2878 2625 2939 est

1072 2992 1234 3082 quia
1273 2977 1615 3080 impotens
1653 2994 1755 3054 est
1791 2985 2042 3075 spirare
2092 2981 2419 3072 Spiritum
2460 3002 2624 3049 san-

1069 3106 1257 3167 ctum
1288 3095 1435 3163 sine
1467 3092 1803 3183 adjutore,
1846 3099 1961 3158 aut
1991 3089 2309 3181 quianon
2343 3086 2516 3164 vult,
2554 3093 2621 3154 et

1069 3215 1437 3298 utrumque
1485 3212 1586 3273 est
1635 3200 2052 3270 absurdum:
2109 3222 2270 3290 ergo
2320 3196 2463 3266 haec
2517 3203 2621 3265 est

1064 3338 1251 3395 vera,
1292 3314 1494 3382 Pater
1520 3311 1740 3401 diligit
1794 3331 1866 3377 se
1912 3307 2166 3399 Spiritu
2219 3314 2453 3375 sancto
2498 3329 2514 3373 ε
2550 3314 2617 3375 et

1063 3425 1209 3495 liaec
1238 3424 1572 3500 similiter,
1609 3419 1817 3487 Filius
1847 3418 2064 3509 diligit
2092 3441 2161 3486 se
2185 3417 2441 3508 Spiritu
2463 3440 2616 3484 san·

1063 3541 1199 3603 cto·

1160 3641 1490 3711 Uaramus
1526 3636 1857 3729 quaeritur
1884 3634 1964 3702 de
1996 3632 2389 3701 habitudine
2420 3630 2614 3700 abla-

1065 3751 1186 3819 tivi
1217 3747 1303 3817 ad
1327 3745 1615 3815 verbum
1651 3766 1666 3811 ε
1703 3764 1840 3812 non
1879 3742 2058 3810 enim
2104 3739 2401 3808 construi
2455 3747 2613 3829 pot-

1064 3866 1164 3927 est
1225 3860 1293 3926 in
1373 3854 1632 3924 ratione
1684 3872 1904 3922 causae
1964 3849 2313 3918 efficientis
2374 3869 2390 3914 :
2451 3848 2613 3938 quia

1065 3966 1363 4057 Spiritus
1388 3971 1661 4033 sanctus
1709 3983 1848 4030 non
1897 3969 1995 4027 est
2041 3981 2242 4026 causa
2284 3957 2607 4033 efficiens,

1065 4073 1250 4165 quod
1282 4072 1485 4141 Pater
1513 4077 1579 4137 et
1607 4067 1817 4136 Filius
1855 4065 2140 4158 diligunt
2171 4088 2265 4133 se.

1156 4181 1230 4248 Si
1260 4179 1432 4248 forte
1463 4177 1670 4257 dicas,
1706 4173 1886 4267 quod
1918 4175 1983 4241 in
2028 4173 2274 4240 divinis
2324 4193 2462 4239 nou
2511 4181 2613 4241 est

1061 4315 1292 4373 causa,
1327 4289 1447 4358 sed
1491 4286 1926 4379 principium.
1987 4282 2297 4350 Conna:
2353 4281 2606 4350 lterum

1065 4402 1205 4468 lnaec
1234 4407 1335 4467 est
1368 4395 1560 4476 falsa,
1596 4394 1890 4484 Spiritus
1927 4401 2195 4459 sanctus
2225 4397 2323 4459 est
2352 4391 2610 4481 princi-

1061 4509 1251 4599 pium
1310 4506 1455 4595 ejus
1512 4500 1693 4594 quod
1730 4500 1927 4568 l‘ater
1973 4508 2036 4568 et
2079 4498 2285 4567 Filius
2316 4498 2608 4590 diligunt

1059 4641 1132 4685 se
1165 4639 1181 4685 ς
1229 4636 1393 4706 ergo
1436 4634 1559 4680 nec
1589 4612 1658 4678 in
1690 4609 1952 4677 ratione
1982 4629 2226 4685 causae,
2262 4629 2384 4675 nec
2409 4607 2477 4674 in
2504 4628 2609 4673 ra·

1059 4727 1243 4792 tione
1263 4719 1576 4814 principii
1599 4716 1895 4786 construi
1921 4723 2135 4804 potest
2167 4712 2501 4781 ablativus
2531 4713 2607 4780 il·

1058 4833 1144 4900 le.
1183 4829 1322 4897 Nec
1370 4824 1785 4896 construitur
1833 4822 1904 4889 in
1954 4823 2206 4891 ratione
2238 4823 2535 4890 materiae
2585 4844 2600 4888 :

1061 4943 1220 5035 quia
1282 4938 1577 5030 Spiritus
1638 4941 1909 5002 sanctus
1983 4955 2120 4999 non
2177 4939 2277 5000 est
2325 4932 2607 5000 materia

1056 5049 1237 5119 circa
1277 5069 1483 5139 quam
1523 5042 1736 5112 solam
1766 5049 1866 5110 est
1894 5039 2185 5125 dilectio,
2230 5062 2351 5108 nec
2382 5040 2450 5107 in
2474 5062 2607 5132 qua

1057 5158 1227 5236 sola,
1293 5177 1415 5223 nec
1471 5175 1554 5220 ex
1604 5173 1762 5243 qua,
1820 5170 1942 5216 nec
2000 5149 2198 5216 etiam
2249 5146 2604 5238 dispositio

1058 5264 1430 5336 materialis
1471 5285 1486 5331 ε
1525 5284 1680 5330 cum
1710 5282 1872 5351 ergo
1896 5258 2172 5326 materia
2203 5279 2340 5325 non
2371 5280 2607 5325 suma-

1053 5386 1165 5445 tur
1204 5371 1517 5466 pluribus
1552 5368 1797 5446 modis,
1860 5366 2123 5435 videtur
2169 5364 2351 5457 quod
2383 5367 2450 5432 in
2491 5389 2605 5434 ra-

1053 5490 1238 5558 tione
1298 5505 1516 5553 causoe
1563 5476 1926 5547 materialis
1974 5500 2112 5545 non
2157 5478 2591 5545 construitur.

1054 5595 1196 5663 Nec
1234 5589 1536 5661 construi
1583 5594 1805 5678 potest
1866 5585 1933 5652 in
1978 5588 2234 5653 ratione
2286 5584 2599 5674 principii

1053 5700 1277 5771 tinalis
1321 5725 1336 5766 ε
1386 5696 1545 5789 quia
1575 5693 1776 5762 Pater
1805 5700 1869 5761 et
1901 5691 2105 5759 Filius
2142 5714 2279 5761 non
2312 5690 2603 5781 diligunt

2738 2466 2889 2536 quae
2929 2443 3159 2527 habet,
3193 2444 3397 2514 habet
3428 2445 3512 2514 ab
3546 2445 3701 2516 illis.

2826 2552 3135 2621 Puer-ren
3176 2552 3322 2621 haec
3376 2563 3440 2622 et
3489 2555 3740 2623 similia
3778 2553 3939 2623 dicit
3973 2555 4296 2647 Magister
4350 2600 4531 2655 Qum«.
4563 2603 4605 2647 7,

2736 2657 2979 2727 Simon
3027 2661 3499 2745 TornacensiS,
3560 2661 3745 2752 quod
3801 2660 4140 2730 ablativus
4178 2662 4291 2730 ille

2730 2788 2871 2834 non
2948 2768 3365 2836 construitur
3412 2771 3482 2836 in
3549 2768 3946 2838 habitudine
4004 2769 4291 2860 alicujus

2728 2897 2974 2955 causae,
3000 2876 3119 2945 sed
3150 2878 3428 2966 ponitur
3459 2877 3528 2945 in
3560 2877 4030 2968 designatione
4061 2878 4238 2968 signi
4268 2900 4284 2947 z

2725 2990 2791 3050 et
2834 2981 2987 3050 ideo
3045 2983 3172 3051 iste
3231 2992 3330 3052 est
3380 3006 3644 3068 sensus,
3700 2983 3904 3053 Pater
3957 2992 4024 3053 et
4078 2984 4288 3053 Filius

2723 3089 3017 3181 diligunt
3048 3113 3119 3159 se
3154 3089 3411 3182 Spiritu
3435 3100 3693 3171 sanem,
3729 3091 3796 3160 id
3826 3100 3951 3173 est,
3989 3091 4285 3182 Spiritus

2722 3209 2998 3269 sanctus
3029 3224 3207 3270 unus
3239 3201 3303 3268 in
3330 3224 3618 3291 persona
3646 3203 3939 3293 spiratus
3978 3225 4283 3270 commu·

2723 3308 2899 3377 niter
2936 3330 2975 3375 a
3015 3307 3215 3377 Patre
3255 3319 3318 3377 et
3373 3308 3569 3388 Filio,
3625 3309 3897 3399 signum
3966 3310 4283 3401 estquod

2719 3414 2924 3485 Pater
2951 3424 3017 3485 et
3052 3416 3258 3486 Filius
3287 3417 3578 3509 diligunt
3608 3441 3704 3486 se.

2810 3520 2945 3589 San
2993 3543 3292 3592 coxrnA:

2817 3634 2872 3699 Ι.
2911 3630 3305 3702 Secundum
3339 3631 3468 3701 hoc
3497 3634 3730 3702 divisa)
3748 3657 3916 3725 quas
3942 3633 4283 3727 llierony-

2722 3766 2878 3811 mus
2916 3746 3135 3835 ponit,
3172 3767 3309 3812 non
3351 3753 3573 3812 essent
3602 3766 3805 3824 verm,
3839 3745 4120 3826 scilicet,
4158 3746 4285 3814 Pa-

2725 3860 2830 3921 ter
2869 3850 3092 3943 diligit
3142 3851 3388 3920 Filium
3455 3851 3712 3944 Spiritu
3751 3861 4012 3931 sancto,
4056 3862 4121 3922 et
4169 3853 4285 3922 Fi-

2715 3959 2846 4027 lius
2885 3959 3106 4051 diligit
3172 3959 3444 4029 Patrem
3494 3959 3753 4051 Spiritu
3792 3971 4072 4031 sancto:
4119 3962 4283 4055 quia

2719 4066 3014 4158 Spiritus
3052 4076 3326 4135 sanctus
3366 4091 3506 4135 non
3536 4077 3637 4136 est
3679 4070 4138 4137 necessarium
4180 4072 4281 4138 si-

2714 4196 2927 4263 gnum
2978 4173 3183 4265 ‘quod
3245 4173 3452 4241 l‘ater
3508 4174 3726 4267 diligit
3784 4174 4059 4261 Filium,
4122 4185 4186 4246 et
4247 4202 4282 4244 e

2715 4303 3089 4349 converso:
3127 4282 3286 4371 qnia
3324 4284 3468 4349 sine
3532 4279 3660 4350 hoc
3701 4290 3922 4373 potest
3965 4283 4281 4375 intelligi,

2714 4389 2899 4478 quod
2942 4387 3143 4457 Pater
3173 4388 3386 4479 diligit
3425 4388 3696 4457 Filium.

2803 4498 2867 4563 2.
2906 4495 3266 4577 Praeterea,
3305 4495 3596 4588 Signum
3620 4507 3718 4567 est
3741 4498 3942 4567 alicui
3977 4498 4280 4591 signum,

2713 4607 2827 4698 qui
2874 4605 2990 4673 illo
3022 4608 3223 4699 signo
3263 4616 3675 4698 cognoscat:
3720 4609 3836 4677 sed
3899 4633 4037 4678 non
4079 4633 4284 4702 opor·

2714 4717 2842 4785 tuit
2875 4715 3147 4784 Patrem
3180 4725 3244 4784 et
3280 4715 3520 4784 Filium
3563 4717 3688 4784 sibi
3723 4718 3888 4808 ipsis
3925 4719 4145 4788 facere
4185 4722 4284 4788 si·

2712 4846 2930 4915 gnum
2968 4846 3111 4892 suae
3154 4823 3581 4893 dilectionis:
3627 4847 3791 4916 ergo
3830 4824 3962 4893 hoc
4002 4827 4280 4916 signum

2712 4933 2839 5000 erit
2905 4940 3211 5023 respectu
3264 4934 3511 5001 creati:
3582 4955 3747 5025 ergo
3826 4935 3880 5002 si
3942 4957 4281 5025 ponamus

2712 5040 2979 5109 nullum
3046 5050 3348 5110 creatum
3391 5064 3561 5119 esse,
3598 5050 3758 5111 tunc
3799 5044 3927 5111 erit
3975 5043 4142 5112 falsa
4171 5044 4282 5113 vel

2711 5150 3072 5240 nugatoria
3114 5150 3263 5227 ista,
3300 5148 3503 5217 Pater
3531 5157 3597 5216 et
3627 5148 3837 5217 Filius
3876 5150 4166 5243 diligunt
4206 5174 4279 5221 se

2716 5255 2975 5346 Spiritu
3016 5266 3277 5325 sancto.

2802 5367 2865 5432 3.
2909 5364 3269 5446 Praeterea,
3336 5365 3687 5455 Sapientia
3752 5368 3983 5457 genita
4035 5376 4101 5435 et
4158 5392 4276 5437 sa-

2708 5476 2963 5564 pientia
3000 5484 3224 5544 creata
3272 5478 3544 5565 signum
3584 5477 3897 5566 estquod
3938 5477 4141 5546 Pater
4187 5482 4277 5548 sit

2708 5585 3021 5673 sapiens:
3083 5606 3248 5675 ergo
3306 5583 3598 5663 videtur,
3679 5584 3861 5675 quod
3919 5585 4122 5655 Pater
4185 5588 4274 5656 sit

2708 5690 2981 5780 sapiens
3011 5691 3344 5779 sapientia
3380 5690 3609 5781 genita
3636 5690 3745 5759 vel
3777 5699 4022 5761 creata.

4311 3571 4406 3618 Sed
4435 3579 4618 3619 eontra.
