4897 6388
804 1189 881 1233 Ad
911 1191 953 1235 2.

1788 251 1878 317 ΙΝ
1929 251 1954 316 1
2008 250 2435 355 SENTENT.
2492 249 2714 318 Dls'r.
2769 247 2955 333 Vm,
3006 248 3088 346 B,
3129 248 3329 315 ART.
3379 250 3481 316 14.

1077 416 1237 485 dum
1272 420 1454 510 quod
1497 421 1853 486 existentia
1883 418 2302 486 invariabilis
2341 428 2466 496 est,
2512 417 2633 484 sed

1074 527 1301 615 potius
1334 550 1487 593 secu
1499 525 1705 593 ndum
1727 526 1910 615 quod
1931 534 2031 593 est
2052 525 2290 593 eadem
2321 525 2632 593 reiterata

1077 639 1145 703 in
1181 646 1319 704 toto
1354 645 1547 702 motu
1593 657 1607 700 ε
1663 644 1729 702 et
1766 635 1860 702 sic
1916 637 2351 703 existentiam
2418 635 2632 723 ipsius

1076 766 1214 810 non
1257 749 1606 809 mensurat
1644 764 1893 820 aevum,
1938 741 2055 808 sed
2107 741 2334 830 potius
2383 764 2632 808 secun-

1076 850 1239 916 dum
1274 850 1458 940 quo'd
1491 851 1637 939 ipsa
1663 857 1767 918 est
1823 849 2192 917 immobilis
2235 857 2303 917 et
2340 850 2630 916 immota

1076 960 1161 1028 ad
1192 959 1485 1026 formam
1523 982 1537 1027 :
1582 969 1649 1027 et
1685 961 1780 1027 sic
1816 959 2135 1026 dicuntur
2184 958 2301 1025 illa
2343 980 2629 1048 corpora

1078 1067 1493 1134 immortalia
1535 1075 1600 1134 et
1630 1065 2082 1134 invariabilia.

1163 1178 1267 1241 Ao
1310 1199 1435 1242 noc
1491 1183 1717 1242 autern
1795 1174 1977 1264 quod
2041 1173 2379 1263 objicitur,
2440 1173 2627 1263 quod

1074 1285 1277 1351 unius
1305 1307 1444 1351 una
1481 1291 1583 1351 est
1624 1305 1963 1360 mensura,
2007 1281 2205 1348 debet
2254 1281 2624 1371 responde·

1072 1395 1156 1473 ri,
1191 1392 1374 1482 quod
1414 1391 1546 1459 hoc
1582 1400 1967 1458 verumest
2005 1389 2380 1458 secundum
2439 1389 2624 1478 quod

1073 1521 1287 1565 unum
1323 1525 1338 1566 :
1384 1498 1758 1566 secundum
1787 1510 2017 1564 autem
2048 1495 2234 1586 quod
2269 1496 2493 1585 ipsum
2525 1503 2627 1561 est

1071 1609 1143 1673 in
1174 1607 1458 1674 diversis
1490 1603 1852 1697 generibus
1892 1604 2212 1694 potentiae
2260 1624 2625 1691 compara-

1070 1725 1153 1783 1ae
1199 1715 1285 1783 ad
1325 1724 1576 1795 actum,
1621 1723 1782 1781 tunc
1819 1711 1987 1780 nihil
2028 1710 2347 1802 prohibet
2394 1713 2621 1801 ipsum

1069 1825 1447 1891 mensurari
1496 1822 1778 1890 diversis
1834 1821 2221 1888 mensuris:
2283 1819 2459 1886 sicut
2505 1840 2626 1908 po·

1070 1932 1280 1999 tentia
1319 1931 1624 2020 corporis
1654 1927 1944 1997 coelestis
1973 1926 2059 1994 ad
2086 1935 2315 1994 actum
2365 1926 2485 2016 qui
2521 1934 2624 1994 est

1072 2046 1299 2107 motus
1331 2038 1565 2105 localis
1585 2035 2089 2104 mensurabitur
2110 2055 2430 2101 mensura
2452 2041 2624 2101 tem-

1069 2151 1281 2241 poriS,
1350 2157 1417 2216 et
1474 2149 1830 2216 existentia
1888 2169 2009 2214 sua
2070 2145 2292 2213 taliter
2343 2152 2621 2234 accepta

1065 2258 1570 2326 mensurabitur
1601 2279 1781 2324 nunc
1818 2254 2143 2344 temporis
2186 2278 2203 2321 z
2241 2253 2618 2344 potentiam

1068 2373 1294 2434 autem
1354 2388 1549 2433 suam
1605 2364 1688 2431 ad
1748 2363 2060 2439 formam,
2124 2382 2275 2451 quaa
2350 2382 2622 2449 semper

1073 2478 1249 2545 actui
1327 2477 1686 2565 conjuncta
1763 2483 1887 2554 est,
1958 2481 2025 2542 et
2101 2469 2622 2539 immutabiliter

1072 2585 1508 2652 continuatur
1539 2584 1605 2648 in
1654 2582 1826 2672 ipso,
1860 2577 2282 2648 mensurabit
2337 2599 2560 2644 aevum
2600 2599 2616 2644 ε

1068 2700 1131 2759 et
1162 2692 1591 2758 existentiam
1645 2689 1856 2779 ipsius
1909 2687 2216 2755 durantis
2262 2707 2620 2754 mensura-

1071 2798 1169 2867 bit
1209 2823 1389 2867 nunc
1422 2800 1576 2867 aevi.

1469 3220 1971 3291 An'ricutus
2018 3219 2210 3292 xlv.
2302 3312 2309 3319 ο

1073 3440 1318 3506 Utrum
1353 3440 1487 3503 ism
1536 3437 1763 3515 verba,
1797 3445 1921 3514 est,
1970 3437 2119 3517 fuit,
2169 3449 2236 3506 et
2282 3440 2624 3519 erit,con-

1158 3547 1429 3610 rem'me!
1461 3547 1598 3611 Deo
1645 3544 1945 3618 divisim,
2016 3544 2127 3611 vel
2162 3544 2617 3635 conjunctim,

1156 3662 1217 3718 r!
1265 3675 1418 3742 quse
1484 3652 1871 3741 differentia
1926 3654 2255 3742 temporis·
2317 3654 2625 3720 maxime

1156 3762 1509 3827 conveniat
1544 3763 1686 3828 Deo
1725 3770 1972 3826 aeterno
1998 3758 2040 3826 ?

1159 4079 1413 4146 lleinde
1468 4079 1797 4169 quaeritur
1859 4078 1942 4147 de
2001 4078 2127 4146 lioc
2161 4080 2346 4170 quod
2404 4080 2618 4147 dicit:

1072 4216 1105 4250 α
1152 4191 1445 4257 llic-atur
1482 4212 1664 4277 erqo,
1699 4188 1865 4278 quia
1901 4210 2166 4277 semper
2199 4188 2370 4278 suit,
2395 4197 2518 4265 est,
2560 4198 2625 4254 et

1070 4296 1224 4371 ere‘I,
1257 4305 1385 4363 cle.
1427 4322 1458 4357 ιι

1159 4400 1509 4480 Qua-ritur
1544 4403 1752 4483 enim,
1791 4400 2031 4467 thrum
2089 4401 2213 4467 ista
2263 4401 2472 4468 verba
2519 4402 2627 4469 di-

1071 4511 1268 4575 visim
1305 4508 1446 4574 Deo
1476 4510 1879 4575 conveniant
1915 4506 2020 4574 vel
2052 4508 2529 4597 conjunctim?

1166 4618 1449 4685 Videtur
1495 4627 1749 4697 autem,
1793 4617 1973 4706 quod
2005 4618 2424 4706 conjunctim
2465 4625 2628 4684 tan-

1076 4736 1218 4793 tum
1258 4750 1272 4792 :
1319 4728 1476 4815 quia
1524 4725 1574 4789 si
1619 4723 1915 4805 divisim,
1988 4732 2147 4790 tunc
2204 4722 2630 4815 significatur

1076 4833 1373 4900 defectus
1417 4834 1508 4899 rei
1545 4830 1937 4921 temporalis
1971 4830 2187 4898 inesse
2225 4830 2372 4899 Deo
2410 4851 2424 4896 ε
2462 4853 2626 4920 ergo

1074 4943 1370 5024 videtur,
1414 4941 1596 5032 quod
1634 4941 2074 5031 conjunctim,
2113 4950 2184 5007 ut
2213 4963 2425 5007 unum
2460 4963 2631 5029 sup-

1078 5054 1252 5143 pleat
1286 5051 1621 5119 ‹lefectum
1657 5048 1957 5116 alterius.

1164 5162 1362 5239 ltcm,
1418 5160 1765 5250 quaeritur,
1816 5158 1982 5237 Quae
2033 5158 2412 5226 differentia
2462 5167 2634 5226 tem·

1079 5270 1259 5360 puris
1294 5269 1589 5334 maxime
1625 5267 1983 5333 conveniat
2013 5266 2210 5335 Deo?

1165 5375 1450 5443 Videtur
1498 5382 1753 5452 autem,
1815 5373 1994 5464 quod
2043 5397 2346 5465 praesens
2407 5397 2422 5443 ε
2474 5374 2631 5464 quia

1078 5484 1143 5551 id
1192 5482 1414 5550 solum
1456 5490 1555 5548 est
1588 5479 1668 5546 de
1711 5491 2016 5570 tempore
2082 5485 2411 5573 accipere.
2460 5482 2635 5549 Cum

1078 5594 1284 5683 igitur
1323 5591 1665 5657 {eternitas
1711 5590 1797 5656 sit
1835 5597 1978 5656 tota
2006 5613 2333 5680 praesenS‚
2366 5590 2640 5659 videtur

1330 5746 1435 5785 XXV

4160 249 4283 313 241

2742 417 2926 506 quod
2969 439 3263 506 praesens
3295 409 3589 484 maxime
3636 420 3997 485 conveniat
4027 419 4111 486 ei.
4151 416 4285 484 Sed

2738 521 3030 599 videtur,
3094 521 3277 611 quod
3345 523 3760 611 praeteritum
3840 545 3855 587 :
3939 524 4096 612 quia
4153 520 4283 590 hoc

2737 627 2961 695 solum
2994 636 3093 695 est
3113 630 3569 696 necessarium
3606 637 3670 695 et
3700 628 4073 696 immobile.
4110 628 4278 696 Cum

2737 735 2943 824 igitur
3006 737 3347 804 {eternitas
3431 738 3517 803 sit
3593 739 4123 804 necessariorum
4215 744 4282 803 et

2734 846 3223 926 immobilium,
3270 847 3537 914 videtur
3565 847 3745 937 quod
3798 848 4090 913 maxime
4120 869 4278 913 con·

2734 954 2965 1020 veniat
2992 954 3051 1020 ei
3089 955 3532 1044 praeteritum.
3570 954 3623 1019 Ε
3652 963 3884 1021 contra
3923 953 4189 1021 videtur
4217 954 4278 1018 ei

2733 1064 3071 1153 praecipue
3128 1063 3493 1131 convenire
3551 1066 3959 1153 praeteritum
4023 1063 4281 1151 imper-

2734 1171 2985 1240 fectum
3067 1195 3082 1239 ε
3133 1174 3297 1263 quia
3381 1172 3513 1240 hoc
3590 1182 3858 1262 tempus
3942 1173 4280 1262 significat

2732 1283 3152 1372 praeteritum
3195 1282 3548 1356 includens
3580 1284 3799 1372 ipsum
3860 1304 4178 1371 praesenS,
4215 1290 4280 1348 et

2732 1412 2872 1457 non
2937 1391 3376 1457 terminatum
3429 1390 3515 1457 ad
3580 1391 3827 1480 ipsum.
3864 1388 4033 1457 Cum
4075 1390 4281 1480 igitur

2729 1499 3069 1565 aeternitas
3128 1499 3197 1564 in
3254 1520 3326 1565 se
3376 1495 3624 1565 habeat
3676 1497 4155 1587 perfectionem
4213 1506 4280 1564 et

2729 1604 3225 1681 necessitatem,
3262 1609 3328 1669 et
3358 1601 3429 1669 in
3458 1600 3591 1670 hoc
3639 1600 4050 1670 assimiletur
4097 1623 4279 1690 prae-

2730 1713 2927 1778 terito
2963 1733 2979 1777 ε
3014 1718 3082 1778 et
3135 1709 3441 1778 includat
3504 1732 3828 1799 praesenS,
3898 1718 3963 1777 et
4020 1712 4088 1776 in
4145 1709 4276 1778 hoc

2728 1841 2882 1887 cum
2915 1819 3233 1908 praesenti
3288 1819 3647 1887 conveniat
3703 1842 3717 1885 ε
3769 1819 4056 1893 videtur,
4092 1818 4268 1908 quod

2724 1926 3147 2015 praeteritum
3215 1924 3682 2014 imperfectum
3751 1932 3957 2014 ponat
4018 1945 4275 1993 conve-

2726 2031 3054 2098 nientiam
3097 2038 3402 2121 respectu
3446 2032 3821 2120 utriusque.

2818 2259 3129 2328 Somno.
3185 2259 3587 2344 Dicendum,
3664 2260 3842 2350 quod
3899 2259 4016 2328 illa
4062 2261 4269 2329 verba

2727 2367 2997 2436 divisim
3065 2377 3353 2459 possunt
3410 2372 3772 2438 convenire
3841 2369 3981 2437 Deo
4025 2392 4271 2438 secun-

2727 2476 2891 2544 dum
2952 2477 3396 2545 intentionem
3464 2479 3648 2568 prius
3687 2480 4090 2568 expositam,
4149 2480 4273 2546 sci·

2728 2583 2884 2653 lice-t
2911 2584 3097 2675 quod
3134 2592 3375 2653 notent
3416 2584 3914 2653 distinctionem
3969 2587 4033 2653 in
4074 2609 4272 2655 men-

2728 2714 2887 2759 sura
2970 2691 3359 2782 exemplata
3443 2693 3767 2773 inferiori,
3836 2701 3900 2760 et
3981 2715 4120 2761 non
4203 2694 4274 2761 in

2728 2799 3159 2867 aetornitate:
3209 2806 3275 2866 et
3331 2799 3428 2872 sic
3486 2822 3621 2866 non
3683 2806 3917 2867 notant
3980 2799 4276 2868 delectus

2727 2903 3138 2995 temporales
3172 2907 3241 2972 in
3282 2906 3430 2995 ipso
3458 2914 3737 2973 aeterno.

2818 3013 2923 3079 An
2986 3035 3184 3081 Amul)
3235 3012 3620 3093 dicendum,
3672 3013 3850 3104 quod
3917 3015 4091 3081 inter
4129 3016 4273 3104 ipsa

2731 3119 2958 3186 minus
3015 3119 3334 3189 convenit
3392 3121 3720 3199 futurum,
3772 3146 3852 3188 eo
3909 3122 4092 3213 quod
4144 3120 4273 3189 hoc

2730 3234 2948 3294 totum
3019 3228 3088 3294 in
3152 3229 3531 3317 privatione
3595 3236 3658 3295 et
3727 3231 4024 3318 potentia
4080 3238 4181 3297 est
4250 3252 4265 3296 :

2731 3334 3030 3401 maxime
3088 3343 3317 3403 autem
3385 3336 3700 3403 convenit
3772 3360 4068 3426 praesens
4129 3361 4143 3404 :
4205 3348 4271 3406 et

2729 3440 2953 3531 quoad
2985 3440 3239 3532 aliquid
3268 3442 3603 3532 praecipue
3641 3446 3956 3509 convenit
3998 3454 4268 3534 praeter·

2732 3547 2961 3615 itum:
3026 3547 3213 3615 nullo
3260 3559 3488 3616 autem
3546 3550 3750 3618 modo
3818 3552 3922 3618 vel
3989 3552 4269 3619 minime

2730 3657 3051 3723 convenit
3084 3656 3496 3743 praeteritum
3557 3656 4017 3747 imperfectum
4060 3682 4270 3749 prop-

2729 3771 2833 3829 ter
2881 3762 3464 3852 imperfectionem
3517 3772 3705 3831 actus
3760 3788 3960 3855 quem
4011 3767 4271 3858 signiti-

2729 3877 2836 3937 cat
2871 3891 2886 3937 ε
2921 3891 3222 3958 praesens
3261 3880 3489 3937 autem
3519 3872 3810 3939 maxime
3841 3874 3901 3940 ei
3958 3876 4275 3942 convenit

2732 3978 2993 4046 ratione
3022 3977 3169 4066 ejus
3197 3977 3381 4068 quod
3432 3980 3653 4068 ipsum
3692 3979 3912 4047 solum
3953 3991 4053 4049 est
4102 3985 4277 4051 inter

2731 4083 3146 4152 differentias
3203 4088 3553 4178 temporis,
3627 4089 3746 4157 sed
3813 4113 3951 4157 non
4017 4093 4274 4164 ratione

2732 4191 2879 4279 ejus
2913 4191 3097 4281 quod
3140 4193 3364 4282 ipsum
3395 4195 3620 4261 statim
3654 4218 3788 4262 non
3820 4198 3967 4264 erit.
4011 4198 4091 4266 Et
4125 4200 4275 4269 ideo

2734 4298 2916 4388 quod
2954 4297 3391 4388 perfectiouis
3421 4310 3547 4378 cst,
3591 4300 3733 4388 Deo
3775 4313 3874 4371 est
3910 4306 4276 4375 attribuen-

2732 4407 2920 4474 dum.
2962 4407 3387 4477 l’raeteritum
3419 4419 3643 4478 autem
3695 4414 4058 4503 perfectum
4109 4443 4278 4486 eon-

2733 4519 2920 4586 venit
2952 4521 3210 4586 ratione
3256 4520 3745 4591 immobilitatis
3802 4535 3865 4593 et
3914 4533 4280 4597 necessita-

2736 4627 2820 4692 tis
2856 4645 2872 4693 :
2908 4625 3067 4714 quia
3125 4625 3350 4693 solum
3412 4627 3572 4695 illud
3643 4637 4092 4704 necessarium
4149 4647 4274 4718 est,

2735 4731 2916 4822 quod
2959 4734 3378 4821 praeteritum
3422 4742 3517 4800 est
3561 4757 3577 4800 ε
3621 4735 3734 4803 sed
3796 4740 4053 4808 ratione
4098 4743 4278 4810 ‹lesi-

2736 4838 2940 4905 tionis
2971 4860 3107 4905 non
3143 4848 3238 4906 est
3299 4839 3445 4907 Deo
3502 4842 4026 4915 attribuendum.
4077 4849 4281 4919 Futu-

2737 4970 2885 5015 rum
2919 4955 3147 5014 autem
3203 4950 3482 5016 minime
3522 4956 3834 5029 convenit
3886 4957 4058 5025 inter
4104 4970 4282 5028 tem-

2739 5078 2901 5145 pora
2947 5077 2961 5120 :
3000 5063 3229 5122 tamen
3260 5057 3532 5146 proprie
3561 5059 3948 5130 attribuitur
3981 5067 4068 5149 ei,
4110 5069 4283 5137 sicut

2737 5162 2900 5229 dicit
2928 5164 3380 5254 AugustinuS,
3406 5163 3586 5254 quod
3607 5167 3729 5233 erit
3761 5170 3874 5259 qui
3906 5193 4278 5265 numquam

2740 5269 2979 5337 deerit.
3051 5269 3479 5337 Praeteritum
3542 5281 3764 5340 autem
3818 5277 4280 5368 imperfectum

2740 5397 2898 5443 cum
2938 5374 3116 5443 dicat
3153 5384 3343 5444 actus
3372 5377 3969 5466 imperfectionem,
4007 5387 4285 5458 minime

2744 5485 3065 5551 convenit
3126 5508 3142 5551 z
3216 5492 3444 5551 tamen
3509 5486 3914 5558 attendendo
3955 5496 4282 5566 rationem

2749 5612 2956 5681 quam
3009 5593 3225 5682 tangit
3270 5590 3588 5681 obJ'ectiO,
3640 5594 3891 5665 scilicet
3920 5606 4287 5674 necessita-

4002 5749 4061 5800 16

4349 2284 4550 2332 Solutio.
