4897 6388
679 361 686 384 '¹
681 51 700 308 '‘mo-*pn*-
687 0 692 13 -·

2538 138 2843 232 JNnEx

1243 281 1320 374 ⁴E.
1376 311 1570 391 Quod
1595 310 1812 372 Filius
1841 311 1929 371 sit
1954 311 2144 370 datus
2172 309 2358 368 etiam
2391 329 2429 368 a
2459 309 2685 391 setpso.

1657 498 1793 551 Aur.
1839 495 1925 550 11.
1974 496 2178 550 Utrum
2238 494 2363 549 hoec
2423 495 2504 550 sit
2533 494 2943 562 concedenda,
3003 495 3262 550 Trinitas
3339 496 3522 550 mittit
3557 512 3619 551 se
3669 496 3761 552 vel
3792 497 3894 553 dat
3927 517 3989 556 se
4021 518 4034 556 :
4068 502 4130 553 et

2013 590 2213 639 utrum
2238 585 2412 639 Pater
2455 584 2653 638 mittat
2687 584 2927 659 Filium,
2963 590 3022 640 et
3058 585 3244 641 Filius
3273 585 3471 641 mittat
3500 601 3561 640 se
3608 591 3668 640 et
3715 585 3998 658 Spiritum
4026 604 4039 642 :
4072 591 4132 643 et

2020 671 2274 744 Spiritus
2305 671 2506 728 mittat
2560 689 2645 742 se,
2679 677 2739 728 et
2764 671 2982 729 Filium
3015 691 3030 728 t
3068 672 3128 738 e't
3172 678 3375 729 utrum
3408 669 3602 741 Pat'er,
3648 673 3853 743 Filius,
3899 681 3960 731 et
4002 676 4135 748 Spi-

2021 762 2171 818 ritus
2201 769 2444 820 sanctus
2496 763 2739 819 mittant
2765 763 3073 837 Filium-tet
3101 764 3391 837 Spiritum
3422 769 3693 821 sanctum
3712 763 3740 819 ‘1

1263 991 1326 1053 F.
1381 989 1575 1069 Quod
1602 991 1818 1053 Filius
1847 992 1938 1053 sit
1965 993 2198 1053 missus
2229 1013 2265 1051 a
2295 1012 2381 1058 se.

1245 1233 1332 1294 G.
1375 1232 1751 1295 Snmmalim
1780 1232 2042 1314 colligit
2068 1252 2198 1314 quae
2228 1252 2302 1293 ex
2316 1231 2652 1314 praedictis
2680 1232 3134 1296 adstruuntur.

1609 1461 1612 1462 ν
1672 1420 1809 1474 Aar.
1852 1420 1939 1473 ¹2.
1980 1420 2068 1474 An
2097 1433 2305 1473 verum
2334 1416 2434 1486 sit,
2465 1416 2629 1490 quod
2645 1422 2816 1491 pater
2862 1417 3257 1474 sanctificavit
3282 1418 3583 1475 Christum
3602 1418 3632 1474 ‘i

1136 1645 1142 1651 ”
1171 1645 1177 1650 ’
1254 1647 1344 1708 H.
1397 1643 1706 1724 QuaestiO,
1746 1645 1892 1708 Cur
1917 1646 2101 1719 dicit,
2131 1647 2189 1709 A
2227 1646 2462 1729 meipso
2485 1667 2610 1709 non
2640 1647 2829 1729 ver-ti?

1856 1833 1942 1888 13.
1983 1833 2073 1888 An
2105 1830 2288 1888 Pilius
2315 1834 2513 1904 potest
2533 1830 2653 1888 dici
2682 1832 2915 1913 venisse
2944 1833 3207 1913 aseipso
3229 1833 3259 1889 ‘2

1294 2060 1343 2123 Ι.
1398 2058 1627 2123 Utrum
1657 2058 1847 2122 semel
1873 2064 2113 2121 lantum
2142 2059 2379 2120 missus
2407 2058 2499 2119 sit
2526 2057 2771 2141 Filius,
2804 2079 2889 2120 an
2917 2060 3122 2142 saepe?

2139 2240 2356 2298 Divisio
2398 2245 2613 2298 textuS.

1656 2334 1792 2389 Aur.
1838 2333 1924 2388 14.
1955 2332 2145 2398 Quare
2176 2332 2360 2388 Filius
2390 2331 2591 2405 potius
2647 2330 2912 2388 mittitur
2966 2330 3204 2389 duobus
3253 2330 3468 2399 modis,
3499 2330 3658 2403 quod
3688 2330 3941 2403 Spiritus
3982 2346 4120 2388 san-

2009 2423 2184 2478 ctus?
2212 2428 2274 2479 et
2314 2440 2500 2496 quare
2555 2424 2734 2479 Pater
2782 2438 2906 2480 non
2956 2423 3238 2498 apparuit
3290 2422 3406 2479 nisi
3438 2422 3499 2479 in
3541 2438 3703 2490 voce,
3754 2427 3814 2479 et
3849 2421 4035 2480 Filius
4063 2421 4123 2479 in

2018 2528 2219 2583 carne,
2267 2512 2525 2585 Spiritus
2554 2511 2617 2568 in
2669 2510 2977 2583 columba,
3008 2512 3232 2586 linguis
3249 2512 3458 2586 igneis,
3490 2517 3552 2569 et
3571 2511 3633 2569 iu
3664 2510 3852 2568 flatu?

1244 2741 1328 2806 K.
1382 2740 1577 2823 Quod
1601 2740 1850 2806 duobus
1877 2742 2083 2806 modis
2110 2743 2356 2805 dicitur
2384 2741 2606 2808 Filius
2633 2745 2830 2807 mitti.

1660 2930 1796 2987 Λιιτ.
1835 2929 1924 2986 15.
1964 2930 2054 2985 An
2083 2933 2310 2986 mterna
2349 2928 2660 3003 generatio
2721 2929 2906 2986 etiam
2935 2929 3018 2986 sit
3044 2928 3302 2988 missio?

1735 3086 1739 3091 .
1841 3019 1930 3077 16.
1973 3020 2176 3076 Utrum
2207 3019 2389 3076 Filius
2418 3018 2698 3076 mittatur
2728 3017 2792 3076 in
2839 3018 2975 3092 pias
3005 3019 3267 3087 animas,
3299 3019 3387 3076 vel
3432 3025 3658 3076 tantum
3705 3019 3963 3093 Spiritus
3992 3035 4130 3077 san·

2019 3115 2150 3165 ctus
2175 3124 2190 3164 ε
2220 3115 2283 3165 et
2328 3107 2441 3165 hoc
2469 3124 2607 3165 cum
2633 3107 2829 3182 gratia
2854 3112 3093 3183 gratum
3117 3108 3397 3179 faciente,
3426 3116 3533 3166 aut
3558 3109 3687 3166 sine
3717 3107 3893 3183 ipsa?

1842 3201 1931 3255 17.
1972 3200 2062 3256 An
2092 3199 2349 3271 cognitio
2389 3204 2597 3257 nostra
2638 3199 2718 3256 sit
2745 3198 3165 3258 substantialis
3210 3199 3540 3271 misssioui‚
3569 3199 3653 3257 ita
3680 3198 3838 3273 quod
3867 3198 3944 3256 ad
3985 3199 4133 3257 mis·

2023 3290 2252 3346 sionem
2283 3289 2560 3361 exigatur
2600 3289 2912 3363 cognitio?
2966 3296 3031 3348 at
3079 3296 3284 3349 utrum
3341 3289 3558 3363 aliquis
3613 3290 3765 3348 scire
3813 3289 4002 3364 possit
4054 3305 4135 3347 an

2021 3378 2157 3435 odio
2189 3377 2276 3435 vet
2306 3396 2514 3436 amore
2544 3379 2764 3453 dignus
2790 3380 2869 3438 sit
2889 3378 2921 3437 7

1261 3608 1328 3672 L.
1380 3608 1577 3689 Quod
1603 3609 1944 3672 secundum
1974 3610 2241 3672 alterum
2272 3613 2486 3678 semel.
2518 3609 2865 3673 secundum
2883 3610 3158 3674 alterum
3179 3619 3337 3696 saepe
3352 3610 3445 3673 sit
3470 3610 3705 3672 missus
3735 3628 3750 3671 ε
3784 3615 3845 3671 et
3861 3628 4075 3673 secun-

1450 3707 1602 3770 dum
1630 3707 1902 3771 alterum
1932 3713 2005 3771 u!
2030 3709 2120 3770 si!
2147 3707 2351 3782 homo,
2383 3714 2445 3770 et
2467 3708 2812 3771 secundum
2837 3708 3111 3774 alterum
3143 3714 3215 3771 ut
3242 3709 3333 3771 si!
3356 3729 3496 3771 cum
3526 3707 3792 3771 homine.

1671 3895 1805 3950 Ant.
1851 3894 1940 3952 18.
1985 3894 2189 3950 [trum
2221 3893 2478 3967 Spiritus
2507 3898 2752 3950 sanctus
2788 3892 3032 3966 plenius
3078 3893 3160 3949 sit
3213 3893 3437 3950 missus
3482 3898 3617 3968 post
3661 3891 4133 3950 incarnationem

2016 4000 2194 4056 quam
2246 3984 2438 4039 ante?
2483 3989 2543 4040 et
2579 3988 2785 4040 utrum
2843 3981 3158 4041 coelibatus
3202 3983 3448 4040 loannis
3475 3981 3752 4056 conjugio
3781 3980 4032 4038 Abrahae
4061 3981 4140 4038 sit

2023 4071 2436 4145 praet'crendus
2456 4072 2486 4128 ‘1

1668 4163 1804 4219 Αιτ.
1846 4163 1933 4218 19.
1978 4161 2182 4217 Utrum
2232 4160 2487 4233 Spiritus
2527 4166 2777 4219 sanctus
2805 4160 3084 4219 mittatur
3112 4161 3190 4219 ad
3220 4161 3513 4235 Angelos?

1239 4389 1333 4455 M.
1386 4390 1581 4471 Quod
1607 4394 1950 4457 secundum
1979 4395 2247 4457 alterum
2275 4394 2529 4457 modum
2557 4394 2807 4458 dicitur
2834 4395 3075 4458 missus
3106 4396 3174 4458 in
3200 4394 3525 4470 mundum,
3558 4393 3895 4456 secundum
3924 4392 4080 4456 alte·

1453 4513 1595 4555 rum
1627 4513 1775 4556 non.

1670 4682 1802 4734 Διιτ.
1836 4682 1927 4737 20.
1970 4684 2057 4736 Au
2087 4680 2289 4736 anima
2325 4685 2527 4737 mente
2559 4656 2806 4754 capiens
2836 4679 3002 4753 quod
3059 4687 3152 4737 est
3201 4684 3524 4747 aternum,
3556 4677 3629 4733 sit
3660 4677 4063 4737 essentialiter
4086 4678 4148 4735 in

2026 4769 2174 4827 coelo
2205 4776 2266 4827 et
2297 4777 2468 4828 extra
2501 4769 2660 4829 hunc
2690 4769 2988 4827 mundum
3008 4769 3039 4826 ⁴?

1256 4945 1336 5008 Ν.
1389 4945 1534 5008 Cur
1562 4946 1757 5008 Pater
1785 4967 1907 5009 non
1935 4947 2179 5012 dicitur
2201 4949 2462 5028 missus,
2494 4967 2634 5011 cum
2664 4946 2743 5009 ab
2771 4945 2995 5030 aliquo
3021 4944 3436 5029 cognoscitur
3463 4950 3533 5007 ut
3558 4943 3821 5007 Filius?

1251 5129 1340 5194 O.
1385 5135 1783 5195 meaverunt
1807 5134 2071 5215 quidam
2105 5134 2348 5201 Filium
2377 5141 2437 5196 et
2465 5133 2780 5218 Spiritum
2809 5139 3099 5196 sanctum
3132 5132 3408 5195 minores
3420 5130 3641 5211 juisse
3682 5130 3897 5203 Patre,
3940 5129 4091 5213 quia

1469 5232 1643 5295 missi
1675 5232 2009 5308 dicuntur.

2170 5423 2380 5494 Divisio
2430 5414 2647 5479 textus.

1673 5512 1804 5569 Aur.
1845 5517 1942 5588 21,
2063 5576 2106 5634 n
2140 5526 2312 5599 pater
2356 5514 2454 5573 det
2479 5529 2566 5579 se,
2594 5504 2687 5567 vel
2714 5508 2890 5566 detur
2916 5524 2953 5566 a
2983 5508 3093 5565 se?

1391 5641 1502 5680 xxv
2630 5641 2640 5649 ·
3993 5623 4066 5677 42

4172 99 4300 213 &n

4185 316 4304 375 424

4205 768 4310 820 424

4100 1087 4105 1094 ⁴
4198 995 4314 1057 425

4195 1235 4310 1297 426

4205 1420 4312 1474 427
4381 1425 4422 1452 θ

4194 1650 4312 1710 427

4210 1832 4316 1888 427

4201 2059 4320 2121 428
4375 2155 4383 2162 .

4194 2241 4301 2297 428

4199 2513 4306 2567 428

4194 2744 4315 2809 430

4206 2928 4312 2984 430

4204 3107 4311 3164 430

4207 3379 4315 3436 432

4196 3705 4314 3769 434

4212 4069 4320 4124 434

4212 4158 4317 4213 435

4204 4493 4323 4556 436

4218 4768 4324 4824 437

4209 4942 4328 5005 438

4215 5227 4334 5291 439

4236 5412 4343 5466 439

4239 5501 4343 5555 439
