4897 6388
2493 394 2995 466 PRAEFATIO:
3179 402 3188 411 ·
4019 353 4092 431 ··‘'
4171 398 4184 423 ·f
4323 397 4361 463 3

1154 574 1333 665 ipsis
1373 570 1754 648 ordinatis,
1789 569 2077 640 videtur
2113 574 2403 642 Creator
2433 572 2708 663 aliquid
2749 593 3152 642 commune
3192 571 3464 642 habere
3521 591 3692 641 cum
3737 572 4124 640 creatura:
4166 551 4360 659 quod

1156 720 1303 768 non
1336 704 1444 767 est
1484 718 1764 766 verum.
1802 700 2127 771 Somno,
2173 699 2606 783 Dicendum,
2652 698 2846 790 quod
2868 700 3165 767 notatur
3191 697 3290 768 ibi
3320 697 3495 767 ordo
3525 718 3771 768 causae
3809 695 3898 764 ad
3941 698 4356 773 causatum,

1150 830 1224 895 et
1261 824 1692 895 aeternitatis
1732 827 1819 896 ad
1854 831 2140 918 tempus
2173 849 2188 893 :
2225 830 2295 896 et
2324 826 2510 894 nihil
2545 825 2885 917 probibet
2916 823 3188 915 aliquid
3215 845 3372 894 esse
3401 827 3826 906 commune,
3860 842 4008 890 non
4047 821 4358 890 univoce

1147 971 1279 1020 ens
1310 950 1388 1020 in
1421 954 1755 1044 utroque,
1806 954 1929 1022 sed
1971 974 2100 1043 per
2136 951 2339 1042 prius
2371 956 2442 1020 et
2472 951 2854 1042 posterius.
2901 950 3103 1031 Quod
3136 955 3381 1020 autem
3407 950 3546 1020 hoc
3577 951 3672 1019 sit
3709 971 3959 1020 verum
4002 950 4198 1038 patet
4229 967 4358 1037 per

1146 1077 1501 1169 Basilium
1541 1079 1618 1148 in
1658 1078 1977 1171 quodam
2007 1097 2344 1147 sermone
2375 1077 2464 1145 de
2494 1077 2665 1145 Fide
2705 1078 3125 1156 divinitati&
3163 1076 3289 1146 ubi
3330 1077 3437 1146 sic
3470 1076 3688 1146 dicit:
3731 1074 4080 1165 Accipere
4131 1075 4356 1141 natu-

1149 1224 1310 1273 ram
1354 1204 1531 1274 Filio
1560 1225 1738 1274 cum
1777 1202 1979 1273 omni
2011 1207 2349 1274 creatura
2391 1223 2793 1272 commune
2843 1204 2992 1272 est:
3044 1201 3313 1272 habere
3370 1205 3617 1271 autem
3678 1178 4111 1271 naturaliter
4183 1217 4354 1287 pro-

1144 1332 1392 1422 prium
1423 1334 1535 1399 est
1580 1330 1758 1421 ejuS,
1792 1330 1965 1421 quia
2018 1351 2110 1400 ex
2139 1334 2403 1400 natura
2440 1333 2551 1398 est
2600 1329 2859 1398 Patris.
2930 1333 3067 1399 Per
3107 1328 3334 1397 aliam
3385 1333 3629 1398 autem
3693 1330 3970 1418 partem
4014 1322 4354 1415 supponi-

1145 1459 1265 1524 tur
1292 1458 1637 1525 creatura
1672 1454 1748 1523 in
1790 1453 2076 1546 proprio
2119 1476 2411 1545 genere,
2456 1455 2762 1539 scilicet,
2806 1454 2889 1523 in
2922 1475 3001 1524 se
3034 1475 3158 1545 per
3188 1475 3465 1524 nomen
3514 1458 3897 1531 creaturae.
3948 1455 4022 1521 et
4063 1451 4139 1520 in
4182 1447 4351 1518 uni·

1142 1580 1494 1650 versitate
1551 1601 1680 1671 per
1744 1580 2043 1669 signum
2109 1580 2650 1651 distributionis
2723 1580 3136 1650 secundum
3184 1579 3381 1672 quod
3459 1580 3793 1661 babetur,
3858 1580 4117 1649 Genes.
4151 1597 4202 1661 1,
4233 1578 4346 1646 31:

1158 1706 1341 1775 Vidit
1385 1714 1571 1778 Deus
1601 1715 1853 1776 cuncta
1892 1727 2044 1797 quae
2085 1710 2371 1795 lecerat,
2405 1714 2471 1777 et
2507 1718 2709 1779 erant
2753 1706 2958 1779 valde
2980 1710 3162 1779 bona
3201 1728 3226 1776 .·
3270 1707 3397 1777 ubi
3424 1706 3605 1776 dicit
3651 1706 3906 1776 Glossa
3932 1702 4127 1795 quod
4164 1702 4241 1772 in
4273 1723 4352 1774 se

1140 1831 1516 1923 quodlibet
1544 1833 1876 1901 creatum
1907 1829 2182 1900 bonum
2229 1836 2427 1901 erat:
2489 1833 2612 1902 sed
2649 1831 3166 1903 universalitas
3206 1836 3368 1902 erat
3394 1830 3694 1923 optima.

1233 1956 1621 2048 Sequitur:

1227 2087 1375 2171 Eyo
1400 2084 1552 2171 feci
1574 2084 1654 2151 in
1683 2083 1866 2153 coelis
1897 2093 1976 2151 ut
2011 2084 2311 2152 oriretur
2335 2085 2570 2153 lumen
2604 2085 3033 2172 indeficiens.
3079 2087 3219 2154 Per
3249 2083 3390 2155 hoc
3422 2088 3670 2154 autem
3704 2082 4014 2153 habetur
4043 2081 4349 2153 materia
4378 2093 4697 2196 “gf‘ssgssfi‘·

1137 2208 1331 2278 tertii
1365 2206 1586 2278 Libri.
1632 2208 1847 2277 Ortus
1876 2207 2074 2277 enim
2104 2206 2407 2278 luminis
2438 2217 2544 2278 est
2575 2212 2777 2277 ortus
2798 2208 2973 2278 solis
3002 2207 3313 2299 justitiae
3339 2208 3607 2279 Christi
3632 2207 3759 2278 Dei
3781 2209 4027 2291 nostri,
4052 2205 4349 2299 quando

1127 2353 1266 2423 per
1294 2335 1559 2403 viscera
1583 2331 2071 2403 misericordia»
2106 2353 2270 2419 suae,
2297 2335 2373 2402 in
2413 2332 2665 2423 quibus
2694 2333 3009 2404 visitavit
3033 2353 3161 2403 nos
3190 2335 3431 2404 oriens
3458 2353 3548 2404 ez·
3576 2336 3720 2404 alto
3739 2355 3766 2402 .·
3797 2334 4209 2403 illuminare
4238 2331 4348 2402 his

1134 2461 1267 2549 qui
1302 2459 1377 2527 in
1409 2456 1712 2527 tenebris
1750 2459 1922 2527 etin
1961 2459 2207 2528 umbra
2243 2459 2491 2528 mortis
2527 2458 2770 2528 sedent
2809 2457 2829 2493 ¹
2865 2479 2881 2524 :
2935 2458 3015 2527 in
3047 2478 3192 2549 quo
3231 2458 3592 2550 accipitur
3630 2459 4180 2528 sacramentum
4239 2456 4351 2526 in·

1136 2583 1592 2655 carnationis
1630 2588 1701 2654 et
1732 2582 2396 2676 passionis.Lumen
2427 2588 2676 2655 autem
2703 2583 3114 2672 indeficiens
3153 2605 3243 2655 ex
3271 2605 3376 2670 se,
3422 2583 3595 2655 licet
3637 2605 3723 2654 ex
3771 2583 3983 2655 nobis
4019 2583 4348 2676 quando·

1133 2730 1275 2800 que
1313 2708 1637 2789 deficiat,
1676 2711 1786 2780 est
1814 2709 2053 2799 gratia
2083 2708 2468 2794 virtutum,
2510 2709 2904 2787 donorum.
2936 2712 3008 2780 et
3034 2713 3602 2802 praeceptorum,
3654 2709 3743 2779 de
3793 2708 4058 2801 quibus
4098 2708 4347 2799 agitur

1127 2832 1208 2902 in
1249 2832 1577 2906 secunda
1600 2836 1803 2925 parte
1834 2833 2023 2904 tertii
2057 2833 2273 2905 Libri.
2306 2834 2537 2917 Unde,
2566 2834 2820 2905 Jacob.
2855 2855 2907 2914 1,
2943 2839 3026 2904 17
3052 2856 3068 2902 :
3098 2840 3324 2906 Omne
3379 2837 3624 2906 datum
3681 2836 4020 2923 optimum
4044 2847 4110 2904 et
4138 2854 4343 2905 omna

1060 3004 1072 3015 ·
1137 2959 1402 3030 donum
1434 2963 1828 3049 perfectum
1875 2961 2237 3030 desursum
2263 2969 2387 3043 est,
2421 2961 2843 3030 descendens
2871 2981 2917 3029 a
2944 2965 3154 3032 Patre
3192 2961 3578 3041 luminum,
3611 2961 3813 3049 apud
3834 2981 4040 3052 quem
4067 2981 4213 3031 non
4242 2970 4347 3033 est

1128 3088 1655 3167 transmutatio,
1688 3106 1814 3155 nec
1843 3085 2341 3156 vicissitudinis
2379 3086 2843 3158 obumbratio.
2890 3088 3041 3156 Hoc
3083 3092 3337 3158 autem
3370 3084 3624 3157 lumen
3673 3085 3849 3157 fecit
3888 3090 3964 3157 in
4013 3089 4203 3159 coetis
4248 3086 4344 3158 ad

1130 3209 1482 3294 litteram,
1523 3211 1698 3303 quia
1734 3211 2100 3304 captivam
2151 3210 2356 3282 duxit
2391 3211 2927 3303 captivitatem,
2995 3213 3070 3281 et
3114 3209 3318 3282 dedit
3346 3211 3541 3283 dona
3572 3212 4026 3284 hominibus.
4073 3213 4222 3294 Vel,
4258 3213 4342 3284 in

1132 3334 1371 3421 coelis,
1422 3334 1497 3406 id
1537 3341 1670 3419 est,
1704 3336 1783 3406 in
1821 3337 2138 3408 Sanctis.

1224 3460 1609 3551 Sequitur:

1217 3585 1417 3657 Sicut
1444 3587 1732 3668 nebula,
1764 3590 1904 3656 etc.
1949 3589 2085 3657 Per
2123 3585 2261 3658 hoc
2309 3585 2622 3657 habetur
2671 3585 2981 3657 materia
3054 3587 3303 3679 quarti
3352 3586 3570 3657 Libri.
3611 3585 3894 3657 Nebula
3955 3586 4163 3657 enim
4229 3592 4343 3660 est
4366 3600 4748 3714 qu⁸a¹r⁸=3⁸ffir÷.·

1127 3709 1466 3793 obscura,
1507 3714 1581 3780 et
1618 3709 1941 3802 reliquiae
1975 3708 2268 3801 pluviae,
2299 3716 2373 3782 et
2423 3713 2725 3801 signum
2799 3711 3244 3791 serenitatis,
3297 3718 3377 3784 ut
3432 3711 3616 3783 dicit
3690 3711 4220 3803 Philosophus:
4261 3720 4338 3784 et

1129 3835 1806 3928 perobscuritatem
1881 3834 2256 3926 significat
2311 3837 2630 3928 gratiam
2683 3840 3330 3908 sacramentorum
3390 3835 3776 3907 elementis
3830 3837 4337 3930 corporalibus

1126 3958 1625 4030 obscuratam.
1687 3957 2034 4052 Reliquiae
2075 3964 2323 4032 autem
2366 3959 2634 4052 pluvia:
2668 3981 2686 4030 :
2720 3961 2898 4052 quia
2967 3965 3365 4053 tempestas
3416 3961 3700 4053 peccati
3757 3965 3830 4032 et
3886 3960 4338 4033 obnubilatio

1125 4087 1386 4155 causat
1412 4088 1899 4164 sacramenta,
1930 4089 2009 4155 ut
2041 4084 2348 4156 habetur
2386 4086 2461 4154 in
2495 4083 2676 4156 libro
2735 4085 2859 4167 lv,
2897 4091 2974 4155 ut
3004 4085 3229 4156 homo
3261 4107 3392 4177 per
3430 4085 3625 4156 idem
3669 4085 3940 4169 redeat,
3973 4107 4102 4178 per
4139 4086 4335 4179 quod

1129 4210 1433 4281 recessit
1461 4232 1504 4279 a
1536 4212 1706 4280 Deo.
1751 4209 1835 4279 In
1867 4214 2225 4302 quantum
2267 4217 2512 4282 autem
2553 4210 2854 4300 signum
2896 4211 3316 4283 serenitatis
3353 4216 3489 4294 est,
3535 4212 3913 4302 significat
3976 4234 4127 4283 rem
4172 4233 4337 4283 om-

1135 4336 1345 4406 nium
1388 4341 2019 4408 sacramentorum
2084 4337 2608 4426 significatam,
2650 4340 2722 4407 et
2752 4357 2902 4407 non
2942 4341 3373 4408 contentam
3450 4358 3614 4429 quae
3679 4342 3792 4408 est
3827 4337 4058 4428 gloria
4102 4359 4337 4410 resur·

1123 4462 1487 4552 gentium,
1540 4461 1628 4531 de
1669 4462 1933 4555 quibus
1998 4462 2242 4552 agitur
2290 4462 2368 4533 in
2401 4462 2728 4533 secunda
2774 4468 2981 4554 parte
3019 4463 3293 4555 quarti.
3329 4466 3504 4535 Haec
3543 4469 3652 4535 est
3710 4462 3977 4535 nebula
4049 4463 4139 4535 de
4186 4485 4335 4556 qua

1127 4584 1421 4671 dicitur,
1462 4584 1683 4657 Eccli.
1737 4606 1931 4668 Χιιιι,
1971 4590 2051 4656 24
2086 4610 2101 4655 :
2136 4588 2492 4658 ,lledicina
2561 4586 2877 4657 omnium
2918 4589 2996 4657 in
3068 4589 3532 4677 festinatione
3572 4590 3848 4659 nebula:
3902 4613 3930 4659 .·
3967 4588 4143 4680 quia
4208 4610 4339 4680 per

1129 4716 1599 4782 sacramenta
1652 4711 1983 4783 medetur
2019 4711 2280 4804 culpae,
2317 4734 2445 4805 per
2500 4711 2812 4803 gloriam
2869 4714 3428 4785 resurrectionis
3472 4712 3802 4784 medetur
3843 4713 4180 4786 miseriae.

1205 4986 1219 5021 ¹
1254 4983 1391 5039 Luc.
1424 4999 1462 5052 ι,
1493 4985 1561 5039 78
1591 4988 1649 5039 et
1673 4985 1763 5039 79.
