4897 6388
1984 317 2078 382 IN
2126 316 2155 382 1
2206 315 2630 383 SENTENT.
2686 313 2908 420 DIST.
2963 314 3153 396 vlu,
3204 314 3286 392 E,
3328 313 3405 380 F.
3905 301 3940 376 .'
4039 345 4048 352 -
4169 312 4310 379 255

1402 827 1485 898 Ε.
1534 823 1683 897 llic
1725 821 1819 895 de
1854 818 2249 919 spirituali
2284 828 2636 896 creatura
2664 819 2994 900 ostendit
3030 818 3408 926 quomodo
3448 821 3550 895 sit
3579 818 4011 920 mullt'pleoe,

2374 962 2447 1029 et
2473 978 2627 1030 non
2665 952 3028 1054 simplex.

1197 1302 1571 1377 Creatura
1635 1322 1946 1398 quoque
2004 1300 2425 1399 spiritualis
2483 1320 2530 1393 ¹,
2591 1309 2672 1374 ut
2719 1308 2835 1375 est
2871 1299 3156 1392 anima,
3204 1298 3279 1372 in
3350 1300 3925 1397 comparatione
3992 1300 4307 1398 quidem

1099 1437 1452 1535 corporis
1493 1446 1609 1510 est
1663 1435 1992 1534 simplex
2056 1459 2071 1510 :
2130 1436 2297 1512 sine
2338 1436 2910 1534 comparatione
2964 1458 3145 1510 vero
3206 1435 3579 1534 corporis,
3625 1445 3739 1511 est
3803 1436 4202 1535 multiplex
4242 1445 4320 1512 et

1094 1596 1255 1647 non
1298 1571 1629 1669 simplex
1663 1593 1679 1644 ε
1721 1593 1897 1667 quae
1938 1569 2107 1644 ideo
2150 1570 2477 1669 simplex
2524 1569 2804 1643 dicitur
2832 1577 3184 1667 respectu
3225 1568 3598 1668 corporis,
3643 1569 3829 1667 quia
3870 1570 4066 1645 male
4097 1569 4119 1604 ²
4158 1592 4318 1643 non

1096 1704 1558 1780 diffunditur
1614 1728 1755 1803 per
1811 1704 2144 1816 spatium
2195 1704 2367 1796 loci,
2405 1703 2657 1781 sedin
2726 1728 2882 1779 uno
2947 1726 3259 1802 quoque
3317 1727 3640 1802 corpore
3696 1714 3768 1779 et
3827 1704 3902 1777 in
3964 1713 4119 1779 toto
4161 1712 4319 1778 tota

1111 1841 1429 1916 anima³
1468 1849 1612 1935 est,
1648 1850 1726 1918 et
1781 1839 1860 1915 in
1900 1839 2247 1938 quelibet
2285 1839 2457 1937 ejus
2505 1850 2720 1939 parte
2760 1848 2917 1914 tota
2979 1848 3148 1914 est:
3191 1849 3267 1914 et
3328 1839 3499 1914 ideo
3532 1863 3707 1914 cum
3758 1839 3856 1914 sit
3904 1839 4193 1937 aliquid
4238 1838 4319 1912 in

1102 1975 1382 2074 quavis
1429 1975 1714 2073 exigue
1751 1975 2132 2074 particula
2186 1974 2531 2074 corporis
2579 1975 2786 2072 quod
2836 1974 3116 2049 sentiat
3155 1973 3442 2069 anima,
3479 1974 3836 2072 quamvis
3882 1998 4030 2049 non
4066 1972 4195 2049 fiat
4239 1973 4318 2047 in

1104 2120 1265 2184 toto
1311 2132 1661 2207 corpore,
1707 2109 1838 2184 illa
1891 2119 2146 2185 tamen
2206 2118 2363 2184 tota
2400 2108 2652 2196 sentit,
2700 2108 2882 2207 quia
2922 2118 3154 2183 totam
3206 2132 3362 2183 non
3408 2110 3613 2185 latet.
3670 2109 3822 2185 Sed
3883 2120 4134 2185 tamen
4178 2132 4323 2185 nec

1107 2245 1189 2319 in
1243 2244 1411 2345 ipsa
1463 2245 1626 2320 'tota
1666 2246 1928 2321 anima
1989 2270 2175 2322 vera
2227 2245 2679 2346 simplicitas
2732 2254 2869 2320 est.
2907 2245 3099 2320 Cum
3149 2245 3359 2321 enim
3399 2246 3610 2323 aliud
3667 2246 3767 2323 sit
3816 2245 4319 2323 artificiosum

1106 2404 1306 2468 esse,
1352 2381 1564 2455 aliud
1619 2381 1971 2475 inertem,
2016 2380 2224 2456 aliud
2264 2391 2605 2468 acutum,
2649 2379 2857 2454 aliud
2902 2403 3348 2469 memorem,
3396 2380 3608 2456 aliud
3655 2382 4060 2481 cupiditas,
4105 2381 4318 2455 aliud

1108 2517 1365 2604 timor,
1410 2517 1622 2592 aliud
1656 2516 1946 2611 loetitia,
1982 2516 2189 2591 aliud
2222 2516 2531 2592 tristitia
2564 2540 2580 2590 ε
2616 2515 3068 2615 possintque
3101 2517 3270 2592 haec
3301 2525 3376 2592 et
3414 2517 3568 2592 alia
3606 2517 4049 2617 hujusmodi
4083 2517 4322 2592 innu-

1107 2650 1513 2726 merabilia
1551 2650 1628 2724 in
1672 2650 1954 2726 animoe
1986 2650 2315 2726 inveniri
2358 2659 2662 2744 natura,
2708 2649 2968 2725 etalio,
3004 2650 3173 2726 sine
3213 2650 3411 2738 aliis,
3449 2660 3524 2726 et
3563 2651 3714 2727 alia
3748 2651 4022 2750 nmgiS,
4068 2659 4142 2726 et
4170 2650 4323 2726 alia

1108 2785 1370 2862 minus
1414 2810 1430 2861 ε
1479 2786 1971 2863 manifestum
2022 2798 2136 2864 est
2173 2786 2457 2867 animae
2500 2810 2652 2860 non
2686 2785 3145 2885 simplicem,
3180 2785 3315 2863 sed
3345 2785 3849 2885 multiplicem
3896 2809 4067 2862 esse
4098 2795 4328 2863 natu-

1105 2947 1298 2999 ram.
1342 2922 1554 3000 Nihil
1622 2922 1831 3000 enim
1886 2923 2212 3021 simplex
2241 2921 2609 3000 mutabile
2660 2930 2776 2998 est
2834 2945 2851 2997 ε
2908 2921 3161 2996 omnis
3200 2931 3460 2997 autem
3509 2933 3864 2999 creatura
3931 2920 4323 2997 mutabilis

1105 3067 1224 3133 est
1266 3081 1285 3133 ε
1333 3059 1549 3132 nulla
1598 3080 1785 3154 ergo
1840 3067 2192 3135 creatura
2244 3080 2427 3133 vere
2481 3056 2806 3155 simplex
2845 3066 2985 3132 est.
3031 3056 3243 3132 Deus
3273 3080 3459 3133 vero
3508 3058 3646 3134 etsi
3684 3057 4083 3158 multiplex
4121 3057 4327 3132 dica·

1109 3206 1266 3287 tur,
1328 3216 1508 3268 vere
1565 3201 1823 3269 tamen
1873 3202 1949 3269 et
1985 3217 2286 3270 summe
2325 3191 2652 3292 simplex
2709 3200 2848 3267 est.
2893 3190 3191 3268 Dicitur
3224 3190 3429 3267 enim
3469 3218 3822 3292 magnus,
3870 3192 4150 3288 bonuS,
4193 3216 4324 3269 sa-

1108 3325 1361 3425 piens,
1398 3327 1699 3423 beatuS,
1746 3351 2002 3420 verus,
2038 3340 2113 3405 et
2164 3326 2543 3430 quidquid
2602 3325 2812 3403 aliud
2854 3350 3009 3402 non
3064 3326 3382 3425 indigne
3424 3327 3572 3404 dici
3613 3328 3920 3405 videtur
3961 3353 3979 3405 ι
4025 3329 4159 3405 scd
4208 3350 4330 3404 ea-

1107 3462 1284 3538 dem
1345 3462 1799 3560 nmgnitudo
1830 3464 1998 3561 ejus
2045 3474 2159 3541 est
2207 3488 2386 3563 quae
2423 3460 2829 3561 sapientia.
2885 3460 3057 3535 Non
3116 3461 3323 3538 enim
3368 3464 3569 3539 mole
3631 3486 3963 3560 mugnus
4012 3473 4154 3557 est,
4189 3463 4321 3539 sed

1107 3598 1444 3674 virtute:
1482 3610 1559 3675 et
1618 3600 1885 3676 eadem
1932 3601 2235 3677 bonitas
2281 3599 2453 3698 ejus
2499 3608 2614 3674 est
2643 3620 2821 3695 quaee
2873 3596 3279 3696 sapientia,
3323 3607 3398 3674 et
3459 3599 3934 3699 magnitudo,
4019 3610 4093 3675 et
4134 3598 4329 3675 veri·

1110 3745 1226 3810 tas
1271 3758 1289 3809 :
1348 3745 1421 3809 et
1464 3759 1615 3809 non
1653 3746 1770 3811 est
1809 3736 1912 3811 ibi
1941 3736 2149 3812 uliud
2191 3736 2444 3838 ipsum
2489 3735 2796 3810 beatum
2839 3757 3036 3826 esse,
3072 3743 3149 3811 et
3177 3735 3386 3810 aliud
3422 3760 3821 3835 magnum,
3859 3746 3988 3814 aut
4017 3736 4328 3836 sapien-

1113 3881 1296 3967 tem,
1339 3882 1474 3946 aut
1514 3897 1816 3967 verum,
1847 3885 1979 3948 aut
2018 3874 2306 3949 bonum
2353 3895 2554 3966 esse,
2597 3879 2730 3946 aut
2767 3870 3085 3946 ommno
3125 3894 3326 3948 esse.

1428 4338 1505 4412 F.
1548 4335 1899 4426 Qualiter
1932 4335 2140 4411 Deus
2167 4360 2338 4411 cnm
2368 4336 2471 4412 sil
2516 4335 2880 4435 simplem,
2920 4335 3338 4435 multiplex
3374 4341 3623 4411 lamen
3648 4336 4008 4412 dicacur?

1217 4680 1358 4755 llic
1407 4681 1820 4778 diligenter
1879 4683 2298 4756 notandum
2357 4691 2500 4775 est,
2545 4707 2718 4757 cum
2781 4682 2983 4756 ‹lic-at
3039 4681 3522 4778 Augustinus
3571 4684 3821 4758 solum
3866 4684 4109 4760 Deum
4144 4705 4323 4759 vere

1113 4815 1544 4915 simplicem
1587 4842 1784 4905 esse,
1830 4840 1970 4891 cur
1999 4816 2199 4892 dicat
2229 4816 2585 4892 eumdem
2631 4816 3154 4917 multipliciter
3192 4816 3409 4892 dici?
3447 4816 3597 4893 Sed
3643 4821 3786 4896 hoc
3818 4845 3968 4895 non
4017 4834 4327 4921 propter

1111 4949 1635 5027 diversitatem
1698 4951 2211 5028 accidentium
2271 4953 2393 5027 vel
2437 4952 2770 5051 partium
2821 4952 3026 5038 dicit,
3084 4951 3217 5028 sed
3278 4963 3594 5052 propter
3657 4954 4176 5031 diversitatem
4235 4979 4327 5032 nc

1116 5086 1688 5163 multitudinem
1733 5087 2136 5163 nominum
2169 5110 2346 5185 quie
2406 5087 2503 5163 de
2535 5087 2695 5163 Deo
2735 5088 3099 5163 dicuntur
3151 5111 3167 5162 ε
3212 5110 3392 5185 quae
3428 5088 3595 5164 licet
3658 5091 4106 5191 multiplicia
4144 5092 4324 5180 sint,

1117 5245 1360 5295 ιιιιιιῐιι
1406 5231 1658 5297 lamen
1704 5222 2174 5319 significant,
2211 5222 2504 5299 scilicet
2563 5222 2900 5297 divinam
2945 5233 3328 5297 naturam.
3372 5224 3555 5299 ltaec
3597 5225 3802 5299 euim
3860 5250 4013 5301 non
4058 5227 4158 5302 ita
4199 5251 4330 5303 ar-

1189 5485 1203 5518 ¹
1238 5481 1295 5537 S.
1332 5487 1708 5549 Acccsrtsus,
1744 5481 1868 5538 Lib.
1901 5482 1969 5537 Vl
2002 5482 2074 5539 de
2104 5482 2411 5553 Trinitate,
2440 5499 2569 5556 cup.
2597 5486 2651 5538 6.

1184 5569 1209 5605 ¹
1236 5570 1391 5626 Edit.
1413 5569 1662 5628 ,loannis
1696 5570 2022 5639 Alleaume,
2055 5571 2214 5627 mole.

1186 5661 1208 5697 ⁸
1241 5660 1493 5730 Ibidem,
1526 5669 1577 5719 et
1608 5664 1664 5718 in
1687 5668 1803 5718 toto
1832 5667 1948 5718 tota
1977 5666 2072 5719 est.
2192 5730 2206 5739 „
