4897 6388
1835 354 1926 420 ΙΝ
1969 355 1996 421 Ι
2047 346 2472 439 SQNTENT.
2529 356 2753 424 DIST.
2811 356 2930 434 111,
2985 359 3070 441 Π,
3124 346 3323 427 ART.
3379 364 3489 430 29.

1052 522 1357 592 tellectus
1402 522 1767 605 intellect0,
1812 533 1877 592 et
1913 547 1948 593 e
2024 549 2380 610 converso,
2457 549 2595 595 non

1047 640 1278 700 tamen
1355 654 1622 721 semper
1684 632 1872 702 adest
1933 635 2251 704 voluntas
2335 635 2596 704 intelli-

1044 740 1291 830 gendi:
1327 763 1490 829 ergo
1518 762 1655 807 non
1683 764 1950 834 semper
1987 746 2303 836 intelligit
2340 768 2436 813 se.

1136 849 1201 915 3.
1239 847 1437 924 Item,
1504 851 1926 941 Augustinus
1994 855 2060 919 in
2118 854 2289 920 libro
2338 852 2436 921 XI
2511 853 2596 921 de

1046 957 1383 1024 Trinilate
1435 967 1451 1000 ¹
1505 982 1520 1025 :
1567 960 1800 1051 Itaque
1852 983 2043 1028 mens
2100 984 2254 1028 cum
2297 963 2595 1053 seipsam

1043 1064 1419 1154 cognoscit,
1476 1066 1620 1134 sola
1651 1090 1892 1158 parens
1949 1077 2047 1136 est
2086 1071 2340 1137 notitiae
2421 1093 2592 1156 suae,

1041 1171 1392 1259 cognitum
1424 1176 1606 1240 enim
1648 1182 1714 1241 et
1741 1175 2051 1264 cognitor
2091 1178 2234 1266 ipsa
2271 1185 2412 1245 est:
2447 1186 2593 1245 erat

1039 1285 1271 1344 autern
1330 1280 1590 1369 sibiipsi
1658 1281 2026 1359 noscibiliS,
2111 1285 2313 1366 etiam
2389 1294 2591 1351 ante-

1038 1409 1247 1477 quam
1290 1411 1361 1456 se
1394 1398 1646 1473 nosset,
1689 1391 1807 1459 sed
1846 1393 2083 1461 notitia
2112 1396 2215 1461 sui
2255 1416 2395 1461 non
2445 1402 2592 1462 erat

1034 1493 1107 1559 in
1145 1514 1226 1560 ea
1256 1516 1412 1561 curn
1486 1497 1780 1586 seipsam
1837 1521 1976 1566 non
2005 1507 2324 1566 noverat:
2383 1499 2592 1590 igitur

1032 1623 1174 1667 non
1254 1623 1521 1692 semper
1573 1606 1766 1671 novit
1821 1624 1934 1674 se:
2006 1628 2166 1698 ergo
2201 1605 2414 1675 multo
2456 1608 2589 1677 for-

1030 1711 1165 1776 tius
1206 1733 1344 1778 non
1384 1735 1652 1802 semper
1681 1714 1995 1806 intelligit
2024 1737 2115 1783 se.

1118 1818 1184 1883 4.
1221 1817 1416 1898 Item,
1486 1822 1621 1888 Aut
1687 1844 1883 1889 nosse
1944 1846 2014 1891 se
2081 1824 2278 1891 estin
2304 1825 2585 1915 propria

1025 1932 1268 1993 natura
1301 1948 1714 2019 cognoscere
1766 1951 1862 2007 se,
1897 1937 2013 1997 aut
2077 1932 2430 1998 scientiam
2464 1930 2581 1999 de-

1026 2036 1547 2104 monstrativam
1589 2047 1654 2106 et
1686 2038 2061 2107 naturalem
2093 2040 2175 2108 de
2205 2063 2274 2109 se
2297 2040 2574 2119 habere,

1026 2152 1145 2212 aut
1184 2146 1428 2214 intueri
1470 2170 1542 2214 se
1609 2148 1981 2216 secundum
2030 2157 2299 2218 actum:
2359 2148 2582 2241 pluri-

1025 2249 1156 2317 bus
1186 2253 1370 2319 enim
1405 2253 1627 2321 modis
1676 2277 1810 2323 non
1864 2255 2150 2324 dicimus
2192 2279 2316 2324 nos
2373 2280 2577 2326 nosse

1025 2358 1309 2449 aliquid.
1349 2360 1420 2427 Si
1464 2362 1684 2450 primo
1725 2361 1957 2443 modo,
2002 2373 2158 2431 tunc
2213 2364 2576 2454 cujuslibet

1023 2467 1256 2534 anima
1295 2467 1483 2534 novit
1543 2492 1613 2536 se
1648 2470 1714 2537 in
1746 2471 2015 2561 propria
2058 2481 2294 2539 natura
2326 2495 2578 2541 secun-

1020 2577 1186 2645 dum
1218 2589 1486 2648 actum:
1521 2580 1639 2648 sed
1705 2604 1903 2650 nosse
1971 2605 2113 2651 rem
2172 2583 2237 2650 in
2296 2585 2572 2674 propria

1018 2695 1263 2754 natura
1332 2688 1707 2756 secundum
1773 2699 2025 2769 actum,
2082 2692 2573 2782 perfectissima

1014 2803 1117 2861 est
1145 2794 1597 2863 consideratio
1642 2799 1775 2865 rei:
1811 2821 1972 2890 ergo
2028 2798 2309 2889 quilibet
2377 2799 2567 2868 omni

1012 2909 1322 2990 tempore
1362 2902 1818 2972 consideraret
1864 2904 2158 2972 animam
2210 2905 2568 2996 perfectis-

1011 3007 1187 3074 sima
1215 3008 1780 3087 consideratione,
1827 3011 2009 3102 quod
2047 3021 2275 3103 aperte
2315 3012 2563 3082 salsum

1010 3123 1135 3184 est.
1173 3112 1247 3182 Si
1280 3137 1479 3184 nosse
1518 3140 1588 3184 se
1643 3128 1739 3185 est
1797 3119 2148 3187 scientiam
2179 3120 2260 3189 de
2317 3142 2389 3189 se
2434 3120 2566 3189 ha-

1013 3223 1173 3291 bere
1204 3224 1581 3293 naturalem
1630 3234 1695 3294 et
1758 3225 2360 3296 demonstrativam
2403 3252 2558 3320 quae

1015 3328 1215 3398 docet
1250 3329 1414 3421 quid
1444 3339 1543 3399 est
1584 3332 1785 3400 resin
1825 3356 1921 3417 se,
1964 3342 2025 3401 et
2086 3335 2149 3402 in
2217 3337 2561 3426 passioni-

1007 3438 1158 3515 bus,
1193 3438 1337 3507 sive
1391 3439 1911 3530 proprietatibus
1968 3444 2131 3520 suis,
2201 3452 2361 3512 tunc
2417 3469 2555 3515 non

1003 3552 1106 3611 est
1138 3542 1346 3613 homo
1377 3547 1491 3636 qui
1536 3569 1669 3614 non
1702 3545 1941 3616 haheat
1988 3550 2163 3639 apud
2217 3573 2288 3619 se
2340 3561 2553 3620 totam

998 3651 1356 3719 scientiam
1396 3651 1477 3719 de
1506 3653 1775 3721 anima:
1810 3664 1872 3723 et
1910 3654 2034 3724 hoc
2067 3656 2375 3726 videmus
2406 3682 2554 3727 esse

1000 3756 1275 3836 salsum,
1320 3759 1477 3850 quia
1528 3761 1756 3829 omnia
1817 3760 2043 3830 labore
2108 3765 2550 3855 acquirimus,

1001 3872 1069 3934 et
1123 3863 1377 3941 studio,
1437 3867 1639 3934 etiam
1702 3868 2040 3937 modicum
2094 3870 2175 3939 de
2253 3873 2438 3961 ipsa:
2495 3874 2550 3940 si

1002 3994 1166 4041 vero
1198 3994 1398 4041 nosse
1426 3995 1499 4041 se
1538 3982 1636 4041 est
1679 3999 1749 4042 se
1815 3977 2056 4045 intueri
2118 4002 2235 4069 per
2281 3979 2554 4050 intelle-

995 4086 1206 4157 ctum,
1261 4088 1419 4147 tunc
1486 4080 1764 4172 quilibet
1796 4107 2063 4176 semper
2119 4087 2419 4155 intuetur
2475 4111 2546 4156 se

994 4211 1117 4279 per
1147 4186 1603 4257 intellectum:
1638 4199 1703 4257 ct
1757 4215 1910 4258 cum
1941 4194 2107 4259 scire
2156 4193 2346 4285 plura
2381 4220 2548 4286 pos-

993 4299 1235 4378 simuS,
1305 4299 1684 4391 intelligere
1742 4325 1903 4370 vero
1980 4308 2282 4387 minime,
2336 4331 2548 4376 num-

995 4430 1204 4499 quam
1247 4430 1605 4498 possemus
1634 4412 1889 4502 aliquid
1919 4413 2098 4481 aliud
2133 4416 2375 4485 intueri
2427 4442 2547 4510 per

991 4513 1438 4593 intellectum,
1518 4517 1697 4607 quod
1770 4520 2013 4587 iterum
2074 4521 2314 4591 salsum
2374 4535 2475 4593 est
2523 4550 2539 4594 :

992 4642 1157 4712 ergo
1186 4621 1479 4700 videtur,
1514 4624 1693 4713 quod
1746 4627 2121 4695 intellectus
2164 4653 2301 4698 non
2358 4655 2541 4700 sem-

997 4750 1119 4818 per
1150 4728 1481 4820 intelligat
1523 4730 1625 4797 vel
1669 4731 1885 4799 videat
1920 4756 2014 4800 se.

1088 4835 1160 4904 81
1203 4859 1330 4903 noc
1358 4838 1786 4918 concedatur,
1825 4840 2127 4911 CoxTaA:

1090 4945 1150 5013 ¹.
1230 4942 1472 5012 Omnis
1539 4948 1839 5036 potentia
1893 4951 2157 5039 passiva
2223 4953 2366 5022 sive
2429 4978 2535 5024 re·

988 5046 1346 5135 ceptivain
1380 5057 1532 5114 actu
1564 5058 1688 5127 est,
1732 5051 2002 5141 quando
2050 5063 2236 5122 actus
2302 5065 2402 5123 est
2465 5059 2532 5127 in

982 5155 1171 5243 ipsa:
1234 5163 1297 5221 et
1355 5155 1640 5260 tamdiu·
1694 5167 1791 5225 est
1843 5159 1908 5225 in
1976 5170 2153 5241 actu,
2200 5166 2528 5254 quamdiu

4143 370 4270 436 129
4313 405 4316 408 >

2705 546 2869 613 ergo
2922 525 2990 590 in
3021 534 3173 592 actu
3222 536 3348 611 est,
3383 537 3536 596 actu
3589 531 4029 622 intelligibilis
4097 539 4246 605 exi-

2705 642 2926 701 stente
2966 635 3033 701 in
3064 636 3206 725 ipsa
3237 660 3251 703 :
3287 661 3445 706 cum
3484 648 3711 708 autem
3743 642 4119 713 intellectus
4151 650 4259 714 in-

2707 743 2952 833 telligit
2989 767 3083 822 se,
3129 747 3554 840 intelligibile
3598 760 3697 819 est
3766 753 3945 820 idem
4002 755 4259 824 intelli-

2704 854 2934 941 genti:
3006 877 3170 945 ergo
3238 857 3413 925 sicut
3480 881 3619 926 non
3650 859 3840 928 abest
3880 861 4253 932 intellectus

2702 961 2992 1050 sibiipsi,
3032 962 3124 1029 ita
3181 986 3305 1033 nec
3352 964 3542 1033 abest
3599 967 3728 1034 sibi
3784 969 4250 1061 intelligibiles

2704 1090 2868 1157 ergo
2900 1090 3171 1157 semper
3209 1078 3310 1138 est
3367 1072 3435 1137 in
3495 1082 3647 1140 actu
3697 1076 4065 1144 secundum
4123 1077 4253 1148 hoc

2700 1171 3166 1263 intelligibile:
3203 1183 3271 1242 et
3299 1174 3432 1245 hoc
3462 1170 3662 1246 est'in
3694 1188 3846 1249 actu
3888 1204 4030 1250 esse
4070 1185 4252 1273 quod

2701 1280 3123 1371 intelligere:
3167 1306 3329 1375 ergo
3371 1308 3641 1376 semper
3669 1289 3983 1382 intelligit
4010 1316 4105 1361 se.

2790 1389 2854 1453 2.
2892 1387 3087 1469 Item,
3120 1390 3522 1461 Aristoteles
3571 1397 3639 1461 in
3696 1396 3794 1462 111
3861 1398 3940 1465 de
3994 1403 4248 1470 Anima

2697 1493 2881 1573 dicit,
2927 1497 3111 1586 quod
3178 1499 3561 1570 intellectus
3599 1526 3811 1595 agens
3868 1529 4135 1598 semper
4180 1514 4247 1579 in

2694 1612 2850 1671 actu
2893 1612 3035 1673 est:
3081 1614 3147 1674 et
3177 1629 3333 1674 cum
3367 1609 3457 1676 sit
3503 1633 3713 1701 agens
3767 1623 4069 1704 respectu
4118 1618 4249 1685 ali-

2692 1712 2889 1800 cujus
2928 1711 3400 1805 intelligibilis,
3437 1718 3564 1785 erit
3593 1718 3872 1811 aliquod
3921 1724 4250 1817 intelligi-

2692 1821 2828 1890 bile
2878 1845 3148 1914 semper
3177 1829 3553 1897 terminans
3600 1834 3937 1902 actionem
4005 1860 4244 1907 suam:

2689 1930 2825 1999 hoc
2881 1941 3108 2000 autem
3174 1958 3315 2003 non
3383 1948 3486 2006 est
3549 1941 3680 2009 nisi
3734 1944 3915 2033 quod
3980 1969 4249 2038 semper

2688 2062 2985 2128 praesens
3015 2051 3115 2110 est
3144 2043 3540 2125 intellectui,
3584 2056 3651 2116 et
3680 2048 3813 2119 hoc
3840 2061 3940 2120 est
3988 2054 4248 2123 intelli-

2685 2146 2895 2236 gibile
2937 2150 3121 2239 quod
3158 2159 3262 2219 est
3290 2153 3434 2242 ipse
3476 2154 3898 2226 intellectus:
3936 2183 4097 2253 ergo
4139 2164 4247 2231 in-

2686 2255 2996 2324 tellectus
3079 2259 3426 2348 possibilis
3506 2285 3776 2354 semper
3873 2266 4246 2339 illustratur

2682 2361 2833 2431 luce
2868 2365 3247 2435 intellectus
3277 2371 3584 2460 agentis:
3630 2380 3695 2440 et
3742 2373 3868 2442 hoc
3921 2377 4075 2445 facit
4135 2381 4245 2447 in-

2685 2468 2988 2562 telligere
3055 2474 3452 2563 possibilem
3521 2480 3894 2549 secundum
3952 2493 4235 2555 actum:

2682 2599 2847 2667 ergo
2881 2578 3263 2648 intellectus
3301 2604 3573 2674 semper
3606 2587 3921 2681 intelligit
3956 2614 4050 2659 se.

2767 2789 3077 2861 Somno.
3172 2796 3574 2877 Dicendum,
3663 2802 3843 2891 quod
3955 2806 4228 2894 quidam
4314 2843 4521 2892 sonmo,

2675 2899 3141 2992 Philosophus
3198 2908 3606 2996 exponendo
3656 2911 4086 2982 Aristotelem
4146 2916 4228 2984 ‹le

2673 3009 3037 3077 Intellecta
3067 3020 3131 3077 et
3162 3013 3614 3104 lucelli-qima
3640 3017 3826 3097 dicit,
3880 3022 4060 3112 quod
4120 3024 4228 3091 in-

2672 3114 2979 3184 tellectus
3009 3117 3191 3188 videt
3259 3144 3331 3189 se
3372 3146 3666 3215 semper,
3708 3128 3850 3194 sive
3910 3130 4222 3224 intelligit

2668 3243 2740 3288 se
2797 3246 3106 3314 semper:
3153 3233 3219 3293 et
3258 3226 3419 3296 dicit
3486 3230 3668 3320 quod
3738 3230 3866 3301 boc
3909 3235 4081 3303 idem
4124 3249 4218 3305 est

2667 3328 2916 3413 dicere,
2977 3331 3159 3421 quod
3203 3332 3585 3403 intellectus
3634 3337 3943 3430 intelligit
4013 3366 4082 3410 se
4152 3345 4220 3411 in

2665 3438 2853 3506 omni
2892 3440 3354 3532 intellligihili.
3391 3444 3580 3513 Sicut
3635 3448 3817 3517 enim
3868 3448 3982 3517 lux
4022 3453 4218 3521 vide-

2664 3545 2863 3613 detur
2918 3542 2985 3614 in
3053 3551 3239 3616 omni
3295 3551 3548 3636 colore,
3584 3577 3664 3621 co
3705 3557 3887 3646 quod
3916 3558 4104 3626 color
4132 3564 4215 3629 sit

2666 3657 3003 3722 motivum
3036 3657 3224 3724 visus
3263 3659 3638 3728 secundum
3698 3674 3921 3733 actum
3969 3667 4210 3738 lucidi:

2662 3760 2751 3826 ita
2821 3760 3008 3843 dicit,
3098 3765 3280 3854 quod
3361 3767 3742 3837 intellectus
3814 3772 4082 3842 videtur
4147 3778 4214 3845 in

2660 3874 2849 3939 omni
2895 3873 3328 3965 intelligibili,
3363 3881 3522 3969 quia
3567 3879 3708 3970 ipsc
3746 3891 3844 3949 est
3910 3885 3972 3951 id
4033 3888 4213 3977 quod

2657 3980 2814 4047 facit
2847 3991 3002 4049 actu
3058 3982 3319 4075 aliquid
3378 3987 3828 4079 intelligibile,
3894 4017 3974 4059 eo
4031 3998 4212 4085 quod

2660 4085 2774 4153 lux
2803 4109 2927 4153 sua
2959 4087 3304 4158 abstrahat
3341 4094 3723 4163 universale
3763 4097 3843 4164 de
3884 4098 4213 4188 phantas-

2660 4202 2838 4259 mate
2872 4205 3217 4274 movente,
3262 4207 3328 4267 et
3366 4201 3462 4268 sic
3513 4203 3580 4268 in
3639 4204 4041 4296 intelligibili
4099 4236 4211 4278 se-

2656 4300 2957 4369 cundum
2998 4311 3224 4371 actum
3277 4306 3451 4375 sacto
3500 4309 3771 4378 videtur
3835 4314 4209 4389 intellectus

2652 4431 2887 4499 agcnS.
2970 4408 3146 4489 Quia
3219 4436 3384 4481 vero
3447 4416 3827 4487 intellectus
3871 4423 4208 4513 possibilis

2651 4539 2787 4583 non
2822 4527 2919 4585 est
2965 4522 3268 4608 potentia
3302 4528 3641 4615 receptiva
3683 4531 3883 4597 unius
3913 4540 4203 4614 tantum,

2650 4626 2819 4692 sicut
2854 4649 3094 4694 sensus
3133 4631 3584 4719 particularis,
3612 4636 3729 4703 sed
3752 4648 3845 4706 est
3874 4645 4207 4732 receptiva

2648 4739 2990 4821 omnium,
3035 4749 3098 4807 et
3141 4746 3489 4833 componit
3526 4755 3589 4814 et
3630 4748 3866 4817 dividit
3894 4763 4198 4844 recepta:

2648 4841 2799 4909 ideo
2844 4844 3049 4911 ctiam
3081 4868 3234 4913 cum
3279 4850 3515 4939 accipit
3563 4852 3983 4944 intelligibile
4014 4860 4199 4940 inse,

2644 4951 2885 5040 accipit
2927 4950 3311 5043 subjectum
3371 4958 3819 5051 intelligibilis
3883 4988 4034 5032 cum
4092 4968 4203 5035 in-

2645 5057 2982 5149 telligibili
3024 5061 3257 5141 simul,
3312 5063 3460 5134 licet
3544 5069 3686 5158 ipse
3728 5092 3864 5138 non
3920 5074 4200 5165 accipiat

2642 5173 2715 5232 ut
2755 5166 3165 5253 subjectum.
3224 5170 3298 5237 13¹
3382 5172 3571 5242 radix
3622 5174 3825 5264 hujus
3885 5179 4202 5250 l’hiloso-

974 5259 1194 5327 forma
1226 5263 1426 5328 estin
1461 5262 1643 5352 ipsa:
1714 5274 1777 5331 et
1835 5264 1965 5334 hoc
2029 5267 2355 5358 probatur
2410 5294 2532 5362 per
2638 5271 2755 5363 phi
2791 5277 3101 5343 consistit
3138 5279 3205 5343 in
3262 5277 3392 5348 hoc
3423 5283 3606 5371 quod
3665 5284 4019 5376 dupliciter
4093 5292 4201 5358 in-

973 5367 1443 5436 inductionem
1484 5369 1555 5435 in
1605 5371 1893 5459 singulis
1960 5373 2344 5444 Intellectus
2410 5402 2530 5446 au-

975 5482 1114 5543 tem
1146 5486 1248 5545 est
1277 5477 1576 5566 potentia
1631 5482 1967 5568 receptiva
2035 5483 2520 5577 intelligibilis:

1050 5712 1063 5745 ⁸
1103 5711 1159 5763 S.
1192 5714 1564 5782 ,anausim-s,
1614 5714 1734 5773 Lib.
1784 5716 1859 5772 xt
1912 5714 1983 5771 dc
2030 5717 2332 5774 Trinitate.
2389 5735 2520 5792 cap.

1255 5844 1365 5883 xxv

2642 5378 2955 5448 tellectus
3016 5404 3227 5475 agens
3285 5387 3706 5481 intelligitur,
3778 5394 4052 5474 scilicet,
4124 5407 4195 5466 ut

2639 5486 2998 5556 distinctus
3032 5492 3100 5558 in
3136 5495 3405 5583 propria
3466 5508 3732 5578 natura,
3777 5510 3835 5569 et
3895 5503 3988 5570 sic
4057 5527 4192 5572 non

2638 5725 2717 5776 ¹2.
