4897 6388
516 252 559 267 ”
626 284 710 350 82
776 234 781 238 ⁴
1398 256 1411 321 ἒ
1621 287 1707 354 D.
1756 232 1954 353 Am.
2006 284 2220 352 MAG.
2275 284 2477 353 om).
2531 252 2873 358 pm„

310 2724 514 2773 solutio.

327 4364 409 4410 Ad
439 4364 480 4411 1.

622 475 782 545 ergo
840 453 1039 524 debet
1079 465 1249 551 esse
1287 458 1589 547 ejusdem
1629 457 1949 546 punitor:
2006 456 2163 543 quia

618 584 822 630 nemo
872 565 1098 653 justus
1137 566 1319 631 illius
1374 566 1469 631 rei
1509 573 1609 631 est
1654 564 1926 652 punitor
1969 562 2159 651 cujus

618 671 761 761 ipse
794 681 895 739 est
925 674 1181 739 auctor.

709 782 774 849 4.
833 780 1185 859 Similiter,
1283 781 1444 848 dicit
1480 782 1928 871 ¹Augustinus
1984 780 2159 870 quod

619 887 803 955 Deus
842 909 983 954 non
1046 888 1205 955 facit
1260 887 1516 977 aliquid
1571 910 1705 977 quo
1753 909 1922 976 opus
1960 908 2156 952 suum

618 994 737 1061 fiat
783 994 1078 1062 deterius
1124 1017 1138 1062 :
1196 995 1313 1062 sed
1363 995 1542 1062 malo
1603 993 1677 1061 fit
1721 993 1929 1061 homo
1969 993 2158 1060 dete-

619 1105 799 1170 rior:
837 1126 998 1192 ergo
1032 1103 1253 1171 bonus
1276 1105 1457 1191 Deus
1479 1126 1617 1170 non
1657 1102 1813 1170 facit
1842 1101 2008 1169 illud
2038 1123 2159 1168 nec

618 1209 689 1275 in
720 1231 816 1289 se,
862 1233 987 1278 nec
1026 1213 1096 1276 in
1123 1210 1256 1277 alio
1287 1232 1303 1279 ε
1349 1232 1508 1299 ergo
1545 1215 1836 1299 oportet,
1872 1207 2049 1298 quod
2072 1207 2158 1273 sit

615 1315 700 1382 ab
732 1317 865 1384 alio
905 1318 1238 1407 principio
1281 1315 1465 1406 quod
1495 1324 1595 1382 est
1625 1315 1805 1382 Deus
1844 1313 2157 1381 tenebra-

614 1441 766 1486 rum
801 1442 816 1486 :
854 1422 1013 1509 quia
1045 1418 1327 1497 malum,
1363 1427 1437 1485 ut
1485 1418 1644 1486 dicit
1674 1418 2149 1494 DamascenuS,

610 1535 711 1594 est
742 1525 1022 1594 tenebra
1052 1524 1518 1616 intelligibilis.
1556 1524 1628 1593 Si
1668 1526 1839 1592 forte
1870 1525 2149 1605 dicatur,

611 1632 794 1724 quod
826 1633 1083 1700 malum
1118 1633 1284 1701 nihil
1326 1640 1466 1700 est:
1503 1641 1570 1701 et
1598 1633 1749 1701 ideo
1780 1654 1919 1700 non
1948 1655 2153 1722 opor-

606 1749 701 1808 tet
740 1750 816 1808 ut
858 1739 1106 1809 habeat
1152 1741 1562 1831 principium
1620 1742 1937 1808 existens.
1976 1738 2152 1807 Cox-

604 1870 735 1915 raA
778 1870 793 1913 :
830 1848 1014 1915 Deus
1066 1870 1204 1915 non
1253 1847 1448 1937 punit
1475 1870 1598 1938 pro
1639 1847 1852 1915 nihilo
1892 1847 2153 1938 suppli-

605 1959 729 2028 ciis
762 1960 1034 2027 aeternis
1071 1982 1086 2025 ε
1124 1959 1242 2026 sed
1285 1957 1543 2026 malum
1596 1961 1874 2049 punitur
1898 1970 2147 2027 aeterno

606 2067 993 2160 supplicio:
1066 2091 1228 2159 ergo
1297 2067 1556 2135 malum
1613 2090 1752 2136 non
1799 2077 1899 2136 est
1952 2067 2145 2148 nihil,

606 2175 724 2244 sed
782 2174 1066 2266 aliquid,
1113 2185 1178 2245 et
1218 2176 1312 2241 ita
1341 2175 1514 2243 redit
1553 2177 1848 2265 primum
1885 2199 1901 2243 :
1945 2175 2049 2244 vel
2092 2177 2149 2244 si

605 2282 724 2350 fiat
760 2283 863 2349 vis
903 2283 973 2349 in
1032 2283 1239 2361 malo,
1291 2281 1632 2350 videbitur
1687 2283 1920 2352 eadem
1978 2286 2148 2350 ratio

605 2388 970 2481 procedere
1020 2388 1102 2457 de
1157 2398 1432 2479 peccato
1483 2412 1635 2479 quae
1690 2389 1862 2458 l'acta
1909 2397 2010 2457 est
2065 2390 2147 2459 de

606 2495 814 2565 malo.

694 2716 799 2783 An
821 2738 947 2783 noc
972 2713 1381 2784 solvendum
1410 2704 1774 2782 dicendum
1805 2722 1930 2794 est,
1965 2714 2148 2804 quod

604 2848 746 2894 non
776 2834 879 2894 est
924 2826 1055 2894 nisi
1086 2847 1300 2893 unum
1358 2824 1794 2916 principium,
1836 2846 1916 2892 eo
1966 2824 2147 2915 quod

601 2933 1013 3026 principium
1076 2932 1235 3001 mali
1284 2955 1430 3000 esse
1496 2954 1636 3000 non
1676 2939 1938 3021 potest:
1989 2934 2145 3022 quia

604 3038 774 3107 illud
794 3047 911 3106 aut
942 3048 1117 3106 esset
1144 3060 1494 3106 summum
1523 3035 1806 3115 malum,
1834 3039 1925 3105 ita
1964 3038 2145 3129 quod

602 3169 742 3216 non
799 3155 1028 3238 posset
1068 3168 1214 3215 esse
1263 3146 1456 3237 pejus
1491 3168 1507 3214 :
1542 3155 1659 3214 aut
1695 3143 1968 3214 haberet
2016 3144 2147 3213 ali-

603 3258 766 3351 quid
805 3258 890 3326 de
919 3258 1127 3327 bono.
1155 3257 1229 3324 Si
1259 3259 1479 3349 primo
1511 3256 1743 3338 modo,
1770 3266 1930 3325 tunc
1968 3266 2144 3324 esset

598 3389 741 3435 non
779 3389 925 3443 ens,
961 3375 1035 3433 ut
1073 3388 1278 3457 supra
1308 3375 1408 3433 est
1446 3363 1754 3433 habiturn
1791 3387 1806 3432 :
1838 3365 1995 3455 quia
2025 3387 2144 3432 ens

601 3483 703 3543 est
729 3496 947 3542 unum
977 3474 1394 3564 optimorum
1426 3471 1607 3564 quod
1639 3473 1869 3539 omnia
1889 3471 2143 3539 deside·

599 3589 775 3650 rant.
826 3578 899 3648 Si
939 3578 1239 3648 secundo
1290 3579 1523 3656 modo,
1567 3589 1729 3647 tunc
1779 3580 1921 3668 jam
1968 3588 2144 3646 esset

593 3690 1078 3781 compositum,
1114 3696 1178 3757 et
1229 3710 1369 3756 non
1416 3689 1851 3779 principium,
1914 3696 1979 3756 et
2017 3686 2145 3754 ali-

592 3797 757 3889 quid
787 3806 963 3864 esset
998 3798 1066 3864 in
1096 3798 1243 3886 ipso
1272 3794 1356 3863 de
1385 3795 1731 3864 causatisa
1753 3795 1935 3863 bono
1966 3797 2143 3886 prin-

591 3904 798 3996 cipio,
823 3902 1007 3993 quod
1039 3925 1175 3971 non
1206 3909 1427 3993 potest
1454 3924 1601 3970 esse
1634 3924 1650 3967 :
1683 3909 1750 3969 et
1771 3900 1923 3970 ideo
1953 3902 2143 3992 prin-

592 4012 845 4102 cipium
881 4009 1038 4077 mali
1083 4009 1407 4092 efficiens,
1440 4008 1624 4099 quod
1670 4008 1757 4076 sit
1794 4031 1913 4098 per
1975 4008 2140 4074 sub·

593 4117 913 4185 stantiam
945 4137 1140 4183 suam
1182 4115 1340 4183 mali
1372 4135 1602 4196 causa,
1644 4135 1790 4182 esse
1830 4136 1968 4181 non
1997 4122 2140 4204 pot-

597 4234 724 4293 est.

686 4330 790 4397 An
830 4351 1085 4397 eaustus(
1115 4325 1502 4407 dicendum,
1536 4327 1719 4417 quod
1748 4325 1877 4395 hoc
1900 4325 2139 4394 intelli·

595 4437 781 4529 gitur
815 4433 898 4502 de
955 4434 1177 4503 causis
1216 4455 1338 4525 per
1375 4427 1639 4501 motum
1677 4433 2133 4518 causantibuS,

590 4544 765 4611 sicut
794 4542 1070 4624 coelum,
1114 4550 1179 4609 et
1201 4538 1434 4618 stellae,
1477 4548 1544 4607 et
1571 4550 1819 4609 caetera
1855 4564 2136 4632 corpora

588 4646 873 4738 physica
911 4668 927 4713 ε
963 4645 1124 4736 quia
1163 4667 1303 4712 uno
1347 4642 1554 4711 modo
1585 4652 1811 4712 motus
1841 4668 1980 4713 non
2001 4645 2137 4714 esti-

588 4755 765 4822 citur
796 4752 926 4820 nisi
968 4752 1051 4818 ab
1112 4773 1248 4818 una
1314 4751 1532 4818 forma
1572 4773 2015 4842 quaecumque
2052 4754 2138 4823 sit

586 4861 705 4931 illa
742 4886 757 4929 :
801 4863 919 4931 sed
958 4861 1226 4940 diverso
1276 4869 1462 4927 motu
1505 4861 1572 4927 in
1639 4861 2015 4930 accedendo
2069 4871 2136 4931 et

587 4967 965 5037 recedendo
996 4967 1080 5035 ad
1118 4967 1345 5035 stellas
1385 4977 1451 5035 et
1481 4977 1708 5035 motus
1737 4968 2037 5037 diversos
2067 4972 2134 5037 in

586 5077 867 5168 obliquo
896 5076 1149 5144 circulo
1191 5077 1258 5143 in
1291 5098 1427 5167 quo
1469 5077 1871 5144 intersecant
1900 5101 1970 5145 se
1999 5079 2136 5146 cir-

587 5186 719 5255 culi
775 5185 1231 5276 planetarum,
1302 5187 1371 5252 in
1428 5207 1566 5276 quo
1631 5185 1860 5277 aliquo
1929 5186 2131 5255 modo

585 5303 745 5361 sunt
774 5292 985 5361 stellae
1025 5315 1290 5376 omnes,
1325 5294 1496 5360 liunt
1534 5292 1816 5362 diversae
1846 5295 2134 5381 conjun-

583 5402 870 5483 ctiones,
914 5410 981 5466 et
1022 5408 1362 5487 respectus
1402 5408 1467 5465 et
1506 5401 2025 5488 p1·aeve11tiones·,
2067 5411 2132 5469 et

582 5528 929 5583 ascensuS,
964 5513 1030 5573 et
1059 5505 1463 5572 descensus:
1498 5514 1564 5572 et
1596 5505 1747 5573 ideo
1787 5514 1944 5574 tunc
1983 5529 2132 5574 cau-

582 5623 821 5682 santur
857 5612 1152 5680 diversa.
1191 5609 1371 5679 Deus
1400 5620 1627 5680 autern
1659 5636 1797 5682 non
1819 5622 2131 5703 operatur

2273 480 2393 546 per
2429 457 2610 553 hunc
2639 460 2920 528 modum
2949 485 2962 527 :
3000 463 3142 552 ipse
3172 462 3356 529 enim
3388 457 3647 536 stabilis
3678 479 3822 532 ma-

2276 586 2439 631 nens
2471 564 2584 631 dat
2619 574 2860 634 cuncta
2891 572 3177 636 moveri.
3209 568 3293 634 Et
3324 566 3474 633 ideo
3513 587 3648 631 uno
3681 585 3827 629 mo-

2274 671 2358 737 do
2393 673 2531 761 ipse
2570 669 2866 740 existens
2915 697 3034 763 per
3092 676 3391 741 rationes
3433 670 3681 739 ideales
3713 670 3822 736 di·-

2273 800 2500 844 versas
2539 779 2608 844 in
2639 801 2763 845 sua
2791 780 3125 869 sapientia
3156 780 3507 868 operativa
3530 779 3822 846 existen·

2273 893 2398 966 teS,
2432 892 2653 974 potest
2689 908 2968 953 causare
3000 886 3291 962 diversa,
3327 894 3394 952 et
3414 886 3614 952 etiam
3649 905 3821 952 con-

2271 992 2475 1058 traria
2513 994 2582 1059 in
2622 991 2755 1059 illis
2794 995 3152 1061 contrariis
3196 1015 3490 1083 quorum
3551 990 3819 1058 utrum-'-

2272 1122 2401 1189 que
2441 1109 2542 1167 est
2573 1123 2693 1168 ens
2727 1122 2742 1169 ε
2778 1102 2951 1169 sicut
2980 1111 3139 1169 sunt
3168 1103 3522 1169 contraria:
3551 1101 3813 1182 formae,

2269 1213 2344 1272 ut
2390 1205 2647 1287 album,
2702 1214 2767 1274 et
2806 1209 3080 1298 nigrum
3125 1230 3139 1273 :
3204 1208 3322 1275 sed
3380 1204 3817 1296 corruptibile

2269 1323 2335 1381 et
2363 1314 2895 1403 incorruptibile,
2940 1324 3006 1383 et
3033 1316 3298 1404 justum
3353 1324 3421 1381 et
3459 1316 3813 1404 injustum,

2266 1420 2523 1488 bonum
2554 1430 2621 1489 et
2642 1422 2899 1489 malum
2942 1446 3082 1491 non
3114 1431 3275 1490 sunt
3299 1423 3398 1490 sic
3428 1423 3807 1489 contraria:

2266 1527 2422 1616 quia
2461 1548 2674 1593 unum
2706 1534 2807 1595 est
2843 1549 2884 1594 a
2913 1527 3159 1607 forma,
3195 1527 3484 1595 alterum
3517 1549 3556 1593 a
3586 1529 3811 1617 priva-

2264 1635 2448 1702 tione
2478 1656 2630 1724 quae
2668 1635 2858 1702 estin
2879 1634 3189 1718 materia,
3218 1657 3367 1726 quae
3391 1657 3530 1702 non
3552 1644 3651 1702 est
3682 1634 3810 1700 nisi

2263 1740 2580 1819 defectuS,
2616 1749 2691 1808 ut
2728 1742 2962 1810 dicunt
2993 1741 3358 1809 Anselmus
3389 1751 3456 1809 et
3485 1742 3812 1832 Augusti-

2261 1870 2429 1915 nus:
2464 1855 2530 1916 et
2559 1849 2712 1916 ideo
2741 1858 3362 1939 causam-agentem
3394 1871 3533 1915 non
3563 1847 3804 1916 habet:

2260 1957 2377 2025 sed
2406 1959 2630 2047 potius
2676 1980 2879 2026 causa
2909 1982 3120 2050 agens
3177 1957 3487 2025 habitum
3536 1958 3649 2048 qui
3692 1980 3811 2048 op-

2260 2067 2536 2154 ponitur
2587 2065 2703 2134 tali
2744 2068 3139 2157 privationi,
3173 2068 3230 2134 si
3289 2066 3513 2134 delicit
3552 2065 3635 2134 ab
3674 2066 3806 2134 ali-

2262 2193 2395 2260 quo
2461 2173 2948 2263 principiorum
2998 2173 3296 2250 habitus,
3360 2183 3522 2241 tunc
3577 2175 3643 2239 in
3693 2195 3804 2241 ac-

2260 2282 2442 2347 tione
2509 2304 2634 2349 sua
2679 2281 2930 2349 incidet
2963 2281 3258 2372 privatio
3297 2290 3548 2371 praeter
3586 2284 3805 2349 inten-

2261 2392 2512 2456 tionem
2579 2392 2867 2481 agentis,
2902 2398 2970 2457 et
2996 2398 3241 2479 praeter
3297 2388 3427 2456 hoc
3459 2388 3641 2479 quod
3679 2390 3810 2456 ali-

2258 2497 2419 2587 quid
2456 2505 2616 2589 agat
2668 2497 2752 2565 ad
2787 2498 3035 2589 ipsam,
3104 2496 3222 2565 sed
3260 2497 3491 2586 potius
3547 2518 3630 2566 ex
3679 2495 3810 2565 hoc

2258 2606 2440 2693 quod
2477 2627 2617 2673 non
2656 2603 2895 2672 habuit
2946 2606 3018 2672 in
3057 2626 3263 2695 opere
3311 2602 3587 2672 habitus
3624 2604 3807 2672 sulti·

2255 2712 2570 2780 cientiam
2627 2712 3120 2802 principiorum
3171 2733 3324 2802 quae
3373 2710 3459 2779 ad
3497 2709 3805 2779 habitum

2255 2819 2739 2909 exigebantur:
2781 2822 2957 2887 sicut
2997 2827 3099 2887 est
3136 2818 3369 2886 videre
3401 2819 3470 2886 in
3511 2821 3806 2888 caecitate

2256 2929 2323 2994 in
2346 2926 2632 3018 pupilla:
2660 2949 2800 2996 non
2827 2930 3013 2996 enim
3031 2925 3161 2995 hoc
3194 2934 3295 2995 est
3324 2949 3408 2995 ex
3433 2927 3805 2995 intentione

2256 3035 2357 3100 vis
2378 3033 2752 3102 formativae
2774 3033 2951 3102 oculi
2977 3033 3160 3125 quod
3185 3056 3321 3101 non
3351 3043 3452 3101 est
3482 3033 3711 3103 lumen
3735 3034 3807 3101 in

2255 3143 2477 3224 oculo,
2510 3144 2628 3214 sed
2658 3145 2884 3236 potius
2924 3147 3086 3237 quia
3116 3144 3342 3214 delicit
3384 3146 3668 3216 materia
3693 3144 3804 3215 vel

2254 3252 2479 3344 aliqua
2519 3254 2815 3321 materiae
2861 3253 3220 3345 dispositio
3261 3276 3413 3345 quoe
3466 3255 3551 3322 ad
3581 3256 3804 3323 visum

2254 3359 2745 3450 requirebatur,
2777 3383 2935 3428 cum
2975 3360 3081 3428 vis
3120 3361 3485 3430 formativa
3525 3363 3799 3431 oculum

2251 3469 2596 3539 formaret.
2650 3469 2731 3537 Et
2784 3472 2883 3537 sic
2934 3477 3258 3538 causatur
3311 3470 3797 3561 corruptibile:

2252 3579 2407 3667 quia
2446 3576 2672 3645 delicit
2699 3578 2915 3646 virtus
2964 3582 3305 3669 receptiva
3348 3579 3805 3671 incorruptio-

2234 3686 2356 3752 nis
2392 3706 2477 3752 ex
2506 3693 2695 3775 parte
2725 3687 3027 3753 materias
3069 3688 3140 3753 in
3188 3709 3323 3777 qua
3355 3686 3574 3755 forma
3602 3687 3804 3755 indu-

2247 3793 2444 3871 citur,
2478 3815 2561 3861 eo
2593 3792 2773 3883 quod
2807 3789 2945 3861 non
2976 3802 3078 3861 est
3112 3793 3534 3862 removibilis
3562 3821 3602 3864 a
3631 3820 3801 3865 con-

2248 3900 2585 3968 trarietate
2615 3908 2986 3992 pugnante.

2333 4008 2436 4076 An
2475 4030 2671 4076 mun
2709 4007 3099 4085 dicendum,
3144 4010 3328 4101 quod
3367 4034 3596 4102 pugna
3642 4035 3789 4080 car·

2247 4115 2351 4182 nis
2392 4115 2478 4183 ad
2523 4115 2838 4207 spiritum
2889 4114 3244 4206 tripliciter
3299 4117 3788 4204 consideratur,

2244 4221 2524 4303 scilicet,
2565 4223 2636 4290 in
2669 4245 2874 4291 causa
2905 4245 3058 4314 quae
3089 4232 3189 4291 est
3229 4223 3447 4293 fomes
3487 4227 3797 4316 origina-

2247 4328 2328 4398 lis
2355 4331 2637 4420 peccati,
2663 4337 2730 4398 et
2759 4331 3098 4422 appetitus
3136 4333 3500 4401 contrarii:
3528 4342 3594 4403 et
3624 4334 3797 4404 lianc
3881 4411 3890 4424 sp

2248 4462 2522 4507 causam
2553 4447 2907 4528 peccatum
2955 4439 3249 4519 induxit,
3283 4450 3350 4508 et
3406 4465 3547 4509 non
3583 4444 3790 4513 Deus,

2248 4545 2323 4613 Si
2360 4555 2590 4614 autem
2628 4546 3096 4616 consideretur
3134 4557 3208 4615 ut
3242 4572 3470 4639 poena,
3507 4559 3667 4619 tunc
3697 4560 3794 4618 est

2244 4674 2283 4719 a
2312 4652 2455 4721 Deo
2478 4653 2657 4741 juste
2686 4673 2810 4742 pro
2839 4661 3119 4742 peccato
3150 4654 3371 4744 ipsam
3415 4657 3789 4746 infligente,

2243 4768 2309 4828 et
2328 4762 2423 4827 sic
2464 4761 2697 4851 utique
2726 4760 2907 4829 bona
2948 4771 3075 4843 est,
3128 4764 3288 4852 quia
3310 4763 3499 4850 justa
3535 4775 3632 4833 est
3665 4783 3683 4833 ε
3728 4776 3795 4834 et

2243 4890 2443 4935 omne
2487 4869 2670 4958 quod
2717 4869 2981 4957 justum
3048 4880 3174 4952 est,
3238 4872 3496 4940 bonum
3554 4882 3678 4949 est,
3723 4882 3795 4940 ut

2241 4974 2400 5043 dicit
2457 4978 2903 5066 Augustinus.
2943 4977 3199 5060 Tertio,
3226 4979 3695 5050 consideratur
3725 4983 3791 5049 in

2241 5104 2442 5149 causa
2503 5081 2970 5151 dissolutionis
3026 5087 3361 5175 corporis,
3404 5096 3470 5154 et
3508 5089 3606 5154 sic
3650 5088 3723 5155 fit
3754 5111 3795 5156 a

2240 5190 2585 5281 principiis
2636 5190 3101 5282 pugnantibus
3147 5193 3214 5259 in
3275 5217 3584 5285 corpore,
3644 5219 3793 5288 quae

2239 5297 2495 5366 inducit
2517 5301 3023 5389 corruptionem
3049 5323 3134 5368 ex
3156 5300 3417 5371 defectu
3462 5304 3787 5386 materiae,

2239 5413 2304 5472 et
2341 5406 2437 5473 sic
2484 5428 2569 5473 ex
2615 5407 2996 5496 privatione
3047 5430 3198 5499 quae
3241 5420 3344 5479 est
3402 5412 3470 5479 in
3511 5413 3792 5480 materia

2236 5512 2467 5580 incidit
2502 5523 2744 5603 praeter
2772 5515 3222 5585 intentionem
3266 5522 3532 5609 agentis
3562 5529 3626 5588 et
3665 5543 3793 5587 na-

2236 5624 2427 5686 turae.
2491 5618 2574 5687 Et
2611 5617 2744 5687 hoc
2799 5628 2902 5687 est
2951 5622 3131 5711 quod
3182 5622 3344 5691 dicit
3393 5624 3784 5716 Dionysius,

3912 4049 3988 4095 Ad
4016 4052 4060 4097 2.
