4897 6388
678 330 808 394 526

678 504 866 588 patet
889 499 964 564 in
997 500 1141 587 ipso
1163 491 1406 566 stextu.
1432 497 1687 564 Vivum
1730 505 1953 562 autem
1985 503 2100 561 ant
2127 502 2228 561 est

679 605 1024 686 sensibile,
1056 613 1175 672 aut
1197 604 1605 696 vegetabile.
1649 604 1726 669 In
1765 601 2063 671 sensibili
2103 624 2227 667 au.-

681 723 820 781 tem
853 715 921 780 in
963 716 1153 782 omni
1204 737 1284 781 eo
1345 712 1525 802 quod
1586 720 1688 778 est
1735 711 2125 801 perfectum,
2160 709 2226 774 id

677 831 800 898 est,
834 821 1019 911 quod
1049 844 1132 888 ex
1179 844 1250 888 se
1291 820 1499 887 habet
1545 819 1913 908 producere
1968 816 2096 884 tale
2124 816 2227 881 al-

678 938 901 997 terum
935 928 1133 1018 quale
1161 937 1262 995 est
1296 930 1545 1017 ipsum,
1598 948 1868 993 necesse
1902 934 2001 993 est
2046 922 2222 1012 quod

681 1038 768 1102 sit
833 1035 1082 1125 duplex
1155 1058 1372 1126 genus
1435 1036 1910 1114 commixtum,
1978 1032 2226 1099 scilicet

683 1143 1027 1210 masculus
1067 1151 1133 1210 et
1173 1142 1493 1224 foeminag
1548 1143 1708 1231 quia
1740 1144 1807 1207 in
1847 1140 2033 1210 omni
2071 1140 2223 1217 ani.-

681 1246 870 1327 mali,
934 1258 1008 1314 ut
1053 1248 1214 1316 (licit
1270 1246 1759 1337 Philosophus,
1821 1255 1921 1313 est
1971 1268 2113 1313 mas
2162 1253 2225 1312 et

678 1356 958 1423 soemina
992 1357 1116 1421 nisi
1152 1356 1219 1421 in
1252 1354 1555 1446 anguilla
1589 1356 1658 1421 in
1690 1377 1823 1443 qua
1853 1375 2222 1441 numquam

679 1486 825 1530 mas
853 1472 922 1529 et
963 1463 1242 1530 foemina
1284 1464 1639 1553 apparuit:
1695 1471 1761 1529 et
1816 1461 1965 1528 ideo
2023 1461 2222 1527 etiam

680 1569 1048 1658 piscatores
1078 1570 1336 1647 dicunt,
1391 1569 1575 1659 quod
1625 1568 1942 1658 anguillae
1982 1567 2062 1634 de
2110 1590 2226 1633 su-

676 1677 1061 1765 perssnitate
1110 1676 1406 1745 aliorum
1456 1677 1745 1766 piscium
1794 1683 2218 1766 generantur.

682 1785 1018 1864 Quaedam
1044 1786 1248 1855 etiam
1283 1796 1442 1854 sunt
1481 1786 1874 1875 imperfecta
1903 1807 2050 1874 quae
2087 1806 2224 1851 non

672 1901 962 1980 possunt
1006 1891 1380 1981 producere
1431 1892 1564 1959 tale
1609 1892 1922 1968 alterum,
2002 1889 2225 1980 qualia

672 2008 831 2066 sunt
864 2002 1034 2088 ipsa,
1072 2023 1224 2091 quae
1250 2009 1626 2068 nascuntur
1663 2023 1745 2067 ex
1797 1998 2223 2089 putrefactio-

672 2129 782 2175 ne.
839 2106 1231 2199 vegetabile
1280 2116 1509 2175 autem
1560 2108 1793 2173 vivum
1841 2130 1959 2197 per
2007 2107 2225 2172 insiti-

674 2240 832 2289 vam
906 2218 1233 2295 virtutem
1288 2217 1729 2303 convalescit,
1805 2216 1872 2294 id
1933 2225 2058 2294 est,
2107 2238 2226 2306 per

672 2326 813 2391 vim
858 2325 1130 2393 insitam
1163 2325 1292 2393 sibi
1323 2345 1339 2393 ε
1372 2333 1438 2401 el
1479 2325 1632 2404 ideo
1675 2348 1810 2398 una
1841 2324 2068 2413 planta
2118 2325 2225 2400 in-

672 2431 925 2508 seritnr
963 2433 1030 2510 in
1071 2430 1254 2499 alia:
1301 2432 1462 2521 quia
1490 2433 1666 2511 sicut
1710 2430 1872 2510 dicit
1917 2428 2226 2498 Philoso-

677 2537 882 2629 pbuS,
942 2538 1177 2629 planta
1225 2538 1480 2630 ubique
1528 2540 1934 2631 impraegnat
1975 2546 2040 2608 et
2097 2539 2222 2619 im·.

679 2655 1092 2736 praegnatur,
1128 2655 1193 2718 et
1243 2646 1411 2724 istos
1460 2646 1635 2720 duos
1675 2646 1916 2714 modos
1965 2644 2073 2713 bic
2115 2668 2222 2718 re-

679 2762 911 2823 movet
943 2752 1246 2830 Hilarius
1278 2755 1349 2822 in
1378 2754 1819 2844 generatione
1849 2753 2107 2838 divina,
2158 2754 2224 2824 in

676 2884 813 2952 qua
843 2863 1077 2932 vivum
1112 2863 1412 2934 nascitur
1441 2863 1510 2930 in
1541 2863 1801 2932 vivum.

1123 3182 1630 3254 An'rthLth
1663 3182 1782 3257 Xl.

684 3396 881 3463 L‘nde
933 3397 1270 3486 contingit
1334 3395 1618 3487 aliquid
1678 3395 2102 3487 deqeteerare,
2164 3406 2226 3464 et

1048 3526 1200 3593 qma
1225 3504 1367 3594 sq‘nt
1396 3526 1621 3570 causae
1647 3502 1801 3591 ejus
1829 3502 1870 3569 :²

774 3819 1030 3887 Deinde
1071 3822 1402 3911 qua-ritur
1449 3820 1534 3888 de
1593 3820 1722 3889 boc
1766 3823 1945 3912 qnod
2013 3824 2214 3890 elicit:

1690 324 1775 392 D.
1831 323 2025 390 ALB.
2076 320 2287 390 MAG.
2344 321 2544 390 0111).
2602 323 2898 394 PRAED.

2339 521 2372 556 «ι
2416 485 2603 563 Dum
2632 508 2956 565 naturam
3002 501 3132 565 Dei
3160 523 3293 565 non
3316 469 3679 588 deqmeiat
3709 503 3886 568 uati-

2333 604 2532 684 vitas,
2575 614 2700 672 etc.
2732 632 2763 667 ι)

2425 712 2502 777 In
2534 734 2669 801 quo
2703 715 2883 788 enim
2926 714 3289 804 degenerat
3319 724 3561 783 natura
3583 716 3618 780 ⁴?

2424 919 2508 986 Et
2547 921 2630 987 ad
2669 920 2800 989 hoc
2829 922 3218 1009 dicendum,
3272 926 3456 1014 quod
3513 926 3878 1016 degenerat
3969 936 4173 985 Solutio.

2336 1027 2565 1094 multis
2612 1029 2693 1096 de
2732 1033 2951 1098 causis
2983 1054 2998 1097 :
3035 1053 3324 1120 quarum
3362 1057 3500 1101 una
3537 1043 3604 1101 et
3643 1034 3884 1124 praeci-

2333 1158 2468 1224 pua
2498 1144 2622 1216 est,
2667 1138 2846 1227 quod
2877 1143 3227 1229 generatio
3261 1150 3362 1208 est
3397 1144 3479 1210 de
3518 1144 3884 1232 superflui-

2335 1252 2471 1311 tate
2520 1244 2847 1326 alimenti,
2884 1249 2951 1315 in
2990 1272 3126 1338 quo
3159 1250 3494 1339 originata
3536 1260 3637 1318 est
3667 1252 3882 1320 virtus

2336 1348 2690 1419 formativa
2729 1375 2811 1419 ex
2838 1354 3091 1422 virtute
3134 1357 3527 1445 generativa
3589 1379 3739 1447 quae
3781 1365 3885 1424 est

2335 1459 2402 1523 in
2446 1458 2663 1538 Patre,
2710 1461 2883 1528 sicut
2919 1471 3232 1534 notatum
3291 1473 3391 1531 est
3442 1478 3698 1553 supra·
3750 1487 3764 1531 :
3817 1472 3885 1532 et

2336 1563 2484 1631 ideo
2523 1569 2868 1655 generatio
2902 1576 3133 1636 nostra
3164 1592 3313 1659 quae
3345 1579 3445 1637 est
3499 1570 3583 1640 de
3621 1593 3882 1640 assum-

2332 1672 2565 1762 ptione
2594 1672 2923 1759 alimenti,
2958 1676 3144 1744 utilis
3182 1686 3285 1751 est
3316 1678 3382 1745 in
3409 1681 3877 1769 assumptione

2333 1778 2560 1860 alieni,
2599 1790 2667 1848 et
2705 1782 2800 1849 sic
2830 1782 3128 1873 degener
3169 1786 3481 1867 eflicitur,
3517 1786 3702 1876 quod
3744 1810 3881 1854 nun

2332 1889 2651 1960 convenit
2710 1889 2983 1961 divinae.
3062 1892 3392 1962 Similiter
3453 1895 3658 1962 etiam
3745 1917 3880 1961 non

2335 1994 2513 2066 idem
2582 1997 2650 2068 in
2698 1998 2871 2067 coelo
2943 2008 3176 2090 movet
3221 2000 3305 2070 ad
3363 2002 3878 2091 generationem

2333 2101 2684 2170 omnium:
2742 2106 2902 2194 qnia
2941 2105 3189 2173 coelum
3242 2108 3307 2173 in
3356 2107 3881 2183 constellatione

2335 2232 2470 2277 non
2512 2211 2746 2279 eodem
2783 2213 2985 2280 modo
3015 2237 3087 2281 se
3117 2213 3347 2294 habet,
3387 2215 3505 2283 sed
3553 2216 3881 2283 continuo

2333 2317 2658 2385 mutando
2716 2320 2923 2386 situm
2976 2329 3044 2388 et
3090 2325 3567 2413 proportiones
3631 2323 3882 2413 adspe-

2332 2432 2591 2508 ctuum,
2662 2435 2888 2493 movet
2933 2427 3130 2496 aliter
3185 2437 3251 2496 et
3305 2428 3522 2498 aliter.
3574 2429 3875 2497 'l'ertiutn

2334 2541 2460 2613 est,
2513 2534 2697 2624 quod
2746 2557 2883 2608 non
2940 2536 3183 2614 eodem
3233 2539 3439 2606 modo
3494 2536 3769 2605 mobilis
3814 2546 3880 2604 et

2331 2641 2839 2710 commiscibilis
2868 2653 2969 2711 est
2999 2648 3309 2713 materia.
3344 2646 3427 2715 Et
3486 2646 3600 2713 illa
3648 2647 3880 2713 omnia

2334 2748 2621 2824 intendit
2651 2772 2998 2822 removere
3040 2776 3082 2824 a
3128 2754 3359 2824 divina
3406 2755 3872 2844 generatione.

2333 2857 2639 2937 Qualiter
2664 2869 2891 2928 autem
2924 2871 3155 2931 nostra
3183 2865 3271 2931 sit
3308 2886 3487 2932 nova
3517 2875 3577 2932 et
3624 2887 3877 2931 novum

2335 2964 2696 3054 accipiens.
2740 2989 2943 3057 supra
2984 2967 3377 3058 expeditum
3410 2978 3509 3037 est
3534 2975 3579 3036 ³.

687 4266 760 4338 Ι·“.
799 4264 930 4338 ,td
981 4264 1064 4338 id
1117 4263 1324 4361 qoem!
1358 4273 1691 4363 vassero!
1748 4265 1970 4356 redit,
2023 4266 2314 4341 scilieet
2371 4276 2453 4342 11!
2490 4268 2837 4343 extendat
2870 4271 3080 4369 quod
3105 4275 3639 4369 maym‘lmle‘ne
3675 4275 3877 4351 aliua

1986 4390 2219 4464 alium
2251 4405 2582 4489 superat.

791 4693 941 4770 Sed
963 4693 1123 4789 jaun
1160 4722 1366 4771 inune
1399 4695 1493 4771 ad
1538 4695 2011 4794 propositum
2057 4697 2486 4793 redemnns,
2514 4710 2914 4800 emptoque
2960 4702 3431 4797 insistamus,
3469 4711 3873 4786 ostenden-

686 4843 797 4904 tes
837 4830 1040 4927 «pund
1079 4829 1612 4924 magnitudine
1658 4831 1865 4904 nulla
1897 4830 2117 4904 trium
2180 4858 2679 4931 personarum
2744 4836 2969 4911 aliam
3014 4853 3322 4937 superat
3372 4866 3388 4916 :
3436 4845 3619 4941 qnia
3662 4852 3871 4924 nulla

687 4966 929 5067 major
958 4965 1154 5055 aliis,
1194 4989 1337 5041 nec
1396 4964 1646 5064 majus
1686 4965 1971 5063 aliquid
2042 4979 2220 5042 sunt
2282 4969 2457 5044 dnm
2499 4995 2727 5069 quam
2802 4998 2981 5068 una,
3030 5000 3168 5051 nec
3215 4987 3365 5053 tres
3396 5004 3629 5077 quam
3669 4984 3871 5077 «lum,

674 5128 812 5177 nec
861 5103 1102 5201 major
1132 5103 1346 5177 Deus
1378 5126 1610 5201 quam
1645 5101 1928 5198 singuli
1964 5101 2263 5191 buruni,
2299 5106 2484 5203 qnia
2548 5108 2905 5204 singulus
2950 5113 3225 5190 borum
3273 5117 3658 5212 perlectus
3696 5134 3807 5198 est
3855 5147 3872 5198 :

577 5322 587 5331 ⁸
677 5263 819 5314 nec
860 5248 975 5313 est
1015 5264 1057 5312 a
1097 5263 1253 5336 qun
1285 5248 1574 5313 crescat
1620 5238 1747 5312 illa
1781 5239 2159 5336 perfectio.

747 5549 762 5581 ¹
797 5545 882 5598 Cf.
915 5541 1126 5612 Supra,
1158 5546 1285 5601 Dist
1334 5546 1396 5613 V,
1431 5560 1611 5615 super
1641 5547 1692 5599 3.

743 5636 765 5669 ²
796 5635 879 5690 Ct'.
915 5634 1123 5704 Supra,
1158 5635 1300 5690 Dist.
1340 5635 1481 5690 vill.
