4897 6388
238 589 243 592 ,
355 549 451 597 Sed
477 552 660 596 eontra.

709 357 838 424 202

1713 355 1792 422 D.
1849 356 2048 424 ALB.
2099 353 2319 479 MAP.
2372 350 2579 419 ORD.
2637 345 2933 414 PRAED.

801 526 934 596 San
980 512 1234 598 con-riui
1269 515 1525 597 hocest
1554 528 1737 617 quod
1769 529 1931 596 dicit
1959 509 2259 593 Hilarius
2342 497 2521 587 ‘ideo
2563 517 2657 584 rei
2679 540 2818 584 non
2857 525 2961 582 est
2997 515 3065 581 in
3105 536 3186 582 eo
3227 487 3566 603 appetitu}
3624 529 3761 575 non
3783 504 3905 572 ha-

642 659 643 662 ’
711 640 781 706 iu
820 637 994 706 libro
1042 639 1126 707 de
1178 638 1484 728 Synodis
1513 660 1534 703 .·
1569 634 1645 702 Si
1694 637 1844 725 quis
1901 634 2257 702 voluntate

429 1836 501 1884 Ad
523 1838 567 1885 3.

426 2320 497 2365 Ad
523 2322 565 2364 4.

706 747 831 816 Dei
897 747 1148 815 Filium
1207 754 1561 837 tamquam
1634 744 1716 811 de
1772 743 2096 813 creaturis
2154 741 2251 810 fa·

704 863 888 923 ctum
927 854 1127 931 dicat,
1165 849 1528 919 anathema
1549 851 1657 918 sit.

796 1059 1101 1128 Somno,
1173 1059 1584 1139 Dicendum,
1672 1062 1856 1152 quod
1929 1062 2248 1131 voluntas

641 1172 650 1182 '
704 1165 1028 1236 accedens
1045 1174 1112 1234 et
1131 1166 1517 1256 praecedens
1550 1190 1688 1234 non
1728 1169 1906 1238 cadit
1936 1172 2006 1236 in
2029 1169 2250 1238 Deum

704 1283 1008 1365 respectu
1047 1274 1509 1366 generationis
1557 1273 1711 1342 Filii
1754 1299 1771 1345 ι
1816 1284 1881 1345 et
1937 1277 2085 1344 duae
2132 1300 2251 1346 au·

703 1385 1045 1454 ctoritates
1085 1383 1327 1451 Hilarii
1376 1383 1600 1474 primo
1651 1385 1945 1456 inductae
1993 1387 2250 1457 intelli-

699 1502 953 1587 guntur
1007 1493 1091 1561 de
1164 1492 1519 1561 voluntate
1575 1505 2018 1566 concurrente
2092 1521 2249 1566 cum

700 1624 905 1692 opere
929 1601 1074 1693 sive
1113 1601 1620 1670 concomitante
1658 1626 1853 1695 opus,
1913 1613 1988 1673 ut
2044 1629 2251 1698 supra

700 1709 1018 1779 diximus·

786 1812 891 1886 An
936 1840 1137 1887 Auun
1167 1818 1561 1899 dicendum,
1589 1824 1772 1911 quod
1811 1848 2091 1915 germen
2120 1847 2251 1893 vo-

699 1924 979 1993 luntatis
1008 1932 1295 1993 vocatur
1351 1926 1436 1994 ab
1479 1926 1774 2019 Origene
1814 1933 1884 1998 in
1924 1954 2058 2021 quo
2098 1930 2250 2022 pla-

699 2028 910 2096 citum
956 2026 1180 2094 Patris
1249 2029 1533 2117 quievit,
1618 2030 1791 2099 sicut
1843 2033 1985 2123 ipse
2050 2033 2245 2114 dixit,

701 2129 943 2202 Matth.
979 2154 1076 2215 ιιι,
1129 2134 1254 2202 1Ἱ;
1297 2136 1431 2202 Hic
1467 2143 1565 2202 est
1612 2137 1841 2205 Filius
1899 2162 2088 2208 meus
2145 2141 2249 2209 di·

705 2240 935 2318 lectus,
980 2243 1055 2309 in
1081 2264 1217 2332 quo
1255 2242 1434 2310 milzi
1478 2244 1889 2334 complacui.

783 2348 889 2416 An
916 2372 1114 2417 Amun
1136 2348 1526 2434 dicendum,
1560 2352 1744 2440 quod
1773 2363 2041 2444 partum
2065 2377 2253 2423 men-

700 2456 784 2524 tis
800 2456 1117 2547 praecedit
1135 2479 1354 2536 amor,
1391 2479 1530 2525 non
1551 2468 1808 2549 partuS‚
1843 2461 1960 2530 sed
1989 2463 2254 2554 parien-

699 2562 808 2633 di:
853 2573 921 2633 et
952 2563 1086 2633 hoc
1105 2572 1208 2632 est
1235 2564 1400 2633 dum
1427 2569 1677 2656 quaerit
1698 2591 1889 2638 mens
1925 2570 2107 2661 quod
2137 2593 2254 2662 pa-

700 2672 868 2741 riat:
903 2673 1021 2742 sed
1051 2696 1249 2742 amor
1275 2683 1515 2765 partus
1546 2677 1664 2768 qui
1697 2678 2026 2769 perfectus
2057 2702 2255 2748 amor

699 2788 825 2865 est,
844 2781 1155 2873 sequitur
1169 2791 1441 2873 partum
1462 2784 1841 2854 secundum
1865 2789 2198 2855 rationem
2227 2808 2244 2853 ε

2365 625 2548 705 bitae,
2574 623 2683 691 vel
2723 645 2861 690 non
2901 621 3115 689 factae.
3143 620 3336 689 Unde
3361 617 3781 711 Augustinus
3811 613 3906 679 lo·

2368 733 2599 824 quitur
2635 731 2729 799 ibi
2769 728 2850 796 de
2873 736 3098 795 mente
3120 734 3343 794 creata
3373 731 3711 815 quaerente
3742 743 3906 812 pro-

2363 850 2515 932 pter
2553 838 3133 929 imperfectionem
3172 856 3313 901 suae
3353 834 3677 901 scientiae.

2451 947 2557 1014 An
2585 968 2784 1013 amun
2814 942 3196 1023 dicendum,
3234 939 3418 1032 quod
3448 937 3561 1006 illa
3601 938 3766 1004 ratio
3799 947 3903 1004 te-
4021 952 4102 997 Ad
4126 950 4171 1001 ⁵.

2362 1063 2480 1123 net
2525 1056 2595 1121 in
2626 1051 2937 1120 rationali
2978 1059 3217 1118 natura
3253 1057 3500 1126 creata,
3534 1046 3726 1134 cujus
3764 1066 3901 1111 una

2360 1185 2517 1254 pars
2546 1160 2790 1230 melior
2827 1168 2924 1228 est
2967 1157 3123 1236 alia,
3173 1166 3238 1226 et
3284 1177 3421 1222 una
3451 1155 3793 1242 imperans
3834 1158 3899 1218 et

2361 1270 2873 1358 unaimperata.
2919 1265 3033 1333 Sic
3063 1272 3289 1331 autem
3317 1283 3454 1329 non
3486 1267 3587 1326 est
3626 1260 3693 1325 in
3722 1257 3899 1324 divi-

2360 1399 2450 1444 na
2478 1383 2761 1443 natura:
2817 1381 2885 1440 et
2924 1372 3072 1439 ideo
3104 1372 3175 1438 in
3212 1369 3355 1436 Deo
3387 1391 3527 1436 non
3585 1363 3904 1457 praecedit

2358 1485 2678 1582 voluntas
2717 1491 3056 1552 naturam.

2444 1594 2551 1661 An
2596 1615 2796 1660 amun
2825 1589 3210 1668 dicendum,
3254 1584 3439 1676 quod
3467 1584 3522 1651 si
3563 1584 3689 1650 ista
3735 1602 3900 1671 prae·

2363 1701 2607 1794 positio
2647 1697 3051 1792 generaliter
3083 1692 3522 1784 intelligatur,
3564 1693 3736 1759 sicut
3779 1687 3903 1755 dif-

2358 1810 2586 1879 ferunt
2633 1806 2981 1897 operantia
3070 1805 3168 1870 sic
3260 1799 3579 1868 diss'erunt
3666 1819 3894 1886 opera,

2361 1922 2507 2009 ipsa
2536 1925 2638 1986 est
2664 1915 2873 1984 falsa:
2910 1914 3066 2004 quia
3088 1910 3388 2001 plurium'
3407 1929 3613 1997 opera
3641 1913 3898 1972 naturae

2362 2024 2648 2095 meliora
2676 2031 2836 2091 sunt
2864 2018 3182 2112 operibus
3217 2014 3622 2085 voluntatis:
3654 2011 3723 2079 in
3752 2012 3895 2080 Deo

2362 2142 2590 2202 tamen
2621 2130 2803 2198 idem
2833 2138 2933 2196 est
2978 2124 3350 2212 secundum
3406 2144 3549 2190 rem
3586 2119 3900 2187 voluntas

2362 2250 2427 2311 et
2481 2249 2722 2309 natura
2755 2262 2771 2306 ε
2816 2260 2955 2305 non
3028 2244 3256 2305 tamen
3322 2233 3404 2300 de
3469 2248 3899 2322 quocumque

2360 2357 2463 2418 est
2493 2370 2732 2430 unum,
2770 2344 2850 2413 de
2872 2342 3111 2413 eodem
3134 2348 3238 2410 est
3265 2341 3466 2408 etiam
3487 2335 3714 2405 aliud:
3742 2335 3900 2424 quia

2363 2454 2684 2524 differunt
2712 2454 2781 2520 in
2812 2450 3157 2541 subJectiS,
3191 2456 3258 2516 et
3297 2449 3364 2514 in
3400 2445 3682 2523 ratione,
3725 2441 3899 2509 sicut

2362 2562 2526 2632 dicit
2551 2560 2878 2652 Magister
2915 2560 2984 2626 in
3016 2558 3298 2626 Littera.

2453 2670 2608 2738 Alia
2637 2676 2867 2737 autem
2927 2689 3079 2758 quae
3119 2663 3230 2732 hic
3294 2663 3634 2738 dicuntur,
3677 2656 3903 2725 mani-

2360 2783 2531 2851 festa
2551 2803 2673 2872 per
2711 2801 2783 2847 se
2816 2784 2999 2847 sunt.

701 2887 1017 2977 perfectio
1060 2897 1291 2958 autem
1330 2913 1605 2960 summa
1648 2892 1717 2960 in
1760 2893 1904 2963 Deo
1957 2903 2059 2963 est
2105 2915 2121 2962 ε
2183 2903 2251 2962 et
2378 2935 2383 2940 -

1909 4187 2570 4223 *cuono—u·—
2601 4195 2615 4206 ν

4023 1600 4093 1647 Ad
4126 1605 4170 1649 6.
