<?xml version="1.0" encoding="UTF-8"?>
<!DOCTYPE html PUBLIC "-//W3C//DTD XHTML 1.0 Transitional//EN"
    "http://www.w3.org/TR/xhtml1/DTD/xhtml1-transitional.dtd">
<html xmlns="http://www.w3.org/1999/xhtml" xml:lang="en" lang="en">
 <head>
  <title>
</title>
<meta http-equiv="Content-Type" content="text/html;charset=utf-8" />
  <meta name='ocr-system' content='tesseract 3.04.00' />
  <meta name='ocr-capabilities' content='ocr_page ocr_carea ocr_par ocr_line ocrx_word'/>
</head>
<body>
  <div class='ocr_page' id='page_1' title='image "balbertimagnira03chgoog_0616.png"; bbox 0 0 4897 6388; ppageno 0'>
   <div class='ocr_carea' id='block_1_1' title="bbox 634 325 2297 1338">
    <p class='ocr_par' dir='ltr' id='par_1_1' title="bbox 634 325 2297 1338">
     <span class='ocr_line' id='line_1_1' title="bbox 767 325 894 392; baseline 0 0"><span class='ocrx_word' id='word_1_1' title='bbox 767 325 894 392; x_wconf 79' lang='lat'><strong>566</strong></span> 
     </span>
     <span class='ocr_line' id='line_1_2' title="bbox 634 493 2292 585; baseline 0.001 -24"><span class='ocrx_word' id='word_1_2' title='bbox 634 495 653 543; x_wconf 61' lang='grc' dir='ltr'>ἲ</span> <span class='ocrx_word' id='word_1_3' title='bbox 759 495 960 562; x_wconf 90' lang='lat' dir='ltr'><strong>modo</strong></span> <span class='ocrx_word' id='word_1_4' title='bbox 1020 493 1522 585; x_wconf 82' lang='lat' dir='ltr'><strong>praedieationis</strong></span> <span class='ocrx_word' id='word_1_5' title='bbox 1590 495 1861 563; x_wconf 91' lang='lat' dir='ltr'><strong>illorum</strong></span> <span class='ocrx_word' id='word_1_6' title='bbox 1910 497 2292 575; x_wconf 85' lang='lat' dir='ltr'>nominum,</span> 
     </span>
     <span class='ocr_line' id='line_1_3' title="bbox 759 601 2292 692; baseline 0 -25"><span class='ocrx_word' id='word_1_7' title='bbox 759 624 909 690; x_wconf 83' lang='lat' dir='ltr'><strong>quae</strong></span> <span class='ocrx_word' id='word_1_8' title='bbox 950 624 1070 691; x_wconf 88' lang='lat' dir='ltr'><strong>per</strong></span> <span class='ocrx_word' id='word_1_9' title='bbox 1099 601 1507 670; x_wconf 80' lang='lat' dir='ltr'><strong>divisionem</strong></span> <span class='ocrx_word' id='word_1_10' title='bbox 1547 611 1706 669; x_wconf 91' lang='lat' dir='ltr'><strong>sunt</strong></span> <span class='ocrx_word' id='word_1_11' title='bbox 1736 611 2028 692; x_wconf 86' lang='lat' dir='ltr'><strong>accepta,</strong></span> <span class='ocrx_word' id='word_1_12' title='bbox 2062 603 2179 682; x_wconf 89' lang='lat' dir='ltr'><strong>ibi,</strong></span> <span class='ocrx_word' id='word_1_13' title='bbox 2213 602 2292 684; x_wconf 83' lang='lat' dir='ltr'><strong>E,</strong></span> 
     </span>
     <span class='ocr_line' id='line_1_4' title="bbox 762 709 2297 803; baseline 0.006 -32"><span class='ocrx_word' id='word_1_14' title='bbox 762 734 793 772; x_wconf 71' lang='grc' dir='ltr'><strong>(ι</strong></span> <span class='ocrx_word' id='word_1_15' title='bbox 829 709 1199 777; x_wconf 79' lang='lat' dir='ltr'><strong><em>Sciendum</em></strong></span> <span class='ocrx_word' id='word_1_16' title='bbox 1228 720 1325 777; x_wconf 81' lang='lat' dir='ltr'><strong>est</strong></span> <span class='ocrx_word' id='word_1_17' title='bbox 1354 733 1538 800; x_wconf 73' lang='lat' dir='ltr'><strong>erqO,</strong></span> <span class='ocrx_word' id='word_1_18' title='bbox 1573 713 1760 801; x_wconf 82' lang='lat' dir='ltr'><strong>quod</strong></span> <span class='ocrx_word' id='word_1_19' title='bbox 1790 713 1919 779; x_wconf 85' lang='lat' dir='ltr'><strong>illa</strong></span> <span class='ocrx_word' id='word_1_20' title='bbox 1959 736 2107 802; x_wconf 78' lang='lat' dir='ltr'><strong>quae</strong></span> <span class='ocrx_word' id='word_1_21' title='bbox 2130 736 2297 803; x_wconf 86' lang='lat' dir='ltr'><strong>pro-</strong></span> 
     </span>
     <span class='ocr_line' id='line_1_5' title="bbox 751 817 2292 909; baseline 0.003 -28"><span class='ocrx_word' id='word_1_22' title='bbox 751 819 928 906; x_wconf 80' lang='lat' dir='ltr'><strong>prie,</strong></span> <span class='ocrx_word' id='word_1_23' title='bbox 965 824 1093 884; x_wconf 87' lang='lat' dir='ltr'><strong>ete.</strong></span> <span class='ocrx_word' id='word_1_24' title='bbox 1143 842 1172 881; x_wconf 85' lang='lat'>»</span> <span class='ocrx_word' id='word_1_25' title='bbox 1210 817 1285 883; x_wconf 88' lang='lat' dir='ltr'><strong>In</strong></span> <span class='ocrx_word' id='word_1_26' title='bbox 1317 819 1515 885; x_wconf 85' lang='lat' dir='ltr'><strong>tertia</strong></span> <span class='ocrx_word' id='word_1_27' title='bbox 1560 821 1753 909; x_wconf 88' lang='lat' dir='ltr'><strong>ponit</strong></span> <span class='ocrx_word' id='word_1_28' title='bbox 1796 819 2292 909; x_wconf 79' lang='lat' dir='ltr'>probationem,</span> 
     </span>
     <span class='ocr_line' id='line_1_6' title="bbox 752 923 2292 1017; baseline 0.002 -28"><span class='ocrx_word' id='word_1_29' title='bbox 752 923 932 1013; x_wconf 91' lang='lat' dir='ltr'><strong>quod</strong></span> <span class='ocrx_word' id='word_1_30' title='bbox 963 947 1042 993; x_wconf 91' lang='lat' dir='ltr'><strong>ea</strong></span> <span class='ocrx_word' id='word_1_31' title='bbox 1083 947 1236 1016; x_wconf 82' lang='lat' dir='ltr'><strong>quae</strong></span> <span class='ocrx_word' id='word_1_32' title='bbox 1268 926 1587 992; x_wconf 88' lang='lat' dir='ltr'><strong>videntur</strong></span> <span class='ocrx_word' id='word_1_33' title='bbox 1615 927 1976 1016; x_wconf 78' lang='lat' dir='ltr'><strong>praedicare</strong></span> <span class='ocrx_word' id='word_1_34' title='bbox 2016 929 2292 1017; x_wconf 84' lang='lat' dir='ltr'><strong>quanti-</strong></span> 
     </span>
     <span class='ocr_line' id='line_1_7' title="bbox 753 1032 2295 1124; baseline 0.003 -27"><span class='ocrx_word' id='word_1_35' title='bbox 753 1041 960 1099; x_wconf 87' lang='lat' dir='ltr'><strong>tatem</strong></span> <span class='ocrx_word' id='word_1_36' title='bbox 994 1032 1099 1101; x_wconf 88' lang='lat' dir='ltr'><strong>vel</strong></span> <span class='ocrx_word' id='word_1_37' title='bbox 1135 1032 1558 1123; x_wconf 81' lang='lat' dir='ltr'><strong>qualitatem,</strong></span> <span class='ocrx_word' id='word_1_38' title='bbox 1625 1037 1691 1100; x_wconf 91' lang='lat' dir='ltr'><strong>in</strong></span> <span class='ocrx_word' id='word_1_39' title='bbox 1761 1035 2003 1101; x_wconf 89' lang='lat' dir='ltr'><strong>divinis</strong></span> <span class='ocrx_word' id='word_1_40' title='bbox 2061 1037 2295 1124; x_wconf 77' lang='lat' dir='ltr'><strong>praedi-</strong></span> 
     </span>
     <span class='ocr_line' id='line_1_8' title="bbox 746 1141 2292 1224; baseline 0.003 -18"><span class='ocrx_word' id='word_1_41' title='bbox 746 1151 902 1209; x_wconf 86' lang='lat' dir='ltr'><strong>eant</strong></span> <span class='ocrx_word' id='word_1_42' title='bbox 929 1141 1406 1224; x_wconf 79' lang='lat' dir='ltr'><strong>substantiam,</strong></span> <span class='ocrx_word' id='word_1_43' title='bbox 1435 1142 1548 1221; x_wconf 91' lang='lat' dir='ltr'><strong>ibi,</strong></span> <span class='ocrx_word' id='word_1_44' title='bbox 1579 1143 1649 1220; x_wconf 83' lang='lat' dir='ltr'><strong>F,</strong></span> <span class='ocrx_word' id='word_1_45' title='bbox 1683 1172 1713 1205; x_wconf 89' lang='lat'>«</span> <span class='ocrx_word' id='word_1_46' title='bbox 1746 1147 1923 1210; x_wconf 76' lang='lat' dir='ltr'><strong>Deus</strong></span> <span class='ocrx_word' id='word_1_47' title='bbox 1950 1147 2128 1210; x_wconf 80' lang='lat' dir='ltr'><strong>enim</strong></span> <span class='ocrx_word' id='word_1_48' title='bbox 2159 1168 2292 1211; x_wconf 80' lang='lat' dir='ltr'><strong>non</strong></span> 
     </span>
     <span class='ocr_line' id='line_1_9' title="bbox 745 1258 1474 1338; baseline -0.001 -21"><span class='ocrx_word' id='word_1_49' title='bbox 745 1258 842 1317; x_wconf 82' lang='lat' dir='ltr'><strong>est</strong></span> <span class='ocrx_word' id='word_1_50' title='bbox 870 1272 1191 1338; x_wconf 78' lang='lat' dir='ltr'><strong>maynus,</strong></span> <span class='ocrx_word' id='word_1_51' title='bbox 1227 1259 1353 1320; x_wconf 86' lang='lat' dir='ltr'><strong>ete.</strong></span> <span class='ocrx_word' id='word_1_52' title='bbox 1384 1276 1417 1316; x_wconf 66' lang='lat' dir='ltr'><strong>a</strong></span> <span class='ocrx_word' id='word_1_53' title='bbox 1469 1331 1474 1338; x_wconf 20' lang='grc' dir='ltr'>ι</span> 
     </span>
    </p>
   </div>
   <div class='ocr_carea' id='block_1_2' title="bbox 734 1461 2288 2526">
    <p class='ocr_par' dir='ltr' id='par_1_2' title="bbox 734 1461 2288 2526">
     <span class='ocr_line' id='line_1_10' title="bbox 836 1461 2284 1554; baseline 0.005 -29"><span class='ocrx_word' id='word_1_54' title='bbox 836 1461 962 1528; x_wconf 85' lang='lat' dir='ltr'><strong>Hie</strong></span> <span class='ocrx_word' id='word_1_55' title='bbox 1017 1472 1246 1530; x_wconf 85' lang='lat' dir='ltr'><strong>autem</strong></span> <span class='ocrx_word' id='word_1_56' title='bbox 1296 1463 1571 1553; x_wconf 90' lang='lat' dir='ltr'><strong>quidam</strong></span> <span class='ocrx_word' id='word_1_57' title='bbox 1621 1474 1955 1554; x_wconf 86' lang='lat' dir='ltr'><strong>quaerunt,</strong></span> <span class='ocrx_word' id='word_1_58' title='bbox 2048 1465 2284 1533; x_wconf 80' lang='lat' dir='ltr'><strong>Utrum</strong></span> 
     </span>
     <span class='ocr_line' id='line_1_11' title="bbox 751 1567 2284 1655; baseline 0.006 -23"><span class='ocrx_word' id='word_1_59' title='bbox 751 1567 927 1636; x_wconf 72' lang='lat' dir='ltr'><strong>lleus</strong></span> <span class='ocrx_word' id='word_1_60' title='bbox 966 1571 1054 1636; x_wconf 90' lang='lat' dir='ltr'><strong>sit</strong></span> <span class='ocrx_word' id='word_1_61' title='bbox 1119 1571 1581 1655; x_wconf 88' lang='lat' dir='ltr'><strong>nominabilis,</strong></span> <span class='ocrx_word' id='word_1_62' title='bbox 1634 1573 1742 1639; x_wconf 89' lang='lat' dir='ltr'><strong>vel</strong></span> <span class='ocrx_word' id='word_1_63' title='bbox 1801 1576 1998 1640; x_wconf 81' lang='lat' dir='ltr'><strong>non?</strong></span> <span class='ocrx_word' id='word_1_64' title='bbox 2063 1573 2134 1640; x_wconf 83' lang='lat' dir='ltr'><strong>Si</strong></span> <span class='ocrx_word' id='word_1_65' title='bbox 2185 1582 2284 1642; x_wconf 84' lang='lat' dir='ltr'><strong>est</strong></span> 
     </span>
     <span class='ocr_line' id='line_1_12' title="bbox 737 1675 2283 1759; baseline 0.006 -18"><span class='ocrx_word' id='word_1_66' title='bbox 737 1675 1205 1759; x_wconf 79' lang='lat' dir='ltr'><strong>nominabiliS,</strong></span> <span class='ocrx_word' id='word_1_67' title='bbox 1235 1678 1480 1746; x_wconf 81' lang='lat' dir='ltr'><strong>Utrum</strong></span> <span class='ocrx_word' id='word_1_68' title='bbox 1520 1679 1606 1746; x_wconf 89' lang='lat' dir='ltr'><strong>sit</strong></span> <span class='ocrx_word' id='word_1_69' title='bbox 1665 1681 2097 1748; x_wconf 88' lang='lat' dir='ltr'><strong>nominabilis</strong></span> <span class='ocrx_word' id='word_1_70' title='bbox 2144 1706 2283 1751; x_wconf 92' lang='lat' dir='ltr'><strong>uno</strong></span> 
     </span>
     <span class='ocr_line' id='line_1_13' title="bbox 735 1786 2283 1881; baseline 0.006 -30"><span class='ocrx_word' id='word_1_71' title='bbox 735 1787 1042 1864; x_wconf 91' lang='lat' dir='ltr'><strong>nomine,</strong></span> <span class='ocrx_word' id='word_1_72' title='bbox 1088 1786 1194 1853; x_wconf 87' lang='lat' dir='ltr'><strong>vel</strong></span> <span class='ocrx_word' id='word_1_73' title='bbox 1255 1786 1564 1875; x_wconf 90' lang='lat' dir='ltr'><strong>pluribus</strong></span> <span class='ocrx_word' id='word_1_74' title='bbox 1595 1790 1629 1856; x_wconf 75' lang='grc' dir='ltr'>Ῥ</span> <span class='ocrx_word' id='word_1_75' title='bbox 1677 1789 1759 1857; x_wconf 89' lang='lat' dir='ltr'><strong>Et</strong></span> <span class='ocrx_word' id='word_1_76' title='bbox 1805 1793 2000 1858; x_wconf 82' lang='lat' dir='ltr'><strong>tertio</strong></span> <span class='ocrx_word' id='word_1_77' title='bbox 2058 1796 2283 1881; x_wconf 87' lang='lat' dir='ltr'><strong>posset</strong></span> 
     </span>
     <span class='ocr_line' id='line_1_14' title="bbox 736 1892 2286 1983; baseline 0.006 -24"><span class='ocrx_word' id='word_1_78' title='bbox 736 1894 972 1983; x_wconf 82' lang='lat' dir='ltr'><strong>quaeri,</strong></span> <span class='ocrx_word' id='word_1_79' title='bbox 1017 1892 1200 1972; x_wconf 88' lang='lat' dir='ltr'><strong>Quid</strong></span> <span class='ocrx_word' id='word_1_80' title='bbox 1238 1897 1598 1964; x_wconf 86' lang='lat' dir='ltr'><strong>nominant</strong></span> <span class='ocrx_word' id='word_1_81' title='bbox 1655 1897 1929 1965; x_wconf 90' lang='lat' dir='ltr'><strong>nomina</strong></span> <span class='ocrx_word' id='word_1_82' title='bbox 1971 1899 2038 1965; x_wconf 90' lang='lat' dir='ltr'><strong>in</strong></span> <span class='ocrx_word' id='word_1_83' title='bbox 2081 1898 2220 1967; x_wconf 85' lang='lat' dir='ltr'><strong>Deo</strong></span> <span class='ocrx_word' id='word_1_84' title='bbox 2251 1901 2286 1968; x_wconf 70' lang='grc' dir='ltr'><strong>’ἲ</strong></span> 
     </span>
     <span class='ocr_line' id='line_1_15' title="bbox 734 2000 2286 2094; baseline 0.006 -27"><span class='ocrx_word' id='word_1_85' title='bbox 734 2000 825 2067; x_wconf 88' lang='lat' dir='ltr'><strong>Et</strong></span> <span class='ocrx_word' id='word_1_86' title='bbox 854 2010 1082 2068; x_wconf 90' lang='lat' dir='ltr'><strong>utrum</strong></span> <span class='ocrx_word' id='word_1_87' title='bbox 1118 2004 1307 2092; x_wconf 89' lang='lat' dir='ltr'><strong>prius</strong></span> <span class='ocrx_word' id='word_1_88' title='bbox 1337 2013 1496 2071; x_wconf 89' lang='lat' dir='ltr'><strong>sunt</strong></span> <span class='ocrx_word' id='word_1_89' title='bbox 1520 2004 1600 2072; x_wconf 90' lang='lat' dir='ltr'><strong>de</strong></span> <span class='ocrx_word' id='word_1_90' title='bbox 1633 2007 1803 2094; x_wconf 90' lang='lat' dir='ltr'><strong>ipso,</strong></span> <span class='ocrx_word' id='word_1_91' title='bbox 1841 2006 1942 2073; x_wconf 86' lang='lat' dir='ltr'><strong>vel</strong></span> <span class='ocrx_word' id='word_1_92' title='bbox 1992 2007 2072 2074; x_wconf 92' lang='lat' dir='ltr'><strong>de</strong></span> <span class='ocrx_word' id='word_1_93' title='bbox 2113 2008 2286 2076; x_wconf 79' lang='lat' dir='ltr'><strong>infe-</strong></span> 
     </span>
     <span class='ocr_line' id='line_1_16' title="bbox 741 2108 2286 2201; baseline 0.006 -27"><span class='ocrx_word' id='word_1_94' title='bbox 741 2108 1064 2190; x_wconf 76' lang='lat' dir='ltr'><strong>rioribuS,</strong></span> <span class='ocrx_word' id='word_1_95' title='bbox 1144 2118 1209 2178; x_wconf 90' lang='lat' dir='ltr'><strong>et</strong></span> <span class='ocrx_word' id='word_1_96' title='bbox 1262 2113 1509 2201; x_wconf 91' lang='lat' dir='ltr'><strong>quibus</strong></span> <span class='ocrx_word' id='word_1_97' title='bbox 1541 2113 1759 2181; x_wconf 87' lang='lat' dir='ltr'><strong>modis</strong></span> <span class='ocrx_word' id='word_1_98' title='bbox 1799 2115 2286 2183; x_wconf 78' lang='lat' dir='ltr'><strong>nominantur?</strong></span> 
     </span>
     <span class='ocr_line' id='line_1_17' title="bbox 746 2214 2288 2310; baseline 0.006 -29"><span class='ocrx_word' id='word_1_99' title='bbox 746 2233 896 2304; x_wconf 79' lang='lat' dir='ltr'><strong>quae</strong></span> <span class='ocrx_word' id='word_1_100' title='bbox 936 2214 1170 2283; x_wconf 89' lang='lat' dir='ltr'><strong>omnia</strong></span> <span class='ocrx_word' id='word_1_101' title='bbox 1202 2217 1268 2284; x_wconf 83' lang='lat' dir='ltr'><strong>in</strong></span> <span class='ocrx_word' id='word_1_102' title='bbox 1307 2217 1736 2288; x_wconf 83' lang='lat' dir='ltr'><strong>distinetione</strong></span> <span class='ocrx_word' id='word_1_103' title='bbox 1777 2219 1836 2286; x_wconf 89' lang='grc'><strong>11</strong></span> <span class='ocrx_word' id='word_1_104' title='bbox 1868 2220 2068 2310; x_wconf 79' lang='lat' dir='ltr'><strong>liujus</strong></span> <span class='ocrx_word' id='word_1_105' title='bbox 2097 2220 2288 2289; x_wconf 84' lang='lat' dir='ltr'><strong>volu·</strong></span> 
     </span>
     <span class='ocr_line' id='line_1_18' title="bbox 749 2323 2286 2416; baseline 0.008 -29"><span class='ocrx_word' id='word_1_106' title='bbox 749 2323 955 2390; x_wconf 86' lang='lat' dir='ltr'><strong>minis</strong></span> <span class='ocrx_word' id='word_1_107' title='bbox 1010 2332 1344 2414; x_wconf 88' lang='lat' dir='ltr'><strong>quantum</strong></span> <span class='ocrx_word' id='word_1_108' title='bbox 1399 2328 1775 2416; x_wconf 87' lang='lat' dir='ltr'><strong>potuimus,</strong></span> <span class='ocrx_word' id='word_1_109' title='bbox 1844 2329 2286 2399; x_wconf 83' lang='lat' dir='ltr'><strong>determinata</strong></span> 
     </span>
     <span class='ocr_line' id='line_1_19' title="bbox 751 2430 2065 2526; baseline 0.008 -31"><span class='ocrx_word' id='word_1_110' title='bbox 751 2437 956 2518; x_wconf 77' lang='lat' dir='ltr'><strong>sunt:</strong></span> <span class='ocrx_word' id='word_1_111' title='bbox 1005 2437 1072 2497; x_wconf 86' lang='lat' dir='ltr'><strong>et</strong></span> <span class='ocrx_word' id='word_1_112' title='bbox 1138 2430 1289 2499; x_wconf 89' lang='lat' dir='ltr'><strong>ideo</strong></span> <span class='ocrx_word' id='word_1_113' title='bbox 1338 2455 1475 2501; x_wconf 90' lang='lat' dir='ltr'><strong>non</strong></span> <span class='ocrx_word' id='word_1_114' title='bbox 1520 2432 1629 2503; x_wconf 87' lang='lat' dir='ltr'><strong>hic</strong></span> <span class='ocrx_word' id='word_1_115' title='bbox 1686 2436 2065 2526; x_wconf 86' lang='lat' dir='ltr'><strong>repetenda.</strong></span> 
     </span>
    </p>
   </div>
   <div class='ocr_carea' id='block_1_3' title="bbox 1214 2856 1822 2931">
    <p class='ocr_par' dir='ltr' id='par_1_3' title="bbox 1214 2856 1822 2931">
     <span class='ocr_line' id='line_1_20' title="bbox 1214 2856 1822 2931; baseline 0.013 -8"><span class='ocrx_word' id='word_1_116' title='bbox 1214 2856 1716 2930; x_wconf 82' lang='lat' dir='ltr'>ARTICULUS</span> <span class='ocrx_word' id='word_1_117' title='bbox 1766 2861 1822 2931; x_wconf 89' lang='lat'><strong>1.</strong></span> 
     </span>
    </p>
   </div>
   <div class='ocr_carea' id='block_1_4' title="bbox 751 3062 2286 3457">
    <p class='ocr_par' dir='ltr' id='par_1_4' title="bbox 751 3062 2286 3457">
     <span class='ocr_line' id='line_1_21' title="bbox 751 3062 2286 3146; baseline 0.011 -17"><span class='ocrx_word' id='word_1_118' title='bbox 751 3062 994 3130; x_wconf 76' lang='lat' dir='ltr'><strong>Utrum</strong></span> <span class='ocrx_word' id='word_1_119' title='bbox 1035 3089 1235 3134; x_wconf 79' lang='grc' dir='ltr'><em>οηιηε</em></span> <span class='ocrx_word' id='word_1_120' title='bbox 1261 3091 1502 3138; x_wconf 79' lang='lat' dir='ltr'><strong>nomen</strong></span> <span class='ocrx_word' id='word_1_121' title='bbox 1533 3072 1790 3141; x_wconf 76' lang='lat' dir='ltr'><strong>dictum</strong></span> <span class='ocrx_word' id='word_1_122' title='bbox 1851 3076 1934 3144; x_wconf 86' lang='lat' dir='ltr'><strong>de</strong></span> <span class='ocrx_word' id='word_1_123' title='bbox 1994 3079 2133 3146; x_wconf 85' lang='lat' dir='ltr'><strong>Deo</strong></span> <span class='ocrx_word' id='word_1_124' title='bbox 2192 3075 2286 3146; x_wconf 82' lang='lat' dir='ltr'><strong>si-</strong></span> 
     </span>
     <span class='ocr_line' id='line_1_22' title="bbox 829 3170 2275 3267; baseline 0.012 -31"><span class='ocrx_word' id='word_1_125' title='bbox 829 3170 1113 3260; x_wconf 72' lang='lat' dir='ltr'><strong>qnificet</strong></span> <span class='ocrx_word' id='word_1_126' title='bbox 1131 3177 1648 3267; x_wconf 76' lang='lat' dir='ltr'><strong>proprietatem,</strong></span> <span class='ocrx_word' id='word_1_127' title='bbox 1712 3191 1835 3249; x_wconf 79' lang='lat' dir='ltr'><strong>md</strong></span> <span class='ocrx_word' id='word_1_128' title='bbox 1899 3185 2275 3265; x_wconf 73' lang='lat' dir='ltr'><strong>essmetiam,</strong></span> 
     </span>
     <span class='ocr_line' id='line_1_23' title="bbox 831 3280 2283 3379; baseline 0.011 -36"><span class='ocrx_word' id='word_1_129' title='bbox 831 3287 956 3345; x_wconf 77' lang='lat' dir='ltr'><strong>aut</strong></span> <span class='ocrx_word' id='word_1_130' title='bbox 1012 3280 1289 3349; x_wconf 77' lang='lat' dir='ltr'><strong>dicatur</strong></span> <span class='ocrx_word' id='word_1_131' title='bbox 1342 3284 1426 3350; x_wconf 84' lang='lat' dir='ltr'><strong>de</strong></span> <span class='ocrx_word' id='word_1_132' title='bbox 1490 3288 1632 3354; x_wconf 78' lang='lat' dir='ltr'><strong>Deo</strong></span> <span class='ocrx_word' id='word_1_133' title='bbox 1702 3312 1829 3379; x_wconf 80' lang='lat' dir='ltr'><strong>per</strong></span> <span class='ocrx_word' id='word_1_134' title='bbox 1889 3293 2283 3362; x_wconf 73' lang='lat' dir='ltr'><strong>translatio·</strong></span> 
     </span>
     <span class='ocr_line' id='line_1_24' title="bbox 830 3389 1045 3457; baseline 0.019 -4"><span class='ocrx_word' id='word_1_135' title='bbox 830 3409 984 3453; x_wconf 81' lang='lat' dir='ltr'><strong>nem</strong></span> <span class='ocrx_word' id='word_1_136' title='bbox 1010 3389 1045 3457; x_wconf 88' lang='lat'><strong><em>?</em></strong></span> 
     </span>
    </p>
   </div>
   <div class='ocr_carea' id='block_1_5' title="bbox 712 3708 2273 5703">
    <p class='ocr_par' dir='ltr' id='par_1_5' title="bbox 731 3708 2273 4021">
     <span class='ocr_line' id='line_1_25' title="bbox 827 3708 2273 3811; baseline 0.017 -38"><span class='ocrx_word' id='word_1_137' title='bbox 827 3708 1066 3777; x_wconf 82' lang='lat' dir='ltr'><strong>incidit</strong></span> <span class='ocrx_word' id='word_1_138' title='bbox 1093 3734 1256 3802; x_wconf 82' lang='lat' dir='ltr'><strong>ergo</strong></span> <span class='ocrx_word' id='word_1_139' title='bbox 1287 3711 1397 3782; x_wconf 80' lang='lat' dir='ltr'><strong>hic</strong></span> <span class='ocrx_word' id='word_1_140' title='bbox 1427 3721 1707 3806; x_wconf 77' lang='lat' dir='ltr'><strong>qnaestio</strong></span> <span class='ocrx_word' id='word_1_141' title='bbox 1759 3723 1978 3811; x_wconf 85' lang='lat' dir='ltr'><strong>primo</strong></span> <span class='ocrx_word' id='word_1_142' title='bbox 2042 3726 2122 3793; x_wconf 71' lang='lat' dir='ltr'><strong>de</strong></span> <span class='ocrx_word' id='word_1_143' title='bbox 2172 3727 2273 3796; x_wconf 80' lang='lat' dir='ltr'><strong>‹li-</strong></span> 
     </span>
     <span class='ocr_line' id='line_1_26' title="bbox 731 3818 2044 3917; baseline 0.013 -36"><span class='ocrx_word' id='word_1_144' title='bbox 731 3818 994 3883; x_wconf 78' lang='lat' dir='ltr'><strong>visione</strong></span> <span class='ocrx_word' id='word_1_145' title='bbox 1072 3820 1415 3889; x_wconf 76' lang='lat' dir='ltr'><strong>Ambrosii</strong></span> <span class='ocrx_word' id='word_1_146' title='bbox 1485 3846 1634 3915; x_wconf 82' lang='lat' dir='ltr'><strong>quae</strong></span> <span class='ocrx_word' id='word_1_147' title='bbox 1728 3831 2044 3917; x_wconf 61' lang='lat' dir='ltr'><strong>tangitur,</strong></span> 
     </span>
     <span class='ocr_line' id='line_1_27' title="bbox 735 3925 1933 4021; baseline 0.014 -34"><span class='ocrx_word' id='word_1_148' title='bbox 735 3951 767 3987; x_wconf 74' lang='grc' dir='ltr'><strong>ιι</strong></span> <span class='ocrx_word' id='word_1_149' title='bbox 816 3925 965 4008; x_wconf 77' lang='lat' dir='ltr'><strong>Quo</strong></span> <span class='ocrx_word' id='word_1_150' title='bbox 987 3929 1240 4016; x_wconf 81' lang='lat' dir='ltr'><strong>purim</strong></span> <span class='ocrx_word' id='word_1_151' title='bbox 1265 3932 1480 3999; x_wconf 74' lang='lat' dir='ltr'><strong>niteat</strong></span> <span class='ocrx_word' id='word_1_152' title='bbox 1504 3934 1703 4021; x_wconf 79' lang='lat' dir='ltr'><strong>fides,</strong></span> <span class='ocrx_word' id='word_1_153' title='bbox 1735 3947 1861 4006; x_wconf 86' lang='lat' dir='ltr'><strong>ete.</strong></span> <span class='ocrx_word' id='word_1_154' title='bbox 1900 3964 1933 4004; x_wconf 69' lang='lat' dir='ltr'><strong>s</strong></span> 
     </span>
    </p>

    <p class='ocr_par' dir='ltr' id='par_1_6' title="bbox 725 4034 2268 4441">
     <span class='ocr_line' id='line_1_28' title="bbox 826 4034 2268 4124; baseline 0.019 -27"><span class='ocrx_word' id='word_1_155' title='bbox 826 4034 1216 4103; x_wconf 77' lang='lat' dir='ltr'><strong>Secundum</strong></span> <span class='ocrx_word' id='word_1_156' title='bbox 1257 4036 1429 4107; x_wconf 82' lang='lat' dir='ltr'><strong>lianc</strong></span> <span class='ocrx_word' id='word_1_157' title='bbox 1459 4043 1640 4110; x_wconf 82' lang='lat' dir='ltr'><strong>enim</strong></span> <span class='ocrx_word' id='word_1_158' title='bbox 1671 4044 2071 4119; x_wconf 85' lang='lat' dir='ltr'><strong>divisionem</strong></span> <span class='ocrx_word' id='word_1_159' title='bbox 2111 4078 2268 4124; x_wconf 88' lang='lat' dir='ltr'><strong>om·</strong></span> 
     </span>
     <span class='ocr_line' id='line_1_29' title="bbox 733 4141 2262 4247; baseline 0.018 -41"><span class='ocrx_word' id='word_1_160' title='bbox 733 4163 816 4206; x_wconf 90' lang='lat' dir='ltr'><strong>ne</strong></span> <span class='ocrx_word' id='word_1_161' title='bbox 848 4163 1099 4207; x_wconf 85' lang='lat' dir='ltr'><strong>nomen</strong></span> <span class='ocrx_word' id='word_1_162' title='bbox 1130 4141 1382 4212; x_wconf 88' lang='lat' dir='ltr'><strong>dictum</strong></span> <span class='ocrx_word' id='word_1_163' title='bbox 1414 4145 1496 4214; x_wconf 88' lang='lat' dir='ltr'><strong>de</strong></span> <span class='ocrx_word' id='word_1_164' title='bbox 1541 4149 1707 4227; x_wconf 78' lang='lat' dir='ltr'><strong>Deo,</strong></span> <span class='ocrx_word' id='word_1_165' title='bbox 1758 4165 1870 4221; x_wconf 87' lang='lat' dir='ltr'><strong>aut</strong></span> <span class='ocrx_word' id='word_1_166' title='bbox 1934 4159 2262 4247; x_wconf 71' lang='lat' dir='ltr'><strong>signifieat</strong></span> 
     </span>
     <span class='ocr_line' id='line_1_30' title="bbox 732 4245 2265 4335; baseline 0.019 -29"><span class='ocrx_word' id='word_1_167' title='bbox 732 4245 1235 4334; x_wconf 70' lang='lat' dir='ltr'><strong>proprietatem,</strong></span> <span class='ocrx_word' id='word_1_168' title='bbox 1269 4258 1385 4314; x_wconf 86' lang='lat' dir='ltr'><strong>aut</strong></span> <span class='ocrx_word' id='word_1_169' title='bbox 1417 4256 1802 4327; x_wconf 83' lang='lat' dir='ltr'><strong>essentiam.</strong></span> <span class='ocrx_word' id='word_1_170' title='bbox 1854 4272 1963 4326; x_wconf 89' lang='lat' dir='ltr'><strong>aut</strong></span> <span class='ocrx_word' id='word_1_171' title='bbox 2023 4265 2265 4335; x_wconf 77' lang='lat' dir='ltr'><strong>dieitur</strong></span> 
     </span>
     <span class='ocr_line' id='line_1_31' title="bbox 725 4351 1420 4441; baseline 0.01 -26"><span class='ocrx_word' id='word_1_172' title='bbox 725 4375 844 4441; x_wconf 91' lang='lat' dir='ltr'><strong>per</strong></span> <span class='ocrx_word' id='word_1_173' title='bbox 872 4351 1420 4423; x_wconf 80' lang='lat' dir='ltr'><strong>translationem.</strong></span> 
     </span>
    </p>

    <p class='ocr_par' dir='ltr' id='par_1_7' title="bbox 712 4454 2260 5309">
     <span class='ocr_line' id='line_1_32' title="bbox 821 4454 2255 4546; baseline 0.019 -27"><span class='ocrx_word' id='word_1_174' title='bbox 821 4457 877 4522; x_wconf 82' lang='lat'><strong>¹.</strong></span> <span class='ocrx_word' id='word_1_175' title='bbox 923 4454 1209 4523; x_wconf 76' lang='lat' dir='ltr'><strong>videtur</strong></span> <span class='ocrx_word' id='word_1_176' title='bbox 1235 4468 1466 4527; x_wconf 88' lang='lat' dir='ltr'><strong>autem</strong></span> <span class='ocrx_word' id='word_1_177' title='bbox 1505 4463 1748 4532; x_wconf 79' lang='lat' dir='ltr'><strong>divisio</strong></span> <span class='ocrx_word' id='word_1_178' title='bbox 1808 4494 1951 4539; x_wconf 78' lang='lat' dir='ltr'><strong>esse</strong></span> <span class='ocrx_word' id='word_1_179' title='bbox 2013 4477 2255 4546; x_wconf 78' lang='lat' dir='ltr'><strong>insusti-</strong></span> 
     </span>
     <span class='ocr_line' id='line_1_33' title="bbox 723 4561 2260 4673; baseline 0.019 -48"><span class='ocrx_word' id='word_1_180' title='bbox 723 4561 907 4627; x_wconf 86' lang='lat' dir='ltr'><strong>eiens</strong></span> <span class='ocrx_word' id='word_1_181' title='bbox 942 4577 959 4629; x_wconf 87' lang='lat'><strong>:</strong></span> <span class='ocrx_word' id='word_1_182' title='bbox 1001 4564 1249 4652; x_wconf 85' lang='lat' dir='ltr'><strong>prim0‚</strong></span> <span class='ocrx_word' id='word_1_183' title='bbox 1283 4586 1404 4654; x_wconf 87' lang='lat' dir='ltr'><strong>per</strong></span> <span class='ocrx_word' id='word_1_184' title='bbox 1441 4565 1569 4636; x_wconf 84' lang='lat' dir='ltr'><strong>hoc</strong></span> <span class='ocrx_word' id='word_1_185' title='bbox 1608 4574 1786 4661; x_wconf 85' lang='lat' dir='ltr'><strong>quod</strong></span> <span class='ocrx_word' id='word_1_186' title='bbox 1848 4578 2015 4647; x_wconf 80' lang='lat' dir='ltr'><strong>inira</strong></span> <span class='ocrx_word' id='word_1_187' title='bbox 2071 4586 2260 4673; x_wconf 89' lang='lat' dir='ltr'><strong>ponit</strong></span> 
     </span>
     <span class='ocr_line' id='line_1_34' title="bbox 723 4664 2252 4771; baseline 0.018 -40"><span class='ocrx_word' id='word_1_188' title='bbox 723 4664 1127 4735; x_wconf 83' lang='lat' dir='ltr'><strong>divisionem</strong></span> <span class='ocrx_word' id='word_1_189' title='bbox 1185 4692 1301 4739; x_wconf 83' lang='lat' dir='ltr'><strong>sex</strong></span> <span class='ocrx_word' id='word_1_190' title='bbox 1367 4674 1854 4751; x_wconf 87' lang='lat' dir='ltr'><strong>membrorum.</strong></span> <span class='ocrx_word' id='word_1_191' title='bbox 1916 4685 2252 4771; x_wconf 73' lang='lat' dir='ltr'><strong>Secundo,</strong></span> 
     </span>
     <span class='ocr_line' id='line_1_35' title="bbox 723 4775 2251 4883; baseline 0.019 -45"><span class='ocrx_word' id='word_1_192' title='bbox 723 4775 882 4863; x_wconf 90' lang='lat' dir='ltr'><strong>quia</strong></span> <span class='ocrx_word' id='word_1_193' title='bbox 914 4775 1221 4865; x_wconf 66' lang='lat' dir='ltr'><strong>qua‘dam</strong></span> <span class='ocrx_word' id='word_1_194' title='bbox 1252 4777 1338 4846; x_wconf 91' lang='lat' dir='ltr'><strong>ab</strong></span> <span class='ocrx_word' id='word_1_195' title='bbox 1368 4790 1622 4851; x_wconf 75' lang='lat' dir='ltr'><strong>:eterno</strong></span> <span class='ocrx_word' id='word_1_196' title='bbox 1652 4793 2058 4864; x_wconf 82' lang='lat' dir='ltr'><strong>conveniunt</strong></span> <span class='ocrx_word' id='word_1_197' title='bbox 2087 4795 2251 4883; x_wconf 72' lang='lat' dir='ltr'><strong>lleo,</strong></span> 
     </span>
     <span class='ocr_line' id='line_1_36' title="bbox 722 4881 2255 4995; baseline 0.02 -49"><span class='ocrx_word' id='word_1_198' title='bbox 722 4904 871 4972; x_wconf 63' lang='lat' dir='ltr'><strong>quir.</strong></span> <span class='ocrx_word' id='word_1_199' title='bbox 906 4881 1167 4951; x_wconf 90' lang='lat' dir='ltr'><strong>nullum</strong></span> <span class='ocrx_word' id='word_1_200' title='bbox 1201 4885 1471 4956; x_wconf 87' lang='lat' dir='ltr'><strong>illorum</strong></span> <span class='ocrx_word' id='word_1_201' title='bbox 1518 4891 1918 4982; x_wconf 74' lang='lat' dir='ltr'><strong>significant.</strong></span> <span class='ocrx_word' id='word_1_202' title='bbox 1990 4912 2056 4971; x_wconf 92' lang='lat' dir='ltr'><strong>ut</strong></span> <span class='ocrx_word' id='word_1_203' title='bbox 2110 4927 2255 4995; x_wconf 87' lang='lat' dir='ltr'><strong>per-</strong></span> 
     </span>
     <span class='ocr_line' id='line_1_37' title="bbox 717 4991 2247 5084; baseline 0.019 -31"><span class='ocrx_word' id='word_1_204' title='bbox 717 5011 909 5066; x_wconf 89' lang='lat' dir='ltr'><strong>sona,</strong></span> <span class='ocrx_word' id='word_1_205' title='bbox 947 4991 1233 5070; x_wconf 86' lang='lat' dir='ltr'><strong>trinitas,</strong></span> <span class='ocrx_word' id='word_1_206' title='bbox 1271 5004 1335 5060; x_wconf 90' lang='lat' dir='ltr'><strong>et</strong></span> <span class='ocrx_word' id='word_1_207' title='bbox 1388 4993 1774 5084; x_wconf 86' lang='lat' dir='ltr'><strong>hujusmodi</strong></span> <span class='ocrx_word' id='word_1_208' title='bbox 1818 5026 1834 5073; x_wconf 91' lang='lat'><strong>:</strong></span> <span class='ocrx_word' id='word_1_209' title='bbox 1891 5004 2032 5074; x_wconf 73' lang='lat' dir='ltr'><strong>haee</strong></span> <span class='ocrx_word' id='word_1_210' title='bbox 2070 5016 2247 5083; x_wconf 89' lang='lat' dir='ltr'><strong>enim</strong></span> 
     </span>
     <span class='ocr_line' id='line_1_38' title="bbox 714 5095 2248 5208; baseline 0.018 -47"><span class='ocrx_word' id='word_1_211' title='bbox 714 5117 848 5161; x_wconf 90' lang='lat' dir='ltr'><strong>non</strong></span> <span class='ocrx_word' id='word_1_212' title='bbox 882 5095 1112 5165; x_wconf 84' lang='lat' dir='ltr'><strong>dieunt</strong></span> <span class='ocrx_word' id='word_1_213' title='bbox 1144 5103 1622 5191; x_wconf 82' lang='lat' dir='ltr'><strong>proprietatem</strong></span> <span class='ocrx_word' id='word_1_214' title='bbox 1667 5128 1683 5175; x_wconf 92' lang='lat'><strong>:</strong></span> <span class='ocrx_word' id='word_1_215' title='bbox 1729 5113 1886 5200; x_wconf 87' lang='lat' dir='ltr'><strong>quia</strong></span> <span class='ocrx_word' id='word_1_216' title='bbox 1942 5121 2248 5208; x_wconf 86' lang='lat' dir='ltr'><strong>proprie-</strong></span> 
     </span>
     <span class='ocr_line' id='line_1_39' title="bbox 712 5204 2115 5309; baseline 0.018 -43"><span class='ocrx_word' id='word_1_217' title='bbox 712 5210 813 5267; x_wconf 86' lang='lat' dir='ltr'><strong>tas</strong></span> <span class='ocrx_word' id='word_1_218' title='bbox 842 5212 942 5269; x_wconf 85' lang='lat' dir='ltr'><strong>est</strong></span> <span class='ocrx_word' id='word_1_219' title='bbox 974 5204 1040 5270; x_wconf 90' lang='lat' dir='ltr'><strong>in</strong></span> <span class='ocrx_word' id='word_1_220' title='bbox 1072 5228 1359 5294; x_wconf 88' lang='lat' dir='ltr'><strong>persona</strong></span> <span class='ocrx_word' id='word_1_221' title='bbox 1392 5209 1848 5283; x_wconf 85' lang='lat' dir='ltr'><strong>determinans</strong></span> <span class='ocrx_word' id='word_1_222' title='bbox 1880 5220 2115 5309; x_wconf 83' lang='lat' dir='ltr'><strong>ipsam.</strong></span> 
     </span>
    </p>

    <p class='ocr_par' dir='ltr' id='par_1_8' title="bbox 713 5307 2245 5703">
     <span class='ocr_line' id='line_1_40' title="bbox 797 5307 2245 5412; baseline 0.021 -41"><span class='ocrx_word' id='word_1_223' title='bbox 797 5310 860 5372; x_wconf 82' lang='lat'><strong>2.</strong></span> <span class='ocrx_word' id='word_1_224' title='bbox 901 5307 1092 5388; x_wconf 81' lang='lat' dir='ltr'><strong>item,</strong></span> <span class='ocrx_word' id='word_1_225' title='bbox 1129 5311 1605 5386; x_wconf 80' lang='lat' dir='ltr'><strong>Essentialium</strong></span> <span class='ocrx_word' id='word_1_226' title='bbox 1648 5325 1952 5412; x_wconf 77' lang='lat' dir='ltr'><strong>qua-dam</strong></span> <span class='ocrx_word' id='word_1_227' title='bbox 2005 5328 2245 5400; x_wconf 85' lang='lat' dir='ltr'><strong>dicun-</strong></span> 
     </span>
     <span class='ocr_line' id='line_1_41' title="bbox 716 5415 2242 5530; baseline 0.022 -54"><span class='ocrx_word' id='word_1_228' title='bbox 716 5421 826 5478; x_wconf 87' lang='lat' dir='ltr'><strong>tur</strong></span> <span class='ocrx_word' id='word_1_229' title='bbox 854 5415 1154 5499; x_wconf 79' lang='lat' dir='ltr'><strong>relative,</strong></span> <span class='ocrx_word' id='word_1_230' title='bbox 1189 5429 1263 5487; x_wconf 86' lang='lat' dir='ltr'><strong>ut</strong></span> <span class='ocrx_word' id='word_1_231' title='bbox 1294 5424 1557 5505; x_wconf 87' lang='lat' dir='ltr'><strong>similis,</strong></span> <span class='ocrx_word' id='word_1_232' title='bbox 1594 5432 1872 5520; x_wconf 71' lang='lat' dir='ltr'><strong>:equalis</strong></span> <span class='ocrx_word' id='word_1_233' title='bbox 1915 5457 1929 5500; x_wconf 74' lang='grc' dir='ltr'>ε</span> <span class='ocrx_word' id='word_1_234' title='bbox 1973 5446 2038 5504; x_wconf 84' lang='lat' dir='ltr'><strong>et</strong></span> <span class='ocrx_word' id='word_1_235' title='bbox 2074 5463 2242 5530; x_wconf 83' lang='lat' dir='ltr'><strong>quae·</strong></span> 
     </span>
     <span class='ocr_line' id='line_1_42' title="bbox 714 5514 2242 5629; baseline 0.024 -48"><span class='ocrx_word' id='word_1_236' title='bbox 714 5514 869 5583; x_wconf 89' lang='lat' dir='ltr'><strong>dam</strong></span> <span class='ocrx_word' id='word_1_237' title='bbox 902 5522 1176 5592; x_wconf 88' lang='lat' dir='ltr'><strong>relative</strong></span> <span class='ocrx_word' id='word_1_238' title='bbox 1208 5526 1291 5593; x_wconf 90' lang='lat' dir='ltr'><strong>ad</strong></span> <span class='ocrx_word' id='word_1_239' title='bbox 1322 5539 1660 5601; x_wconf 89' lang='lat' dir='ltr'><strong>creaturas</strong></span> <span class='ocrx_word' id='word_1_240' title='bbox 1703 5559 1718 5602; x_wconf 93' lang='lat'><strong>:</strong></span> <span class='ocrx_word' id='word_1_241' title='bbox 1764 5562 1922 5629; x_wconf 80' lang='lat' dir='ltr'><strong>ergo</strong></span> <span class='ocrx_word' id='word_1_242' title='bbox 1978 5545 2242 5616; x_wconf 87' lang='lat' dir='ltr'><strong>videtur</strong></span> 
     </span>
     <span class='ocr_line' id='line_1_43' title="bbox 713 5620 1428 5703; baseline 0.024 -18"><span class='ocrx_word' id='word_1_243' title='bbox 713 5620 953 5691; x_wconf 84' lang='lat' dir='ltr'><strong>divisio</strong></span> <span class='ocrx_word' id='word_1_244' title='bbox 995 5629 1428 5703; x_wconf 80' lang='lat' dir='ltr'><strong>insufficiens.</strong></span> 
     </span>
    </p>
   </div>
   <div class='ocr_carea' id='block_1_6' title="bbox 2151 3837 2267 3919">
    <p class='ocr_par' dir='ltr' id='par_1_9' title="bbox 2151 3837 2267 3919">
     <span class='ocr_line' id='line_1_44' title="bbox 2151 3837 2267 3919; baseline 0 -16"><span class='ocrx_word' id='word_1_245' title='bbox 2151 3837 2267 3919; x_wconf 82' lang='lat' dir='ltr'><strong>ibi,</strong></span> 
     </span>
    </p>
   </div>
   <div class='ocr_carea' id='block_1_7' title="bbox 1746 311 2963 416">
    <p class='ocr_par' dir='ltr' id='par_1_10' title="bbox 1746 311 2963 416">
     <span class='ocr_line' id='line_1_45' title="bbox 1746 311 2963 416; baseline -0.002 -28"><span class='ocrx_word' id='word_1_246' title='bbox 1746 323 1829 392; x_wconf 81' lang='lat' dir='ltr'><strong>n.</strong></span> <span class='ocrx_word' id='word_1_247' title='bbox 1885 317 2079 416; x_wconf 58' lang='lat' dir='ltr'><strong>Aba.</strong></span> <span class='ocrx_word' id='word_1_248' title='bbox 2134 311 2349 389; x_wconf 77' lang='lat' dir='ltr'><strong>MAG.</strong></span> <span class='ocrx_word' id='word_1_249' title='bbox 2406 311 2613 388; x_wconf 77' lang='lat' dir='ltr'><strong>om).</strong></span> <span class='ocrx_word' id='word_1_250' title='bbox 2668 316 2963 386; x_wconf 62' lang='lat' dir='ltr'><strong>passo.</strong></span> 
     </span>
    </p>
   </div>
   <div class='ocr_carea' id='block_1_8' title="bbox 2338 490 4021 5731">
    <p class='ocr_par' dir='ltr' id='par_1_11' title="bbox 2398 490 3978 1013">
     <span class='ocr_line' id='line_1_46' title="bbox 2509 490 3978 570; baseline 0 -11"><span class='ocrx_word' id='word_1_251' title='bbox 2509 493 2872 570; x_wconf 80' lang='lat' dir='ltr'><strong>I’raeterea,</strong></span> <span class='ocrx_word' id='word_1_252' title='bbox 2938 490 3342 558; x_wconf 88' lang='lat' dir='ltr'><strong>Essentialia</strong></span> <span class='ocrx_word' id='word_1_253' title='bbox 3409 513 3548 557; x_wconf 92' lang='lat' dir='ltr'><strong>non</strong></span> <span class='ocrx_word' id='word_1_254' title='bbox 3591 514 3729 560; x_wconf 94' lang='lat' dir='ltr'><strong>uno</strong></span> <span class='ocrx_word' id='word_1_255' title='bbox 3772 493 3978 560; x_wconf 89' lang='lat' dir='ltr'><strong>modo</strong></span> 
     </span>
     <span class='ocr_line' id='line_1_47' title="bbox 2398 599 3970 691; baseline -0.001 -24"><span class='ocrx_word' id='word_1_256' title='bbox 2398 601 2802 690; x_wconf 79' lang='lat' dir='ltr'><strong>significant</strong></span> <span class='ocrx_word' id='word_1_257' title='bbox 2857 600 3306 668; x_wconf 89' lang='lat' dir='ltr'><strong>substantiam</strong></span> <span class='ocrx_word' id='word_1_258' title='bbox 3379 621 3395 667; x_wconf 91' lang='lat'><strong>:</strong></span> <span class='ocrx_word' id='word_1_259' title='bbox 3444 600 3606 691; x_wconf 86' lang='lat' dir='ltr'><strong>quia</strong></span> <span class='ocrx_word' id='word_1_260' title='bbox 3654 599 3970 689; x_wconf 84' lang='lat' dir='ltr'><strong>quaedam</strong></span> 
     </span>
     <span class='ocr_line' id='line_1_48' title="bbox 2405 708 3967 799; baseline -0.001 -23"><span class='ocrx_word' id='word_1_261' title='bbox 2405 708 2797 799; x_wconf 81' lang='lat' dir='ltr'><strong>significant</strong></span> <span class='ocrx_word' id='word_1_262' title='bbox 2832 708 3281 776; x_wconf 87' lang='lat' dir='ltr'><strong>substantiam</strong></span> <span class='ocrx_word' id='word_1_263' title='bbox 3350 719 3427 775; x_wconf 88' lang='lat' dir='ltr'><strong>ut</strong></span> <span class='ocrx_word' id='word_1_264' title='bbox 3491 709 3967 788; x_wconf 89' lang='lat' dir='ltr'><strong>substantiam,</strong></span> 
     </span>
     <span class='ocr_line' id='line_1_49' title="bbox 2406 815 3975 908; baseline 0.001 -27"><span class='ocrx_word' id='word_1_265' title='bbox 2406 815 2724 906; x_wconf 85' lang='lat' dir='ltr'><strong>quaedam</strong></span> <span class='ocrx_word' id='word_1_266' title='bbox 2780 823 3007 882; x_wconf 90' lang='lat' dir='ltr'><strong>autem</strong></span> <span class='ocrx_word' id='word_1_267' title='bbox 3069 822 3145 882; x_wconf 93' lang='lat' dir='ltr'><strong>ut</strong></span> <span class='ocrx_word' id='word_1_268' title='bbox 3198 815 3268 882; x_wconf 92' lang='lat' dir='ltr'><strong>id</strong></span> <span class='ocrx_word' id='word_1_269' title='bbox 3321 816 3509 906; x_wconf 90' lang='lat' dir='ltr'><strong>quod</strong></span> <span class='ocrx_word' id='word_1_270' title='bbox 3585 817 3975 908; x_wconf 88' lang='lat' dir='ltr'><strong>assequitur</strong></span> 
     </span>
     <span class='ocr_line' id='line_1_50' title="bbox 2404 922 3843 1013; baseline 0.001 -25"><span class='ocrx_word' id='word_1_271' title='bbox 2404 922 2884 1001; x_wconf 85' lang='lat' dir='ltr'><strong>substantiam,</strong></span> <span class='ocrx_word' id='word_1_272' title='bbox 2930 931 3006 990; x_wconf 86' lang='lat' dir='ltr'><strong>ut</strong></span> <span class='ocrx_word' id='word_1_273' title='bbox 3041 924 3286 1003; x_wconf 79' lang='lat' dir='ltr'><strong>virtuS,</strong></span> <span class='ocrx_word' id='word_1_274' title='bbox 3322 935 3389 991; x_wconf 88' lang='lat' dir='ltr'><strong>et</strong></span> <span class='ocrx_word' id='word_1_275' title='bbox 3422 923 3843 1013; x_wconf 89' lang='lat' dir='ltr'><strong>hujusmodi.</strong></span> 
     </span>
    </p>

    <p class='ocr_par' dir='ltr' id='par_1_12' title="bbox 2383 1031 3968 2829">
     <span class='ocr_line' id='line_1_51' title="bbox 2496 1031 3968 1109; baseline 0.001 -10"><span class='ocrx_word' id='word_1_276' title='bbox 2496 1034 2561 1099; x_wconf 91' lang='lat'><strong>3.</strong></span> <span class='ocrx_word' id='word_1_277' title='bbox 2599 1031 2794 1109; x_wconf 89' lang='lat' dir='ltr'><strong>Item,</strong></span> <span class='ocrx_word' id='word_1_278' title='bbox 2828 1032 3297 1099; x_wconf 82' lang='lat' dir='ltr'><strong>Damascenus</strong></span> <span class='ocrx_word' id='word_1_279' title='bbox 3337 1032 3548 1100; x_wconf 88' lang='lat' dir='ltr'><strong>aliam</strong></span> <span class='ocrx_word' id='word_1_280' title='bbox 3607 1033 3723 1101; x_wconf 90' lang='lat' dir='ltr'><strong>dat</strong></span> <span class='ocrx_word' id='word_1_281' title='bbox 3786 1034 3968 1100; x_wconf 88' lang='lat' dir='ltr'><strong>divi-</strong></span> 
     </span>
     <span class='ocr_line' id='line_1_52' title="bbox 2396 1138 3967 1231; baseline 0.001 -27"><span class='ocrx_word' id='word_1_282' title='bbox 2396 1139 2664 1207; x_wconf 91' lang='lat' dir='ltr'><strong>sionem</strong></span> <span class='ocrx_word' id='word_1_283' title='bbox 2706 1141 2773 1204; x_wconf 93' lang='lat' dir='ltr'><strong>in</strong></span> <span class='ocrx_word' id='word_1_284' title='bbox 2803 1140 3026 1228; x_wconf 90' lang='lat' dir='ltr'><strong>primo</strong></span> <span class='ocrx_word' id='word_1_285' title='bbox 3059 1138 3262 1220; x_wconf 90' lang='lat' dir='ltr'><strong>libr0,</strong></span> <span class='ocrx_word' id='word_1_286' title='bbox 3308 1162 3457 1231; x_wconf 86' lang='lat' dir='ltr'><strong>cap.</strong></span> <span class='ocrx_word' id='word_1_287' title='bbox 3512 1141 3618 1219; x_wconf 80' lang='lat'><strong>12,</strong></span> <span class='ocrx_word' id='word_1_288' title='bbox 3682 1140 3800 1208; x_wconf 91' lang='lat' dir='ltr'><strong>ubi</strong></span> <span class='ocrx_word' id='word_1_289' title='bbox 3859 1143 3967 1208; x_wconf 89' lang='lat' dir='ltr'><strong>vi·-</strong></span> 
     </span>
     <span class='ocr_line' id='line_1_53' title="bbox 2394 1245 3965 1337; baseline 0.002 -25"><span class='ocrx_word' id='word_1_290' title='bbox 2394 1245 2593 1312; x_wconf 92' lang='lat' dir='ltr'><strong>detur</strong></span> <span class='ocrx_word' id='word_1_291' title='bbox 2633 1247 2936 1323; x_wconf 90' lang='lat' dir='ltr'><strong>innuere,</strong></span> <span class='ocrx_word' id='word_1_292' title='bbox 2973 1246 3161 1335; x_wconf 90' lang='lat' dir='ltr'><strong>quod</strong></span> <span class='ocrx_word' id='word_1_293' title='bbox 3212 1246 3525 1336; x_wconf 83' lang='lat' dir='ltr'><strong>quaedam</strong></span> <span class='ocrx_word' id='word_1_294' title='bbox 3566 1246 3965 1337; x_wconf 79' lang='lat' dir='ltr'><strong>significant</strong></span> 
     </span>
     <span class='ocr_line' id='line_1_54' title="bbox 2392 1341 3960 1446; baseline 0.001 -26"><span class='ocrx_word' id='word_1_295' title='bbox 2392 1341 2672 1443; x_wconf 83' lang='lat' dir='ltr'><strong>pelagus</strong></span> <span class='ocrx_word' id='word_1_296' title='bbox 2702 1348 3094 1420; x_wconf 61' lang='lat' dir='ltr'><strong>substantia:</strong></span> <span class='ocrx_word' id='word_1_297' title='bbox 3147 1352 3520 1432; x_wconf 85' lang='lat' dir='ltr'><strong>inlinitum,</strong></span> <span class='ocrx_word' id='word_1_298' title='bbox 3592 1369 3733 1422; x_wconf 89' lang='lat' dir='ltr'><strong>non</strong></span> <span class='ocrx_word' id='word_1_299' title='bbox 3796 1356 3960 1446; x_wconf 82' lang='lat' dir='ltr'><strong>quid</strong></span> 
     </span>
     <span class='ocr_line' id='line_1_55' title="bbox 2396 1461 3959 1553; baseline 0.002 -26"><span class='ocrx_word' id='word_1_300' title='bbox 2396 1468 2522 1545; x_wconf 89' lang='lat' dir='ltr'><strong>est,</strong></span> <span class='ocrx_word' id='word_1_301' title='bbox 2567 1471 2639 1528; x_wconf 90' lang='lat' dir='ltr'><strong>ut</strong></span> <span class='ocrx_word' id='word_1_302' title='bbox 2694 1461 2823 1529; x_wconf 83' lang='lat' dir='ltr'><strong>hoo</strong></span> <span class='ocrx_word' id='word_1_303' title='bbox 2878 1483 3160 1542; x_wconf 89' lang='lat' dir='ltr'><strong>nomen,</strong></span> <span class='ocrx_word' id='word_1_304' title='bbox 3245 1463 3384 1547; x_wconf 83' lang='lat' dir='ltr'><strong>Qui</strong></span> <span class='ocrx_word' id='word_1_305' title='bbox 3439 1474 3587 1530; x_wconf 83' lang='lat' dir='ltr'><strong>est:</strong></span> <span class='ocrx_word' id='word_1_306' title='bbox 3634 1462 3959 1553; x_wconf 81' lang='lat' dir='ltr'><strong>quaedam</strong></span> 
     </span>
     <span class='ocr_line' id='line_1_56' title="bbox 2389 1569 3966 1658; baseline 0 -22"><span class='ocrx_word' id='word_1_307' title='bbox 2389 1577 2616 1636; x_wconf 89' lang='lat' dir='ltr'><strong>autem</strong></span> <span class='ocrx_word' id='word_1_308' title='bbox 2692 1569 3106 1658; x_wconf 87' lang='lat' dir='ltr'><strong>operationis</strong></span> <span class='ocrx_word' id='word_1_309' title='bbox 3175 1590 3456 1648; x_wconf 90' lang='lat' dir='ltr'><strong>nomen,</strong></span> <span class='ocrx_word' id='word_1_310' title='bbox 3521 1578 3595 1636; x_wconf 88' lang='lat' dir='ltr'><strong>ut</strong></span> <span class='ocrx_word' id='word_1_311' title='bbox 3676 1572 3869 1638; x_wconf 79' lang='lat' dir='ltr'><strong>Deus</strong></span> <span class='ocrx_word' id='word_1_312' title='bbox 3943 1592 3966 1636; x_wconf 89' lang='lat'><strong>.·</strong></span> 
     </span>
     <span class='ocr_line' id='line_1_57' title="bbox 2391 1676 3964 1770; baseline 0.002 -28"><span class='ocrx_word' id='word_1_313' title='bbox 2391 1676 2702 1767; x_wconf 81' lang='lat' dir='ltr'><strong>quaedam</strong></span> <span class='ocrx_word' id='word_1_314' title='bbox 2770 1685 2994 1743; x_wconf 91' lang='lat' dir='ltr'><strong>autem</strong></span> <span class='ocrx_word' id='word_1_315' title='bbox 3074 1685 3150 1744; x_wconf 89' lang='lat' dir='ltr'><strong>ut</strong></span> <span class='ocrx_word' id='word_1_316' title='bbox 3217 1677 3283 1744; x_wconf 89' lang='lat' dir='ltr'><strong>id</strong></span> <span class='ocrx_word' id='word_1_317' title='bbox 3344 1677 3529 1768; x_wconf 90' lang='lat' dir='ltr'><strong>quod</strong></span> <span class='ocrx_word' id='word_1_318' title='bbox 3572 1679 3964 1770; x_wconf 88' lang='lat' dir='ltr'><strong>assequitur</strong></span> 
     </span>
     <span class='ocr_line' id='line_1_58' title="bbox 2390 1777 3964 1873; baseline 0.002 -24"><span class='ocrx_word' id='word_1_319' title='bbox 2390 1777 2863 1861; x_wconf 87' lang='lat' dir='ltr'><strong>substantiam,</strong></span> <span class='ocrx_word' id='word_1_320' title='bbox 2900 1789 2975 1851; x_wconf 91' lang='lat' dir='ltr'><strong>ut</strong></span> <span class='ocrx_word' id='word_1_321' title='bbox 2990 1782 3260 1872; x_wconf 79' lang='lat' dir='ltr'><strong>justus,</strong></span> <span class='ocrx_word' id='word_1_322' title='bbox 3299 1779 3541 1862; x_wconf 78' lang='lat' dir='ltr'><strong>bonus,</strong></span> <span class='ocrx_word' id='word_1_323' title='bbox 3592 1793 3659 1852; x_wconf 90' lang='lat' dir='ltr'><strong>et</strong></span> <span class='ocrx_word' id='word_1_324' title='bbox 3715 1783 3964 1873; x_wconf 88' lang='lat' dir='ltr'><strong>hujus-</strong></span> 
     </span>
     <span class='ocr_line' id='line_1_59' title="bbox 2389 1892 3959 1982; baseline 0.002 -22"><span class='ocrx_word' id='word_1_325' title='bbox 2389 1893 2628 1961; x_wconf 85' lang='lat' dir='ltr'><strong>modi:</strong></span> <span class='ocrx_word' id='word_1_326' title='bbox 2699 1892 3010 1982; x_wconf 82' lang='lat' dir='ltr'><strong>quaedam</strong></span> <span class='ocrx_word' id='word_1_327' title='bbox 3078 1903 3312 1962; x_wconf 88' lang='lat' dir='ltr'><strong>autem</strong></span> <span class='ocrx_word' id='word_1_328' title='bbox 3360 1893 3840 1962; x_wconf 86' lang='lat' dir='ltr'><strong>habitudinem</strong></span> <span class='ocrx_word' id='word_1_329' title='bbox 3871 1893 3959 1963; x_wconf 93' lang='lat' dir='ltr'><strong>ad</strong></span> 
     </span>
     <span class='ocr_line' id='line_1_60' title="bbox 2383 2002 3961 2093; baseline 0.002 -24"><span class='ocrx_word' id='word_1_330' title='bbox 2383 2024 2536 2070; x_wconf 88' lang='lat' dir='ltr'><strong>eaa</strong></span> <span class='ocrx_word' id='word_1_331' title='bbox 2600 2002 2848 2093; x_wconf 89' lang='lat' dir='ltr'><strong>quibus</strong></span> <span class='ocrx_word' id='word_1_332' title='bbox 2909 2002 3402 2093; x_wconf 86' lang='lat' dir='ltr'><strong>distinguitur:</strong></span> <span class='ocrx_word' id='word_1_333' title='bbox 3468 2012 3541 2070; x_wconf 89' lang='lat' dir='ltr'><strong>ut.</strong></span> <span class='ocrx_word' id='word_1_334' title='bbox 3610 2003 3961 2082; x_wconf 77' lang='lat' dir='ltr'><strong>dominus,</strong></span> 
     </span>
     <span class='ocr_line' id='line_1_61' title="bbox 2388 2108 3962 2202; baseline 0.003 -26"><span class='ocrx_word' id='word_1_335' title='bbox 2388 2132 2534 2192; x_wconf 76' lang='lat' dir='ltr'><strong>rex,</strong></span> <span class='ocrx_word' id='word_1_336' title='bbox 2561 2120 2830 2200; x_wconf 81' lang='lat' dir='ltr'><strong>pastor,</strong></span> <span class='ocrx_word' id='word_1_337' title='bbox 2876 2120 3171 2178; x_wconf 81' lang='lat' dir='ltr'><strong>creator.</strong></span> <span class='ocrx_word' id='word_1_338' title='bbox 3232 2108 3496 2191; x_wconf 87' lang='lat' dir='ltr'><strong>Eorum</strong></span> <span class='ocrx_word' id='word_1_339' title='bbox 3564 2111 3749 2179; x_wconf 88' lang='lat' dir='ltr'><strong>enim</strong></span> <span class='ocrx_word' id='word_1_340' title='bbox 3810 2134 3962 2202; x_wconf 83' lang='lat' dir='ltr'><strong>quae</strong></span> 
     </span>
     <span class='ocr_line' id='line_1_62' title="bbox 2387 2199 3960 2307; baseline 0.003 -24"><span class='ocrx_word' id='word_1_341' title='bbox 2387 2199 2881 2307; x_wconf 78' lang='lat' dir='ltr'><strong>⁸ubjieiuntur,</strong></span> <span class='ocrx_word' id='word_1_342' title='bbox 2952 2217 3276 2287; x_wconf 88' lang='lat' dir='ltr'><strong>dominus</strong></span> <span class='ocrx_word' id='word_1_343' title='bbox 3340 2226 3444 2286; x_wconf 83' lang='lat' dir='ltr'><strong>est</strong></span> <span class='ocrx_word' id='word_1_344' title='bbox 3504 2242 3522 2286; x_wconf 92' lang='lat'><strong>:</strong></span> <span class='ocrx_word' id='word_1_345' title='bbox 3593 2228 3663 2288; x_wconf 85' lang='lat' dir='ltr'><strong>et</strong></span> <span class='ocrx_word' id='word_1_346' title='bbox 3716 2236 3960 2289; x_wconf 85' lang='lat' dir='ltr'><strong>eorum</strong></span> 
     </span>
     <span class='ocr_line' id='line_1_63' title="bbox 2389 2333 3963 2418; baseline 0.003 -27"><span class='ocrx_word' id='word_1_347' title='bbox 2389 2346 2543 2414; x_wconf 66' lang='lat' dir='ltr'><strong>qua:</strong></span> <span class='ocrx_word' id='word_1_348' title='bbox 2574 2333 2927 2416; x_wconf 85' lang='lat' dir='ltr'><strong>reguntur,</strong></span> <span class='ocrx_word' id='word_1_349' title='bbox 2975 2348 3093 2393; x_wconf 83' lang='lat' dir='ltr'><strong>rex</strong></span> <span class='ocrx_word' id='word_1_350' title='bbox 3131 2333 3250 2394; x_wconf 88' lang='lat' dir='ltr'><strong>:et</strong></span> <span class='ocrx_word' id='word_1_351' title='bbox 3306 2348 3548 2394; x_wconf 89' lang='lat' dir='ltr'><strong>eorum</strong></span> <span class='ocrx_word' id='word_1_352' title='bbox 3599 2347 3756 2418; x_wconf 77' lang='lat' dir='ltr'><strong>quae</strong></span> <span class='ocrx_word' id='word_1_353' title='bbox 3835 2350 3963 2417; x_wconf 89' lang='lat' dir='ltr'><strong>pa-</strong></span> 
     </span>
     <span class='ocr_line' id='line_1_64' title="bbox 2391 2426 3959 2528; baseline 0.001 -28"><span class='ocrx_word' id='word_1_354' title='bbox 2391 2441 2701 2512; x_wconf 88' lang='lat' dir='ltr'><strong>scuntur,</strong></span> <span class='ocrx_word' id='word_1_355' title='bbox 2746 2443 2994 2523; x_wconf 88' lang='lat' dir='ltr'><strong>pastor.</strong></span> <span class='ocrx_word' id='word_1_356' title='bbox 3051 2433 3385 2514; x_wconf 65' lang='lat' dir='ltr'><strong>Quaedam</strong></span> <span class='ocrx_word' id='word_1_357' title='bbox 3425 2443 3655 2503; x_wconf 91' lang='lat' dir='ltr'><strong>autem</strong></span> <span class='ocrx_word' id='word_1_358' title='bbox 3686 2426 3959 2528; x_wconf 85' lang='lat' dir='ltr'><strong>signiti-</strong></span> 
     </span>
     <span class='ocr_line' id='line_1_65' title="bbox 2393 2533 3958 2632; baseline 0.002 -24"><span class='ocrx_word' id='word_1_359' title='bbox 2393 2545 2550 2609; x_wconf 86' lang='lat' dir='ltr'><strong>cant</strong></span> <span class='ocrx_word' id='word_1_360' title='bbox 2580 2539 2645 2609; x_wconf 91' lang='lat' dir='ltr'><strong>id</strong></span> <span class='ocrx_word' id='word_1_361' title='bbox 2684 2533 2866 2632; x_wconf 88' lang='lat' dir='ltr'><strong>quod</strong></span> <span class='ocrx_word' id='word_1_362' title='bbox 2908 2565 3047 2610; x_wconf 90' lang='lat' dir='ltr'><strong>non</strong></span> <span class='ocrx_word' id='word_1_363' title='bbox 3086 2545 3212 2627; x_wconf 86' lang='lat' dir='ltr'><strong>est,</strong></span> <span class='ocrx_word' id='word_1_364' title='bbox 3257 2543 3333 2610; x_wconf 89' lang='lat' dir='ltr'><strong>ut</strong></span> <span class='ocrx_word' id='word_1_365' title='bbox 3387 2537 3784 2624; x_wconf 79' lang='lat' dir='ltr'><strong>immensus,</strong></span> <span class='ocrx_word' id='word_1_366' title='bbox 3849 2543 3958 2611; x_wconf 74' lang='lat' dir='ltr'><strong>in·</strong></span> 
     </span>
     <span class='ocr_line' id='line_1_66' title="bbox 2387 2650 3943 2742; baseline 0.002 -26"><span class='ocrx_word' id='word_1_367' title='bbox 2387 2666 2796 2740; x_wconf 79' lang='lat' dir='ltr'><strong>corporeus:</strong></span> <span class='ocrx_word' id='word_1_368' title='bbox 2854 2665 3017 2740; x_wconf 80' lang='lat' dir='ltr'><strong>ergo</strong></span> <span class='ocrx_word' id='word_1_369' title='bbox 3086 2651 3378 2734; x_wconf 79' lang='lat' dir='ltr'><strong>videtur,</strong></span> <span class='ocrx_word' id='word_1_370' title='bbox 3452 2650 3642 2742; x_wconf 86' lang='lat' dir='ltr'><strong>quod</strong></span> <span class='ocrx_word' id='word_1_371' title='bbox 3697 2651 3943 2719; x_wconf 89' lang='lat' dir='ltr'><strong>divisio</strong></span> 
     </span>
     <span class='ocr_line' id='line_1_67' title="bbox 2389 2754 3433 2829; baseline 0.003 -5"><span class='ocrx_word' id='word_1_372' title='bbox 2389 2754 2732 2825; x_wconf 78' lang='lat' dir='ltr'><strong>Ambrosii</strong></span> <span class='ocrx_word' id='word_1_373' title='bbox 2765 2774 2904 2826; x_wconf 90' lang='lat' dir='ltr'><strong>non</strong></span> <span class='ocrx_word' id='word_1_374' title='bbox 2945 2760 3033 2826; x_wconf 87' lang='lat' dir='ltr'><strong>sit</strong></span> <span class='ocrx_word' id='word_1_375' title='bbox 3061 2758 3433 2829; x_wconf 81' lang='lat' dir='ltr'><strong>sufficiens.</strong></span> 
     </span>
    </p>

    <p class='ocr_par' dir='ltr' id='par_1_13' title="bbox 2383 2862 3943 3279">
     <span class='ocr_line' id='line_1_68' title="bbox 2478 2862 3943 2957; baseline 0.004 -27"><span class='ocrx_word' id='word_1_376' title='bbox 2478 2864 2545 2931; x_wconf 73' lang='lat'><strong>4.</strong></span> <span class='ocrx_word' id='word_1_377' title='bbox 2613 2862 2809 2948; x_wconf 86' lang='lat' dir='ltr'><strong>Item,</strong></span> <span class='ocrx_word' id='word_1_378' title='bbox 2870 2866 3230 2957; x_wconf 77' lang='lat' dir='ltr'><strong>Inqenitus</strong></span> <span class='ocrx_word' id='word_1_379' title='bbox 3288 2888 3418 2936; x_wconf 86' lang='lat' dir='ltr'><strong>nee</strong></span> <span class='ocrx_word' id='word_1_380' title='bbox 3511 2866 3943 2948; x_wconf 88' lang='lat' dir='ltr'><strong>relationem,</strong></span> 
     </span>
     <span class='ocr_line' id='line_1_69' title="bbox 2388 2971 3940 3068; baseline 0.003 -29"><span class='ocrx_word' id='word_1_381' title='bbox 2388 2994 2513 3040; x_wconf 90' lang='lat' dir='ltr'><strong>nee</strong></span> <span class='ocrx_word' id='word_1_382' title='bbox 2577 2971 3028 3042; x_wconf 86' lang='lat' dir='ltr'><strong>substantiam</strong></span> <span class='ocrx_word' id='word_1_383' title='bbox 3103 2974 3471 3068; x_wconf 71' lang='lat' dir='ltr'><strong>significat,</strong></span> <span class='ocrx_word' id='word_1_384' title='bbox 3541 2998 3667 3045; x_wconf 86' lang='lat' dir='ltr'><strong>nee</strong></span> <span class='ocrx_word' id='word_1_385' title='bbox 3734 2976 3940 3044; x_wconf 89' lang='lat' dir='ltr'><strong>etiam</strong></span> 
     </span>
     <span class='ocr_line' id='line_1_70' title="bbox 2386 3071 3941 3174; baseline 0.004 -29"><span class='ocrx_word' id='word_1_386' title='bbox 2386 3100 2508 3168; x_wconf 88' lang='lat' dir='ltr'><strong>per</strong></span> <span class='ocrx_word' id='word_1_387' title='bbox 2543 3071 3055 3148; x_wconf 88' lang='lat' dir='ltr'><strong>translationem</strong></span> <span class='ocrx_word' id='word_1_388' title='bbox 3084 3080 3331 3149; x_wconf 86' lang='lat' dir='ltr'><strong>dieitur</strong></span> <span class='ocrx_word' id='word_1_389' title='bbox 3364 3101 3574 3174; x_wconf 86' lang='lat' dir='ltr'><strong>:ergo</strong></span> <span class='ocrx_word' id='word_1_390' title='bbox 3631 3095 3774 3151; x_wconf 90' lang='lat' dir='ltr'><strong>non</strong></span> <span class='ocrx_word' id='word_1_391' title='bbox 3830 3103 3941 3151; x_wconf 83' lang='lat' dir='ltr'><strong>ca-</strong></span> 
     </span>
     <span class='ocr_line' id='line_1_71' title="bbox 2383 3182 3928 3279; baseline 0.005 -26"><span class='ocrx_word' id='word_1_392' title='bbox 2383 3182 2482 3254; x_wconf 86' lang='lat' dir='ltr'><strong>dit</strong></span> <span class='ocrx_word' id='word_1_393' title='bbox 2501 3185 2571 3254; x_wconf 89' lang='lat' dir='ltr'><strong>in</strong></span> <span class='ocrx_word' id='word_1_394' title='bbox 2592 3184 2818 3278; x_wconf 77' lang='lat' dir='ltr'><strong>aliqua</strong></span> <span class='ocrx_word' id='word_1_395' title='bbox 2839 3185 3134 3279; x_wconf 88' lang='lat' dir='ltr'><strong>partium</strong></span> <span class='ocrx_word' id='word_1_396' title='bbox 3166 3188 3526 3259; x_wconf 81' lang='lat' dir='ltr'><strong>divisionis</strong></span> <span class='ocrx_word' id='word_1_397' title='bbox 3556 3190 3928 3260; x_wconf 80' lang='lat' dir='ltr'><strong>Ambrosii.</strong></span> 
     </span>
    </p>

    <p class='ocr_par' dir='ltr' id='par_1_14' title="bbox 2363 3293 3934 4453">
     <span class='ocr_line' id='line_1_72' title="bbox 2473 3293 3934 3391; baseline 0.003 -29"><span class='ocrx_word' id='word_1_398' title='bbox 2473 3295 2539 3362; x_wconf 76' lang='lat'><strong>5.</strong></span> <span class='ocrx_word' id='word_1_399' title='bbox 2574 3293 2931 3373; x_wconf 65' lang='lat' dir='ltr'><strong>Praeterea,</strong></span> <span class='ocrx_word' id='word_1_400' title='bbox 2967 3296 3340 3388; x_wconf 81' lang='lat' dir='ltr'><strong>Dionysius</strong></span> <span class='ocrx_word' id='word_1_401' title='bbox 3371 3318 3700 3391; x_wconf 79' lang='lat' dir='ltr'><strong>magnam</strong></span> <span class='ocrx_word' id='word_1_402' title='bbox 3740 3301 3934 3391; x_wconf 88' lang='lat' dir='ltr'><strong>ponit</strong></span> 
     </span>
     <span class='ocr_line' id='line_1_73' title="bbox 2381 3402 3934 3499; baseline 0.005 -30"><span class='ocrx_word' id='word_1_403' title='bbox 2381 3402 2740 3470; x_wconf 86' lang='lat' dir='ltr'><strong>nominum</strong></span> <span class='ocrx_word' id='word_1_404' title='bbox 2778 3403 3240 3474; x_wconf 80' lang='lat' dir='ltr'><strong>diversitatem</strong></span> <span class='ocrx_word' id='word_1_405' title='bbox 3298 3429 3422 3499; x_wconf 89' lang='lat' dir='ltr'><strong>per</strong></span> <span class='ocrx_word' id='word_1_406' title='bbox 3483 3406 3797 3477; x_wconf 82' lang='lat' dir='ltr'><strong>ordinem</strong></span> <span class='ocrx_word' id='word_1_407' title='bbox 3865 3410 3934 3477; x_wconf 89' lang='lat' dir='ltr'><strong>in</strong></span> 
     </span>
     <span class='ocr_line' id='line_1_74' title="bbox 2379 3508 3925 3600; baseline 0.006 -24"><span class='ocrx_word' id='word_1_408' title='bbox 2379 3508 2553 3579; x_wconf 91' lang='lat' dir='ltr'><strong>libro</strong></span> <span class='ocrx_word' id='word_1_409' title='bbox 2609 3510 2689 3579; x_wconf 89' lang='lat' dir='ltr'><strong>de</strong></span> <span class='ocrx_word' id='word_1_410' title='bbox 2746 3513 3021 3581; x_wconf 78' lang='lat' dir='ltr'><strong>Divinis</strong></span> <span class='ocrx_word' id='word_1_411' title='bbox 3074 3514 3494 3600; x_wconf 80' lang='lat' dir='ltr'><strong>nominibus,</strong></span> <span class='ocrx_word' id='word_1_412' title='bbox 3557 3525 3630 3585; x_wconf 88' lang='lat' dir='ltr'><strong>ut</strong></span> <span class='ocrx_word' id='word_1_413' title='bbox 3676 3513 3925 3597; x_wconf 88' lang='lat' dir='ltr'><strong>bonus,</strong></span> 
     </span>
     <span class='ocr_line' id='line_1_75' title="bbox 2377 3619 3928 3711; baseline 0.006 -26"><span class='ocrx_word' id='word_1_414' title='bbox 2377 3640 2523 3696; x_wconf 85' lang='lat' dir='ltr'><strong>ens,</strong></span> <span class='ocrx_word' id='word_1_415' title='bbox 2556 3619 2719 3702; x_wconf 85' lang='lat' dir='ltr'><strong>vita,</strong></span> <span class='ocrx_word' id='word_1_416' title='bbox 2752 3619 3108 3711; x_wconf 86' lang='lat' dir='ltr'><strong>sapientia,</strong></span> <span class='ocrx_word' id='word_1_417' title='bbox 3134 3620 3425 3711; x_wconf 88' lang='lat' dir='ltr'><strong>justitia,</strong></span> <span class='ocrx_word' id='word_1_418' title='bbox 3452 3624 3700 3708; x_wconf 84' lang='lat' dir='ltr'><strong>virtus,</strong></span> <span class='ocrx_word' id='word_1_419' title='bbox 3720 3624 3928 3705; x_wconf 84' lang='lat' dir='ltr'><strong>salus,</strong></span> 
     </span>
     <span class='ocr_line' id='line_1_76' title="bbox 2377 3721 3931 3825; baseline 0.008 -35"><span class='ocrx_word' id='word_1_420' title='bbox 2377 3721 2720 3806; x_wconf 88' lang='lat' dir='ltr'><strong>liberator,</strong></span> <span class='ocrx_word' id='word_1_421' title='bbox 2787 3725 3166 3817; x_wconf 64' lang='lat' dir='ltr'><strong>aequalitas,</strong></span> <span class='ocrx_word' id='word_1_422' title='bbox 3227 3729 3683 3822; x_wconf 78' lang='lat' dir='ltr'><strong>inoequalitas,</strong></span> <span class='ocrx_word' id='word_1_423' title='bbox 3742 3754 3931 3825; x_wconf 79' lang='lat' dir='ltr'><strong>mag·</strong></span> 
     </span>
     <span class='ocr_line' id='line_1_77' title="bbox 2375 3832 3921 3925; baseline 0.008 -28"><span class='ocrx_word' id='word_1_424' title='bbox 2375 3847 2569 3911; x_wconf 86' lang='lat' dir='ltr'><strong>num,</strong></span> <span class='ocrx_word' id='word_1_425' title='bbox 2600 3854 2914 3923; x_wconf 87' lang='lat' dir='ltr'><strong>parvum,</strong></span> <span class='ocrx_word' id='word_1_426' title='bbox 2947 3832 3268 3922; x_wconf 85' lang='lat' dir='ltr'><strong>alterum,</strong></span> <span class='ocrx_word' id='word_1_427' title='bbox 3293 3838 3547 3921; x_wconf 85' lang='lat' dir='ltr'><strong>simile,</strong></span> <span class='ocrx_word' id='word_1_428' title='bbox 3567 3840 3921 3925; x_wconf 72' lang='lat' dir='ltr'><strong>dissimile,</strong></span> 
     </span>
     <span class='ocr_line' id='line_1_78' title="bbox 2370 3944 3923 4040; baseline 0.008 -34"><span class='ocrx_word' id='word_1_429' title='bbox 2370 3947 2612 4024; x_wconf 82' lang='lat' dir='ltr'><strong>status,</strong></span> <span class='ocrx_word' id='word_1_430' title='bbox 2656 3950 2902 4019; x_wconf 85' lang='lat' dir='ltr'><strong>motus,</strong></span> <span class='ocrx_word' id='word_1_431' title='bbox 2937 3944 3404 4034; x_wconf 87' lang='lat' dir='ltr'><strong>omnipotens,</strong></span> <span class='ocrx_word' id='word_1_432' title='bbox 3437 3948 3762 4040; x_wconf 87' lang='lat' dir='ltr'><strong>antiquus</strong></span> <span class='ocrx_word' id='word_1_433' title='bbox 3788 3948 3923 4018; x_wconf 83' lang='lat' dir='ltr'><strong>die·</strong></span> 
     </span>
     <span class='ocr_line' id='line_1_79' title="bbox 2372 4054 3925 4146; baseline 0.007 -31"><span class='ocrx_word' id='word_1_434' title='bbox 2372 4072 2547 4127; x_wconf 91' lang='lat' dir='ltr'><strong>rum,</strong></span> <span class='ocrx_word' id='word_1_435' title='bbox 2583 4072 2736 4140; x_wconf 82' lang='lat' dir='ltr'><strong>pax.</strong></span> <span class='ocrx_word' id='word_1_436' title='bbox 2778 4075 2899 4142; x_wconf 87' lang='lat' dir='ltr'><strong>per</strong></span> <span class='ocrx_word' id='word_1_437' title='bbox 2927 4075 2999 4120; x_wconf 87' lang='lat' dir='ltr'><strong>se</strong></span> <span class='ocrx_word' id='word_1_438' title='bbox 3030 4054 3197 4132; x_wconf 89' lang='lat' dir='ltr'><strong>vita,</strong></span> <span class='ocrx_word' id='word_1_439' title='bbox 3230 4076 3355 4146; x_wconf 86' lang='lat' dir='ltr'><strong>per</strong></span> <span class='ocrx_word' id='word_1_440' title='bbox 3382 4079 3454 4125; x_wconf 85' lang='lat' dir='ltr'><strong>se</strong></span> <span class='ocrx_word' id='word_1_441' title='bbox 3487 4057 3728 4138; x_wconf 85' lang='lat' dir='ltr'><strong>virtus,</strong></span> <span class='ocrx_word' id='word_1_442' title='bbox 3760 4081 3925 4128; x_wconf 86' lang='lat' dir='ltr'><strong>san-</strong></span> 
     </span>
     <span class='ocr_line' id='line_1_80' title="bbox 2365 4158 3916 4252; baseline 0.008 -30"><span class='ocrx_word' id='word_1_443' title='bbox 2365 4163 2536 4237; x_wconf 87' lang='lat' dir='ltr'><strong>ctus,</strong></span> <span class='ocrx_word' id='word_1_444' title='bbox 2600 4181 2738 4234; x_wconf 81' lang='lat' dir='ltr'><strong>rex,</strong></span> <span class='ocrx_word' id='word_1_445' title='bbox 2801 4158 3148 4244; x_wconf 81' lang='lat' dir='ltr'><strong>dominus,</strong></span> <span class='ocrx_word' id='word_1_446' title='bbox 3220 4159 3622 4252; x_wconf 76' lang='lat' dir='ltr'><strong>perfeetum,</strong></span> <span class='ocrx_word' id='word_1_447' title='bbox 3674 4186 3916 4234; x_wconf 87' lang='lat' dir='ltr'><strong>unum.</strong></span> 
     </span>
     <span class='ocr_line' id='line_1_81' title="bbox 2370 4265 3919 4361; baseline 0.009 -31"><span class='ocrx_word' id='word_1_448' title='bbox 2370 4265 2499 4333; x_wconf 80' lang='lat' dir='ltr'><strong>lsta</strong></span> <span class='ocrx_word' id='word_1_449' title='bbox 2532 4278 2756 4334; x_wconf 78' lang='lat' dir='ltr'><strong>autem</strong></span> <span class='ocrx_word' id='word_1_450' title='bbox 2789 4271 3023 4338; x_wconf 80' lang='lat' dir='ltr'><strong>omnia</strong></span> <span class='ocrx_word' id='word_1_451' title='bbox 3055 4292 3191 4338; x_wconf 91' lang='lat' dir='ltr'><strong>non</strong></span> <span class='ocrx_word' id='word_1_452' title='bbox 3223 4282 3542 4361; x_wconf 84' lang='lat' dir='ltr'><strong>possunt,</strong></span> <span class='ocrx_word' id='word_1_453' title='bbox 3595 4283 3670 4343; x_wconf 88' lang='lat' dir='ltr'><strong>ut</strong></span> <span class='ocrx_word' id='word_1_454' title='bbox 3722 4275 3919 4343; x_wconf 82' lang='lat' dir='ltr'><strong>vide-</strong></span> 
     </span>
     <span class='ocr_line' id='line_1_82' title="bbox 2363 4375 3572 4453; baseline 0.011 -15"><span class='ocrx_word' id='word_1_455' title='bbox 2363 4383 2497 4453; x_wconf 88' lang='lat' dir='ltr'><strong>tnr,</strong></span> <span class='ocrx_word' id='word_1_456' title='bbox 2533 4375 2753 4443; x_wconf 78' lang='lat' dir='ltr'><strong>reduci</strong></span> <span class='ocrx_word' id='word_1_457' title='bbox 2787 4377 2869 4444; x_wconf 91' lang='lat' dir='ltr'><strong>ad</strong></span> <span class='ocrx_word' id='word_1_458' title='bbox 2906 4378 3102 4445; x_wconf 89' lang='lat' dir='ltr'><strong>istam</strong></span> <span class='ocrx_word' id='word_1_459' title='bbox 3136 4379 3572 4451; x_wconf 89' lang='lat' dir='ltr'><strong>divisionem.</strong></span> 
     </span>
    </p>

    <p class='ocr_par' dir='ltr' id='par_1_15' title="bbox 2338 4482 4021 5731">
     <span class='ocr_line' id='line_1_83' title="bbox 2453 4482 3919 4579; baseline 0.01 -32"><span class='ocrx_word' id='word_1_460' title='bbox 2453 4484 2517 4548; x_wconf 71' lang='lat' dir='ltr'><strong>ti.</strong></span> <span class='ocrx_word' id='word_1_461' title='bbox 2558 4482 2913 4564; x_wconf 67' lang='lat' dir='ltr'><strong>Fra-terea,</strong></span> <span class='ocrx_word' id='word_1_462' title='bbox 2960 4484 3248 4555; x_wconf 72' lang='lat' dir='ltr'><strong>Videtur</strong></span> <span class='ocrx_word' id='word_1_463' title='bbox 3301 4489 3486 4579; x_wconf 91' lang='lat' dir='ltr'><strong>quod</strong></span> <span class='ocrx_word' id='word_1_464' title='bbox 3544 4513 3750 4561; x_wconf 88' lang='lat' dir='ltr'><strong>omne</strong></span> <span class='ocrx_word' id='word_1_465' title='bbox 3799 4514 3919 4560; x_wconf 88' lang='lat' dir='ltr'><strong>no·</strong></span> 
     </span>
     <span class='ocr_line' id='line_1_84' title="bbox 2361 4591 3912 4679; baseline 0.008 -23"><span class='ocrx_word' id='word_1_466' title='bbox 2361 4613 2518 4657; x_wconf 82' lang='lat' dir='ltr'><strong>men</strong></span> <span class='ocrx_word' id='word_1_467' title='bbox 2575 4591 2826 4659; x_wconf 80' lang='lat' dir='ltr'><strong>«lictum</strong></span> <span class='ocrx_word' id='word_1_468' title='bbox 2895 4591 2977 4660; x_wconf 90' lang='lat' dir='ltr'><strong>de</strong></span> <span class='ocrx_word' id='word_1_469' title='bbox 3038 4593 3209 4679; x_wconf 80' lang='lat' dir='ltr'><strong>Deo,</strong></span> <span class='ocrx_word' id='word_1_470' title='bbox 3287 4597 3486 4665; x_wconf 88' lang='lat' dir='ltr'><strong>cadat</strong></span> <span class='ocrx_word' id='word_1_471' title='bbox 3561 4598 3690 4667; x_wconf 87' lang='lat' dir='ltr'><strong>sub</strong></span> <span class='ocrx_word' id='word_1_472' title='bbox 3774 4624 3912 4669; x_wconf 90' lang='lat' dir='ltr'><strong>uno</strong></span> 
     </span>
     <span class='ocr_line' id='line_1_85' title="bbox 2360 4696 3911 4785; baseline 0.008 -23"><span class='ocrx_word' id='word_1_473' title='bbox 2360 4697 2667 4764; x_wconf 74' lang='lat' dir='ltr'><strong>membro</strong></span> <span class='ocrx_word' id='word_1_474' title='bbox 2732 4696 3087 4767; x_wconf 82' lang='lat' dir='ltr'><strong>divisionis</strong></span> <span class='ocrx_word' id='word_1_475' title='bbox 3180 4702 3556 4785; x_wconf 80' lang='lat' dir='ltr'><strong>Ambrosii,</strong></span> <span class='ocrx_word' id='word_1_476' title='bbox 3656 4705 3911 4775; x_wconf 84' lang='lat' dir='ltr'><strong>scilieet</strong></span> 
     </span>
     <span class='ocr_line' id='line_1_86' title="bbox 2358 4801 3904 4891; baseline 0.01 -25"><span class='ocrx_word' id='word_1_477' title='bbox 2358 4801 2540 4891; x_wconf 87' lang='lat' dir='ltr'><strong>quod</strong></span> <span class='ocrx_word' id='word_1_478' title='bbox 2608 4812 2708 4871; x_wconf 83' lang='lat' dir='ltr'><strong>est</strong></span> <span class='ocrx_word' id='word_1_479' title='bbox 2763 4803 3153 4875; x_wconf 84' lang='lat' dir='ltr'><strong>translative</strong></span> <span class='ocrx_word' id='word_1_480' title='bbox 3192 4808 3323 4877; x_wconf 87' lang='lat' dir='ltr'><strong>diei</strong></span> <span class='ocrx_word' id='word_1_481' title='bbox 3371 4831 3388 4875; x_wconf 93' lang='lat'><strong>:</strong></span> <span class='ocrx_word' id='word_1_482' title='bbox 3451 4810 3687 4879; x_wconf 88' lang='lat' dir='ltr'><strong>dicunt</strong></span> <span class='ocrx_word' id='word_1_483' title='bbox 3725 4814 3904 4881; x_wconf 91' lang='lat' dir='ltr'><strong>enim</strong></span> 
     </span>
     <span class='ocr_line' id='line_1_87' title="bbox 2359 4910 3909 5007; baseline 0.011 -35"><span class='ocrx_word' id='word_1_484' title='bbox 2359 4910 2616 4985; x_wconf 69' lang='lat' dir='ltr'><strong>Sancti.</strong></span> <span class='ocrx_word' id='word_1_485' title='bbox 2658 4912 2838 5001; x_wconf 81' lang='lat' dir='ltr'><strong>quod</strong></span> <span class='ocrx_word' id='word_1_486' title='bbox 2878 4912 2960 4979; x_wconf 89' lang='lat' dir='ltr'><strong>de</strong></span> <span class='ocrx_word' id='word_1_487' title='bbox 3003 4912 3147 4981; x_wconf 84' lang='lat' dir='ltr'><strong>Deo</strong></span> <span class='ocrx_word' id='word_1_488' title='bbox 3176 4914 3344 4983; x_wconf 84' lang='lat' dir='ltr'><strong>nibil</strong></span> <span class='ocrx_word' id='word_1_489' title='bbox 3377 4940 3746 5007; x_wconf 89' lang='lat' dir='ltr'><strong>possumus</strong></span> <span class='ocrx_word' id='word_1_490' title='bbox 3775 4918 3909 4988; x_wconf 87' lang='lat' dir='ltr'><strong>hu-</strong></span> 
     </span>
     <span class='ocr_line' id='line_1_88' title="bbox 2356 5021 3908 5119; baseline 0.009 -36"><span class='ocrx_word' id='word_1_491' title='bbox 2356 5040 2558 5085; x_wconf 87' lang='lat' dir='ltr'><strong>mana</strong></span> <span class='ocrx_word' id='word_1_492' title='bbox 2588 5042 2751 5087; x_wconf 90' lang='lat' dir='ltr'><strong>voce</strong></span> <span class='ocrx_word' id='word_1_493' title='bbox 2800 5021 3021 5087; x_wconf 86' lang='lat' dir='ltr'><strong>dicere</strong></span> <span class='ocrx_word' id='word_1_494' title='bbox 3087 5025 3412 5113; x_wconf 87' lang='lat' dir='ltr'><strong>proprie:</strong></span> <span class='ocrx_word' id='word_1_495' title='bbox 3486 5048 3651 5117; x_wconf 83' lang='lat' dir='ltr'><strong>ergo</strong></span> <span class='ocrx_word' id='word_1_496' title='bbox 3703 5029 3908 5119; x_wconf 91' lang='lat' dir='ltr'><strong>quid-</strong></span> 
     </span>
     <span class='ocr_line' id='line_1_89' title="bbox 2352 5123 3905 5212; baseline 0.01 -23"><span class='ocrx_word' id='word_1_497' title='bbox 2352 5124 2512 5212; x_wconf 89' lang='lat' dir='ltr'><strong>quid</strong></span> <span class='ocrx_word' id='word_1_498' title='bbox 2545 5123 2843 5193; x_wconf 86' lang='lat' dir='ltr'><strong>humana</strong></span> <span class='ocrx_word' id='word_1_499' title='bbox 2871 5148 3040 5194; x_wconf 87' lang='lat' dir='ltr'><strong>voce</strong></span> <span class='ocrx_word' id='word_1_500' title='bbox 3070 5126 3320 5196; x_wconf 88' lang='lat' dir='ltr'><strong>dieitur</strong></span> <span class='ocrx_word' id='word_1_501' title='bbox 3356 5130 3441 5198; x_wconf 86' lang='lat' dir='ltr'><strong>de</strong></span> <span class='ocrx_word' id='word_1_502' title='bbox 3483 5132 3656 5211; x_wconf 89' lang='lat' dir='ltr'><strong>Deo,</strong></span> <span class='ocrx_word' id='word_1_503' title='bbox 3730 5136 3905 5204; x_wconf 88' lang='lat' dir='ltr'><strong>diei-</strong></span> 
     </span>
     <span class='ocr_line' id='line_1_90' title="bbox 2350 5232 3903 5332; baseline 0.01 -36"><span class='ocrx_word' id='word_1_504' title='bbox 2350 5240 2459 5297; x_wconf 88' lang='lat' dir='ltr'><strong>tur</strong></span> <span class='ocrx_word' id='word_1_505' title='bbox 2497 5255 2617 5320; x_wconf 89' lang='lat' dir='ltr'><strong>per</strong></span> <span class='ocrx_word' id='word_1_506' title='bbox 2644 5232 3185 5315; x_wconf 85' lang='lat' dir='ltr'><strong>translationem,</strong></span> <span class='ocrx_word' id='word_1_507' title='bbox 3228 5245 3294 5302; x_wconf 90' lang='lat' dir='ltr'><strong>et</strong></span> <span class='ocrx_word' id='word_1_508' title='bbox 3337 5236 3507 5305; x_wconf 85' lang='lat' dir='ltr'><strong>nibil</strong></span> <span class='ocrx_word' id='word_1_509' title='bbox 3560 5261 3683 5331; x_wconf 86' lang='lat' dir='ltr'><strong>per</strong></span> <span class='ocrx_word' id='word_1_510' title='bbox 3735 5263 3903 5332; x_wconf 83' lang='lat' dir='ltr'><strong>pro-</strong></span> 
     </span>
     <span class='ocr_line' id='line_1_91' title="bbox 2348 5338 3896 5433; baseline 0.01 -31"><span class='ocrx_word' id='word_1_511' title='bbox 2348 5338 2700 5426; x_wconf 87' lang='lat' dir='ltr'><strong>prietatem</strong></span> <span class='ocrx_word' id='word_1_512' title='bbox 2748 5341 2984 5406; x_wconf 83' lang='lat' dir='ltr'><strong>:etita</strong></span> <span class='ocrx_word' id='word_1_513' title='bbox 3023 5340 3320 5423; x_wconf 88' lang='lat' dir='ltr'><strong>videtur,</strong></span> <span class='ocrx_word' id='word_1_514' title='bbox 3383 5345 3571 5433; x_wconf 89' lang='lat' dir='ltr'><strong>quod</strong></span> <span class='ocrx_word' id='word_1_515' title='bbox 3631 5347 3896 5417; x_wconf 90' lang='lat' dir='ltr'><strong>nullum</strong></span> 
     </span>
     <span class='ocr_line' id='line_1_92' title="bbox 2344 5442 3899 5547; baseline 0.012 -39"><span class='ocrx_word' id='word_1_516' title='bbox 2344 5442 2504 5511; x_wconf 84' lang='lat' dir='ltr'><strong>dicit</strong></span> <span class='ocrx_word' id='word_1_517' title='bbox 2580 5448 3056 5535; x_wconf 84' lang='lat' dir='ltr'><strong>proprietatem</strong></span> <span class='ocrx_word' id='word_1_518' title='bbox 3099 5447 3433 5536; x_wconf 89' lang='lat' dir='ltr'><strong>divinam,</strong></span> <span class='ocrx_word' id='word_1_519' title='bbox 3493 5474 3621 5523; x_wconf 83' lang='lat' dir='ltr'><strong>nee</strong></span> <span class='ocrx_word' id='word_1_520' title='bbox 3677 5458 3899 5547; x_wconf 83' lang='lat' dir='ltr'><strong>maje-</strong></span> 
     </span>
     <span class='ocr_line' id='line_1_93' title="bbox 2341 5556 4021 5653; baseline 0.01 -32"><span class='ocrx_word' id='word_1_521' title='bbox 2341 5561 2608 5633; x_wconf 84' lang='lat' dir='ltr'><strong>statem,</strong></span> <span class='ocrx_word' id='word_1_522' title='bbox 2645 5556 2762 5623; x_wconf 84' lang='lat' dir='ltr'><strong>sed</strong></span> <span class='ocrx_word' id='word_1_523' title='bbox 2791 5558 3027 5625; x_wconf 90' lang='lat' dir='ltr'><strong>omnia</strong></span> <span class='ocrx_word' id='word_1_524' title='bbox 3069 5558 3389 5628; x_wconf 85' lang='lat' dir='ltr'><strong>dicuntur</strong></span> <span class='ocrx_word' id='word_1_525' title='bbox 3418 5584 3539 5653; x_wconf 86' lang='lat' dir='ltr'><strong>per</strong></span> <span class='ocrx_word' id='word_1_526' title='bbox 3599 5567 3905 5637; x_wconf 79' lang='lat' dir='ltr'><strong>transla-</strong></span> <span class='ocrx_word' id='word_1_527' title='bbox 4017 5577 4021 5581; x_wconf 85' lang='grc'><strong>’</strong></span> 
     </span>
     <span class='ocr_line' id='line_1_94' title="bbox 2338 5661 2621 5731; baseline 0.018 -5"><span class='ocrx_word' id='word_1_528' title='bbox 2338 5661 2621 5731; x_wconf 88' lang='lat' dir='ltr'><strong>tionem.</strong></span> 
     </span>
    </p>
   </div>
  </div>
 </body>
</html>
