4897 6388
1591 331 1672 401 D.
1723 330 1918 399 ALB.
1973 328 2163 398 MAG

609 340 737 413 322

637 414 644 422 ι

607 540 815 608 quam
855 514 1142 606 genuit:
1178 535 1418 603 ergoa
1477 507 1680 577 simili
1722 506 1863 573 haec
1893 513 1992 572 est
2021 503 2148 569 fat-

604 648 701 704 sa,
748 625 951 691 Pater
988 632 1055 691 et
1093 622 1302 689 Filius
1351 619 1643 707 diligunt
1693 637 1762 680 se
1798 613 2150 679 dilectione

604 758 757 825 quae
816 735 900 802 ab
960 733 1122 822 ipsis
1180 727 1482 820 procedit
1526 749 1539 790 :
1588 724 1732 789 haec
1783 729 2006 786 autem
2056 724 2155 784 est

607 843 902 938 Spiritus
942 848 1217 909 sanctus
1255 860 1268 904 ε
1304 857 1466 924 ergo
1499 833 1641 899 haec
1679 839 1779 896 est
1809 827 1998 908 falsa,
2034 825 2152 891 Pa·

606 960 706 1019 ter
744 960 811 1019 et
839 949 1052 1017 Filius
1084 947 1376 1037 diligunt
1415 965 1485 1009 se
1520 940 1778 1032 Spiritu
1803 943 2059 1003 sanctu.

694 1063 758 1125 2.
808 1058 1006 1139 Item,
1049 1052 1406 1120 In-divinis
1463 1072 1601 1116 non
1653 1057 1751 1115 est
1789 1041 1971 1112 aliud
2003 1039 2158 1106 dili-

603 1190 788 1259 gere‚
826 1188 1034 1256 quam
1065 1185 1209 1230 esse
1255 1185 1268 1228 :
1309 1181 1470 1249 ergo
1511 1159 1569 1224 si
1611 1157 1808 1222 Pater
1848 1159 1911 1219 et
1953 1148 2158 1215 Filius

605 1273 898 1364 diligunt
934 1294 1007 1338 se
1041 1269 1301 1369 Spiritu
1336 1274 1595 1345 sanct0,
1653 1262 1777 1351 ipsi
1808 1267 1963 1327 sunt
1996 1253 2160 1343 Spi..

607 1381 741 1448 ritu
806 1365 1062 1446 sancto.
1128 1372 1214 1441 Et
1270 1373 1622 1463 probatur,
1687 1366 1869 1459 quod
1942 1370 2163 1432 teneat

603 1485 1092 1578 argumentum
1131 1490 1413 1572 supra¹,
1474 1476 1591 1544 ubi
1621 1499 1660 1544 a
1720 1474 1924 1543 simili
1966 1493 2160 1560 argu-

601 1602 946 1670 mentatur
983 1592 1330 1680 Magister,
1366 1596 1432 1655 et
1472 1587 1675 1655 etiam
1707 1583 2151 1678 AugustinuS,
2181 1609 2185 1616 -

607 1703 793 1795 quod
851 1724 991 1772 non
1068 1709 1172 1768 est
1243 1698 1445 1766 Pater
1503 1696 1774 1784 sapiens
1833 1690 2159 1782 sapientia

602 1832 808 1900 quam
840 1808 1077 1899 genuit
1110 1828 1124 1873 :
1172 1806 1333 1896 quia
1388 1803 1478 1870 ibi
1514 1824 1654 1871 non
1705 1808 1805 1867 est
1842 1796 2024 1865 aliud
2053 1818 2160 1862 sa-

605 1940 764 2008 pere
794 1938 1005 2007 quam
1035 1936 1180 1983 esse
1212 1937 1225 1979 :
1264 1912 1444 1979 unde
1475 1911 1530 1978 si
1563 1917 1738 1977 esset
1764 1908 2029 1998 sapiens
2048 1929 2162 1973 sa-

601 2025 864 2114 pientia
897 2045 1110 2113 quam
1140 2020 1403 2112 genuit,
1454 2025 1632 2086 esset
1665 2017 1866 2083 etiam
1898 2013 2160 2103 sapien-

610 2136 704 2202 tia
732 2154 942 2224 quam
978 2132 1271 2222 genuit.‘
1301 2183 1306 2190 .
1987 2181 1990 2184 .

699 2242 764 2308 3.
792 2239 991 2318 Item,
1029 2239 1377 2307 Ponamus
1408 2260 1527 2327 per
1559 2232 1973 2325 impossibile
2013 2229 2160 2320 Spi-

611 2350 816 2417 ritum
879 2356 1192 2415 sanctum
1244 2367 1381 2412 non
1434 2366 1604 2427 esse,
1650 2339 1869 2408 adhuc
1924 2359 2157 2405 verum

608 2456 734 2523 erit
773 2455 1101 2544 quoniam
1137 2452 1340 2519 Pater
1379 2461 1440 2518 et
1495 2448 1703 2516 Filius
1752 2446 2040 2537 diligunt
2088 2466 2158 2511 se

609 2563 840 2653 aliqua
867 2561 1259 2640 dilectione,
1304 2581 1458 2650 quae
1497 2557 1854 2626 verissima
1890 2553 2157 2623 dilectio

611 2679 711 2738 est
766 2692 782 2739 ε
818 2692 981 2760 ergo
1021 2668 1314 2750 videtur,
1368 2665 1552 2758 quod
1594 2687 1733 2734 non
1773 2663 2062 2752 diligunt
2087 2682 2157 2728 se

613 2777 872 2868 Spiritu
910 2785 1145 2845 sancto
1190 2796 1209 2846 ε
1253 2776 1412 2866 quia
1460 2774 1682 2864 posito
1733 2771 2012 2861 Spiritu,
2047 2768 2160 2839 illa

609 2884 881 2953 dilectio
923 2908 1062 2953 non
1094 2884 1396 2952 aufertur
1431 2882 1516 2950 ab
1550 2882 1672 2949 eis.

701 2993 1007 3070 -‡..ltem,
1066 2991 1337 3059 Fortius
1384 2989 1702 3079 objicitur
1737 2988 1834 3056 sic
1877 3007 1892 3054 :
1954 2981 2158 3064 Quid·

610 3100 776 3194 quid
839 3098 1175 3192 aequalem
1242 3098 1742 3189 oppositionem
1808 3092 2007 3161 habet
2074 3089 2158 3157 ad

611 3210 775 3289 duo,
810 3231 950 3277 non
992 3206 1276 3276 refertur
1313 3205 1398 3274 ad
1449 3206 1616 3296 ipsa,
1653 3203 1782 3270 nisi
1811 3210 1885 3270 ut
1924 3199 2006 3268 ad
2032 3221 2160 3288 op-

609 3321 833 3410 posita
862 3316 1142 3386 relative
1181 3339 1196 3383 ;
1263 3314 1556 3405 Spiritus
1603 3320 1875 3382 sanctus
1925 3330 2160 3399 requa-

613 3428 745 3495 lem
776 3426 981 3495 habet
1004 3426 1510 3518 oppositionem
1539 3421 1881 3491 relationis
1910 3420 1991 3487 ad
2029 3419 2160 3488 t’a-

611 3543 785 3603 trem
816 3543 882 3604 et
930 3533 1179 3603 Filium
1226 3534 1294 3600 in
1354 3539 1685 3623 quantum
1742 3537 1899 3599 sunt
1948 3551 2156 3597 unum

611 3646 1018 3737 principium
1063 3643 1357 3735 Spiritus
1385 3643 1599 3712 sancti
1639 3665 1653 3709 ε
1690 3665 1852 3732 ergo
1884 3664 2019 3709 non
2058 3661 2158 3707 re·

610 3754 819 3821 fertur
846 3751 933 3820 ad
966 3754 1173 3843 ipsos,
1210 3753 1336 3818 nisi
1385 3754 1557 3819 sicut
1597 3772 1806 3818 unum
1838 3748 2157 3817 relativo·-

612 3885 763 3930 rutn
793 3860 880 3929 ad
909 3859 1094 3929 aliud
1118 3859 1545 3950 oppositum:
1582 3880 1744 3949 ergo
1778 3880 1913 3926 non
1955 3854 2152 3923 refer-

612 3978 724 4036 tur
752 3966 836 4035 ad
881 3968 1089 4059 ipsos,
1125 3974 1199 4034 ut
1249 3966 1466 4034 forma
1513 3966 1767 4033 amoris
1810 3965 2049 4033 uniens
2088 3971 2156 4031 et

615 4083 889 4145 nectens
919 4096 1058 4140 eos.

700 4184 766 4250 3.
802 4180 1000 4260 Item,
1041 4179 1265 4248 Unum
1297 4178 1732 4246 relativorum
1766 4201 1902 4246 non
1942 4186 2161 4268 potest

614 4287 901 4379 intelligi
944 4310 1090 4355 esse
1133 4286 1348 4354 foruna
1371 4285 1735 4376 disponens
1777 4285 2150 4375 reliquum:

611 4420 767 4465 cum
803 4419 966 4486 ergo
999 4395 1294 4486 Spiritus
1346 4405 1619 4463 sanctus
1671 4395 2020 4462 relativum
2073 4397 2159 4463 sit

612 4503 696 4571 ad
732 4502 1000 4570 Patrem
1033 4510 1099 4569 et
1132 4501 1402 4580 Filium,
1445 4523 1583 4569 non
1613 4504 1790 4592 capit
1828 4504 2029 4571 etiam
2052 4504 2160 4570 in-

612 4607 919 4675 tellectus
972 4607 1155 4697 quod
1199 4608 1407 4697 possit
1463 4631 1607 4674 esse
1660 4607 1874 4675 fornia
1923 4609 2160 4676 uniens

613 4726 674 4783 et
718 4722 995 4783 nectens
1050 4714 1318 4782 l'atrem
1368 4725 1430 4781 et
1487 4713 1778 4782 Filium:
1826 4716 1977 4782 talis
2039 4739 2159 4783 au-

615 4833 750 4891 tem
782 4823 1001 4890 foruna
1033 4823 1141 4890 vel
1167 4823 1358 4912 quasi
1391 4822 1609 4891 surina
1650 4826 2052 4915 importatur
2089 4826 2156 4891 in

617 4931 822 5001 verbo
854 4932 1177 5021 diligendi
1218 4955 1234 5001 ε
1269 4956 1431 5022 ergo
1471 4932 1722 5001 locutio
1769 4935 2162 5025 simpliciter

614 5047 712 5105 est
746 5039 935 5108 salsa.

708 5153 773 5214 ti.
812 5147 1010 5228 item,
1037 5146 1223 5216 Nihil
1254 5147 1432 5216 idem
1474 5150 1874 5238 principium
1906 5158 2004 5217 est
2042 5173 2161 5240 op·

613 5256 998 5345 positioniS‚
1029 5267 1095 5323 et
1124 5257 1398 5324 unionis
1436 5256 1542 5323 vel
1590 5279 1844 5325 nexus:
1890 5281 2161 5349 proces-

614 5364 714 5430 sio
758 5363 1055 5453 Spiritus
1083 5366 1297 5432 sancti
1342 5365 1745 5454 principium
1797 5374 1894 5432 est
1954 5389 2159 5457 oppo-

614 5470 880 5540 sitionis
935 5472 1287 5541 relativae:
1329 5496 1521 5563 ergo
1572 5495 1708 5541 non
1766 5479 2158 5564 potestesse

693 5701 707 5734 ¹
747 5699 834 5756 Cf.
859 5700 1071 5773 Supra,
1104 5701 1249 5779 Dist.
1281 5702 1342 5769 V,
1374 5718 1503 5773 cap.
1538 5704 1589 5759 4.

2171 382 2185 398 .
2238 330 2442 399 ORD.
2498 334 2795 404 PRAED.

2260 507 2665 597 principium
2706 517 2781 576 ut
2814 509 3029 577 forma
3084 512 3328 577 uniens
3359 507 3467 575 vel
3500 514 3809 575 nectens,

2350 615 2721 683 Pas-:renna
2750 620 3074 707 quaeritur
3110 640 3123 684 ε

2358 723 2411 786 1.
2451 723 2621 790 Cum
2662 723 2926 802 dicitur,
2967 725 3166 792 Pater
3206 723 3495 791 etFilius
3519 721 3812 811 diligunt

2264 854 2332 897 se
2380 831 2634 920 Spiritu
2693 843 2951 914 sanct0,
2996 832 3377 921 cujusmodi
3421 840 3649 899 actum
3696 831 3812 896 di-

2263 949 2369 1007 cat
2412 940 2477 1030 ly
2532 942 2839 1032 diliqunc
2870 943 2911 1011 f)
2942 945 3083 1010 Aut
3142 945 3324 1011 enirn
3376 942 3537 1009 dicit
3586 948 3813 1008 actum

2267 1050 2720 1129 essentialem,
2773 1061 2889 1119 aut
2937 1052 3386 1120 notionalem.
3456 1049 3531 1117 Si
3588 1073 3816 1117 essen·

2269 1156 2493 1224 tialem
2539 1178 2553 1224 :
2591 1167 2752 1225 tunc
2781 1160 3111 1249 sequitur,
3148 1158 3332 1249 quod
3362 1166 3522 1224 sunt
3554 1155 3811 1245 Spiritu

2212 1304 2220 1312 -
2265 1275 2497 1333 sancto
2535 1267 2732 1356 :quia
2763 1267 3135 1334 secundum
3179 1266 3308 1334 hoc
3371 1265 3551 1334 idem
3591 1272 3692 1338 est
3723 1263 3816 1331 ibi

2266 1396 2408 1440 esse
2439 1374 2621 1463 quod
2654 1375 2975 1466 diligere:
3012 1375 3128 1443 sed
3168 1375 3317 1442 hoc?
3350 1382 3453 1443 est
3501 1372 3745 1440 falsum
3793 1396 3808 1445 ε

2269 1505 2428 1573 ergo
2486 1505 2625 1550 non
2683 1482 2843 1550 dicit
2914 1475 3162 1574 actum'
3218 1477 3674 1550 essentialem.
3740 1476 3816 1547 Si

2267 1611 2427 1656 vero
2480 1588 2639 1657 dicit
2694 1588 3141 1657 notionalem.
3199 1588 3472 1655 CONTRA·
3509 1608 3522 1652 :
3561 1584 3833 1654 Secum·

2223 1698 2428 1770 ,dum
2500 1697 2627 1766 hoc
2690 1696 2841 1765 loco
2920 1699 3064 1786 ejus
3122 1704 3345 1787 potest
3428 1697 3593 1786 poni
3647 1718 3819 1764 ver—

2253 1805 2428 1892 ¹hum
2468 1805 2650 1897 quod
2703 1806 2980 1896 denotat
3038 1806 3232 1874 illum
3283 1813 3539 1885 actum,
3582 1814 3649 1873 et
3699 1828 3818 1892 se-

2266 1913 2561 1980 cundum
2619 1913 2749 1982 hoc
2793 1936 3148 2004 possemus
3194 1913 3441 1992 dicere,
3503 1913 3702 1981 Pater
3753 1897 3820 1982 et

2265 2019 2474 2088 Filius
2497 2021 2757 2110 spirant
2783 2020 3042 2111 Spiritu
3074 2029 3308 2089 sancto
3349 2043 3363 2088 ε
3409 2019 3539 2088 hoc
3588 2015 3814 2089 autem

2205 2155 2208 2160 ·
2260 2137 2363 2195 est
2387 2126 2660 2212 falsum,
2706 2129 2868 2219 quia
2896 2119 3038 2195 non
3069 2129 3332 2219 spirant
3363 2127 3627 2218 Spiritu
3656 2149 3821 2196 san-

2263 2242 2395 2315 ct0‚
2437 2234 2554 2302 sed
2585 2236 2811 2324 potius
2852 2233 3186 2325 Spiritum
3217 2244 3617 2304 sanctum-2
3688 2269 3693 2294 ι
3746 2273 3771 2292 ··
3818 2295 3825 2303 .

2346 2344 2410 2408 2.
2458 2341 2818 2424 Praeterea,
2891 2342 2966 2409 Si
3022 2343 3185 2410 dicit
3251 2343 3659 2411 notionem:
3705 2353 3822 2412 aut

2262 2452 2613 2519 notionem
2644 2476 2779 2542 qua
2830 2453 3349 2544 distinguuntur
3380 2452 3583 2520 Pater
3609 2461 3670 2518 et
3704 2452 3820 2520 Fi-

2264 2559 2391 2627 lius
2457 2559 2540 2627 ab
2600 2562 2915 2645 invicem,
2962 2569 3078 2627 aut
3138 2575 3287 2628 eam
3353 2562 3422 2627 in
3480 2582 3617 2651 qua
3664 2570 3822 2628 sunt

2261 2692 2498 2735 unum.
2546 2669 2615 2736 Si
2658 2670 2879 2759 primo
2916 2670 3122 2737 modo
3163 2693 3178 2736 ε
3216 2677 3380 2737 tunc
3412 2669 3658 2736 diceret
3698 2692 3822 2759 pa-

2261 2777 2645 2845 ternitatem
2701 2775 2835 2843 vel*
2874 2776 3308 2860 filiationem,
3361 2776 3547 2867 quod
3596 2785 3822 2865 aperte

2263 2883 2506 2951 falsum
2546 2892 2669 2951 est.
2708 2883 2780 2950 Si
2811 2894 3037 2951 autent
3077 2883 3377 2952 secundo
3406 2882 3613 2950 niodo
3645 2882 3824 2952 dicat

2265 2992 2612 3059 notionem
2649 3014 2666 3060 z
2711 3000 2873 3061 tunc
2911 2992 3206 3069 videtur,
3265 2990 3450 3082 quod
3492 2991 3669 3058 dicat
3696 3013 3827 3058 no-

2264 3100 2516 3166 tionem
2550 3098 2735 3166 illam
2789 3122 2939 3190 quae
2988 3108 3089 3167 est
3144 3098 3609 3189 principium:
3656 3122 3821 3186 ergo

2264 3230 2537 3298 possum
2571 3206 2819 3285 dicere,
2851 3207 3051 3275 l’ater
3077 3217 3144 3276 et
3171 3206 3386 3275 Filius
3407 3207 3821 3298 principiant

2265 3316 2595 3405 Spiritum
2635 3325 2946 3411 sanctum
2983 3315 3241 3406 Spiritu
3272 3324 3510 3384 sancto
3547 3337 3563 3382 τ
3599 3325 3665 3384 et
3688 3315 3818 3386 hoc

2265 3426 2514 3494 iterum
2554 3424 2801 3493 falsum
2835 3434 2960 3492 est.

3884 644 4063 696 Quoest.
4087 643 4126 686 2.
4176 673 4181 676 ,

2351 3533 2728 3601 l'nffirenm
2794 3534 3143 3625 quaeritur,
3214 3533 3441 3613 Quare
3509 3534 3817 3604 admitti·
3874 3572 4131 3627 quma,

2262 3652 2370 3710 tur
2399 3643 2536 3719 illa,
2580 3642 2786 3711 Pater
2820 3652 2887 3712 et
2919 3643 3127 3712 Filius
3157 3642 3454 3734 diligunt
3493 3668 3564 3713 se
3608 3643 3819 3735 Spiri-

2260 3762 2332 3820 tu
2362 3762 2595 3821 sancto
2640 3776 2655 3823 :
2697 3776 2835 3820 non
2866 3762 3092 3821 autem
3146 3752 3313 3835 haec,
3365 3754 3627 3844 spirant
3666 3753 3821 3847 Spi-

2267 3860 2392 3926 ritu
2423 3869 2657 3927 sancto
2694 3883 2707 3926 :
2754 3883 2908 3927 cum
2937 3861 3207 3951 spirant
3244 3867 3308 3927 et
3358 3859 3669 3950 ditiqunt
3707 3861 3819 3930 di-

2262 3977 2412 4036 cant
2442 3967 2755 4035 eamdem
2786 3970 3138 4036 notionem
3165 3971 3201 4036 ⁰?

2355 4077 2719 4143 l'nsrrenr-:A
2762 4078 3087 4167 quaeritur
3116 4076 3197 4145 de
3240 4076 3639 4145 habitudine
3669 4103 3823 4170 pro·
3872 4109 4052 4163 Qum«.
4084 4113 4133 4157 4.

2265 4184 2566 4251 nominis
2595 4183 2679 4251 ad
2717 4182 3057 4252 verbum:
3113 4183 3386 4253 videtur
3441 4185 3623 4253 enim
3676 4208 3822 4257 esse

2269 4294 2714 4382 reciprocum,
2749 4290 2856 4357 vel
2901 4292 3435 4360 retransitivum.
3491 4292 3564 4360 Si
3591 4301 3687 4361 est
3725 4319 3825 4365 re-

2261 4403 2604 4490 ciprocum
2670 4407 2830 4467 tunc
2869 4398 3140 4466 dilectio
3208 4424 3359 4491 quze
3412 4401 3822 4492 importatur

2267 4510 2329 4575 in
2363 4517 2515 4577 actu
2539 4507 2890 4599 diligendi,
2910 4517 3189 4576 notatur
3220 4511 3504 4579 transire
3539 4512 3606 4578 in
3631 4535 3817 4581 eum·

2264 4618 2413 4686 dein
2450 4643 2485 4685 a
2518 4640 2655 4709 quo
2705 4618 2956 4685 exivit:
3013 4626 3113 4686 est
3141 4620 3323 4687 enim
3374 4643 3641 4702 sensus,
3677 4621 3816 4690 Pa-

2267 4735 2367 4792 ter
2421 4724 2640 4815 diligit
2691 4747 2762 4793 se
2832 4725 3087 4817 Spiritu
3155 4737 3417 4810 sanctu,
3481 4737 3544 4795 et
3605 4728 3813 4796 Filius

2265 4833 2479 4923 diligit
2531 4856 2601 4899 se
2660 4831 2919 4922 Spiritu
2951 4844 3214 4903 sancto,

2353 4940 2485 5006 San
2509 4962 2794 5007 coxrnA:
2832 4939 3133 5009 Verbum
3161 4953 3407 5011 notans
3430 4944 3807 5033 notionem,
3839 4985 3937 5033 Μ
3977 4993 4164 5032 eoum.

2265 5059 2450 5118 notat
2483 5073 2631 5117 eam
2667 5050 2732 5116 in
2766 5053 3027 5120 ratione
3070 5051 3524 5121 distinctionis
3555 5052 3640 5121 ad
3667 5077 3813 5145 per-

2262 5179 2499 5225 sonam
2536 5159 2603 5223 in
2644 5180 2775 5247 qua
2826 5166 2922 5225 est
2984 5159 3295 5248 opposita
3358 5160 3552 5227 notio
3589 5184 3603 5228 ε
3648 5185 3810 5253 ergo

2264 5288 2398 5333 non
2429 5265 2624 5332 debet
2668 5289 2812 5333 esse
2848 5266 3152 5332 transitio
3203 5276 3392 5335 actus
3443 5268 3527 5335 ab
3569 5268 3807 5339 eodem

2264 5377 2329 5441 in
2367 5375 2708 5451 eumdem,
2744 5375 2859 5442 sed
2901 5378 3125 5466 potius
3173 5368 3531 5447 distinctus
3591 5384 3806 5450 notari

2261 5480 2456 5549 debet
2496 5481 2855 5571 procedere
2886 5504 2924 5548 a
2953 5482 3294 5550 distincto.
3326 5484 3399 5551 Si
3432 5495 3657 5554 autem
3707 5495 3807 5555 est
