<?xml version="1.0" encoding="UTF-8"?>
<!DOCTYPE html PUBLIC "-//W3C//DTD XHTML 1.0 Transitional//EN"
    "http://www.w3.org/TR/xhtml1/DTD/xhtml1-transitional.dtd">
<html xmlns="http://www.w3.org/1999/xhtml" xml:lang="en" lang="en">
 <head>
  <title>
</title>
<meta http-equiv="Content-Type" content="text/html;charset=utf-8" />
  <meta name='ocr-system' content='tesseract 3.04.00' />
  <meta name='ocr-capabilities' content='ocr_page ocr_carea ocr_par ocr_line ocrx_word'/>
</head>
<body>
  <div class='ocr_page' id='page_1' title='image "balbertimagnira03chgoog_0095.png"; bbox 0 0 4897 6388; ppageno 0'>
   <div class='ocr_carea' id='block_1_1' title="bbox 779 988 927 1035">
    <p class='ocr_par' dir='ltr' id='par_1_1' title="bbox 779 988 927 1035">
     <span class='ocr_line' id='line_1_1' title="bbox 779 988 927 1035; baseline -0.034 0"><span class='ocrx_word' id='word_1_1' title='bbox 779 988 858 1035; x_wconf 79' lang='lat' dir='ltr'><strong>Ad</strong></span> <span class='ocrx_word' id='word_1_2' title='bbox 887 992 927 1031; x_wconf 77' lang='lat'><strong>3.</strong></span> 
     </span>
    </p>
   </div>
   <div class='ocr_carea' id='block_1_2' title="bbox 785 4965 945 5012">
    <p class='ocr_par' dir='ltr' id='par_1_2' title="bbox 785 4965 945 5012">
     <span class='ocr_line' id='line_1_2' title="bbox 785 4965 945 5012; baseline -0.013 0"><span class='ocrx_word' id='word_1_3' title='bbox 785 4966 865 5012; x_wconf 71' lang='lat' dir='ltr'><strong>Ad</strong></span> <span class='ocrx_word' id='word_1_4' title='bbox 902 4965 945 5010; x_wconf 63' lang='grc' dir='ltr'><strong>ὃ.</strong></span> 
     </span>
    </p>
   </div>
   <div class='ocr_carea' id='block_1_3' title="bbox 1851 208 4261 295">
    <p class='ocr_par' dir='ltr' id='par_1_3' title="bbox 1851 208 4261 295">
     <span class='ocr_line' id='line_1_3' title="bbox 1851 208 4261 295; baseline -0.002 -13"><span class='ocrx_word' id='word_1_5' title='bbox 1851 217 1942 282; x_wconf 80' lang='lat' dir='ltr'><strong>IN</strong></span> <span class='ocrx_word' id='word_1_6' title='bbox 1993 216 2018 280; x_wconf 94' lang='lat'>1</span> <span class='ocrx_word' id='word_1_7' title='bbox 2070 214 2490 283; x_wconf 82' lang='lat' dir='ltr'><strong>SENTENT.</strong></span> <span class='ocrx_word' id='word_1_8' title='bbox 2549 211 2770 278; x_wconf 89' lang='lat' dir='ltr'><strong>DIST.</strong></span> <span class='ocrx_word' id='word_1_9' title='bbox 2825 212 2910 288; x_wconf 88' lang='grc' dir='ltr'><strong>ΙΙ,</strong></span> <span class='ocrx_word' id='word_1_10' title='bbox 2966 214 3041 295; x_wconf 87' lang='lat' dir='ltr'><strong>F,</strong></span> <span class='ocrx_word' id='word_1_11' title='bbox 3091 213 3292 281; x_wconf 89' lang='lat' dir='ltr'><strong>ART.</strong></span> <span class='ocrx_word' id='word_1_12' title='bbox 3345 217 3453 281; x_wconf 82' lang='lat'><strong>22.</strong></span> <span class='ocrx_word' id='word_1_13' title='bbox 3620 258 3629 268; x_wconf 90' lang='lat'>-</span> <span class='ocrx_word' id='word_1_14' title='bbox 4177 208 4261 276; x_wconf 87' lang='lat'><strong>83</strong></span> 
     </span>
    </p>
   </div>
   <div class='ocr_carea' id='block_1_4' title="bbox 1050 364 2597 880">
    <p class='ocr_par' dir='ltr' id='par_1_4' title="bbox 1050 364 2597 880">
     <span class='ocr_line' id='line_1_4' title="bbox 1052 364 2588 476; baseline -0.007 -23"><span class='ocrx_word' id='word_1_15' title='bbox 1052 374 1235 476; x_wconf 88' lang='lat' dir='ltr'><strong>quod</strong></span> <span class='ocrx_word' id='word_1_16' title='bbox 1270 411 1403 454; x_wconf 90' lang='lat' dir='ltr'><strong>non</strong></span> <span class='ocrx_word' id='word_1_17' title='bbox 1454 386 1910 472; x_wconf 86' lang='lat' dir='ltr'><strong>corrumpitur</strong></span> <span class='ocrx_word' id='word_1_18' title='bbox 1958 382 2118 473; x_wconf 90' lang='lat' dir='ltr'><strong>quid</strong></span> <span class='ocrx_word' id='word_1_19' title='bbox 2159 364 2588 449; x_wconf 75' lang='lat' dir='ltr'><strong>existentium</strong></span> 
     </span>
     <span class='ocr_line' id='line_1_5' title="bbox 1050 480 2594 580; baseline -0.006 -19"><span class='ocrx_word' id='word_1_20' title='bbox 1050 495 1424 562; x_wconf 88' lang='lat' dir='ltr'><strong>secundum</strong></span> <span class='ocrx_word' id='word_1_21' title='bbox 1467 491 1649 580; x_wconf 90' lang='lat' dir='ltr'><strong>quod</strong></span> <span class='ocrx_word' id='word_1_22' title='bbox 1681 492 1978 557; x_wconf 80' lang='lat' dir='ltr'><strong>existens</strong></span> <span class='ocrx_word' id='word_1_23' title='bbox 2013 513 2028 556; x_wconf 75' lang='grc' dir='ltr'><strong><em>ε</em></strong></span> <span class='ocrx_word' id='word_1_24' title='bbox 2064 488 2179 557; x_wconf 92' lang='lat' dir='ltr'><strong>sed</strong></span> <span class='ocrx_word' id='word_1_25' title='bbox 2219 480 2395 556; x_wconf 87' lang='lat' dir='ltr'><strong>eirea</strong></span> <span class='ocrx_word' id='word_1_26' title='bbox 2453 489 2594 554; x_wconf 84' lang='lat' dir='ltr'><strong>exi·</strong></span> 
     </span>
     <span class='ocr_line' id='line_1_6' title="bbox 1052 597 2597 685; baseline -0.005 -18"><span class='ocrx_word' id='word_1_27' title='bbox 1052 612 1236 668; x_wconf 78' lang='lat' dir='ltr'><strong>stens</strong></span> <span class='ocrx_word' id='word_1_28' title='bbox 1268 606 1804 685; x_wconf 87' lang='lat' dir='ltr'><strong>corrumpuntur</strong></span> <span class='ocrx_word' id='word_1_29' title='bbox 1844 597 2052 679; x_wconf 76' lang='lat' dir='ltr'><strong>modi,</strong></span> <span class='ocrx_word' id='word_1_30' title='bbox 2081 618 2597 664; x_wconf 86' lang='lat' dir='ltr'><strong>commensura-</strong></span> 
     </span>
     <span class='ocr_line' id='line_1_7' title="bbox 1050 702 2592 792; baseline -0.006 -16"><span class='ocrx_word' id='word_1_31' title='bbox 1050 710 1299 788; x_wconf 76' lang='lat' dir='ltr'><strong>tioneS,</strong></span> <span class='ocrx_word' id='word_1_32' title='bbox 1326 716 1393 773; x_wconf 85' lang='lat' dir='ltr'><strong>et</strong></span> <span class='ocrx_word' id='word_1_33' title='bbox 1424 704 1797 771; x_wconf 84' lang='lat' dir='ltr'><strong>harmoniae</strong></span> <span class='ocrx_word' id='word_1_34' title='bbox 1821 726 1900 770; x_wconf 82' lang='lat' dir='ltr'><strong>ex</strong></span> <span class='ocrx_word' id='word_1_35' title='bbox 1927 704 2312 770; x_wconf 81' lang='lat' dir='ltr'><strong>infirmitate</strong></span> <span class='ocrx_word' id='word_1_36' title='bbox 2336 702 2592 792; x_wconf 85' lang='lat' dir='ltr'><strong>proprii</strong></span> 
     </span>
     <span class='ocr_line' id='line_1_8' title="bbox 1054 814 1350 880; baseline -0.007 0"><span class='ocrx_word' id='word_1_37' title='bbox 1054 814 1350 880; x_wconf 75' lang='lat' dir='ltr'><strong>habitus.</strong></span> 
     </span>
    </p>
   </div>
   <div class='ocr_carea' id='block_1_5' title="bbox 1049 924 2598 1777">
    <p class='ocr_par' dir='ltr' id='par_1_5' title="bbox 1049 924 2598 1777">
     <span class='ocr_line' id='line_1_9' title="bbox 1148 924 2595 1019; baseline -0.004 -24"><span class='ocrx_word' id='word_1_38' title='bbox 1148 930 1248 995; x_wconf 77' lang='lat' dir='ltr'><strong>Ao</strong></span> <span class='ocrx_word' id='word_1_39' title='bbox 1299 953 1361 995; x_wconf 78' lang='grc' dir='ltr'><strong>ιι)</strong></span> <span class='ocrx_word' id='word_1_40' title='bbox 1403 928 1586 1019; x_wconf 90' lang='lat' dir='ltr'><strong>quod</strong></span> <span class='ocrx_word' id='word_1_41' title='bbox 1645 926 1957 1016; x_wconf 84' lang='lat' dir='ltr'><strong>objicitur</strong></span> <span class='ocrx_word' id='word_1_42' title='bbox 2002 926 2082 992; x_wconf 89' lang='lat' dir='ltr'><strong>de</strong></span> <span class='ocrx_word' id='word_1_43' title='bbox 2124 925 2328 1003; x_wconf 85' lang='lat' dir='ltr'><strong>malo,</strong></span> <span class='ocrx_word' id='word_1_44' title='bbox 2364 924 2595 991; x_wconf 89' lang='lat' dir='ltr'><strong>dicen-</strong></span> 
     </span>
     <span class='ocr_line' id='line_1_10' title="bbox 1054 1031 2598 1126; baseline -0.004 -23"><span class='ocrx_word' id='word_1_45' title='bbox 1054 1037 1218 1103; x_wconf 90' lang='lat' dir='ltr'><strong>dum</strong></span> <span class='ocrx_word' id='word_1_46' title='bbox 1243 1036 1425 1126; x_wconf 83' lang='lat' dir='ltr'><strong>quod</strong></span> <span class='ocrx_word' id='word_1_47' title='bbox 1461 1035 1713 1102; x_wconf 86' lang='lat' dir='ltr'><strong>malum</strong></span> <span class='ocrx_word' id='word_1_48' title='bbox 1754 1056 1891 1100; x_wconf 91' lang='lat' dir='ltr'><strong>non</strong></span> <span class='ocrx_word' id='word_1_49' title='bbox 1931 1031 2129 1100; x_wconf 85' lang='lat' dir='ltr'><strong>habet</strong></span> <span class='ocrx_word' id='word_1_50' title='bbox 2160 1055 2430 1099; x_wconf 89' lang='lat' dir='ltr'><strong>causam</strong></span> <span class='ocrx_word' id='word_1_51' title='bbox 2478 1056 2598 1098; x_wconf 90' lang='lat' dir='ltr'><strong>un-</strong></span> 
     </span>
     <span class='ocr_line' id='line_1_11' title="bbox 1052 1137 2597 1218; baseline -0.005 -7"><span class='ocrx_word' id='word_1_52' title='bbox 1052 1143 1135 1211; x_wconf 91' lang='lat' dir='ltr'><strong>de</strong></span> <span class='ocrx_word' id='word_1_53' title='bbox 1203 1144 1310 1218; x_wconf 88' lang='lat' dir='ltr'><strong>sit,</strong></span> <span class='ocrx_word' id='word_1_54' title='bbox 1372 1141 1491 1209; x_wconf 90' lang='lat' dir='ltr'><strong>sed</strong></span> <span class='ocrx_word' id='word_1_55' title='bbox 1545 1139 1748 1208; x_wconf 86' lang='lat' dir='ltr'><strong>habet</strong></span> <span class='ocrx_word' id='word_1_56' title='bbox 1802 1162 2072 1207; x_wconf 85' lang='lat' dir='ltr'><strong>causam</strong></span> <span class='ocrx_word' id='word_1_57' title='bbox 2123 1138 2298 1205; x_wconf 88' lang='lat' dir='ltr'><strong>unde</strong></span> <span class='ocrx_word' id='word_1_58' title='bbox 2348 1137 2597 1205; x_wconf 81' lang='lat' dir='ltr'><strong>incidat</strong></span> 
     </span>
     <span class='ocr_line' id='line_1_12' title="bbox 1050 1243 2595 1341; baseline -0.003 -25"><span class='ocrx_word' id='word_1_59' title='bbox 1050 1260 1296 1341; x_wconf 70' lang='lat' dir='ltr'><strong>praeter</strong></span> <span class='ocrx_word' id='word_1_60' title='bbox 1328 1248 1775 1315; x_wconf 89' lang='lat' dir='ltr'><strong>intentionem</strong></span> <span class='ocrx_word' id='word_1_61' title='bbox 1804 1269 2044 1330; x_wconf 86' lang='lat' dir='ltr'><strong>causae‚</strong></span> <span class='ocrx_word' id='word_1_62' title='bbox 2080 1254 2145 1313; x_wconf 86' lang='lat' dir='ltr'><strong>et</strong></span> <span class='ocrx_word' id='word_1_63' title='bbox 2183 1255 2427 1335; x_wconf 85' lang='lat' dir='ltr'><strong>praeter</strong></span> <span class='ocrx_word' id='word_1_64' title='bbox 2466 1243 2595 1312; x_wconf 86' lang='lat' dir='ltr'><strong>hoc</strong></span> 
     </span>
     <span class='ocr_line' id='line_1_13' title="bbox 1051 1354 2594 1452; baseline -0.005 -23"><span class='ocrx_word' id='word_1_65' title='bbox 1051 1360 1237 1452; x_wconf 92' lang='lat' dir='ltr'><strong>quod</strong></span> <span class='ocrx_word' id='word_1_66' title='bbox 1283 1367 1441 1449; x_wconf 85' lang='lat' dir='ltr'><strong>agat</strong></span> <span class='ocrx_word' id='word_1_67' title='bbox 1471 1357 1555 1425; x_wconf 87' lang='lat' dir='ltr'><strong>ad</strong></span> <span class='ocrx_word' id='word_1_68' title='bbox 1604 1356 1769 1424; x_wconf 93' lang='lat' dir='ltr'><strong>illud</strong></span> <span class='ocrx_word' id='word_1_69' title='bbox 1813 1377 1829 1425; x_wconf 75' lang='grc' dir='ltr'>ε</span> <span class='ocrx_word' id='word_1_70' title='bbox 1872 1356 2028 1446; x_wconf 88' lang='lat' dir='ltr'><strong>quia</strong></span> <span class='ocrx_word' id='word_1_71' title='bbox 2076 1354 2161 1422; x_wconf 89' lang='lat' dir='ltr'><strong>ad</strong></span> <span class='ocrx_word' id='word_1_72' title='bbox 2198 1354 2364 1421; x_wconf 89' lang='lat' dir='ltr'><strong>illud</strong></span> <span class='ocrx_word' id='word_1_73' title='bbox 2412 1355 2594 1444; x_wconf 91' lang='lat' dir='ltr'><strong>quod</strong></span> 
     </span>
     <span class='ocr_line' id='line_1_14' title="bbox 1050 1467 2592 1561; baseline -0.004 -23"><span class='ocrx_word' id='word_1_74' title='bbox 1050 1472 1225 1540; x_wconf 85' lang='lat' dir='ltr'>nihil</span> <span class='ocrx_word' id='word_1_75' title='bbox 1264 1479 1388 1549; x_wconf 86' lang='lat' dir='ltr'><strong>est,</strong></span> <span class='ocrx_word' id='word_1_76' title='bbox 1425 1470 1533 1561; x_wconf 85' lang='lat' dir='ltr'><strong>agi</strong></span> <span class='ocrx_word' id='word_1_77' title='bbox 1574 1491 1715 1536; x_wconf 93' lang='lat' dir='ltr'><strong>non</strong></span> <span class='ocrx_word' id='word_1_78' title='bbox 1757 1476 2000 1558; x_wconf 86' lang='lat' dir='ltr'><strong>potest.</strong></span> <span class='ocrx_word' id='word_1_79' title='bbox 2041 1467 2360 1534; x_wconf 89' lang='lat' dir='ltr'><strong>Liberum</strong></span> <span class='ocrx_word' id='word_1_80' title='bbox 2410 1467 2592 1534; x_wconf 87' lang='lat' dir='ltr'><strong>enim</strong></span> 
     </span>
     <span class='ocr_line' id='line_1_15' title="bbox 1049 1572 2589 1667; baseline -0.005 -21"><span class='ocrx_word' id='word_1_81' title='bbox 1049 1579 1407 1646; x_wconf 79' lang='lat' dir='ltr'>arbitrium</span> <span class='ocrx_word' id='word_1_82' title='bbox 1431 1575 1730 1667; x_wconf 87' lang='lat' dir='ltr'><strong>potentia</strong></span> <span class='ocrx_word' id='word_1_83' title='bbox 1752 1576 1968 1642; x_wconf 81' lang='lat' dir='ltr'><strong>activa</strong></span> <span class='ocrx_word' id='word_1_84' title='bbox 1987 1583 2110 1655; x_wconf 88' lang='lat' dir='ltr'><strong>est,</strong></span> <span class='ocrx_word' id='word_1_85' title='bbox 2136 1583 2201 1641; x_wconf 86' lang='lat' dir='ltr'><strong>et</strong></span> <span class='ocrx_word' id='word_1_86' title='bbox 2219 1572 2589 1642; x_wconf 86' lang='lat' dir='ltr'><strong>secundum</strong></span> 
     </span>
     <span class='ocr_line' id='line_1_16' title="bbox 1052 1680 2594 1777; baseline -0.003 -24"><span class='ocrx_word' id='word_1_87' title='bbox 1052 1686 1237 1777; x_wconf 90' lang='lat' dir='ltr'><strong>quod</strong></span> <span class='ocrx_word' id='word_1_88' title='bbox 1318 1684 1756 1773; x_wconf 86' lang='lat' dir='ltr'><strong>conjungitur</strong></span> <span class='ocrx_word' id='word_1_89' title='bbox 1828 1680 1931 1748; x_wconf 91' lang='lat' dir='ltr'><strong>his</strong></span> <span class='ocrx_word' id='word_1_90' title='bbox 1998 1703 2145 1772; x_wconf 77' lang='lat' dir='ltr'><strong>quae</strong></span> <span class='ocrx_word' id='word_1_91' title='bbox 2227 1681 2594 1748; x_wconf 77' lang='lat' dir='ltr'><strong>informant</strong></span> 
     </span>
    </p>
   </div>
   <div class='ocr_carea' id='block_1_6' title="bbox 948 1772 2593 1878">
    <p class='ocr_par' dir='ltr' id='par_1_6' title="bbox 948 1772 2593 1878">
     <span class='ocr_line' id='line_1_17' title="bbox 948 1772 2593 1878; baseline -0.006 -14"><span class='ocrx_word' id='word_1_92' title='bbox 948 1772 971 1787; x_wconf 58' lang='lat'><strong>.</strong></span> <span class='ocrx_word' id='word_1_93' title='bbox 1026 1804 1265 1873; x_wconf 84' lang='lat' dir='ltr'><strong>actus,</strong></span> <span class='ocrx_word' id='word_1_94' title='bbox 1299 1795 1394 1860; x_wconf 88' lang='lat' dir='ltr'><strong>sie</strong></span> <span class='ocrx_word' id='word_1_95' title='bbox 1435 1791 1605 1858; x_wconf 88' lang='lat' dir='ltr'><strong>liunt</strong></span> <span class='ocrx_word' id='word_1_96' title='bbox 1632 1799 1822 1857; x_wconf 87' lang='lat' dir='ltr'><strong>actus</strong></span> <span class='ocrx_word' id='word_1_97' title='bbox 1862 1790 2006 1878; x_wconf 85' lang='lat' dir='ltr'><strong>ejus</strong></span> <span class='ocrx_word' id='word_1_98' title='bbox 2049 1797 2159 1856; x_wconf 86' lang='lat' dir='ltr'><strong>:et</strong></span> <span class='ocrx_word' id='word_1_99' title='bbox 2193 1790 2250 1855; x_wconf 88' lang='lat' dir='ltr'><strong>si</strong></span> <span class='ocrx_word' id='word_1_100' title='bbox 2299 1790 2593 1878; x_wconf 82' lang='lat' dir='ltr'><strong>conjun-</strong></span> 
     </span>
    </p>
   </div>
   <div class='ocr_carea' id='block_1_7' title="bbox 1041 1896 2599 5655">
    <p class='ocr_par' dir='ltr' id='par_1_7' title="bbox 1041 1896 2592 3175">
     <span class='ocr_line' id='line_1_18' title="bbox 1048 1896 2592 1994; baseline -0.004 -25"><span class='ocrx_word' id='word_1_101' title='bbox 1048 1904 1235 1994; x_wconf 83' lang='lat' dir='ltr'><strong>gitur</strong></span> <span class='ocrx_word' id='word_1_102' title='bbox 1263 1900 1331 1966; x_wconf 88' lang='lat' dir='ltr'><strong>in</strong></span> <span class='ocrx_word' id='word_1_103' title='bbox 1372 1896 1806 1966; x_wconf 87' lang='lat' dir='ltr'><strong>deliberando</strong></span> <span class='ocrx_word' id='word_1_104' title='bbox 1848 1918 2001 1964; x_wconf 89' lang='lat' dir='ltr'><strong>cum</strong></span> <span class='ocrx_word' id='word_1_105' title='bbox 2033 1897 2475 1965; x_wconf 72' lang='lat' dir='ltr'><strong>conversione</strong></span> <span class='ocrx_word' id='word_1_106' title='bbox 2505 1896 2592 1963; x_wconf 91' lang='lat' dir='ltr'><strong>ad</strong></span> 
     </span>
     <span class='ocr_line' id='line_1_19' title="bbox 1049 2003 2591 2093; baseline -0.004 -16"><span class='ocrx_word' id='word_1_107' title='bbox 1049 2011 1308 2077; x_wconf 90' lang='lat' dir='ltr'><strong>bonum</strong></span> <span class='ocrx_word' id='word_1_108' title='bbox 1340 2014 1627 2087; x_wconf 83' lang='lat' dir='ltr'><strong>naturae,</strong></span> <span class='ocrx_word' id='word_1_109' title='bbox 1673 2005 1745 2071; x_wconf 79' lang='lat' dir='ltr'><strong>tit</strong></span> <span class='ocrx_word' id='word_1_110' title='bbox 1800 2012 1987 2073; x_wconf 85' lang='lat' dir='ltr'><strong>actus</strong></span> <span class='ocrx_word' id='word_1_111' title='bbox 2016 2005 2161 2093; x_wconf 87' lang='lat' dir='ltr'><strong>ejus</strong></span> <span class='ocrx_word' id='word_1_112' title='bbox 2208 2003 2591 2071; x_wconf 77' lang='lat' dir='ltr'><strong>inductivus</strong></span> 
     </span>
     <span class='ocr_line' id='line_1_20' title="bbox 1046 2109 2585 2190; baseline -0.004 -6"><span class='ocrx_word' id='word_1_113' title='bbox 1046 2116 1232 2184; x_wconf 89' lang='lat' dir='ltr'><strong>illius</strong></span> <span class='ocrx_word' id='word_1_114' title='bbox 1276 2115 1463 2190; x_wconf 91' lang='lat' dir='ltr'><strong>boni,</strong></span> <span class='ocrx_word' id='word_1_115' title='bbox 1511 2121 1577 2180; x_wconf 87' lang='lat' dir='ltr'><strong>et</strong></span> <span class='ocrx_word' id='word_1_116' title='bbox 1617 2110 1821 2180; x_wconf 88' lang='lat' dir='ltr'><strong>habet</strong></span> <span class='ocrx_word' id='word_1_117' title='bbox 1857 2109 1987 2179; x_wconf 86' lang='lat' dir='ltr'><strong>hoc</strong></span> <span class='ocrx_word' id='word_1_118' title='bbox 2023 2110 2278 2178; x_wconf 90' lang='lat' dir='ltr'><strong>bonum</strong></span> <span class='ocrx_word' id='word_1_119' title='bbox 2322 2112 2524 2178; x_wconf 88' lang='lat' dir='ltr'><strong>tinem</strong></span> <span class='ocrx_word' id='word_1_120' title='bbox 2570 2134 2585 2178; x_wconf 91' lang='lat'>:</span> 
     </span>
     <span class='ocr_line' id='line_1_21' title="bbox 1047 2218 2590 2309; baseline -0.005 -17"><span class='ocrx_word' id='word_1_121' title='bbox 1047 2225 1103 2292; x_wconf 91' lang='lat' dir='ltr'><strong>si</strong></span> <span class='ocrx_word' id='word_1_122' title='bbox 1152 2231 1380 2291; x_wconf 86' lang='lat' dir='ltr'><strong>autem</strong></span> <span class='ocrx_word' id='word_1_123' title='bbox 1429 2219 1864 2309; x_wconf 85' lang='lat' dir='ltr'><strong>conjungitur</strong></span> <span class='ocrx_word' id='word_1_124' title='bbox 1900 2241 2052 2287; x_wconf 90' lang='lat' dir='ltr'><strong>cum</strong></span> <span class='ocrx_word' id='word_1_125' title='bbox 2094 2218 2274 2286; x_wconf 90' lang='lat' dir='ltr'><strong>bono</strong></span> <span class='ocrx_word' id='word_1_126' title='bbox 2322 2219 2590 2285; x_wconf 79' lang='lat' dir='ltr'><strong>virtutis</strong></span> 
     </span>
     <span class='ocr_line' id='line_1_22' title="bbox 1047 2325 2588 2422; baseline -0.007 -21"><span class='ocrx_word' id='word_1_127' title='bbox 1047 2331 1365 2422; x_wconf 81' lang='lat' dir='ltr'><strong>politicoe‚</strong></span> <span class='ocrx_word' id='word_1_128' title='bbox 1418 2329 1542 2395; x_wconf 88' lang='lat' dir='ltr'><strong>erit</strong></span> <span class='ocrx_word' id='word_1_129' title='bbox 1591 2335 1779 2394; x_wconf 87' lang='lat' dir='ltr'><strong>actus</strong></span> <span class='ocrx_word' id='word_1_130' title='bbox 1844 2326 1988 2413; x_wconf 88' lang='lat' dir='ltr'><strong>ejus</strong></span> <span class='ocrx_word' id='word_1_131' title='bbox 2052 2326 2451 2393; x_wconf 78' lang='lat' dir='ltr'><strong>informatus</strong></span> <span class='ocrx_word' id='word_1_132' title='bbox 2505 2325 2588 2392; x_wconf 88' lang='lat' dir='ltr'><strong>ab</strong></span> 
     </span>
     <span class='ocr_line' id='line_1_23' title="bbox 1051 2433 2590 2523; baseline -0.005 -17"><span class='ocrx_word' id='word_1_133' title='bbox 1051 2437 1167 2506; x_wconf 94' lang='lat' dir='ltr'><strong>illo</strong></span> <span class='ocrx_word' id='word_1_134' title='bbox 1217 2436 1399 2503; x_wconf 90' lang='lat' dir='ltr'><strong>bono</strong></span> <span class='ocrx_word' id='word_1_135' title='bbox 1446 2457 1460 2501; x_wconf 90' lang='lat'>:</span> <span class='ocrx_word' id='word_1_136' title='bbox 1507 2442 1571 2501; x_wconf 85' lang='lat' dir='ltr'><strong>et</strong></span> <span class='ocrx_word' id='word_1_137' title='bbox 1610 2434 1665 2500; x_wconf 94' lang='lat' dir='ltr'><strong>si</strong></span> <span class='ocrx_word' id='word_1_138' title='bbox 1722 2433 2155 2523; x_wconf 85' lang='lat' dir='ltr'><strong>conjungitur</strong></span> <span class='ocrx_word' id='word_1_139' title='bbox 2208 2442 2396 2500; x_wconf 87' lang='lat' dir='ltr'><strong>actus</strong></span> <span class='ocrx_word' id='word_1_140' title='bbox 2443 2433 2590 2520; x_wconf 88' lang='lat' dir='ltr'><strong>ejus</strong></span> 
     </span>
     <span class='ocr_line' id='line_1_24' title="bbox 1050 2540 2587 2635; baseline -0.004 -22"><span class='ocrx_word' id='word_1_141' title='bbox 1050 2545 1234 2613; x_wconf 93' lang='lat' dir='ltr'><strong>bono</strong></span> <span class='ocrx_word' id='word_1_142' title='bbox 1266 2544 1528 2635; x_wconf 62' lang='lat' dir='ltr'><strong>gratiae,</strong></span> <span class='ocrx_word' id='word_1_143' title='bbox 1571 2542 1695 2609; x_wconf 92' lang='lat' dir='ltr'><strong>erit</strong></span> <span class='ocrx_word' id='word_1_144' title='bbox 1737 2542 1977 2607; x_wconf 86' lang='lat' dir='ltr'><strong>iterum</strong></span> <span class='ocrx_word' id='word_1_145' title='bbox 2018 2540 2272 2608; x_wconf 87' lang='lat' dir='ltr'><strong>habens</strong></span> <span class='ocrx_word' id='word_1_146' title='bbox 2299 2541 2587 2608; x_wconf 77' lang='lat' dir='ltr'><strong>formam</strong></span> 
     </span>
     <span class='ocr_line' id='line_1_25' title="bbox 1049 2648 2588 2720; baseline -0.004 0"><span class='ocrx_word' id='word_1_147' title='bbox 1049 2661 1113 2720; x_wconf 90' lang='lat' dir='ltr'><strong>et</strong></span> <span class='ocrx_word' id='word_1_148' title='bbox 1149 2654 1352 2719; x_wconf 83' lang='lat' dir='ltr'><strong>tinem</strong></span> <span class='ocrx_word' id='word_1_149' title='bbox 1387 2648 1548 2717; x_wconf 90' lang='lat' dir='ltr'><strong>illud</strong></span> <span class='ocrx_word' id='word_1_150' title='bbox 1580 2648 1873 2715; x_wconf 90' lang='lat' dir='ltr'><strong>bonum:</strong></span> <span class='ocrx_word' id='word_1_151' title='bbox 1909 2649 1962 2714; x_wconf 91' lang='lat' dir='ltr'><strong>si</strong></span> <span class='ocrx_word' id='word_1_152' title='bbox 1994 2656 2220 2714; x_wconf 88' lang='lat' dir='ltr'><strong>autem</strong></span> <span class='ocrx_word' id='word_1_153' title='bbox 2251 2671 2387 2717; x_wconf 91' lang='lat' dir='ltr'><strong>non</strong></span> <span class='ocrx_word' id='word_1_154' title='bbox 2418 2673 2588 2717; x_wconf 86' lang='lat' dir='ltr'><strong>eon-</strong></span> 
     </span>
     <span class='ocr_line' id='line_1_26' title="bbox 1041 2754 2589 2850; baseline -0.001 -23"><span class='ocrx_word' id='word_1_155' title='bbox 1041 2760 1357 2850; x_wconf 84' lang='lat' dir='ltr'><strong>jungitur</strong></span> <span class='ocrx_word' id='word_1_156' title='bbox 1393 2757 1591 2825; x_wconf 88' lang='lat' dir='ltr'><strong>alicui</strong></span> <span class='ocrx_word' id='word_1_157' title='bbox 1636 2755 1906 2833; x_wconf 86' lang='lat' dir='ltr'><strong>horum,</strong></span> <span class='ocrx_word' id='word_1_158' title='bbox 1952 2754 2065 2822; x_wconf 87' lang='lat' dir='ltr'><strong>sed</strong></span> <span class='ocrx_word' id='word_1_159' title='bbox 2099 2758 2321 2845; x_wconf 88' lang='lat' dir='ltr'><strong>potius</strong></span> <span class='ocrx_word' id='word_1_160' title='bbox 2377 2756 2589 2825; x_wconf 83' lang='lat' dir='ltr'><strong>delle-</strong></span> 
     </span>
     <span class='ocr_line' id='line_1_27' title="bbox 1050 2863 2588 2957; baseline -0.001 -21"><span class='ocrx_word' id='word_1_161' title='bbox 1050 2868 1254 2936; x_wconf 87' lang='lat' dir='ltr'><strong>ctitur</strong></span> <span class='ocrx_word' id='word_1_162' title='bbox 1292 2866 1376 2935; x_wconf 92' lang='lat' dir='ltr'><strong>ab</strong></span> <span class='ocrx_word' id='word_1_163' title='bbox 1414 2864 1733 2934; x_wconf 89' lang='lat' dir='ltr'><strong>omnibus</strong></span> <span class='ocrx_word' id='word_1_164' title='bbox 1771 2863 1899 2940; x_wconf 85' lang='lat' dir='ltr'><strong>his,</strong></span> <span class='ocrx_word' id='word_1_165' title='bbox 1942 2873 2097 2932; x_wconf 92' lang='lat' dir='ltr'><strong>tunc</strong></span> <span class='ocrx_word' id='word_1_166' title='bbox 2145 2864 2389 2934; x_wconf 77' lang='lat' dir='ltr'><strong>incidet</strong></span> <span class='ocrx_word' id='word_1_167' title='bbox 2425 2890 2588 2957; x_wconf 89' lang='lat' dir='ltr'><strong>pec·</strong></span> 
     </span>
     <span class='ocr_line' id='line_1_28' title="bbox 1050 2972 2584 3064; baseline -0.001 -20"><span class='ocrx_word' id='word_1_168' title='bbox 1050 2984 1275 3045; x_wconf 87' lang='lat' dir='ltr'><strong>catum</strong></span> <span class='ocrx_word' id='word_1_169' title='bbox 1307 2997 1388 3042; x_wconf 80' lang='lat' dir='ltr'><strong>ex</strong></span> <span class='ocrx_word' id='word_1_170' title='bbox 1419 2972 1808 3041; x_wconf 80' lang='lat' dir='ltr'><strong>infirmitate</strong></span> <span class='ocrx_word' id='word_1_171' title='bbox 1840 2983 1903 3041; x_wconf 90' lang='lat' dir='ltr'><strong>et</strong></span> <span class='ocrx_word' id='word_1_172' title='bbox 1933 2974 2308 3064; x_wconf 78' lang='lat' dir='ltr'><strong>privatione</strong></span> <span class='ocrx_word' id='word_1_173' title='bbox 2348 2997 2584 3043; x_wconf 87' lang='lat' dir='ltr'><strong>eorum</strong></span> 
     </span>
     <span class='ocr_line' id='line_1_29' title="bbox 1050 3079 2310 3175; baseline 0 -26"><span class='ocrx_word' id='word_1_174' title='bbox 1050 3104 1207 3175; x_wconf 82' lang='lat' dir='ltr'><strong>quae</strong></span> <span class='ocrx_word' id='word_1_175' title='bbox 1240 3080 1321 3148; x_wconf 90' lang='lat' dir='ltr'><strong>ad</strong></span> <span class='ocrx_word' id='word_1_176' title='bbox 1355 3103 1528 3171; x_wconf 88' lang='lat' dir='ltr'><strong>opus</strong></span> <span class='ocrx_word' id='word_1_177' title='bbox 1557 3087 1811 3148; x_wconf 89' lang='lat' dir='ltr'><strong>rectum</strong></span> <span class='ocrx_word' id='word_1_178' title='bbox 1844 3079 2310 3170; x_wconf 72' lang='lat' dir='ltr'><strong>exigebantur.</strong></span> 
     </span>
    </p>

    <p class='ocr_par' dir='ltr' id='par_1_8' title="bbox 1047 3186 2599 4877">
     <span class='ocr_line' id='line_1_30' title="bbox 1123 3186 2589 3280; baseline 0.001 -22"><span class='ocrx_word' id='word_1_179' title='bbox 1123 3189 1197 3258; x_wconf 88' lang='lat' dir='ltr'><strong>Si</strong></span> <span class='ocrx_word' id='word_1_180' title='bbox 1232 3198 1456 3258; x_wconf 87' lang='lat' dir='ltr'><strong>autem</strong></span> <span class='ocrx_word' id='word_1_181' title='bbox 1489 3187 1838 3280; x_wconf 68' lang='lat' dir='ltr'><strong>quaeritur,</strong></span> <span class='ocrx_word' id='word_1_182' title='bbox 1864 3186 2026 3268; x_wconf 81' lang='lat' dir='ltr'><strong>Quae</strong></span> <span class='ocrx_word' id='word_1_183' title='bbox 2048 3190 2129 3257; x_wconf 90' lang='lat' dir='ltr'><strong>sit</strong></span> <span class='ocrx_word' id='word_1_184' title='bbox 2156 3214 2358 3259; x_wconf 88' lang='lat' dir='ltr'><strong>causa</strong></span> <span class='ocrx_word' id='word_1_185' title='bbox 2390 3191 2589 3260; x_wconf 80' lang='lat' dir='ltr'><strong>delle-</strong></span> 
     </span>
     <span class='ocr_line' id='line_1_31' title="bbox 1051 3295 2583 3391; baseline -0.001 -22"><span class='ocrx_word' id='word_1_186' title='bbox 1051 3300 1279 3369; x_wconf 78' lang='lat' dir='ltr'><strong>xionis</strong></span> <span class='ocrx_word' id='word_1_187' title='bbox 1319 3296 1544 3365; x_wconf 84' lang='lat' dir='ltr'><strong>illius?</strong></span> <span class='ocrx_word' id='word_1_188' title='bbox 1594 3295 1966 3364; x_wconf 82' lang='lat' dir='ltr'><strong>Dicendum</strong></span> <span class='ocrx_word' id='word_1_189' title='bbox 1990 3321 2142 3366; x_wconf 92' lang='lat' dir='ltr'><strong>cum</strong></span> <span class='ocrx_word' id='word_1_190' title='bbox 2177 3300 2583 3391; x_wconf 78' lang='lat' dir='ltr'><strong>AugustinO,</strong></span> 
     </span>
     <span class='ocr_line' id='line_1_32' title="bbox 1054 3400 2587 3496; baseline -0.001 -24"><span class='ocrx_word' id='word_1_191' title='bbox 1054 3402 1237 3496; x_wconf 90' lang='lat' dir='ltr'><strong>quod</strong></span> <span class='ocrx_word' id='word_1_192' title='bbox 1280 3412 1380 3471; x_wconf 87' lang='lat' dir='ltr'><strong>est</strong></span> <span class='ocrx_word' id='word_1_193' title='bbox 1421 3401 1778 3469; x_wconf 79' lang='lat' dir='ltr'><strong>conversio</strong></span> <span class='ocrx_word' id='word_1_194' title='bbox 1808 3401 1892 3469; x_wconf 89' lang='lat' dir='ltr'><strong>ad</strong></span> <span class='ocrx_word' id='word_1_195' title='bbox 1921 3400 2178 3470; x_wconf 81' lang='lat' dir='ltr'><strong>bonum</strong></span> <span class='ocrx_word' id='word_1_196' title='bbox 2209 3414 2587 3471; x_wconf 85' lang='lat' dir='ltr'><strong>commuta-</strong></span> 
     </span>
     <span class='ocr_line' id='line_1_33' title="bbox 1049 3506 2590 3600; baseline 0 -21"><span class='ocrx_word' id='word_1_197' title='bbox 1049 3512 1213 3589; x_wconf 89' lang='lat' dir='ltr'><strong>bile,</strong></span> <span class='ocrx_word' id='word_1_198' title='bbox 1246 3533 1383 3578; x_wconf 91' lang='lat' dir='ltr'><strong>non</strong></span> <span class='ocrx_word' id='word_1_199' title='bbox 1413 3506 1784 3578; x_wconf 85' lang='lat' dir='ltr'><strong>secundum</strong></span> <span class='ocrx_word' id='word_1_200' title='bbox 1808 3509 1986 3600; x_wconf 84' lang='lat' dir='ltr'><strong>quod</strong></span> <span class='ocrx_word' id='word_1_201' title='bbox 2020 3510 2273 3577; x_wconf 90' lang='lat' dir='ltr'><strong>bonum</strong></span> <span class='ocrx_word' id='word_1_202' title='bbox 2304 3522 2428 3588; x_wconf 78' lang='lat' dir='ltr'><strong>est,</strong></span> <span class='ocrx_word' id='word_1_203' title='bbox 2469 3535 2590 3580; x_wconf 80' lang='lat' dir='ltr'><strong>nec</strong></span> 
     </span>
     <span class='ocr_line' id='line_1_34' title="bbox 1049 3614 2593 3706; baseline -0.001 -19"><span class='ocrx_word' id='word_1_204' title='bbox 1049 3616 1426 3687; x_wconf 88' lang='lat' dir='ltr'><strong>secundum</strong></span> <span class='ocrx_word' id='word_1_205' title='bbox 1476 3614 1659 3706; x_wconf 87' lang='lat' dir='ltr'><strong>quod</strong></span> <span class='ocrx_word' id='word_1_206' title='bbox 1677 3616 2157 3683; x_wconf 76' lang='lat' dir='ltr'><strong>commutabile</strong></span> <span class='ocrx_word' id='word_1_207' title='bbox 2186 3626 2310 3698; x_wconf 89' lang='lat' dir='ltr'><strong>est,</strong></span> <span class='ocrx_word' id='word_1_208' title='bbox 2336 3619 2451 3684; x_wconf 82' lang='lat' dir='ltr'><strong>sed</strong></span> <span class='ocrx_word' id='word_1_209' title='bbox 2482 3644 2593 3686; x_wconf 75' lang='lat' dir='ltr'><strong>se-</strong></span> 
     </span>
     <span class='ocr_line' id='line_1_35' title="bbox 1052 3722 2594 3817; baseline -0.001 -22"><span class='ocrx_word' id='word_1_210' title='bbox 1052 3725 1354 3795; x_wconf 84' lang='lat' dir='ltr'><strong>cundum</strong></span> <span class='ocrx_word' id='word_1_211' title='bbox 1377 3722 1559 3813; x_wconf 89' lang='lat' dir='ltr'><strong>quod</strong></span> <span class='ocrx_word' id='word_1_212' title='bbox 1580 3722 1858 3813; x_wconf 86' lang='lat' dir='ltr'><strong>ponitur</strong></span> <span class='ocrx_word' id='word_1_213' title='bbox 1876 3724 2026 3791; x_wconf 87' lang='lat' dir='ltr'><strong>tinis</strong></span> <span class='ocrx_word' id='word_1_214' title='bbox 2044 3725 2323 3793; x_wconf 89' lang='lat' dir='ltr'><strong>ultimus</strong></span> <span class='ocrx_word' id='word_1_215' title='bbox 2345 3729 2594 3817; x_wconf 87' lang='lat' dir='ltr'><strong>appeti·</strong></span> 
     </span>
     <span class='ocr_line' id='line_1_36' title="bbox 1050 3831 2593 3903; baseline 0.001 0"><span class='ocrx_word' id='word_1_216' title='bbox 1050 3844 1161 3903; x_wconf 90' lang='lat' dir='ltr'><strong>tus</strong></span> <span class='ocrx_word' id='word_1_217' title='bbox 1191 3831 1654 3902; x_wconf 89' lang='lat' dir='ltr'><strong>liberiarbitrii</strong></span> <span class='ocrx_word' id='word_1_218' title='bbox 1683 3853 1697 3897; x_wconf 93' lang='lat'>:</span> <span class='ocrx_word' id='word_1_219' title='bbox 1732 3833 1826 3900; x_wconf 90' lang='lat' dir='ltr'><strong>sic</strong></span> <span class='ocrx_word' id='word_1_220' title='bbox 1848 3833 2026 3899; x_wconf 90' lang='lat' dir='ltr'><strong>enim</strong></span> <span class='ocrx_word' id='word_1_221' title='bbox 2056 3832 2377 3901; x_wconf 78' lang='lat' dir='ltr'><strong>abstrahit</strong></span> <span class='ocrx_word' id='word_1_222' title='bbox 2406 3834 2491 3902; x_wconf 88' lang='lat' dir='ltr'><strong>ab</strong></span> <span class='ocrx_word' id='word_1_223' title='bbox 2513 3860 2593 3903; x_wconf 88' lang='lat' dir='ltr'><strong>eo</strong></span> 
     </span>
     <span class='ocr_line' id='line_1_37' title="bbox 1050 3942 2597 4038; baseline 0 -26"><span class='ocrx_word' id='word_1_224' title='bbox 1050 3942 1234 4038; x_wconf 90' lang='lat' dir='ltr'><strong>quod</strong></span> <span class='ocrx_word' id='word_1_225' title='bbox 1258 3952 1358 4011; x_wconf 89' lang='lat' dir='ltr'><strong>est</strong></span> <span class='ocrx_word' id='word_1_226' title='bbox 1380 3965 1537 4009; x_wconf 73' lang='lat' dir='ltr'><strong>vere</strong></span> <span class='ocrx_word' id='word_1_227' title='bbox 1559 3942 1712 4009; x_wconf 87' lang='lat' dir='ltr'><strong>tinis</strong></span> <span class='ocrx_word' id='word_1_228' title='bbox 1736 3965 1752 4008; x_wconf 73' lang='grc' dir='ltr'>ε</span> <span class='ocrx_word' id='word_1_229' title='bbox 1780 3951 1839 4007; x_wconf 89' lang='lat' dir='ltr'><strong>et</strong></span> <span class='ocrx_word' id='word_1_230' title='bbox 1867 3942 2016 4009; x_wconf 82' lang='lat' dir='ltr'><strong>ideo</strong></span> <span class='ocrx_word' id='word_1_231' title='bbox 2046 3946 2247 4011; x_wconf 73' lang='lat' dir='ltr'><strong>etiam</strong></span> <span class='ocrx_word' id='word_1_232' title='bbox 2284 3947 2406 4011; x_wconf 88' lang='lat' dir='ltr'><strong>ista</strong></span> <span class='ocrx_word' id='word_1_233' title='bbox 2437 3969 2597 4013; x_wconf 86' lang='lat' dir='ltr'><strong>con·</strong></span> 
     </span>
     <span class='ocr_line' id='line_1_38' title="bbox 1047 4050 2593 4146; baseline 0 -25"><span class='ocrx_word' id='word_1_234' title='bbox 1047 4054 1276 4124; x_wconf 77' lang='lat' dir='ltr'><strong>versio</strong></span> <span class='ocrx_word' id='word_1_235' title='bbox 1299 4076 1435 4120; x_wconf 91' lang='lat' dir='ltr'><strong>non</strong></span> <span class='ocrx_word' id='word_1_236' title='bbox 1466 4059 1694 4119; x_wconf 87' lang='lat' dir='ltr'><strong>causat</strong></span> <span class='ocrx_word' id='word_1_237' title='bbox 1719 4050 1971 4119; x_wconf 89' lang='lat' dir='ltr'><strong>malum</strong></span> <span class='ocrx_word' id='word_1_238' title='bbox 2013 4054 2379 4121; x_wconf 81' lang='lat' dir='ltr'><strong>secundum</strong></span> <span class='ocrx_word' id='word_1_239' title='bbox 2412 4055 2593 4146; x_wconf 73' lang='lat' dir='ltr'><strong>quud</strong></span> 
     </span>
     <span class='ocr_line' id='line_1_39' title="bbox 1054 4158 2596 4250; baseline -0.003 -20"><span class='ocrx_word' id='word_1_240' title='bbox 1054 4169 1154 4230; x_wconf 90' lang='lat' dir='ltr'><strong>est</strong></span> <span class='ocrx_word' id='word_1_241' title='bbox 1187 4183 1333 4238; x_wconf 86' lang='lat' dir='ltr'><strong>ens,</strong></span> <span class='ocrx_word' id='word_1_242' title='bbox 1378 4159 1443 4226; x_wconf 88' lang='lat' dir='ltr'><strong>id</strong></span> <span class='ocrx_word' id='word_1_243' title='bbox 1471 4168 1594 4237; x_wconf 87' lang='lat' dir='ltr'><strong>est,</strong></span> <span class='ocrx_word' id='word_1_244' title='bbox 1629 4158 1996 4226; x_wconf 86' lang='lat' dir='ltr'><strong>secundum</strong></span> <span class='ocrx_word' id='word_1_245' title='bbox 2030 4161 2208 4250; x_wconf 74' lang='lat' dir='ltr'><strong>quud</strong></span> <span class='ocrx_word' id='word_1_246' title='bbox 2242 4165 2596 4230; x_wconf 76' lang='lat' dir='ltr'><strong>conversio</strong></span> 
     </span>
     <span class='ocr_line' id='line_1_40' title="bbox 1055 4266 2598 4361; baseline 0.001 -25"><span class='ocrx_word' id='word_1_247' title='bbox 1055 4276 1155 4338; x_wconf 81' lang='lat' dir='ltr'><strong>est</strong></span> <span class='ocrx_word' id='word_1_248' title='bbox 1178 4267 1260 4336; x_wconf 86' lang='lat' dir='ltr'><strong>ad</strong></span> <span class='ocrx_word' id='word_1_249' title='bbox 1277 4267 1535 4336; x_wconf 88' lang='lat' dir='ltr'><strong>bonum</strong></span> <span class='ocrx_word' id='word_1_250' title='bbox 1560 4266 2064 4347; x_wconf 73' lang='lat' dir='ltr'><strong>commutabile,</strong></span> <span class='ocrx_word' id='word_1_251' title='bbox 2097 4268 2212 4335; x_wconf 81' lang='lat' dir='ltr'><strong>sed</strong></span> <span class='ocrx_word' id='word_1_252' title='bbox 2245 4272 2468 4361; x_wconf 79' lang='lat' dir='ltr'><strong>potius</strong></span> <span class='ocrx_word' id='word_1_253' title='bbox 2499 4295 2598 4338; x_wconf 89' lang='lat' dir='ltr'><strong>se-</strong></span> 
     </span>
     <span class='ocr_line' id='line_1_41' title="bbox 1057 4373 2598 4465; baseline 0 -20"><span class='ocrx_word' id='word_1_254' title='bbox 1057 4374 1357 4445; x_wconf 90' lang='lat' dir='ltr'><strong>cundum</strong></span> <span class='ocrx_word' id='word_1_255' title='bbox 1408 4373 1588 4465; x_wconf 90' lang='lat' dir='ltr'><strong>quod</strong></span> <span class='ocrx_word' id='word_1_256' title='bbox 1639 4383 1738 4441; x_wconf 91' lang='lat' dir='ltr'><strong>est</strong></span> <span class='ocrx_word' id='word_1_257' title='bbox 1779 4373 2172 4442; x_wconf 78' lang='lat' dir='ltr'><strong>abstrahens</strong></span> <span class='ocrx_word' id='word_1_258' title='bbox 2228 4400 2265 4443; x_wconf 89' lang='lat' dir='ltr'><strong>a</strong></span> <span class='ocrx_word' id='word_1_259' title='bbox 2299 4380 2428 4446; x_wconf 91' lang='lat' dir='ltr'><strong>tine</strong></span> <span class='ocrx_word' id='word_1_260' title='bbox 2490 4378 2598 4445; x_wconf 90' lang='lat' dir='ltr'><strong>in-</strong></span> 
     </span>
     <span class='ocr_line' id='line_1_42' title="bbox 1058 4480 2592 4574; baseline -0.001 -21"><span class='ocrx_word' id='word_1_261' title='bbox 1058 4481 1567 4554; x_wconf 89' lang='lat' dir='ltr'><strong>commutabilis</strong></span> <span class='ocrx_word' id='word_1_262' title='bbox 1604 4481 1793 4557; x_wconf 86' lang='lat' dir='ltr'><strong>boni,</strong></span> <span class='ocrx_word' id='word_1_263' title='bbox 1833 4491 1896 4548; x_wconf 91' lang='lat' dir='ltr'><strong>et</strong></span> <span class='ocrx_word' id='word_1_264' title='bbox 1944 4480 2071 4550; x_wconf 91' lang='lat' dir='ltr'><strong>hoc</strong></span> <span class='ocrx_word' id='word_1_265' title='bbox 2111 4492 2208 4550; x_wconf 77' lang='lat' dir='ltr'><strong>est</strong></span> <span class='ocrx_word' id='word_1_266' title='bbox 2250 4485 2536 4574; x_wconf 78' lang='lat' dir='ltr'><strong>privatio</strong></span> <span class='ocrx_word' id='word_1_267' title='bbox 2577 4509 2592 4552; x_wconf 75' lang='grc' dir='ltr'><strong><em>ε</em></strong></span> 
     </span>
     <span class='ocr_line' id='line_1_43' title="bbox 1056 4587 2595 4680; baseline 0 -20"><span class='ocrx_word' id='word_1_268' title='bbox 1056 4602 1125 4661; x_wconf 90' lang='lat' dir='ltr'><strong>et</strong></span> <span class='ocrx_word' id='word_1_269' title='bbox 1165 4591 1317 4658; x_wconf 89' lang='lat' dir='ltr'><strong>ideo</strong></span> <span class='ocrx_word' id='word_1_270' title='bbox 1353 4589 1605 4657; x_wconf 90' lang='lat' dir='ltr'><strong>malum</strong></span> <span class='ocrx_word' id='word_1_271' title='bbox 1640 4612 1774 4655; x_wconf 90' lang='lat' dir='ltr'><strong>non</strong></span> <span class='ocrx_word' id='word_1_272' title='bbox 1807 4587 2000 4656; x_wconf 88' lang='lat' dir='ltr'><strong>habet</strong></span> <span class='ocrx_word' id='word_1_273' title='bbox 2035 4591 2436 4680; x_wconf 89' lang='lat' dir='ltr'><strong>principium</strong></span> <span class='ocrx_word' id='word_1_274' title='bbox 2470 4593 2595 4660; x_wconf 90' lang='lat' dir='ltr'><strong>nisi</strong></span> 
     </span>
     <span class='ocr_line' id='line_1_44' title="bbox 1057 4694 2599 4792; baseline 0.001 -26"><span class='ocrx_word' id='word_1_275' title='bbox 1057 4699 1404 4766; x_wconf 79' lang='lat' dir='ltr'><strong>deficiens.</strong></span> <span class='ocrx_word' id='word_1_276' title='bbox 1446 4696 1522 4765; x_wconf 70' lang='lat' dir='ltr'><strong>tit</strong></span> <span class='ocrx_word' id='word_1_277' title='bbox 1553 4696 1632 4763; x_wconf 87' lang='lat' dir='ltr'><strong>de</strong></span> <span class='ocrx_word' id='word_1_278' title='bbox 1673 4694 1800 4763; x_wconf 85' lang='lat' dir='ltr'><strong>hoc</strong></span> <span class='ocrx_word' id='word_1_279' title='bbox 1833 4697 1897 4762; x_wconf 93' lang='lat' dir='ltr'><strong>in</strong></span> <span class='ocrx_word' id='word_1_280' title='bbox 1932 4695 2099 4763; x_wconf 86' lang='lat' dir='ltr'><strong>libro</strong></span> <span class='ocrx_word' id='word_1_281' title='bbox 2129 4700 2422 4766; x_wconf 78' lang='lat' dir='ltr'><strong>secundo</strong></span> <span class='ocrx_word' id='word_1_282' title='bbox 2456 4701 2599 4792; x_wconf 84' lang='lat' dir='ltr'><strong>plu-</strong></span> 
     </span>
     <span class='ocr_line' id='line_1_45' title="bbox 1060 4806 1497 4877; baseline -0.009 1"><span class='ocrx_word' id='word_1_283' title='bbox 1060 4832 1133 4877; x_wconf 91' lang='lat' dir='ltr'><strong>ra</strong></span> <span class='ocrx_word' id='word_1_284' title='bbox 1165 4806 1497 4875; x_wconf 89' lang='lat' dir='ltr'><strong>dicentur.</strong></span> 
     </span>
    </p>

    <p class='ocr_par' dir='ltr' id='par_1_9' title="bbox 1056 4915 2599 5655">
     <span class='ocr_line' id='line_1_46' title="bbox 1150 4915 2596 5009; baseline 0.001 -24"><span class='ocrx_word' id='word_1_285' title='bbox 1150 4918 1257 4985; x_wconf 77' lang='lat' dir='ltr'><strong>An</strong></span> <span class='ocrx_word' id='word_1_286' title='bbox 1307 4938 1431 4983; x_wconf 84' lang='lat' dir='ltr'><strong>noc</strong></span> <span class='ocrx_word' id='word_1_287' title='bbox 1486 4924 1710 4982; x_wconf 88' lang='lat' dir='ltr'><strong>autem</strong></span> <span class='ocrx_word' id='word_1_288' title='bbox 1761 4915 1941 5005; x_wconf 87' lang='lat' dir='ltr'><strong>quod</strong></span> <span class='ocrx_word' id='word_1_289' title='bbox 2007 4915 2343 5003; x_wconf 85' lang='lat' dir='ltr'><strong>objicitur,</strong></span> <span class='ocrx_word' id='word_1_290' title='bbox 2416 4919 2596 5009; x_wconf 87' lang='lat' dir='ltr'><strong>quod</strong></span> 
     </span>
     <span class='ocr_line' id='line_1_47' title="bbox 1061 5021 2599 5106; baseline -0.001 -10"><span class='ocrx_word' id='word_1_291' title='bbox 1061 5024 1435 5096; x_wconf 88' lang='lat' dir='ltr'><strong>secundum</strong></span> <span class='ocrx_word' id='word_1_292' title='bbox 1471 5022 1598 5091; x_wconf 92' lang='lat' dir='ltr'><strong>hoc</strong></span> <span class='ocrx_word' id='word_1_293' title='bbox 1640 5021 1895 5089; x_wconf 88' lang='lat' dir='ltr'><strong>malum</strong></span> <span class='ocrx_word' id='word_1_294' title='bbox 1946 5024 2108 5091; x_wconf 92' lang='lat' dir='ltr'><strong>nihil</strong></span> <span class='ocrx_word' id='word_1_295' title='bbox 2150 5036 2274 5106; x_wconf 87' lang='lat' dir='ltr'><strong>est,</strong></span> <span class='ocrx_word' id='word_1_296' title='bbox 2309 5037 2372 5095; x_wconf 90' lang='lat' dir='ltr'><strong>et</strong></span> <span class='ocrx_word' id='word_1_297' title='bbox 2420 5026 2599 5095; x_wconf 81' lang='lat' dir='ltr'><strong>Deus</strong></span> 
     </span>
     <span class='ocr_line' id='line_1_48' title="bbox 1058 5132 2597 5226; baseline 0.002 -24"><span class='ocrx_word' id='word_1_298' title='bbox 1058 5135 1350 5226; x_wconf 85' lang='lat' dir='ltr'><strong>puniens</strong></span> <span class='ocrx_word' id='word_1_299' title='bbox 1378 5140 1729 5223; x_wconf 88' lang='lat' dir='ltr'><strong>peccatum</strong></span> <span class='ocrx_word' id='word_1_300' title='bbox 1768 5132 1875 5199; x_wconf 78' lang='lat' dir='ltr'><strong>vel</strong></span> <span class='ocrx_word' id='word_1_301' title='bbox 1914 5132 2194 5208; x_wconf 86' lang='lat' dir='ltr'><strong>malum,</strong></span> <span class='ocrx_word' id='word_1_302' title='bbox 2231 5157 2352 5224; x_wconf 90' lang='lat' dir='ltr'><strong>pro</strong></span> <span class='ocrx_word' id='word_1_303' title='bbox 2387 5135 2597 5205; x_wconf 83' lang='lat' dir='ltr'><strong>nihilo</strong></span> 
     </span>
     <span class='ocr_line' id='line_1_49' title="bbox 1056 5238 2598 5335; baseline 0.003 -26"><span class='ocrx_word' id='word_1_304' title='bbox 1056 5241 1279 5335; x_wconf 88' lang='lat' dir='ltr'><strong>punit,</strong></span> <span class='ocrx_word' id='word_1_305' title='bbox 1317 5238 1716 5315; x_wconf 83' lang='lat' dir='ltr'><strong>Dicendum,</strong></span> <span class='ocrx_word' id='word_1_306' title='bbox 1751 5238 2104 5328; x_wconf 86' lang='lat' dir='ltr'><strong>quodlicet</strong></span> <span class='ocrx_word' id='word_1_307' title='bbox 2142 5240 2328 5310; x_wconf 91' lang='lat' dir='ltr'><strong>nulla</strong></span> <span class='ocrx_word' id='word_1_308' title='bbox 2366 5267 2598 5313; x_wconf 88' lang='lat' dir='ltr'><strong>essen·</strong></span> 
     </span>
     <span class='ocr_line' id='line_1_50' title="bbox 1058 5345 2595 5443; baseline 0.002 -26"><span class='ocrx_word' id='word_1_309' title='bbox 1058 5351 1150 5417; x_wconf 90' lang='lat' dir='ltr'><strong>tia</strong></span> <span class='ocrx_word' id='word_1_310' title='bbox 1171 5351 1283 5429; x_wconf 90' lang='lat' dir='ltr'><strong>sit,</strong></span> <span class='ocrx_word' id='word_1_311' title='bbox 1308 5355 1536 5415; x_wconf 87' lang='lat' dir='ltr'><strong>tamen</strong></span> <span class='ocrx_word' id='word_1_312' title='bbox 1555 5345 1951 5413; x_wconf 81' lang='lat' dir='ltr'><strong>nonnullam</strong></span> <span class='ocrx_word' id='word_1_313' title='bbox 1973 5352 2329 5417; x_wconf 86' lang='lat' dir='ltr'><strong>essentiam</strong></span> <span class='ocrx_word' id='word_1_314' title='bbox 2362 5355 2550 5443; x_wconf 90' lang='lat' dir='ltr'><strong>ponit</strong></span> <span class='ocrx_word' id='word_1_315' title='bbox 2580 5378 2595 5421; x_wconf 74' lang='grc' dir='ltr'>ε</span> 
     </span>
     <span class='ocr_line' id='line_1_51' title="bbox 1057 5451 2594 5548; baseline 0.001 -25"><span class='ocrx_word' id='word_1_316' title='bbox 1057 5458 1353 5548; x_wconf 78' lang='lat' dir='ltr'><strong>privatio</strong></span> <span class='ocrx_word' id='word_1_317' title='bbox 1403 5456 1583 5523; x_wconf 90' lang='lat' dir='ltr'><strong>enim</strong></span> <span class='ocrx_word' id='word_1_318' title='bbox 1661 5476 1809 5544; x_wconf 80' lang='lat' dir='ltr'><strong>quae</strong></span> <span class='ocrx_word' id='word_1_319' title='bbox 1867 5451 2047 5520; x_wconf 88' lang='lat' dir='ltr'><strong>nulla</strong></span> <span class='ocrx_word' id='word_1_320' title='bbox 2106 5459 2392 5525; x_wconf 81' lang='lat' dir='ltr'><strong>essentia</strong></span> <span class='ocrx_word' id='word_1_321' title='bbox 2471 5468 2594 5539; x_wconf 86' lang='lat' dir='ltr'><strong>est,</strong></span> 
     </span>
     <span class='ocr_line' id='line_1_52' title="bbox 1065 5559 2599 5655; baseline 0 -24"><span class='ocrx_word' id='word_1_322' title='bbox 1065 5564 1390 5655; x_wconf 83' lang='lat' dir='ltr'><strong>supponit</strong></span> <span class='ocrx_word' id='word_1_323' title='bbox 1465 5570 1691 5628; x_wconf 85' lang='lat' dir='ltr'><strong>tamen</strong></span> <span class='ocrx_word' id='word_1_324' title='bbox 1750 5560 2097 5627; x_wconf 82' lang='lat' dir='ltr'><strong>materiam</strong></span> <span class='ocrx_word' id='word_1_325' title='bbox 2155 5559 2599 5631; x_wconf 78' lang='lat' dir='ltr'><strong>deformatam</strong></span> 
     </span>
    </p>
   </div>
   <div class='ocr_carea' id='block_1_8' title="bbox 2702 378 4262 1096">
    <p class='ocr_par' dir='ltr' id='par_1_10' title="bbox 2702 378 4262 1096">
     <span class='ocr_line' id='line_1_53' title="bbox 2702 378 4262 449; baseline -0.001 -5"><span class='ocrx_word' id='word_1_326' title='bbox 2702 380 2771 445; x_wconf 92' lang='lat' dir='ltr'><strong>in</strong></span> <span class='ocrx_word' id='word_1_327' title='bbox 2811 382 3109 449; x_wconf 85' lang='lat' dir='ltr'><strong>carentia</strong></span> <span class='ocrx_word' id='word_1_328' title='bbox 3155 380 3427 448; x_wconf 87' lang='lat' dir='ltr'><strong>habitus</strong></span> <span class='ocrx_word' id='word_1_329' title='bbox 3484 379 3714 448; x_wconf 89' lang='lat' dir='ltr'><strong>debiti.</strong></span> <span class='ocrx_word' id='word_1_330' title='bbox 3753 379 3853 446; x_wconf 86' lang='lat' dir='ltr'><strong>Ita</strong></span> <span class='ocrx_word' id='word_1_331' title='bbox 3894 378 4152 444; x_wconf 87' lang='lat' dir='ltr'><strong>malum</strong></span> <span class='ocrx_word' id='word_1_332' title='bbox 4194 382 4262 444; x_wconf 84' lang='lat' dir='ltr'><strong>et</strong></span> 
     </span>
     <span class='ocr_line' id='line_1_54' title="bbox 2702 484 4253 581; baseline -0.006 -22"><span class='ocrx_word' id='word_1_333' title='bbox 2702 500 3051 581; x_wconf 85' lang='lat' dir='ltr'><strong>peecatum</strong></span> <span class='ocrx_word' id='word_1_334' title='bbox 3117 489 3272 558; x_wconf 85' lang='lat' dir='ltr'><strong>licet</strong></span> <span class='ocrx_word' id='word_1_335' title='bbox 3330 492 3399 555; x_wconf 91' lang='lat' dir='ltr'><strong>in</strong></span> <span class='ocrx_word' id='word_1_336' title='bbox 3442 508 3538 555; x_wconf 87' lang='lat' dir='ltr'><strong>eo·</strong></span> <span class='ocrx_word' id='word_1_337' title='bbox 3591 488 3768 577; x_wconf 90' lang='lat' dir='ltr'><strong>quod</strong></span> <span class='ocrx_word' id='word_1_338' title='bbox 3832 484 4253 573; x_wconf 90' lang='lat' dir='ltr'><strong>hujusmodi,</strong></span> 
     </span>
     <span class='ocr_line' id='line_1_55' title="bbox 2702 596 4256 683; baseline -0.003 -21"><span class='ocrx_word' id='word_1_339' title='bbox 2702 596 2889 662; x_wconf 85' lang='lat' dir='ltr'><strong>nulla</strong></span> <span class='ocrx_word' id='word_1_340' title='bbox 2967 597 3260 662; x_wconf 82' lang='lat' dir='ltr'><strong>essentia</strong></span> <span class='ocrx_word' id='word_1_341' title='bbox 3324 598 3483 671; x_wconf 88' lang='lat' dir='ltr'><strong>sint,</strong></span> <span class='ocrx_word' id='word_1_342' title='bbox 3553 601 3949 683; x_wconf 86' lang='lat' dir='ltr'><strong>supponunt</strong></span> <span class='ocrx_word' id='word_1_343' title='bbox 4026 599 4256 657; x_wconf 87' lang='lat' dir='ltr'><strong>tamen</strong></span> 
     </span>
     <span class='ocr_line' id='line_1_56' title="bbox 2703 698 4257 790; baseline -0.003 -20"><span class='ocrx_word' id='word_1_344' title='bbox 2703 712 2929 770; x_wconf 85' lang='lat' dir='ltr'><strong>actum</strong></span> <span class='ocrx_word' id='word_1_345' title='bbox 2961 703 3417 770; x_wconf 78' lang='lat' dir='ltr'><strong>deformatum</strong></span> <span class='ocrx_word' id='word_1_346' title='bbox 3460 705 3838 790; x_wconf 81' lang='lat' dir='ltr'><strong>privatione</strong></span> <span class='ocrx_word' id='word_1_347' title='bbox 3869 698 4140 766; x_wconf 87' lang='lat' dir='ltr'><strong>habitus</strong></span> <span class='ocrx_word' id='word_1_348' title='bbox 4189 707 4257 766; x_wconf 92' lang='lat' dir='ltr'><strong>et</strong></span> 
     </span>
     <span class='ocr_line' id='line_1_57' title="bbox 2703 809 4253 900; baseline -0.001 -24"><span class='ocrx_word' id='word_1_349' title='bbox 2703 811 2856 878; x_wconf 85' lang='lat' dir='ltr'><strong>finis</strong></span> <span class='ocrx_word' id='word_1_350' title='bbox 2887 811 3093 878; x_wconf 87' lang='lat' dir='ltr'><strong>debiti</strong></span> <span class='ocrx_word' id='word_1_351' title='bbox 3133 836 3147 878; x_wconf 75' lang='grc' dir='ltr'>ε</span> <span class='ocrx_word' id='word_1_352' title='bbox 3191 820 3256 878; x_wconf 88' lang='lat' dir='ltr'><strong>et</strong></span> <span class='ocrx_word' id='word_1_353' title='bbox 3307 811 3457 878; x_wconf 89' lang='lat' dir='ltr'><strong>ideo</strong></span> <span class='ocrx_word' id='word_1_354' title='bbox 3497 834 3618 900; x_wconf 86' lang='lat' dir='ltr'><strong>pro</strong></span> <span class='ocrx_word' id='word_1_355' title='bbox 3662 810 3803 887; x_wconf 85' lang='lat' dir='ltr'><strong>ille,</strong></span> <span class='ocrx_word' id='word_1_356' title='bbox 3860 831 4015 876; x_wconf 86' lang='lat' dir='ltr'><strong>eum</strong></span> <span class='ocrx_word' id='word_1_357' title='bbox 4058 809 4144 874; x_wconf 90' lang='lat' dir='ltr'><strong>sit</strong></span> <span class='ocrx_word' id='word_1_358' title='bbox 4186 809 4253 875; x_wconf 90' lang='lat' dir='ltr'><strong>in</strong></span> 
     </span>
     <span class='ocr_line' id='line_1_58' title="bbox 2703 918 4255 1008; baseline -0.003 -22"><span class='ocrx_word' id='word_1_359' title='bbox 2703 928 3034 1008; x_wconf 83' lang='lat' dir='ltr'><strong>potestate</strong></span> <span class='ocrx_word' id='word_1_360' title='bbox 3083 928 3337 996; x_wconf 84' lang='lat' dir='ltr'><strong>nostra,</strong></span> <span class='ocrx_word' id='word_1_361' title='bbox 3391 920 3631 985; x_wconf 88' lang='lat' dir='ltr'><strong>merito</strong></span> <span class='ocrx_word' id='word_1_362' title='bbox 3680 918 3959 1006; x_wconf 90' lang='lat' dir='ltr'><strong>punitur</strong></span> <span class='ocrx_word' id='word_1_363' title='bbox 4011 938 4255 1005; x_wconf 86' lang='lat' dir='ltr'><strong>peeca-</strong></span> 
     </span>
     <span class='ocr_line' id='line_1_59' title="bbox 2706 1038 2834 1096; baseline 0.008 -1"><span class='ocrx_word' id='word_1_364' title='bbox 2706 1038 2834 1096; x_wconf 91' lang='lat' dir='ltr'><strong>tor.</strong></span> 
     </span>
    </p>
   </div>
   <div class='ocr_carea' id='block_1_9' title="bbox 3082 1465 3862 1536">
    <p class='ocr_par' dir='ltr' id='par_1_11' title="bbox 3082 1465 3862 1536">
     <span class='ocr_line' id='line_1_60' title="bbox 3082 1465 3862 1536; baseline -0.003 0"><span class='ocrx_word' id='word_1_365' title='bbox 3082 1466 3588 1536; x_wconf 83' lang='lat' dir='ltr'>ARTICULUS</span> <span class='ocrx_word' id='word_1_366' title='bbox 3637 1465 3862 1534; x_wconf 83' lang='lat' dir='ltr'><strong>XXll.</strong></span> 
     </span>
    </p>
   </div>
   <div class='ocr_carea' id='block_1_10' title="bbox 2706 1676 4254 1856">
    <p class='ocr_par' dir='ltr' id='par_1_12' title="bbox 2706 1676 4254 1856">
     <span class='ocr_line' id='line_1_61' title="bbox 2706 1676 4254 1767; baseline -0.006 -15"><span class='ocrx_word' id='word_1_367' title='bbox 2706 1686 2950 1752; x_wconf 83' lang='lat' dir='ltr'><strong>Utrum</strong></span> <span class='ocrx_word' id='word_1_368' title='bbox 3008 1683 3132 1751; x_wconf 83' lang='lat' dir='ltr'><strong>lwc</strong></span> <span class='ocrx_word' id='word_1_369' title='bbox 3186 1703 3455 1757; x_wconf 80' lang='lat' dir='ltr'><strong>nomen,</strong></span> <span class='ocrx_word' id='word_1_370' title='bbox 3518 1679 3725 1758; x_wconf 81' lang='lat' dir='ltr'><strong>DeuS‚</strong></span> <span class='ocrx_word' id='word_1_371' title='bbox 3785 1677 4035 1746; x_wconf 79' lang='lat' dir='ltr'><strong>habeat</strong></span> <span class='ocrx_word' id='word_1_372' title='bbox 4083 1676 4254 1767; x_wconf 82' lang='lat' dir='ltr'><strong>plu-</strong></span> 
     </span>
     <span class='ocr_line' id='line_1_62' title="bbox 3371 1787 3586 1856; baseline -0.005 0"><span class='ocrx_word' id='word_1_373' title='bbox 3371 1787 3586 1856; x_wconf 83' lang='lat' dir='ltr'><strong>rale?</strong></span> 
     </span>
    </p>
   </div>
   <div class='ocr_carea' id='block_1_11' title="bbox 2697 2105 4266 5643">
    <p class='ocr_par' dir='ltr' id='par_1_13' title="bbox 2698 2105 4252 2524">
     <span class='ocr_line' id='line_1_63' title="bbox 2787 2105 4245 2198; baseline -0.003 -20"><span class='ocrx_word' id='word_1_374' title='bbox 2787 2110 3051 2179; x_wconf 89' lang='lat' dir='ltr'><strong>Deinde</strong></span> <span class='ocrx_word' id='word_1_375' title='bbox 3082 2110 3401 2198; x_wconf 85' lang='lat' dir='ltr'><strong>objicitur</strong></span> <span class='ocrx_word' id='word_1_376' title='bbox 3427 2108 3510 2176; x_wconf 92' lang='lat' dir='ltr'><strong>de</strong></span> <span class='ocrx_word' id='word_1_377' title='bbox 3562 2107 3692 2175; x_wconf 89' lang='lat' dir='ltr'><strong>hoc</strong></span> <span class='ocrx_word' id='word_1_378' title='bbox 3736 2105 3920 2198; x_wconf 91' lang='lat' dir='ltr'><strong>quod</strong></span> <span class='ocrx_word' id='word_1_379' title='bbox 3958 2106 4245 2174; x_wconf 87' lang='lat' dir='ltr'><strong>dieitur:</strong></span> 
     </span>
     <span class='ocr_line' id='line_1_64' title="bbox 2712 2214 4246 2294; baseline -0.003 -12"><span class='ocrx_word' id='word_1_380' title='bbox 2712 2246 2739 2282; x_wconf 70' lang='grc' dir='ltr'>ι</span> <span class='ocrx_word' id='word_1_381' title='bbox 2768 2219 2991 2286; x_wconf 80' lang='lat' dir='ltr'><strong>Eritis</strong></span> <span class='ocrx_word' id='word_1_382' title='bbox 3016 2219 3195 2285; x_wconf 78' lang='lat' dir='ltr'><strong>sicut</strong></span> <span class='ocrx_word' id='word_1_383' title='bbox 3242 2217 3369 2294; x_wconf 86' lang='lat' dir='ltr'><strong>dii,</strong></span> <span class='ocrx_word' id='word_1_384' title='bbox 3401 2218 3679 2283; x_wconf 79' lang='lat' dir='ltr'><strong>scientes</strong></span> <span class='ocrx_word' id='word_1_385' title='bbox 3738 2214 4015 2290; x_wconf 82' lang='lat' dir='ltr'><strong>bonum,</strong></span> <span class='ocrx_word' id='word_1_386' title='bbox 4050 2223 4178 2282; x_wconf 87' lang='lat' dir='ltr'><strong>etc.</strong></span> <span class='ocrx_word' id='word_1_387' title='bbox 4214 2240 4246 2278; x_wconf 72' lang='lat' dir='ltr'><strong>n</strong></span> 
     </span>
     <span class='ocr_line' id='line_1_65' title="bbox 2698 2323 4252 2415; baseline 0.001 -25"><span class='ocrx_word' id='word_1_388' title='bbox 2698 2324 2987 2393; x_wconf 78' lang='lat' dir='ltr'><strong>Videtur</strong></span> <span class='ocrx_word' id='word_1_389' title='bbox 3029 2325 3238 2408; x_wconf 86' lang='lat' dir='ltr'><strong>enim,</strong></span> <span class='ocrx_word' id='word_1_390' title='bbox 3289 2323 3473 2415; x_wconf 90' lang='lat' dir='ltr'><strong>quod</strong></span> <span class='ocrx_word' id='word_1_391' title='bbox 3535 2345 3811 2401; x_wconf 87' lang='lat' dir='ltr'><strong>nomen,</strong></span> <span class='ocrx_word' id='word_1_392' title='bbox 3863 2324 4068 2400; x_wconf 75' lang='lat' dir='ltr'><strong>DeuS,</strong></span> <span class='ocrx_word' id='word_1_393' title='bbox 4112 2344 4252 2391; x_wconf 90' lang='lat' dir='ltr'><strong>non</strong></span> 
     </span>
     <span class='ocr_line' id='line_1_66' title="bbox 2698 2433 3286 2524; baseline 0 -24"><span class='ocrx_word' id='word_1_394' title='bbox 2698 2433 2943 2501; x_wconf 88' lang='lat' dir='ltr'><strong>habeat</strong></span> <span class='ocrx_word' id='word_1_395' title='bbox 3000 2433 3286 2524; x_wconf 85' lang='lat' dir='ltr'><strong>plurale.</strong></span> 
     </span>
    </p>

    <p class='ocr_par' dir='ltr' id='par_1_14' title="bbox 2697 2539 4254 2957">
     <span class='ocr_line' id='line_1_67' title="bbox 2793 2539 4254 2610; baseline -0.002 -2"><span class='ocrx_word' id='word_1_396' title='bbox 2793 2543 2851 2610; x_wconf 83' lang='lat'><strong>1.</strong></span> <span class='ocrx_word' id='word_1_397' title='bbox 2885 2542 3070 2610; x_wconf 86' lang='lat' dir='ltr'><strong>Deus</strong></span> <span class='ocrx_word' id='word_1_398' title='bbox 3100 2543 3283 2609; x_wconf 90' lang='lat' dir='ltr'><strong>enim</strong></span> <span class='ocrx_word' id='word_1_399' title='bbox 3325 2539 3486 2609; x_wconf 86' lang='lat' dir='ltr'><strong>dicit</strong></span> <span class='ocrx_word' id='word_1_400' title='bbox 3542 2541 3829 2608; x_wconf 76' lang='lat' dir='ltr'><strong>sormam</strong></span> <span class='ocrx_word' id='word_1_401' title='bbox 3861 2541 4254 2608; x_wconf 92' lang='lat' dir='ltr'><strong>incommu-</strong></span> 
     </span>
     <span class='ocr_line' id='line_1_68' title="bbox 2697 2645 4248 2717; baseline -0.003 0"><span class='ocrx_word' id='word_1_402' title='bbox 2697 2648 2975 2717; x_wconf 90' lang='lat' dir='ltr'><strong>tabilem</strong></span> <span class='ocrx_word' id='word_1_403' title='bbox 3011 2671 3026 2714; x_wconf 90' lang='lat'>:</span> <span class='ocrx_word' id='word_1_404' title='bbox 3099 2648 3318 2716; x_wconf 77' lang='lat' dir='ltr'><strong>forma</strong></span> <span class='ocrx_word' id='word_1_405' title='bbox 3374 2656 3601 2716; x_wconf 88' lang='lat' dir='ltr'><strong>autem</strong></span> <span class='ocrx_word' id='word_1_406' title='bbox 3672 2645 4248 2716; x_wconf 88' lang='lat' dir='ltr'><strong>incommutabilis</strong></span> 
     </span>
     <span class='ocr_line' id='line_1_69' title="bbox 2697 2755 4247 2848; baseline -0.003 -22"><span class='ocrx_word' id='word_1_407' title='bbox 2697 2781 2835 2826; x_wconf 92' lang='lat' dir='ltr'><strong>non</strong></span> <span class='ocrx_word' id='word_1_408' title='bbox 2895 2757 3097 2826; x_wconf 87' lang='lat' dir='ltr'><strong>habet</strong></span> <span class='ocrx_word' id='word_1_409' title='bbox 3145 2756 3644 2848; x_wconf 86' lang='lat' dir='ltr'><strong>pluralitatem:</strong></span> <span class='ocrx_word' id='word_1_410' title='bbox 3705 2778 3869 2847; x_wconf 86' lang='lat' dir='ltr'><strong>ergo</strong></span> <span class='ocrx_word' id='word_1_411' title='bbox 3905 2758 3972 2823; x_wconf 89' lang='lat' dir='ltr'><strong>in</strong></span> <span class='ocrx_word' id='word_1_412' title='bbox 4005 2755 4247 2846; x_wconf 88' lang='lat' dir='ltr'><strong>plurali</strong></span> 
     </span>
     <span class='ocr_line' id='line_1_70' title="bbox 2697 2864 3980 2957; baseline -0.002 -22"><span class='ocrx_word' id='word_1_413' title='bbox 2697 2867 2951 2936; x_wconf 86' lang='lat' dir='ltr'><strong>dictum</strong></span> <span class='ocrx_word' id='word_1_414' title='bbox 2975 2889 3113 2935; x_wconf 93' lang='lat' dir='ltr'><strong>non</strong></span> <span class='ocrx_word' id='word_1_415' title='bbox 3146 2864 3351 2935; x_wconf 87' lang='lat' dir='ltr'><strong>habet</strong></span> <span class='ocrx_word' id='word_1_416' title='bbox 3389 2866 3980 2957; x_wconf 79' lang='lat' dir='ltr'><strong>significationem.</strong></span> 
     </span>
    </p>

    <p class='ocr_par' dir='ltr' id='par_1_15' title="bbox 2697 2973 4248 3281">
     <span class='ocr_line' id='line_1_71' title="bbox 2787 2973 4248 3063; baseline -0.001 -22"><span class='ocrx_word' id='word_1_417' title='bbox 2787 2977 2851 3041; x_wconf 84' lang='lat'><strong>2.</strong></span> <span class='ocrx_word' id='word_1_418' title='bbox 2891 2974 3087 3054; x_wconf 89' lang='lat' dir='ltr'><strong>ltem,</strong></span> <span class='ocrx_word' id='word_1_419' title='bbox 3132 2976 3313 3043; x_wconf 84' lang='lat' dir='ltr'><strong>Deus</strong></span> <span class='ocrx_word' id='word_1_420' title='bbox 3354 2974 3663 3040; x_wconf 86' lang='lat' dir='ltr'><strong>nominat</strong></span> <span class='ocrx_word' id='word_1_421' title='bbox 3712 2974 4009 3063; x_wconf 86' lang='lat' dir='ltr'><strong>primum</strong></span> <span class='ocrx_word' id='word_1_422' title='bbox 4063 2973 4248 3063; x_wconf 89' lang='lat' dir='ltr'><strong>prin-</strong></span> 
     </span>
     <span class='ocr_line' id='line_1_72' title="bbox 2697 3080 4248 3174; baseline -0.002 -23"><span class='ocrx_word' id='word_1_423' title='bbox 2697 3084 2949 3174; x_wconf 87' lang='lat' dir='ltr'><strong>cipium</strong></span> <span class='ocrx_word' id='word_1_424' title='bbox 2986 3104 3002 3149; x_wconf 74' lang='grc' dir='ltr'>ε</span> <span class='ocrx_word' id='word_1_425' title='bbox 3047 3084 3266 3173; x_wconf 88' lang='lat' dir='ltr'><strong>prima</strong></span> <span class='ocrx_word' id='word_1_426' title='bbox 3297 3089 3526 3149; x_wconf 89' lang='lat' dir='ltr'><strong>autem</strong></span> <span class='ocrx_word' id='word_1_427' title='bbox 3547 3080 3875 3172; x_wconf 86' lang='lat' dir='ltr'><strong>principia</strong></span> <span class='ocrx_word' id='word_1_428' title='bbox 3916 3104 4051 3148; x_wconf 93' lang='lat' dir='ltr'><strong>non</strong></span> <span class='ocrx_word' id='word_1_429' title='bbox 4086 3103 4248 3172; x_wconf 84' lang='lat' dir='ltr'><strong>pos-</strong></span> 
     </span>
     <span class='ocr_line' id='line_1_73' title="bbox 2699 3186 4152 3281; baseline -0.001 -21"><span class='ocrx_word' id='word_1_430' title='bbox 2699 3201 2857 3260; x_wconf 85' lang='lat' dir='ltr'><strong>sunt</strong></span> <span class='ocrx_word' id='word_1_431' title='bbox 2878 3214 3021 3259; x_wconf 86' lang='lat' dir='ltr'><strong>esse</strong></span> <span class='ocrx_word' id='word_1_432' title='bbox 3059 3190 3255 3281; x_wconf 89' lang='lat' dir='ltr'><strong>plura</strong></span> <span class='ocrx_word' id='word_1_433' title='bbox 3289 3212 3305 3258; x_wconf 88' lang='lat'>:</span> <span class='ocrx_word' id='word_1_434' title='bbox 3342 3212 3531 3280; x_wconf 82' lang='lat' dir='ltr'><strong>ergo,</strong></span> <span class='ocrx_word' id='word_1_435' title='bbox 3563 3199 3690 3258; x_wconf 90' lang='lat' dir='ltr'><strong>etc.</strong></span> <span class='ocrx_word' id='word_1_436' title='bbox 4148 3186 4152 3191; x_wconf 66' lang='grc'>’</span> 
     </span>
    </p>

    <p class='ocr_par' dir='ltr' id='par_1_16' title="bbox 2700 3297 4252 3802">
     <span class='ocr_line' id='line_1_74' title="bbox 2791 3297 4247 3386; baseline -0.001 -22"><span class='ocrx_word' id='word_1_437' title='bbox 2791 3299 2854 3364; x_wconf 88' lang='grc'><strong>3.</strong></span> <span class='ocrx_word' id='word_1_438' title='bbox 2902 3297 3094 3375; x_wconf 80' lang='lat' dir='ltr'><strong>item,</strong></span> <span class='ocrx_word' id='word_1_439' title='bbox 3155 3297 3523 3365; x_wconf 74' lang='lat' dir='ltr'><strong>Anselmus</strong></span> <span class='ocrx_word' id='word_1_440' title='bbox 3575 3320 3591 3364; x_wconf 74' lang='grc' dir='ltr'><strong><em>ε</em></strong></span> <span class='ocrx_word' id='word_1_441' title='bbox 3647 3298 3828 3364; x_wconf 88' lang='lat' dir='ltr'><strong>Deus</strong></span> <span class='ocrx_word' id='word_1_442' title='bbox 3866 3308 3961 3364; x_wconf 88' lang='lat' dir='ltr'><strong>est</strong></span> <span class='ocrx_word' id='word_1_443' title='bbox 4024 3298 4247 3386; x_wconf 84' lang='lat' dir='ltr'><strong>majus</strong></span> 
     </span>
     <span class='ocr_line' id='line_1_75' title="bbox 2700 3403 4247 3496; baseline 0 -24"><span class='ocrx_word' id='word_1_444' title='bbox 2700 3427 2906 3495; x_wconf 85' lang='lat' dir='ltr'><strong>quam</strong></span> <span class='ocrx_word' id='word_1_445' title='bbox 2937 3403 3193 3496; x_wconf 88' lang='lat' dir='ltr'><strong>aliquid</strong></span> <span class='ocrx_word' id='word_1_446' title='bbox 3232 3405 3598 3495; x_wconf 82' lang='lat' dir='ltr'><strong>excogitari</strong></span> <span class='ocrx_word' id='word_1_447' title='bbox 3641 3407 3846 3496; x_wconf 87' lang='lat' dir='ltr'><strong>possit</strong></span> <span class='ocrx_word' id='word_1_448' title='bbox 3887 3428 3902 3472; x_wconf 73' lang='grc' dir='ltr'>ε</span> <span class='ocrx_word' id='word_1_449' title='bbox 3940 3405 4056 3473; x_wconf 75' lang='lat' dir='ltr'><strong>sed</strong></span> <span class='ocrx_word' id='word_1_450' title='bbox 4089 3405 4247 3473; x_wconf 86' lang='lat' dir='ltr'><strong>talia</strong></span> 
     </span>
     <span class='ocr_line' id='line_1_76' title="bbox 2705 3514 4249 3604; baseline -0.003 -21"><span class='ocrx_word' id='word_1_451' title='bbox 2705 3539 2840 3583; x_wconf 91' lang='lat' dir='ltr'><strong>non</strong></span> <span class='ocrx_word' id='word_1_452' title='bbox 2875 3523 3153 3603; x_wconf 73' lang='lat' dir='ltr'><strong>possunt</strong></span> <span class='ocrx_word' id='word_1_453' title='bbox 3194 3537 3341 3581; x_wconf 82' lang='lat' dir='ltr'><strong>esse</strong></span> <span class='ocrx_word' id='word_1_454' title='bbox 3383 3514 3576 3604; x_wconf 87' lang='lat' dir='ltr'><strong>plura</strong></span> <span class='ocrx_word' id='word_1_455' title='bbox 3610 3536 3625 3581; x_wconf 89' lang='lat'>:</span> <span class='ocrx_word' id='word_1_456' title='bbox 3662 3538 3826 3604; x_wconf 80' lang='lat' dir='ltr'><strong>ergo</strong></span> <span class='ocrx_word' id='word_1_457' title='bbox 3870 3515 4249 3582; x_wconf 86' lang='lat' dir='ltr'><strong>intellectus</strong></span> 
     </span>
     <span class='ocr_line' id='line_1_77' title="bbox 2703 3623 4252 3714; baseline -0.001 -22"><span class='ocrx_word' id='word_1_458' title='bbox 2703 3624 2909 3713; x_wconf 78' lang='lat' dir='ltr'><strong>liujus</strong></span> <span class='ocrx_word' id='word_1_459' title='bbox 2959 3624 3280 3702; x_wconf 86' lang='lat' dir='ltr'><strong>nominis,</strong></span> <span class='ocrx_word' id='word_1_460' title='bbox 3350 3627 3553 3705; x_wconf 58' lang='lat' dir='ltr'><strong>Demi,</strong></span> <span class='ocrx_word' id='word_1_461' title='bbox 3608 3632 3934 3714; x_wconf 81' lang='lat' dir='ltr'><strong>repugnat</strong></span> <span class='ocrx_word' id='word_1_462' title='bbox 3976 3623 4252 3714; x_wconf 85' lang='lat' dir='ltr'><strong>plurali-</strong></span> 
     </span>
     <span class='ocr_line' id='line_1_78' title="bbox 2706 3737 2854 3802; baseline -0.014 0"><span class='ocrx_word' id='word_1_463' title='bbox 2706 3737 2854 3802; x_wconf 86' lang='lat' dir='ltr'><strong>tati.</strong></span> 
     </span>
    </p>

    <p class='ocr_par' dir='ltr' id='par_1_17' title="bbox 2706 3839 4264 5220">
     <span class='ocr_line' id='line_1_79' title="bbox 2797 3839 4251 3921; baseline 0.001 -15"><span class='ocrx_word' id='word_1_464' title='bbox 2797 3842 2858 3906; x_wconf 68' lang='lat' dir='ltr'><strong>l.</strong></span> <span class='ocrx_word' id='word_1_465' title='bbox 2896 3839 3091 3921; x_wconf 83' lang='lat' dir='ltr'><strong>ltem,</strong></span> <span class='ocrx_word' id='word_1_466' title='bbox 3129 3839 3299 3906; x_wconf 87' lang='lat' dir='ltr'><strong>Cum</strong></span> <span class='ocrx_word' id='word_1_467' title='bbox 3353 3839 3622 3918; x_wconf 87' lang='lat' dir='ltr'><strong>dicitur,</strong></span> <span class='ocrx_word' id='word_1_468' title='bbox 3659 3839 4000 3915; x_wconf 71' lang='lat' dir='ltr'><strong>Socrates,</strong></span> <span class='ocrx_word' id='word_1_469' title='bbox 4036 3841 4251 3908; x_wconf 78' lang='lat' dir='ltr'><strong>forma</strong></span> 
     </span>
     <span class='ocr_line' id='line_1_80' title="bbox 2710 3948 4258 4038; baseline 0 -23"><span class='ocrx_word' id='word_1_470' title='bbox 2710 3949 3009 4015; x_wconf 84' lang='lat' dir='ltr'><strong>Socratis</strong></span> <span class='ocrx_word' id='word_1_471' title='bbox 3039 3949 3461 4038; x_wconf 84' lang='lat' dir='ltr'><strong>signiticatur</strong></span> <span class='ocrx_word' id='word_1_472' title='bbox 3491 3948 3557 4014; x_wconf 89' lang='lat' dir='ltr'><strong>in</strong></span> <span class='ocrx_word' id='word_1_473' title='bbox 3591 3949 3867 4016; x_wconf 86' lang='lat' dir='ltr'><strong>nomine</strong></span> <span class='ocrx_word' id='word_1_474' title='bbox 3897 3973 4052 4016; x_wconf 88' lang='lat' dir='ltr'><strong>cum</strong></span> <span class='ocrx_word' id='word_1_475' title='bbox 4087 3949 4258 4016; x_wconf 88' lang='lat' dir='ltr'><strong>indi·</strong></span> 
     </span>
     <span class='ocr_line' id='line_1_81' title="bbox 2706 4054 4256 4145; baseline -0.002 -21"><span class='ocrx_word' id='word_1_476' title='bbox 2706 4055 3171 4133; x_wconf 79' lang='lat' dir='ltr'><strong>viduantihus,</strong></span> <span class='ocrx_word' id='word_1_477' title='bbox 3215 4077 3419 4144; x_wconf 88' lang='lat' dir='ltr'><strong>quam</strong></span> <span class='ocrx_word' id='word_1_478' title='bbox 3464 4054 3878 4145; x_wconf 87' lang='lat' dir='ltr'><strong>impossibile</strong></span> <span class='ocrx_word' id='word_1_479' title='bbox 3922 4064 4020 4121; x_wconf 82' lang='lat' dir='ltr'><strong>est</strong></span> <span class='ocrx_word' id='word_1_480' title='bbox 4059 4077 4256 4123; x_wconf 86' lang='lat' dir='ltr'><strong>eam-</strong></span> 
     </span>
     <span class='ocr_line' id='line_1_82' title="bbox 2707 4162 4257 4254; baseline -0.001 -22"><span class='ocrx_word' id='word_1_481' title='bbox 2707 4165 2860 4233; x_wconf 87' lang='lat' dir='ltr'><strong>dem</strong></span> <span class='ocrx_word' id='word_1_482' title='bbox 2902 4186 3187 4230; x_wconf 86' lang='lat' dir='ltr'><strong>numero</strong></span> <span class='ocrx_word' id='word_1_483' title='bbox 3221 4165 3287 4229; x_wconf 93' lang='lat' dir='ltr'><strong>in</strong></span> <span class='ocrx_word' id='word_1_484' title='bbox 3310 4162 3445 4230; x_wconf 82' lang='lat' dir='ltr'><strong>alio</strong></span> <span class='ocrx_word' id='word_1_485' title='bbox 3485 4163 3798 4243; x_wconf 79' lang='lat' dir='ltr'><strong>inveniri,</strong></span> <span class='ocrx_word' id='word_1_486' title='bbox 3841 4172 3904 4230; x_wconf 88' lang='lat' dir='ltr'><strong>et</strong></span> <span class='ocrx_word' id='word_1_487' title='bbox 3938 4164 4088 4230; x_wconf 92' lang='lat' dir='ltr'><strong>ideo</strong></span> <span class='ocrx_word' id='word_1_488' title='bbox 4112 4163 4257 4254; x_wconf 90' lang='lat' dir='ltr'><strong>plu-</strong></span> 
     </span>
     <span class='ocr_line' id='line_1_83' title="bbox 2711 4269 4260 4360; baseline -0.003 -18"><span class='ocrx_word' id='word_1_489' title='bbox 2711 4273 2829 4342; x_wconf 86' lang='lat' dir='ltr'><strong>rali</strong></span> <span class='ocrx_word' id='word_1_490' title='bbox 2863 4281 3041 4339; x_wconf 81' lang='lat' dir='ltr'><strong>caret</strong></span> <span class='ocrx_word' id='word_1_491' title='bbox 3085 4293 3100 4336; x_wconf 91' lang='lat'>:</span> <span class='ocrx_word' id='word_1_492' title='bbox 3137 4294 3300 4360; x_wconf 88' lang='lat' dir='ltr'><strong>ergo</strong></span> <span class='ocrx_word' id='word_1_493' title='bbox 3341 4269 3670 4346; x_wconf 83' lang='lat' dir='ltr'><strong>similiter,</strong></span> <span class='ocrx_word' id='word_1_494' title='bbox 3708 4294 3862 4338; x_wconf 82' lang='lat' dir='ltr'><strong>cum</strong></span> <span class='ocrx_word' id='word_1_495' title='bbox 3916 4269 4260 4339; x_wconf 83' lang='lat' dir='ltr'><strong>intellectu</strong></span> 
     </span>
     <span class='ocr_line' id='line_1_84' title="bbox 2711 4377 4258 4469; baseline -0.003 -20"><span class='ocrx_word' id='word_1_496' title='bbox 2711 4382 2914 4469; x_wconf 84' lang='lat' dir='ltr'><strong>hujus</strong></span> <span class='ocrx_word' id='word_1_497' title='bbox 2955 4381 3280 4456; x_wconf 81' lang='lat' dir='ltr'><strong>nominis,</strong></span> <span class='ocrx_word' id='word_1_498' title='bbox 3307 4381 3514 4455; x_wconf 79' lang='lat' dir='ltr'><strong>Deus,</strong></span> <span class='ocrx_word' id='word_1_499' title='bbox 3559 4377 3960 4447; x_wconf 82' lang='lat' dir='ltr'><strong>claudantur</strong></span> <span class='ocrx_word' id='word_1_500' title='bbox 3988 4402 4068 4447; x_wconf 93' lang='lat' dir='ltr'><strong>ea</strong></span> <span class='ocrx_word' id='word_1_501' title='bbox 4108 4400 4258 4469; x_wconf 71' lang='lat' dir='ltr'><strong>qum</strong></span> 
     </span>
     <span class='ocr_line' id='line_1_85' title="bbox 2711 4485 4259 4577; baseline -0.002 -20"><span class='ocrx_word' id='word_1_502' title='bbox 2711 4486 3131 4577; x_wconf 82' lang='lat' dir='ltr'><strong>impossihile</strong></span> <span class='ocrx_word' id='word_1_503' title='bbox 3161 4496 3263 4554; x_wconf 86' lang='lat' dir='ltr'><strong>est</strong></span> <span class='ocrx_word' id='word_1_504' title='bbox 3284 4485 3396 4553; x_wconf 88' lang='lat' dir='ltr'><strong>alii</strong></span> <span class='ocrx_word' id='word_1_505' title='bbox 3431 4487 4100 4564; x_wconf 71' lang='lat' dir='ltr'><strong>conx·enire‚videtur</strong></span> <span class='ocrx_word' id='word_1_506' title='bbox 4129 4485 4259 4555; x_wconf 86' lang='lat' dir='ltr'><strong>hoc</strong></span> 
     </span>
     <span class='ocr_line' id='line_1_86' title="bbox 2712 4592 4263 4684; baseline -0.004 -17"><span class='ocrx_word' id='word_1_507' title='bbox 2712 4619 2993 4676; x_wconf 85' lang='lat' dir='ltr'><strong>nomen,</strong></span> <span class='ocrx_word' id='word_1_508' title='bbox 3026 4597 3237 4673; x_wconf 70' lang='lat' dir='ltr'><strong>Hem,</strong></span> <span class='ocrx_word' id='word_1_509' title='bbox 3275 4596 3341 4661; x_wconf 93' lang='lat' dir='ltr'><strong>in</strong></span> <span class='ocrx_word' id='word_1_510' title='bbox 3367 4593 3606 4684; x_wconf 86' lang='lat' dir='ltr'><strong>plurali</strong></span> <span class='ocrx_word' id='word_1_511' title='bbox 3632 4618 3768 4661; x_wconf 91' lang='lat' dir='ltr'><strong>non</strong></span> <span class='ocrx_word' id='word_1_512' title='bbox 3803 4594 4048 4663; x_wconf 83' lang='lat' dir='ltr'><strong>habere</strong></span> <span class='ocrx_word' id='word_1_513' title='bbox 4075 4615 4092 4663; x_wconf 76' lang='lat' dir='ltr'><em>z</em></span> <span class='ocrx_word' id='word_1_514' title='bbox 4121 4592 4263 4662; x_wconf 80' lang='lat' dir='ltr'><strong>haec</strong></span> 
     </span>
     <span class='ocr_line' id='line_1_87' title="bbox 2714 4701 4264 4792; baseline -0.001 -21"><span class='ocrx_word' id='word_1_515' title='bbox 2714 4713 2942 4771; x_wconf 89' lang='lat' dir='ltr'><strong>autem</strong></span> <span class='ocrx_word' id='word_1_516' title='bbox 3018 4711 3176 4768; x_wconf 84' lang='lat' dir='ltr'><strong>sunt</strong></span> <span class='ocrx_word' id='word_1_517' title='bbox 3246 4702 3764 4791; x_wconf 85' lang='lat' dir='ltr'><strong>omnipotentia,</strong></span> <span class='ocrx_word' id='word_1_518' title='bbox 3838 4701 4264 4792; x_wconf 79' lang='lat' dir='ltr'><strong>providentia</strong></span> 
     </span>
     <span class='ocr_line' id='line_1_88' title="bbox 2712 4808 4263 4900; baseline -0.002 -21"><span class='ocrx_word' id='word_1_519' title='bbox 2712 4809 3117 4879; x_wconf 79' lang='lat' dir='ltr'><strong>universalis</strong></span> <span class='ocrx_word' id='word_1_520' title='bbox 3143 4809 3378 4875; x_wconf 87' lang='lat' dir='ltr'><strong>mundi</strong></span> <span class='ocrx_word' id='word_1_521' title='bbox 3406 4831 3421 4874; x_wconf 73' lang='grc' dir='ltr'>ε</span> <span class='ocrx_word' id='word_1_522' title='bbox 3457 4809 3630 4876; x_wconf 89' lang='lat' dir='ltr'><strong>sicut</strong></span> <span class='ocrx_word' id='word_1_523' title='bbox 3659 4809 3814 4876; x_wconf 85' lang='lat' dir='ltr'><strong>dicit</strong></span> <span class='ocrx_word' id='word_1_524' title='bbox 3837 4808 4263 4900; x_wconf 80' lang='lat' dir='ltr'><strong>Augustinus</strong></span> 
     </span>
     <span class='ocr_line' id='line_1_89' title="bbox 2712 4915 4261 5008; baseline -0.003 -20"><span class='ocrx_word' id='word_1_525' title='bbox 2712 4922 2783 4988; x_wconf 93' lang='lat' dir='ltr'><strong>in</strong></span> <span class='ocrx_word' id='word_1_526' title='bbox 2816 4919 2987 4986; x_wconf 87' lang='lat' dir='ltr'><strong>libro</strong></span> <span class='ocrx_word' id='word_1_527' title='bbox 3026 4917 3110 4984; x_wconf 89' lang='lat' dir='ltr'><strong>de</strong></span> <span class='ocrx_word' id='word_1_528' title='bbox 3135 4918 3432 4986; x_wconf 73' lang='lat' dir='ltr'><strong>Ciuitate</strong></span> <span class='ocrx_word' id='word_1_529' title='bbox 3460 4918 3613 4995; x_wconf 81' lang='lat' dir='ltr'><strong>Dei,</strong></span> <span class='ocrx_word' id='word_1_530' title='bbox 3647 4916 3829 5008; x_wconf 90' lang='lat' dir='ltr'><strong>quod</strong></span> <span class='ocrx_word' id='word_1_531' title='bbox 3861 4915 4261 5008; x_wconf 83' lang='lat' dir='ltr'><strong>Philosophi</strong></span> 
     </span>
     <span class='ocr_line' id='line_1_90' title="bbox 2718 5024 4262 5114; baseline -0.001 -21"><span class='ocrx_word' id='word_1_532' title='bbox 2718 5027 2931 5094; x_wconf 85' lang='lat' dir='ltr'><strong>Deum</strong></span> <span class='ocrx_word' id='word_1_533' title='bbox 3001 5024 3444 5103; x_wconf 78' lang='lat' dir='ltr'><strong>diffinierunt,</strong></span> <span class='ocrx_word' id='word_1_534' title='bbox 3514 5024 3692 5114; x_wconf 88' lang='lat' dir='ltr'><strong>quod</strong></span> <span class='ocrx_word' id='word_1_535' title='bbox 3771 5033 3939 5091; x_wconf 79' lang='lat' dir='ltr'><strong>esset</strong></span> <span class='ocrx_word' id='word_1_536' title='bbox 4006 5025 4262 5106; x_wconf 84' lang='lat' dir='ltr'><strong>anima,</strong></span> 
     </span>
     <span class='ocr_line' id='line_1_91' title="bbox 2716 5123 4133 5220; baseline -0.001 -19"><span class='ocrx_word' id='word_1_537' title='bbox 2716 5143 2934 5211; x_wconf 85' lang='lat' dir='ltr'><strong>motu,</strong></span> <span class='ocrx_word' id='word_1_538' title='bbox 2963 5140 3027 5201; x_wconf 89' lang='lat' dir='ltr'><strong>et</strong></span> <span class='ocrx_word' id='word_1_539' title='bbox 3069 5135 3328 5199; x_wconf 90' lang='lat' dir='ltr'><strong>ratione</strong></span> <span class='ocrx_word' id='word_1_540' title='bbox 3361 5123 3689 5198; x_wconf 77' lang='lat' dir='ltr'><strong>mundum</strong></span> <span class='ocrx_word' id='word_1_541' title='bbox 3724 5130 4133 5220; x_wconf 84' lang='lat' dir='ltr'><strong>gubernans.</strong></span> 
     </span>
    </p>

    <p class='ocr_par' dir='ltr' id='par_1_18' title="bbox 2807 5243 3282 5309">
     <span class='ocr_line' id='line_1_92' title="bbox 2807 5243 3282 5309; baseline -0.008 0"><span class='ocrx_word' id='word_1_542' title='bbox 2807 5243 2941 5309; x_wconf 71' lang='lat' dir='ltr'><strong>Seu</strong></span> <span class='ocrx_word' id='word_1_543' title='bbox 2980 5263 3230 5308; x_wconf 59' lang='lat' dir='ltr'><strong>cosma</strong></span> <span class='ocrx_word' id='word_1_544' title='bbox 3266 5264 3282 5305; x_wconf 72' lang='grc' dir='ltr'>ι</span> 
     </span>
    </p>

    <p class='ocr_par' dir='ltr' id='par_1_19' title="bbox 2715 5347 4266 5643">
     <span class='ocr_line' id='line_1_93' title="bbox 2806 5347 4260 5429; baseline -0.001 -11"><span class='ocrx_word' id='word_1_545' title='bbox 2806 5354 2869 5418; x_wconf 89' lang='grc'><strong>1.</strong></span> <span class='ocrx_word' id='word_1_546' title='bbox 2942 5347 3189 5416; x_wconf 77' lang='lat' dir='ltr'><strong>GeneS.</strong></span> <span class='ocrx_word' id='word_1_547' title='bbox 3271 5370 3368 5429; x_wconf 88' lang='grc' dir='ltr'>ιιι,</span> <span class='ocrx_word' id='word_1_548' title='bbox 3422 5349 3460 5411; x_wconf 71' lang='grc' dir='ltr'><strong>Ξῖ</strong></span> <span class='ocrx_word' id='word_1_549' title='bbox 3514 5368 3530 5413; x_wconf 85' lang='lat'>:</span> <span class='ocrx_word' id='word_1_550' title='bbox 3607 5347 3829 5412; x_wconf 77' lang='lat' dir='ltr'><strong>Erilis</strong></span> <span class='ocrx_word' id='word_1_551' title='bbox 3882 5349 4059 5415; x_wconf 82' lang='lat' dir='ltr'><strong>sicut</strong></span> <span class='ocrx_word' id='word_1_552' title='bbox 4134 5347 4260 5415; x_wconf 84' lang='lat' dir='ltr'><strong>dii.</strong></span> 
     </span>
     <span class='ocr_line' id='line_1_94' title="bbox 2715 5454 4266 5540; baseline 0.001 -15"><span class='ocrx_word' id='word_1_553' title='bbox 2715 5458 2823 5537; x_wconf 77' lang='lat' dir='ltr'><strong>Et,</strong></span> <span class='ocrx_word' id='word_1_554' title='bbox 2871 5457 3087 5525; x_wconf 66' lang='lat' dir='ltr'><strong>lixod.</strong></span> <span class='ocrx_word' id='word_1_555' title='bbox 3125 5480 3238 5540; x_wconf 82' lang='lat' dir='ltr'><strong>xx,</strong></span> <span class='ocrx_word' id='word_1_556' title='bbox 3269 5460 3307 5525; x_wconf 85' lang='lat'><strong>3</strong></span> <span class='ocrx_word' id='word_1_557' title='bbox 3354 5479 3368 5524; x_wconf 90' lang='lat'>:</span> <span class='ocrx_word' id='word_1_558' title='bbox 3405 5457 3557 5525; x_wconf 82' lang='lat' dir='ltr'><strong>Non</strong></span> <span class='ocrx_word' id='word_1_559' title='bbox 3598 5454 3873 5523; x_wconf 79' lang='lat' dir='ltr'><strong>habebis</strong></span> <span class='ocrx_word' id='word_1_560' title='bbox 3902 5456 4059 5525; x_wconf 79' lang='lat' dir='ltr'><strong>cleos</strong></span> <span class='ocrx_word' id='word_1_561' title='bbox 4096 5456 4266 5526; x_wconf 83' lang='lat' dir='ltr'><strong>alie-</strong></span> 
     </span>
     <span class='ocr_line' id='line_1_95' title="bbox 2719 5560 4266 5643; baseline 0.001 -12"><span class='ocrx_word' id='word_1_562' title='bbox 2719 5589 2840 5632; x_wconf 81' lang='lat' dir='ltr'><strong>nos</strong></span> <span class='ocrx_word' id='word_1_563' title='bbox 2887 5586 3116 5632; x_wconf 84' lang='lat' dir='ltr'><strong>coram</strong></span> <span class='ocrx_word' id='word_1_564' title='bbox 3150 5586 3279 5632; x_wconf 84' lang='lat' dir='ltr'><strong>me.</strong></span> <span class='ocrx_word' id='word_1_565' title='bbox 3323 5561 3432 5643; x_wconf 86' lang='lat' dir='ltr'><strong>Et,</strong></span> <span class='ocrx_word' id='word_1_566' title='bbox 3466 5560 3649 5629; x_wconf 86' lang='lat' dir='ltr'><strong>Psal.</strong></span> <span class='ocrx_word' id='word_1_567' title='bbox 3706 5584 3890 5642; x_wconf 78' lang='lat' dir='ltr'><strong>xmx,</strong></span> <span class='ocrx_word' id='word_1_568' title='bbox 3938 5565 3965 5632; x_wconf 91' lang='lat'>1</span> <span class='ocrx_word' id='word_1_569' title='bbox 4008 5585 4024 5632; x_wconf 74' lang='grc' dir='ltr'><strong><em>ε</em></strong></span> <span class='ocrx_word' id='word_1_570' title='bbox 4076 5565 4266 5634; x_wconf 78' lang='lat' dir='ltr'><strong>Deus</strong></span> 
     </span>
    </p>
   </div>
   <div class='ocr_carea' id='block_1_12' title="bbox 4293 5276 4589 5323">
    <p class='ocr_par' dir='ltr' id='par_1_20' title="bbox 4293 5276 4589 5323">
     <span class='ocr_line' id='line_1_96' title="bbox 4293 5276 4589 5323; baseline -0.007 0"><span class='ocrx_word' id='word_1_571' title='bbox 4293 5276 4386 5323; x_wconf 70' lang='lat' dir='ltr'><strong>Sed</strong></span> <span class='ocrx_word' id='word_1_572' title='bbox 4402 5281 4589 5323; x_wconf 74' lang='lat' dir='ltr'><strong>contra.</strong></span> 
     </span>
    </p>
   </div>
  </div>
 </body>
</html>
