4897 6388
658 4049 958 4105 munuc.

1830 354 1924 419 m
1975 352 1999 417 1
2054 332 2475 418 SENTENT.
2529 345 2898 430 nrs‘r:v‚
2949 344 3026 422 F,
3069 346 3279 411 ΛΒΤ.
3334 346 3398 410 a.

2597 550 2608 560 ’
2681 538 3013 608 generans
3054 515 3428 605 et-genitns
3496 518 3655 580 sunt
3716 530 3897 576 unus
3962 512 4028 572 et
4056 503 4263 570 idem-

2609 662 2615 668 ·
2680 623 2890 702 Dens,
2925 632 3000 691 nt
3029 621 3338 692 habitum
3371 628 3471 685 est
3505 619 3572 684 in
3630 611 4037 707 praeeedenti
4071 609 4268 684 ,dis--

2599 769 2610 776 -
2680 730 3048 798 tinctione:
3095 751 3257 819 ergo
3290 727 3580 801 videtur,
3652 720 3837 811 quod
3893 721 3950 786 si
4025 717 4274 790 etiam-⁷

2608 873 2611 877 *
2680 839 2974 906 essentia
3041 836 3405 905 essentiam
3466 831 3728 923 genuit,
3809 837 3875 896 et
3904 826 4235 915 sapientia

2679 946 3110 1035 sapientiam,
3149 967 3288 1011 non
3337 949 3735 1032 sequeretur
3788 944 4065 1027 propter
4110 932 4276 1006 hoc.

2680 1055 2863 1145 qnod
2893 1053 3300 1121 essentdnae
3344 1051 3717 1141 sapientiae,
3771 1045 3880 1113 vel
3931 1044 4079 1110 duae-
4122 1056 4275 1140 ens-1

1523 863 1764 909 mvlsto
1797 862 2065 909 TEXTUS.

1113 1192 1146 1229 «
1181 1163 1542 1232 Praedictis
1570 1159 1798 1229 autem
1820 1158 2089 1225 videtur
2115 1156 2565 1236 contrarium,
2617 1219 2618 1222 ,

1020 1282 1146 1341 etc.
1185 1300 1218 1334 »

1109 1359 1585 1468 Hic'objioitur
1624 1376 1694 1441 in
1743 1374 2197 1442 eontrarium:
2235 1381 2301 1438 et
2364 1369 2604 1437 habet'

1020 1494 1314 1577 quatuor
1353 1493 1601 1575 partes.
1637 1482 1715 1548 In
1754 1481 1975 1571 prima
2031 1478 2286 1567 objicit,
2322 1485 2388 1545 et
2427 1476 2564 1544 sol-

1016 1596 1119 1660 vit
1179 1615 1301 1682 per
1364 1588 1570 1658 verba
1630 1587 2027 1679 Augustini.
2124 1586 2200 1652 In
2267 1583 2565 1652 secunda

1018 1710 1249 1769 antem
1304 1698 1546 1790 probat
1599 1696 2038 1776 solutionem,
2098 1694 2214 1771 ibi,
2281 1722 2313 1756 «
2364 1693 2570 1778 Quod

1018 1818 1250 1874 autem
1293 1808 1390 1872 ita
1431 1803 1756 1891 intelliqa
1790 1810 1916 1870 etc.
1955 1826 1987 1865 n
2021 1800 2097 1867 In
2153 1800 2371 1879 tertia,
2433 1797 2565 1865 ob‘-

1007 1916 1160 2004 jicit
1186 1936 1308 2004 per
1329 1912 1538 1980 verba
1571 1910 1834 2006 Hilarii,
1870 1932 2022 2000 quae
2054 1907 2413 1999 specialem
2447 1905 2565 1972 ha·

1015 2022 1178 2091 bent
1218 2018 1712 2103 difficultatem,
1775 2017 1891 2094 ibi,
1947 2016 2029 2100 G,
2102 2042 2135 2081 α
2178 2016 2359 2084 Huic
2406 2037 2560 2082 vero

1017 2132 1225 2198 etiam
1274 2129 1353 2196 id
1401 2128 1850 2207 contrarium,
1896 2133 2020 2216 etc.
2068 2148 2100 2189 ι
2158 2123 2233 2189 In
2290 2130 2556 2213 quarta,

1016 2237 1220 2306 solvit
1260 2260 1379 2327 per
1413 2234 1623 2304 verba
1677 2232 2004 2323 ejusdem,
2048 2230 2167 2309 ibi,
2211 2231 2298 2311 H,
2355 2256 2387 2294 α
2421 2229 2565 2299 Sed

1015 2348 1183 2439 quia
1212 2347 1350 2415 haec
1379 2344 1579 2413 verba
1614 2367 1778 2412 sane
1815 2343 1966 2411 vult
1994 2341 2316 2432 iaezeelliqi,
2353 2349 2481 2408 etc.
2522 2366 2553 2400 »

1454 2766 1956 2837 An'rlcuhcs
1991 2765 2105 2833 vt.

1014 2985 1092 3052 In
1123 2982 1373 3076 quibus
1400 2979 1793 3050 nominibus
1821 2980 2069 3072 quibus
2109 2982 2559 3048 nominantur

1096 3115 1400 3185 personae
1436 3091 1709 3173 divinae,
1760 3089 1856 3156 est
1886 3088 2117 3179 major
2139 3091 2552 3180 propriam,

1104 3210 1166 3267 et
1197 3202 1268 3267 in
1296 3199 1546 3291 quibus
1576 3199 1799 3264 minor
1824 3193 1863 3263 Ρ

1104 3535 1412 3630 Dubium·
1435 3535 1666 3603 incidit
1693 3533 1804 3603 liic
1833 3537 2053 3627 primo
2094 3534 2173 3604 de
2206 3533 2332 3604 hoc
2373 3538 2556 3627 quod

1013 3644 1215 3713 dicit:
1253 3669 1288 3708 ι
1330 3644 1690 3735 Sapientia
1719 3644 1804 3710 de
1828 3644 2194 3735 sapientia,
2229 3654 2355 3712 ete.
2395 3675 2426 3706 »

1096 3753 1440 3833 Quaeritur
1476 3754 1659 3821 enim
1718 3754 1786 3821 in
1845 3753 2091 3844 quibus
2164 3755 2559 3822 nominibus

1013 3866 1100 3933 sit
1133 3866 1351 3956 major
1380 3864 1780 3955 proprietas»,
1813 3872 1875 3930 et
1910 3864 1976 3931 in
2008 3862 2254 3955 quibus
2279 3866 2560 3932 minor?

1108 4078 1504 4157 Pnaerrzam,
1564 4077 1885 4168 Magister
1956 4099 2156 4167 supra
2232 4079 2401 4147 dixit
2492 4082 2560 4148 in

1016 4189 1277 4256 ratione
1305 4189 1526 4278 prima
1556 4208 1760 4276 qnam
1792 4185 2069 4253 adduxit
2124 4186 2208 4253 ad
2261 4188 2558 4278 primum

1016 4293 1398 4387 problema,
1436 4292 1611 4384 qnod
1651 4293 1706 4358 si
1739 4292 1941 4360 Pater
1975 4295 2319 4385 genuisset
2380 4295 2564 4362 ‹livi-

1015 4427 1178 4473 nam
1208 4402 1592 4478 essentiam,
1631 4400 1814 4491 quod
1844 4400 2074 4469 divina
2116 4406 2406 4472 essentia
2456 4428 2561 4474 re·

1015 4511 1220 4580 lative
1275 4510 1610 4580 diceretur
1664 4508 1747 4576 ad
1827 4507 2119 4578 Patrem.
2223 4510 2564 4590 Quaeritur

1018 4642 1182 4711 ergo
1214 4619 1268 4687 si
1309 4618 1391 4687 de
1422 4616 1528 4685 his
1559 4616 1787 4707 aliquo
1820 4616 2024 4686 modo
2065 4616 2348 4697 dicatur,
2376 4622 2559 4712 qnod

1015 4725 1295 4794 relative
1371 4723 1684 4791 dicuntur
1735 4744 1752 4787 :
1825 4730 1890 4790 et
1946 4722 2002 4787 si
2064 4722 2294 4814 aliquo
2357 4726 2561 4795 modo

1019 4833 1150 4903 hoc
1180 4835 1264 4899 sit
1295 4831 1804 4901 concedendum
1826 4832 1862 4897 ‘t'

1117 4943 1172 5007 l.
1213 4939 1408 5019 ltem,
1443 4936 1594 5005 Non
1626 4936 1891 5005 videtur
1919 4941 2108 5030 sequi
2159 4940 2414 5032 aliquid
2457 4944 2565 5009 in·

1018 5046 1431 5117 conveniens
1490 5067 1571 5112 ex
1636 5042 1739 5111 his
1807 5067 1956 5135 quae
1998 5043 2318 5138 Magister
2355 5049 2558 5118 dicit:

1018 5154 1203 5222 Dens
1233 5153 1413 5220 enim
1445 5151 1666 5219 Deum
1696 5151 1930 5242 genuit
1960 5175 1975 5220 :
2018 5163 2083 5219 et
2123 5163 2348 5223 tamen
2383 5155 2565 5224 Deus

1021 5286 1161 5332 non
1198 5261 1442 5330 dicitur
1481 5260 1797 5329 relative:
1832 5283 1993 5353 ergo
2050 5262 2316 5330 videtur
2369 5268 2578 5333 simi-4

1021 5371 1176 5440 liter
1239 5368 1421 5460 quod
1472 5369 1801 5458 sapientia
1857 5370 2255 5460 sapientiam
2303 5396 2569 5462 genne-

1023 5482 1132 5563 rit,
1176 5485 1244 5547 et
1280 5478 1570 5544 essentia
1611 5479 2014 5545 essentiam:
2053 5489 2119 5547 et
2145 5488 2376 5548 tamen
2425 5503 2566 5548 non

1023 5590 1265 5658 dicitur
1293 5586 1594 5656 relative.

1113 5697 1179 5761 2.
1212 5694 1413 5779 Item,
1446 5694 1627 5762 Dens
1657 5692 1870 5762 Deum
1910 5697 2143 5784 genuit
2173 5720 2188 5765 :
2221 5706 2287 5765 et
2333 5706 2564 5766 tamen

2679 1163 2938 1231 sentiae.

2769 1277 2832 1342 3.
2868 1274 3067 1352 Item,
3104 1271 3304 1351 Quod
3344 1271 3505 1338 dicit
3535 1267 3859 1358 Magister
3887 1263 3968 1331 de
3999 1247 4230 1342 cansa,
4263 1323 4274 1336 ,

3742 1376 3902 1464 quia
3988 1365 4270 1439 deitate?

2677 1406 2817 1450 non
2909 1381 3180 1449 videtur
3273 1379 3671 1467 impedire:

2676 1489 2861 1556 Deus
2899 1488 3107 1554 Pater
3139 1486 3322 1553 Dens
3356 1494 3492 1551 est:
3538 1492 3602 1550 et
3634 1491 3860 1548 tamen
3901 1476 4264 1545 habemus·

2675 1599 2805 1667 hoc
2846 1597 2928 1664 ab
2959 1598 3379 1687 Angustiae,
3417 1592 3596 1683 quod
3638 1591 3850 1659 deitas
3887 1594 4231 1655 'nata-est.

2761 1706 2826 1773 4.
2890 1703 3088 1784 Item,
3121 1701 3289 1769 Cum
3334 1701 3602 1780 dicitnr,
3639 1701 3823 1766 Deus
3860 1699 4084 1764 Deum
4113 1716 4268 1781 96--

2671 1813 2849 1889 nuit,
2883 1834 3023 1879 non
3055 1810 3302 1878 dicitnr
3322 1817 3598 1899 propter
3619 1805 3749 1873 hoc
3777 1803 3960 1894 qnod
3986 1803 4127 1891 ipse
4150 1822 4231 1867 eo
4258 1833 4266 1843 ·

2671 1921 2853 2011 quod
2876 1921 3139 2011 gennit,
3164 1927 3229 1984 et
3248 1919 3333 1984 sit
3356 1927 3422 1984 et
3440 1916 3621 1983 Deus
3637 1915 3747 1997 sit,
3767 1911 3918 1979 lieet
3941 1911 4029 1978 sit
4049 1909 4228 1976 idem

2673 2028 2857 2098 Dens
2896 2052 3054 2097 cum
3090 2028 3234 2118 ipso
3267 2048 3470 2116 quem
3512 2023 3746 2114 gennit
3778 2045 3792 2089 :
3826 2042 3987 2110 ergo
4028 2042 4068 2086 a
4131 2019 4232 2084 si-

2672 2138 2813 2207 mili
2857 2161 2996 2206 non
3051 2145 3451 2226 sequeretur
3517 2132 3623 2199 hic
3693 2130 3819 2197 hoc
3896 2132 4265 2196 inconve-·

2670 2250 2888 2326 nienS,
2926 2255 3001 2314 nt
3030 2249 3085 2313 si
3135 2246 3425 2312 essentia
3492 2243 3721 2333 genita
3778 2246 3977 2320 esset,
4039 2234 4225 2326 quod

2667 2357 2850 2423 Deus
2890 2377 2971 2423 eo
3014 2352 3198 2443 qnod
3262 2352 3523 2442 genuit,
3566 2359 3626 2416 et
3698 2355 3898 2426 esset,
3932 2353 3997 2413 et
4040 2341 4267 2410 Dens»

2666 2471 2866 2532 esset.

2759 2674 3070 2742 Somno.
3135 2669 3539 2744 Dicendum,
3611 2667 3794 2759 qnod
3861 2666 4081 2752 major
4152 2672 4219 2731 et

2667 2784 2891 2851 minor
2946 2791 3048 2849 est
3124 2781 3501 2871 proprietas
3532 2780 3599 2845 in
3656 2773 4046 2864 hujusmodi
4081 2783 4264 2839 ter--

2665 2892 2896 2968 minis,
2940 2892 3008 2957 in
3051 2897 3383 2979 qnantum
3417 2887 3636 2976 magis
3661 2894 3727 2952 et
3757 2885 3984 2950 minns
4023 2880 4223 2949 elon-

2664 3005 2913 3088 gantur
2962 3018 3003 3062 a
3053 2994 3427 3085 suppositis
3478 3015 3628 3082 qua}
3671 3000 3832 3058 sunt
3871 3012 3989 3079 per
4017 3011 4089 3056 se
4119 2989 4225 3054 si-

2663 3112 2868 3197 gnata
2906 3102 3050 3169 suis
3080 3101 3650 3192 proprietatibus:
3688 3097 3865 3164 unde
3893 3098 4020 3162 ista
4069 3117 4224 3185 pro·

2664 3213 3004 3305 priissima
3035 3219 3162 3293 est,
3201 3210 3402 3277 Pater
3445 3209 3677 3299 gennit
3730 3205 4000 3273 Filium.
4058 3203 4224 3271 llaec

2675 3331 2903 3390 antem
2992 3321 3222 3387 minus
3307 3318 3603 3410 propria,
3717 3315 3904 3383 Deus
3984 3313 4224 3404 genuit

2665 3431 2932 3501 Deum:
2977 3439 3206 3498 tamen
3249 3430 3407 3520 qnia
3441 3427 3506 3518 ty
3547 3430 3733 3495 Deus
3771 3424 3929 3493 dicit
3961 3422 4225 3491 liaben-

2667 3549 2803 3609 tem
2845 3539 3195 3615 deitatem,
3226 3537 3475 3605 claudit
3512 3536 3576 3602 in
3646 3558 3716 3602 se
3791 3531 4220 3622 suppositum

2668 3645 3043 3716 secundum
3089 3644 3279 3713 illum
3315 3644 3592 3710 modum
3626 3638 4050 3731 signiticandi
4083 3660 4221 3728 quo

2667 3764 2798 3821 stat
2867 3753 2994 3821 snb
3053 3761 3322 3827 natura,
3385 3761 3448 3818 et
3516 3748 3668 3817 ideo
3713 3748 3913 3816 habet
3945 3749 4011 3813 in
4054 3769 4126 3814 se
4158 3743 4262 3811 id.

2667 3863 2851 3955 quod
2905 3861 3352 3951 distinguitur
3411 3862 3475 3925 in
3537 3857 3997 3947 generatione,
4050 3863 4115 3921 et
4156 3852 4225 3920 id

2670 3972 2874 4039 etiam
2942 3968 3127 4059 qnod
3200 3966 3379 4033 idem
3449 3974 3548 4032 est
3616 3966 3682 4030 in
3749 3972 4117 4054 generante
4157 3970 4222 4029 et

2668 4083 2951 4173 genito:
3024 4088 3086 4147 et
3150 4079 3301 4146 ideo
3381 4080 3505 4146 ista
3537 4077 3961 4168 loquentium
3997 4075 4064 4140 in
4098 4095 4224 4140 usu

2669 4189 3074 4258 admittitur.
3122 4186 3197 4254 Si
3230 4196 3461 4253 tamen
3501 4185 3568 4251 in
3611 4182 3948 4251 similibus
3980 4189 4229 4249 exten-
4289 4196 4292 4201 ·

2673 4309 2856 4367 retur
2927 4298 3049 4377 sic,
3148 4295 3436 4384 Sapiens
3521 4294 3752 4381 gennit
3820 4290 4221 4381 sapientem,

2670 4415 2734 4474 et
2766 4413 3009 4495 potens
3040 4411 3416 4493 potentem,
3460 4411 3617 4480 ete.,
3679 4422 3917 4467 onmes
3977 4398 4228 4488 recipe·

2672 4524 2904 4583 rentur
2978 4513 3107 4580 sub
3175 4511 3417 4579 eodem
3478 4509 3684 4576 modo
3748 4530 3762 4574 :
3821 4507 3971 4574 licet
4029 4507 4227 4574 aliter

2670 4621 3093 4713 significetur
3147 4618 3378 4686 divina
3438 4624 3677 4683 natura
3738 4616 3803 4681 in
3839 4614 3972 4681 illis
4000 4624 4065 4680 et
4096 4613 4224 4679 sub

2673 4730 2802 4797 lnoc
2833 4728 3113 4795 nomine
3174 4727 3384 4796 Deus,
3421 4749 3501 4790 eo
3559 4721 3740 4812 qued
3794 4722 4024 4788 omnia
4092 4719 4227 4787 lin-

2664 4837 2966 4927 jusmodi
3003 4836 3282 4903 nomina
3323 4834 3552 4901 dieunt
3587 4841 3896 4898 naturam
3940 4832 4007 4896 in
4056 4853 4229 4919 sup-

2675 4947 2897 5036 posito
2926 4943 3109 5035 quod
3144 4943 3650 5009 distinctionem
3692 4939 3759 5005 in
3791 4938 4230 5025 generatione

2676 5055 2949 5142 recipit:
2986 5052 3104 5120 sed
3136 5053 3188 5116 si
3221 5052 3638 5139 accipiantur
3667 5047 3945 5113 nomina
3976 5045 4232 5113 abstra-

2672 5172 2780 5229 cte
2813 5161 3021 5228 modo
3055 5159 3463 5249 significata,
3501 5165 3570 5231 nt
3601 5154 3920 5235 essentia,
3954 5156 4231 5243 sapien-

2676 5271 2791 5344 tia,
2827 5276 2984 5348 etc.‚
3032 5263 3552 5353 intelligendum
3585 5258 3766 5350 quod
3812 5260 4060 5350 duplex
4128 5270 4232 5327 est
4307 5300 4311 5304 -

2675 5376 3067 5456 abstracti0‚
3148 5371 3400 5440 scilicet
3469 5391 3507 5436 a
3579 5367 3908 5455 subjectu,
3993 5377 4058 5435 et
4144 5366 4229 5435 ab

2674 5492 2868 5551 actu:
2905 5480 3278 5569 asubjecto
3347 5478 3530 5546 enim
3589 5476 3821 5544 onmia
3878 5474 4234 5567 aequaliter

2676 5590 2911 5658 dieunt
2951 5589 3508 5664 abstractionem,
3550 5584 3667 5652 sed
3708 5606 3846 5652 non
3903 5582 3987 5651 ab
4028 5594 4226 5654 actu:

2680 5696 2782 5766 est'
2809 5697 2994 5764 enim
3025 5695 3362 5787 sapientia
3401 5691 3485 5761 ad
3542 5701 3767 5761 actum
3835 5692 4225 5783 specialem,

4073 323 4258 419 ‚183‘

4322 2650 4517 2698 solutio.
