4897 6388
822 2699 905 2746 Ad
932 2701 975 2745 2.

2009 332 2104 400 IN
2149 332 2181 399 I
2231 331 2632 400 SENTENT

1084 507 1718 597 processibilitatem
1750 528 1763 570 :
1801 514 1866 572 et
1895 506 2077 572 sicin
2106 504 2627 572 innascibilitate

1085 615 1488 705 intelligitur
1529 603 2147 702 improcessibilitas
2185 635 2199 678 z
2252 622 2319 680 et
2356 612 2499 681 haec
2528 619 2629 682 est

1083 722 1338 789 solutio
1381 719 1860 810 quorumdam,
1897 728 1960 786 et
2001 742 2141 786 non
2179 720 2357 788 valet
2408 744 2422 786 :
2468 722 2628 811 quia

1085 853 1241 896 cum
1284 830 1554 907 dicitur,
1608 828 1789 917 quod
1834 851 1951 917 per
2013 831 2444 919 negationem
2496 831 2630 896 mi-

1084 961 1211 1004 nus
1258 958 1627 1005 commune
1653 936 1938 1004 efficitur
1977 938 2190 1027 magis
2236 960 2623 1017 commune,

1084 1067 1224 1112 non
1268 1043 1672 1134 intelligitur
1701 1042 1830 1111 hoc
1859 1045 1985 1111 nisi
2025 1044 2108 1112 de
2149 1047 2515 1135 suppositis
2546 1046 2628 1113 de

983 1188 988 1192 ·
1088 1155 1338 1245 quibus
1360 1155 1632 1240 dicitur,
1667 1155 1852 1245 quod
1879 1153 2010 1223 hoc
2032 1155 2112 1223 de
2139 1155 2447 1245 pluribus
2472 1164 2631 1246 pot-

1086 1271 1188 1331 est
1234 1263 1592 1354 praedicari
1623 1285 1826 1353 quam
1876 1262 2037 1330 illud
2087 1285 2103 1331 t
2166 1271 2234 1330 et
2261 1286 2398 1331 non
2446 1265 2631 1354 quod

1088 1371 1324 1461 ipsum'
1381 1378 1679 1461 ponatur
1745 1372 1809 1436 in
1885 1369 2227 1437 intellectu
2303 1368 2482 1438 illius
2555 1378 2631 1437 ut

1086 1501 1243 1569 pars
1290 1502 1305 1547 ε
1340 1478 1502 1547 licet
1530 1472 1714 1546 enim
1745 1477 1951 1545 homo
1991 1479 2079 1545 sit
2103 1500 2260 1568 pars
2290 1477 2625 1559 animaliS,

1087 1597 1154 1657 et
1191 1588 1425 1679 posito,
1461 1586 1741 1655 homine
1774 1596 2064 1676 ponatur
2092 1586 2344 1654 animal
2379 1609 2394 1653 t
2440 1597 2506 1656 et
2533 1589 2632 1655 si-

1089 1697 1343 1766 militer
1380 1697 1603 1788 posito
1648 1720 1784 1764 non
1823 1695 2124 1776 animali,
2171 1697 2446 1787 ponitur
2492 1719 2631 1764 non

1088 1806 1300 1876 homo
1345 1829 1362 1874 :
1427 1829 1567 1874 non
1631 1811 1857 1877 tamen
1914 1811 2016 1875 est
2053 1830 2207 1896 pars
2263 1829 2417 1897 quae
2455 1807 2635 1875 cadit

1087 1913 1541 1983 essentialiter
1576 1913 1702 1981 sub
1734 1937 1873 1981 non
1915 1913 2190 1981 homine
2235 1935 2251 1983 τ
2292 1908 2635 1982 sicut‘lio-

1089 2045 1205 2090 mo
1237 2020 1365 2089 sub
1405 2019 1688 2088 animali
1714 2044 1835 2112 per
1864 2019 2044 2111 quod
2084 2019 2431 2089 dillinitur.

1181 2130 1552 2208 Praeterea,
1615 2127 1761 2220 Ego
1808 2149 1990 2219 pono
2039 2126 2488 2216 objectionem
2550 2129 2634 2197 de

1090 2236 1535 2330 inspirabilis,
1569 2259 1721 2329 quae
1749 2237 1968 2327 posita
2001 2244 2102 2304 est
2136 2237 2219 2305 de
2259 2235 2635 2329 improces-

1089 2344 1309 2414 sibilis
1353 2368 1370 2414 :
1404 2353 1471 2413 et
1500 2352 1664 2413 tunc
1695 2366 1833 2411 non
1861 2343 2039 2412 valet
2068 2344 2317 2412 solutio
2348 2367 2629 2415 eorum:

1089 2453 1210 2522 sed
1260 2459 1535 2543 oportet
1590 2450 1808 2520 redire
1866 2450 1952 2519 ad
1998 2453 2289 2542 primam
2355 2450 2635 2521 solutio-

1088 2584 1274 2630 nem.

1181 2671 1284 2738 Au
1323 2692 1523 2738 amun
1578 2668 1963 2748 dicendum,
2008 2669 2189 2760 quod
2253 2671 2630 2762 ingenitum

1089 2777 1469 2847 secundum
1536 2777 1721 2869 quod
1793 2777 2245 2846 communiter
2315 2779 2635 2846 convenit

1091 2884 1276 2954 l‘atri
1320 2894 1389 2954 et
1446 2883 1730 2976 Spiritui
1779 2892 2048 2962 sanc-to,
2097 2884 2469 2953 secundum
2525 2885 2636 2952 in-

1089 2991 1438 3062 tellectum
1471 2991 1898 3084 Hieronymi,
1941 3014 2078 3059 non
2110 2997 2211 3059 est
2248 2994 2436 3060 notio
2480 3014 2497 3059 :
2540 2982 2652 3060 sic
2685 2999 2691 3006 ’

1089 3101 1274 3170 enim
1316 3107 1585 3167 tantum
1616 3097 1795 3167 valet
1833 3106 2161 3189 quantum
2210 3120 2348 3167 non
2391 3120 2511 3168 ens
2547 3097 2633 3166 ab

1087 3210 1224 3280 alio
1256 3233 1377 3302 per
1435 3211 1971 3302 generationem,
2015 3210 2104 3277 ita
2142 3208 2326 3300 quod
2365 3211 2634 3302 negatio

1088 3320 1406 3410 respiciat
1442 3328 1669 3388 totum
1708 3319 2120 3408 conjunctim
2158 3340 2175 3383 τ
2218 3326 2284 3387 et
2326 3316 2459 3386 hoc
2497 3342 2635 3387 non

1087 3434 1188 3494 est
1211 3426 1537 3518 dignitas,
1571 3426 1733 3517 quia
1762 3447 1899 3492 non
1941 3433 2042 3491 est
2068 3422 2154 3491 ab
2182 3422 2317 3492 alio
2365 3446 2488 3515 per
2512 3447 2637 3516 ge-

1085 3533 1538 3610 nerationem,
1601 3533 1765 3623 quin
1813 3530 2008 3599 valde
2066 3530 2338 3621 indigne
2393 3540 2495 3599 est
2548 3530 2635 3600 ab

2637 382 2653 398 .
2702 329 2933 399 DIST.
2986 332 3177 411 XIII,
3230 333 3307 401 F.
3414 394 3455 406 ..

4161 334 4288 402 385
4362 322 4367 327 ’

2739 505 2900 583 alio,
2937 513 3009 572 ut
3049 513 3232 594 patet
3269 507 3339 572 in
3387 505 3714 594 exemplis
3771 506 4163 596 Augustini,
4215 515 4290 572 ut
4406 521 4416 530 ·

2738 614 2993 680 vermis
3032 611 3405 680 lumbricus
3437 621 3539 680 est
3568 636 3706 680 non
3736 612 3819 680 ab
3852 614 3985 680 alio
4017 619 4139 703 pei·
4166 636 4290 703 ge-

2741 720 3190 802 nerationem,
3236 719 3354 786 sed
3392 719 3475 787 ab
3518 718 3651 786 alio
3697 742 3817 810 per
3854 719 4289 809 putrefactio-

2739 849 2898 892 nem
2935 849 2951 893 :
2987 835 3052 893 et
3086 826 3236 893 ideo
3278 825 3464 893 nulla
3519 835 3619 893 est
3672 828 3959 916 quaestio
4007 825 4290 893 ulterius

2740 933 2821 1001 de
2859 933 3314 1023 processibilis
3346 932 3453 1001 vel
3486 933 3924 1023 inspirabilis.

2828 1157 2932 1224 An
2980 1181 3044 1224 m
3083 1158 3267 1248 quod
3307 1158 3587 1226 ulterius
3637 1158 3982 1248 quaeritur,
4043 1158 4289 1226 Utrum
4343 1192 4408 1237 Ad
4441 1197 4613 1250 qum„

2744 1264 2947 1332 Pater
2975 1273 3038 1331 et
3069 1265 3279 1332 Filius
3309 1265 3574 1356 possint
3627 1264 3759 1332 dici
3807 1265 3988 1333 idem
4033 1267 4293 1355 princi-

2740 1373 2931 1461 pium
3001 1370 3295 1460 Spiritus
3344 1373 3615 1439 sancti?
3681 1370 3843 1439 Sine
3900 1372 4291 1461 praejudicio

2741 1479 2921 1564 dico,
2963 1479 3148 1570 quod
3193 1502 3333 1548 non
3368 1503 3385 1547 ε
3432 1489 3501 1547 et
3539 1479 3672 1549 hoc
3716 1489 3995 1571 propter
4038 1484 4297 1549 articu-

2741 1586 2885 1653 lum
2916 1587 3031 1676 qui
3059 1586 3395 1654 clauditur
3432 1586 3503 1655 in
3529 1588 3870 1655 intellectu
3918 1588 4065 1677 ejus
4112 1589 4297 1679 quod

2743 1705 2845 1764 est
2882 1696 3090 1775 idem,
3152 1698 3267 1787 qui
3334 1697 3612 1765 denotat
3677 1698 4100 1770 identitatem
4141 1721 4297 1788 sup·

2744 1807 2948 1895 positi
2987 1815 3053 1872 et
3081 1828 3389 1895 personae
3425 1828 3443 1873 ε
3477 1805 3681 1875 Pater
3717 1814 3945 1875 autem
3985 1815 4050 1876 et
4082 1807 4294 1875 Filius

2742 1911 2903 1981 licet
2955 1912 3091 1980 sint
3129 1936 3305 1981 uuus
3359 1913 3572 1998 DeuS,
3633 1937 3772 1983 non
3825 1923 4059 1984 tamen
4108 1913 4295 1983 idem

2746 2019 2954 2102 DeuS,
2990 2020 3364 2090 masculine
3393 2022 3822 2114 suscipiendo
3853 2021 3924 2113 ly
3955 2023 4136 2090 idem
4179 2045 4193 2089 :
4230 2030 4298 2090 et

2743 2128 3056 2196 similiter
3092 2125 3249 2196 licet
3275 2129 3411 2197 sint
3440 2152 3656 2197 unum
3685 2130 4121 2221 principium,
4155 2152 4297 2197 non

2744 2245 2974 2304 tamen
3017 2235 3194 2304 idem
3243 2237 3653 2328 principium
3697 2260 3714 2304 ε
3766 2240 3926 2328 quia
3982 2261 4123 2306 non
4180 2261 4302 2307 ea-

2745 2343 2899 2411 dem
2938 2366 3258 2434 persona,
3299 2345 3421 2413 sed
3455 2345 3585 2436 ipsi
3615 2344 3768 2413 duze
3807 2368 4115 2436 personae
4140 2355 4299 2414 sunt

2745 2473 2958 2519 unum
2984 2451 3420 2541 principium.

2834 2569 2938 2637 An
2985 2592 3049 2636 m
3088 2568 3272 2660 quod
3309 2578 3548 2637 contra
3603 2570 3943 2660 objicitur,
4008 2595 4293 2663 respon·
4346 2589 4427 2638 Ad
4445 2586 4624 2647 object.

2743 2676 3043 2746 dendum
3101 2683 3201 2747 e'st
3256 2686 3331 2747 ut
3385 2664 3592 2770 supra
3621 2685 3665 2757 ¹,
3710 2679 3894 2771 quod
3933 2703 4057 2750 nec
4115 2681 4294 2750 idem

2743 2786 3155 2878 principium
3185 2795 3346 2857 sunt
3392 2809 3517 2856 nec
3554 2787 3898 2858 diversum
3944 2811 3959 2858 ε
4004 2790 4165 2881 quia
4201 2791 4303 2859 di·

2744 2915 3019 2962 versum
3059 2894 3271 2986 exigit
3298 2893 3641 2964 alietatem
3683 2895 3920 2965 formae
3962 2920 4114 2989 quae
4164 2920 4299 2967 non

2745 3008 2846 3068 est
2877 3000 2967 3067 ibi
3030 3011 3064 3069 τ’
3103 3000 3283 3069 idem
3320 3010 3549 3071 autem
3606 3002 3818 3094 exigit
3874 3003 4300 3074 identitatem

2746 3126 3053 3194 persona⁸
3085 3127 3236 3196 quae
3273 3107 3517 3174 iterum
3541 3116 3803 3176 nonest
3833 3107 3925 3176 ibi
3970 3130 3986 3175 ε
4021 3117 4089 3178 et
4115 3108 4303 3202 quod

2746 3213 2907 3282 dicit
2948 3212 3430 3305 Philosophus,
3473 3215 3658 3307 quod
3714 3217 3892 3286 idem
3951 3227 4017 3286 et
4072 3217 4305 3286 diver-

2745 3344 2899 3390 sum
2956 3334 3337 3412 sequuntur
3396 3345 3599 3390 omne
3659 3347 3780 3394 ens
3827 3326 3897 3392 in
3965 3333 4300 3417 quantum

2746 3453 2893 3514 ena,
2961 3430 3347 3514 dicendum,
3391 3431 3575 3523 quod
3625 3432 3939 3524 intelligit
3990 3431 4072 3501 de
4109 3455 4303 3502 crea-

2748 3536 2855 3612 tis,
2900 3546 2964 3604 et
2998 3559 3131 3605 non
3170 3536 3254 3606 de
3292 3539 3602 3629 personis
3642 3539 3978 3608 increatis.

1190 4192 1270 4266 F.
1313 4189 1542 4282 Quod
1578 4190 2103 4289 Hieronymus
2143 4186 2333 4261 dicit
2360 4187 2744 4286 Spiritum
2776 4194 3123 4260 sanctum
3160 4186 3615 4282 inyem‘lmu,
3660 4186 3864 4285 quod
3899 4186 4201 4262 videtur

2253 4321 2654 4420 praedictis
2685 4318 3107 4396 adversari.

1193 4672 1719 4770 Hieronymus
1761 4680 2007 4744 tamen
2044 4669 2119 4743 in
2155 4668 2438 4765 regulis
2468 4667 3015 4742 ‹listinitiomim
3050 4678 3315 4742 eontra
3360 4668 3789 4762 tum-eniens,
3832 4669 4015 4745 dicit
4055 4669 4304 4770 Spiri-

1099 4820 1256 4883 tum
1303 4817 1661 4883 sanetum
1705 4804 2128 4900 ingenitum
2161 4799 2366 4899 esse,
2397 4803 2515 4879 his
2568 4784 2873 4879 verbis:
2920 4803 3257 4902 Spiritus
3303 4814 3620 4878 sanetus
3660 4803 3891 4880 Pater
3946 4829 4101 4880 non
4154 4816 4298 4899 est,

1092 4944 1225 5020 sed
1267 4943 1662 5040 ingenitus
1692 4952 1921 5040 atque
1965 4939 2312 5014 intectus.
2353 4938 2579 5013 Pater
2611 4963 2763 5013 non
2797 4948 2941 5032 est,
2977 4937 3156 5037 quia
3193 4938 3442 5012 Patris
3481 4949 3619 5024 est,
3659 4949 3731 5015 et
3761 4939 3834 5013 in
3874 4940 4099 5017 Patre
4138 4951 4297 5016 est:

1099 5078 1673 5181 processionem
1719 5075 1941 5151 habet
2011 5099 2100 5150 ex
2161 5074 2411 5169 Patre,
2474 5084 2545 5149 et
2615 5096 2768 5147 non
2843 5071 3347 5149 nativitatem.
3396 5072 3636 5148 Filius
3676 5085 4122 5150 autemnon
4156 5087 4301 5170 est,

1099 5216 1282 5315 quia
1314 5215 1628 5313 genitus
1659 5237 1814 5287 non
1854 5222 1994 5288 est.
2038 5211 2224 5286 Ecce
2258 5210 2378 5285 his
2407 5209 2665 5293 verbis
2695 5208 2977 5283 dicitur
3014 5209 3350 5309 Spiritus
3405 5220 3721 5286 sanctus
3772 5235 3943 5288 esse
3999 5212 4308 5309 iugeni-

1102 5365 1225 5428 tus
1256 5375 1273 5427 ε
1312 5350 1520 5450 quod
1554 5349 1858 5424 videtur
1895 5346 2281 5423 adversari
2325 5343 2747 5446 pra-missis
2787 5346 3046 5422 verbis
3075 5346 3516 5443 Augustini.

1176 5696 1192 5731 ¹
1223 5694 1311 5753 Cl’.
1346 5694 1561 5767 Supra,
1596 5689 1740 5747 nist.
1777 5688 1839 5742 V.

1365 5828 1475 5871 XXV
