4897 6388
255 1287 442 1339 Quoest.
470 1285 510 1331 8.

163 1832 172 1840 ·
277 1818 474 1865 solutio.

582 345 711 411 324
817 297 822 302 ’

579 586 584 592 ,
633 480 980 587 -⁸4.·*1tem‚
1052 512 1270 578 Amor
1335 519 1600 579 oreatus
1666 512 1968 600 signum:
2027 517 2128 575 est

574 620 757 709 quod
812 620 1012 687 Pater
1054 628 1122 686 et
1163 619 1376 686 Filius
1418 627 1482 685 et
1536 617 1830 706 Spiritus
1856 623 2125 681 sanctus

572 716 864 821 diligunt
901 752 1012 798 se:
1058 752 1221 820 ergo
1289 728 1581 804 videtur,
1641 727 1822 814 quod
1881 746 2126 790 secun-

574 837 736 903 dum
777 837 907 905 hoc
938 838 1280 926 possimus
1330 835 1576 910 dicere,
1622 832 1797 921 quod
1839 832 2033 896 l’ater
2062 837 2127 895 et

575 943 785 1011 Filius
842 943 1135 1033 diligunt
1192 964 1265 1007 se
1349 962 1583 1006 amore
1640 948 1913 1005 creato:
1967 937 2122 1026 quia

576 1073 769 1118 amor
823 1057 1089 1117 creatus
1141 1048 1415 1137 signum
1476 1054 1575 1113 est
1643 1046 1826 1136 quod
1883 1044 2007 1133 ipsi
2053 1065 2123 1108 se

575 1155 887 1245 diligunt.
1274 1232 1286 1238 ⁶

661 1262 822 1329 Imm
861 1261 1191 1351 quaeritur
1219 1260 1422 1347 juxta
1452 1258 1581 1326 hoc
1621 1260 1677 1324 si
1711 1256 1851 1323 haec
1891 1277 2122 1322 eonce-

570 1369 771 1450 ditur‚
808 1370 1009 1437 Pater
1028 1375 1095 1434 et
1123 1366 1337 1433 Filius
1360 1365 1645 1455 diligunt
1671 1387 1742 1431 se
1766 1363 2123 1430 dilectione

571 1499 732 1567 quae,
756 1484 856 1544 est
901 1474 1197 1564 Spiritus
1228 1480 1529 1551 sanctus,
1564 1479 1629 1538 et
1660 1494 1809 1561 quae
1856 1473 1942 1536 sit
1972 1491 2124 1535 ma-

567 1570 669 1674 gis
698 1584 972 1675 propria
1000 1586 1035 1651 ¹?
1159 1639 1164 1645 .

660 1793 968 1862 Somno.
1031 1792 1415 1878 Dicendum
1495 1794 1640 1859 sine
1730 1789 2117 1881 praejudicio

567 1899 651 1969 ad
679 1901 979 1991 primum
1009 1898 1339 1967 salvando
1382 1898 1908 1988 Hieronymum,
1937 1896 2119 1987 quod

568 2008 862 2098 Spiritus
886 2015 1163 2075 sanctus
1204 2013 1306 2073 est
1338 2004 1608 2073 dilectio
1640 2027 1774 2095 qua
1817 2004 2016 2071 Pater
2054 2011 2121 2071 et

563 2117 773 2197 Filius
803 2117 1097 2208 diligunt
1145 2139 1265 2184 se:
1301 2116 1421 2183 sed
1467 2115 1552 2183 ad
1601 2114 2116 2204 intelligendum

559 2224 852 2316 qualiter
881 2223 1304 2314 ,hujusmodi
1370 2222 1752 2290 locutiones
1800 2230 1958 2289 sunt
1996 2242 2117 2288 ve-

562 2357 676 2413 rae,
740 2343 808 2403 et
871 2333 1164 2425 qualiter
1211 2340 1372 2401 suut
1417 2355 1458 2400 a
1522 2330 1933 2424 quibusdam
1994 2353 2118 2399 ne-

559 2451 758 2534 gatae,
792 2451 859 2511 et
915 2465 953 2509 a
993 2440 1404 2532 quibusdam
1451 2463 1815 2518 concessas,
1847 2461 2114 2530 praeno-

557 2551 865 2632 tandum,
917 2550 1104 2642 quod
1145 2573 1304 2620 cum
1350 2549 1622 2634 dicitur,
1656 2549 1856 2617 Pater
1895 2556 1961 2616 et
2000 2547 2051 2613 1⁴*
2057 2548 2116 2614 i-

554 2659 685 2728 lius
733 2659 1026 2750 diligunt
1073 2683 1145 2726 se
1199 2656 1460 2748 Spiritu
1519 2665 1779 2736 sauct0,
1825 2655 2110 2723 verbum

554 2766 864 2855 diliqunt
903 2774 1006 2833 est
1045 2764 1423 2843 notionale,
1470 2772 1537 2831 et
1586 2767 1911 2854 importat
1948 2786 2112 2852 pro-

554 2875 927 2941 cessionem
971 2872 1517 2963 Spiritussancti
1549 2871 1866 2948 activam,
1904 2879 1968 2937 et
2002 2873 2109 2944 in,-

554 3004 757 3071 super
786 2982 1108 3071 importat
1127 2979 1411 3047 modum
1441 2979 1894 3068 processionis
1924 2979 2101 3066 ejus:

553 3090 726 3157 sicut
753 3088 1068 3166 verbum,
1096 3101 1497 3176 yrum-atur,
1542 3109 1681 3155 non
1713 3096 1978 3153 tantum
2010 3085 2106 3153 di·

552 3198 643 3264 cit
680 3196 1184 3286 processionem
1220 3193 1369 3263 Filii
1400 3219 1441 3262 a
1493 3193 1713 3273 l‘atre,
1759 3193 1878 3261 sed
1926 3197 2105 3261 insu·

553 3328 673 3395 per
698 3304 860 3373 dicit
888 3305 1093 3372 etiam
1126 3302 1409 3370 modum
1442 3304 1893 3394 processionis
1926 3300 2098 3368 Filii.

552 3412 725 3492 Quia
756 3421 982 3480 autem
1016 3410 1261 3480 modus
1300 3412 1753 3502 processionis
1810 3410 2102 3500 Spiritus

548 3520 757 3586 sancti
808 3527 934 3598 est,
982 3516 1162 3607 quod
1208 3516 1513 3607 procedit
1549 3525 1620 3583 ut
1650 3537 1893 3584 amor:
1948 3515 2098 3582 ideo

549 3625 829 3693 modum
893 3623 1057 3692 dicit
1117 3625 1187 3690 in
1262 3623 1619 3714 principali
1688 3624 2093 3713 significato,

543 3732 1044 3823 processionem
1076 3740 1307 3798 autem
1342 3730 1501 3799 dicit
1542 3754 1625 3797 ex
1658 3731 2095 3820 consequenti

544 3838 916 3908 secuudum
984 3836 1432 3906 intellectum.
1498 3837 1793 3916 Quidam
1871 3845 2095 3903 autem

545 3945 966 4040 attendentes
1020 3954 1290 4013 tantum
1352 3946 1852 4035 processionem
1889 3944 2098 4033 signi·

545 4054 813 4122 licatam
846 4054 915 4119 in
965 4051 1206 4128 verbo,
1251 4051 1595 4142 negabant
1641 4052 1862 4130 istam,
1901 4048 2099 4117 l'ater

545 4173 607 4232 et
665 4163 875 4231 Pilius
942 4161 1234 4252 diligunt
1314 4184 1387 4228 se
1476 4160 1733 4249 Spiritu
1831 4169 2092 4236 sancto,

546 4281 820 4364 propter
856 4271 1275 4361 objectiones
1335 4270 1585 4337 lactas:
1657 4277 1722 4336 et
1754 4267 2093 4348 dixerunt,

545 4380 728 4472 quod
772 4383 1196 4470 Augustinus
1228 4378 1614 4446 retractavit
1656 4400 1806 4445 eam
1852 4379 1916 4442 in
1972 4399 2094 4442 suo

544 4490 774 4573 simili,
809 4489 1083 4580 quando
1148 4487 1406 4556 scilicet
1447 4488 1827 4555 retractavit
1894 4485 2091 4562 banc,

547 4598 748 4666 Pater
802 4606 902 4664 est
963 4597 1235 4687 sapiens
1292 4596 1626 4685 sapientia
1669 4595 1921 4685 genita.
1961 4591 2094 4659 Sed

543 4707 703 4797 quia
742 4728 879 4773 non
910 4713 1011 4772 est
1056 4703 1482 4772 consuetudo
1531 4702 1921 4789 Augustini,
1968 4702 2092 4767 nisi

544 4815 740 4881 saciat
779 4814 1200 4881 mentionem
1227 4812 1293 4878 in
1325 4810 1598 4901 speciali
1640 4810 1720 4876 de
1754 4810 1905 4891 isto,
1942 4808 2092 4876 ideo

544 4921 737 4990 aliter
761 4929 862 4990 est
893 4919 1283 4996 dicendum,
1327 4919 1488 5009 quia
1529 4917 1802 5009 quando
1825 4917 2090 4996 dicitur,

545 5027 746 5096 Pater
773 5037 841 5095 et
872 5025 1080 5095 Filius
1120 5025 1413 5114 diligunt
1441 5049 1512 5094 se
1544 5025 1800 5115 Spiritu
1832 5032 2088 5101 sancto,

544 5135 882 5204 ablativus
942 5137 1010 5202 in
1067 5133 1321 5224 duplici
1354 5131 1752 5200 habitudine
1782 5156 1852 5199 se
1892 5130 2094 5198 habet

543 5243 627 5312 ad
665 5243 977 5322 verbum,
1021 5242 1398 5310 secundum
1428 5241 1613 5332 quod
1654 5242 1790 5308 duo
1829 5251 1988 5310 sunt
2025 5244 2092 5308 in

540 5354 747 5422 verbo
778 5375 793 5421 ε
830 5361 929 5421 est
958 5354 1140 5422 enim
1176 5356 1241 5420 in
1265 5377 1347 5421 eo
1380 5352 1723 5442 processio
1754 5354 1994 5432 activa,
2028 5362 2094 5420 ct

609 5605 623 5639 ¹
655 5602 740 5657 Cf.
773 5599 950 5668 Infra,
984 5598 1128 5655 nist.
1161 5596 1489 5664 xxx111,in
1523 5597 1712 5669 primo
1742 5595 1920 5651 dubio
1937 5597 2088 5653 circa

531 5689 1208 5766 quartamopiuionem‚
1240 5689 1406 5744 Tom.
1452 5686 1627 5743 XXVI
1679 5687 1926 5760 hujusce
1975 5687 2094 5742 edi-

1589 340 1665 405 l).
1722 281 1921 405 ALB.
1975 337 2188 405 MAG.
2243 335 2448 404 ΟΜ).
2507 336 2800 404 PRAED.

2235 507 2318 574 ad
2350 507 2523 574 hanc
2561 532 2699 576 non
2738 469 3134 600 potestesse
3179 508 3516 576 ablativus
3546 512 3617 575 in
3654 508 3782 575 ha-

2232 613 2534 682 bitudine
2589 638 2811 683 causae
2870 616 3203 705 alicujus:
3256 617 3374 685 sed
3417 619 3543 685 erit
3582 618 3774 708 quasi

2231 723 2300 787 in
2334 725 2590 790 ratione
2621 725 2999 814 principiati
3044 726 3152 792 vel
3182 727 3381 817 signi,
3418 725 3590 792 sicut
3619 724 3778 791 dicit

2228 829 2691 896 Twnacensis.
2747 830 2882 898 Sed
2913 837 3070 921 quia
3106 833 3236 918 hoc
3276 857 3413 901 nou
3453 844 3553 903 est
3592 836 3772 925 prin-

2233 936 2443 1024 cipale
2492 936 2945 1026 significatum
3012 941 3080 1005 in
3124 939 3359 1022 verbo,
3402 941 3517 1008 sed
3550 942 3773 1030 potius

2235 1043 2474 1110 modus
2498 1046 2989 1134 processionis:
3045 1046 3196 1114 ideo
3239 1044 3573 1115 ablativus
3626 1057 3773 1138 pot-

2232 1158 2429 1216 estse
2471 1150 2716 1219 habere
2749 1153 2815 1218 in
2845 1155 3104 1220 ratione
3144 1175 3363 1221 causae
3405 1155 3595 1243 quasi
3643 1155 3773 1221 for-

2231 1256 2426 1324 malis
2465 1258 2548 1324 ad
2579 1258 2858 1355 verbum
2889 1284 2904 1327 :
2938 1262 3109 1328 sicut
3139 1260 3453 1329 dixerunt
3494 1261 3766 1351 quidam

2230 1363 2366 1430 alii.
2411 1363 2773 1442 Quomodo
2821 1376 3045 1434 autem
3095 1367 3338 1436 debeat
3383 1367 3667 1459 intelligi
3702 1370 3769 1435 in

2229 1474 2482 1541 ratione
2557 1498 2777 1543 causae
2817 1479 3006 1567 quasi
3054 1477 3358 1545 formalis
3406 1477 3765 1562 ablativu5‚
3885 1534 3919 1564 .,

2228 1582 2602 1651 declaratur
2634 1585 2804 1652 infra
2837 1590 2853 1623 ¹
2883 1609 2906 1653 .·
2939 1595 3004 1653 et
3032 1589 3127 1654 sic
3165 1596 3657 1677 consequenter
3685 1587 3769 1654 ad

2225 1693 2431 1760 finem
2462 1693 2672 1762 dubii.

2313 1800 2416 1866 An
2466 1824 2528 1867 m
2582 1825 2745 1892 ergo
2803 1803 2984 1892 quod
3021 1805 3243 1892 primo
3288 1804 3625 1892 objicitur,
3658 1805 3767 1871 di-

2225 1907 2513 1974 cendum
2553 1908 2733 1998 quod
2766 1932 2843 1977 ex
2879 1910 2990 1976 illa
3030 1910 3373 1979 locutione
3419 1934 3569 1993 non,
3600 1913 3768 1979 acci-

2222 2017 2426 2105 pitur,
2506 2016 2721 2105 quod,
2764 2015 2973 2084 Filius
3057 2019 3340 2109 accipiat
3433 2018 3762 2109 Spiritum

2224 2129 2535 2190 sanctum
2567 2145 2608 2189 a
2638 2121 2838 2191 Patre
2858 2131 3207 2213 tamquam
3233 2148 3370 2193 non
3409 2124 3759 2193 habitum:

2224 2229 2337 2296 sed
2379 2231 2605 2319 potius
2658 2232 2941 2320 accipiat
2981 2231 3063 2298 ab
3113 2234 3285 2322 ipse,
3334 2233 3519 2323 quod
3566 2232 3649 2301 ab
3682 2255 3763 2301 eo

2222 2336 2533 2425 procedat
2617 2335 2909 2428 Spiritus
2965 2348 3280 2406 sanctus:
3318 2342 3480 2431 quia
3507 2339 3638 2409 hoc
3665 2350 3766 2409 est

2219 2442 2491 2510 Patrem
2556 2443 2836 2535 diligere
2899 2444 3141 2513 Filium
3203 2445 3461 2537 Spiritu
3500 2457 3760 2532 sancto,

2218 2551 2464 2620 Filium
2496 2553 2580 2621 ab
2612 2555 2758 2644 ipso
2789 2558 3092 2645 accipere
3124 2555 3307 2646 quod
3348 2557 3431 2625 ab
3463 2580 3542 2625 eo
3599 2579 3764 2647 pro-

2217 2660 2408 2728 cedat
2464 2684 2657 2729 amor
2711 2664 2780 2729 in
2827 2686 2963 2753 quo
3003 2673 3356 2732 nectantur
3385 2673 3763 2733 etconcor-

2215 2768 2396 2836 dent.
2467 2767 2636 2837 Cum
2674 2769 2922 2838 'autem
2970 2771 3237 2849 dicitur,
3275 2771 3486 2840 Filius
3540 2771 3761 2862 diligit

2214 2876 2482 2945 Patrem
2508 2877 2765 2967 Spiritu
2794 2890 3054 2959 sanem,
3098 2904 3237 2949 non
3267 2890 3367 2948 est
3405 2880 3578 2949 alius
3607 2905 3759 2949 sen-

2212 3007 2351 3067 sus,
2394 2984 2520 3050 nisi
2574 2984 2757 3074 quod
2808 3007 2848 3052 a
2894 2985 3062 3053 Filio
3112 2970 3430 3077 procedat
3462 2986 3755 3077 Spiritus

2210 3096 2504 3170 sanctuS,
2565 3089 2636 3155 in
2677 3113 2811 3180 quo
2863 3095 3152 3159 nectitur
3205 3116 3359 3161 cum
3403 3092 3641 3161 Patre:
3688 3101 3757 3161 et

2211 3194 2363 3262 ideo
2395 3204 2601 3285 patet,
2634 3196 2816 3286 quod
2855 3220 2934 3264 ex
2967 3197 3133 3266 salso
3176 3198 3516 3268 intellectu
3560 3198 3748 3268 verbi

2208 3303 2579 3392 procedunt
2609 3303 2721 3372 illa
2751 3317 3177 3395 argumenta.

2295 3514 2395 3579 An
2435 3536 2498 3579 ιιι
2527 3514 2709 3603 quod
2767 3514 3047 3583 ulterius
3096 3519 3417 3607 quaeritur
3464 3518 3546 3587 de
3595 3521 3745 3606 ista,
3778 3556 4099 3616 nvem„

2207 3618 2406 3688 l'ater
2475 3619 2718 3688 Filium
2785 3621 3005 3712 diligit
3054 3624 3311 3713 Spiritu
3363 3636 3624 3708 sancto,
3681 3635 3746 3696 et

2208 3728 2406 3796 Pater
2433 3737 2496 3795 et
2531 3728 2738 3796 Filius
2760 3729 3047 3821 diligunt
3078 3755 3148 3799 se
3192 3731 3448 3824 Spiritu
3481 3744 3742 3814 sancte,

2203 3833 2351 3902 dico
2404 3835 2547 3902 sine
2605 3836 3016 3924 praejudicio,
3078 3838 3259 3928 quod
3335 3864 3510 3908 verae
3587 3849 3743 3909 sunt

2202 3964 2468 4009 omnes.

2291 4052 2392 4116 An
2440 4073 2503 4116 n»
2534 4051 2716 4141 quod
2746 4061 2978 4119 contra
3009 4052 3348 4144 objicitur,
3382 4056 3739 4127 dicendum
3853 4071 3933 4116 Ad
3966 4072 4002 4116 Ι·

2202 4159 2383 4249 quod
2419 4183 2556 4228 non
2586 4169 2681 4228 est
2718 4161 2936 4229 simile
2966 4162 3046 4230 de
3079 4166 3413 4254 sapientia
3443 4176 3505 4234 el
3545 4190 3743 4236 amo-

2204 4291 2298 4345 re,
2343 4277 2413 4333 ut
2453 4291 2655 4357 supra
2694 4267 3032 4336 diximus:
3097 4272 3256 4361 quia
3286 4274 3616 4364 sapientia
3645 4274 3741 4343 di·

2200 4374 2288 4440 cit
2315 4375 2891 4463 comparationem
2925 4375 3007 4443 ad
3038 4379 3408 4467 sapientem
3441 4388 3734 4449 tantum:

2199 4501 2393 4544 amor
2465 4487 2690 4546 autem
2759 4479 2918 4548 dicit
2957 4490 3028 4547 ut
3084 4481 3167 4548 ab
3217 4493 3511 4565 amante,
3546 4495 3608 4553 et
3649 4486 3740 4554 ita

2200 4587 2417 4676 magis
2456 4588 2771 4655 convenit
2802 4612 3108 4678 personae
3143 4589 3497 4673 distinctae‚
3530 4603 3590 4660 et
3626 4595 3737 4662 in-

2199 4717 2400 4783 super
2455 4693 2732 4785 diligere
2778 4698 3097 4786 importat
3138 4708 3363 4768 actum
3421 4702 3739 4769 notiona-

2199 4797 2356 4875 lem,
2426 4824 2578 4868 cum
2649 4801 2827 4869 dicat
2893 4813 3119 4871 aetum
3147 4805 3637 4895 praecedentem
3670 4818 3732 4876 et

2198 4914 2655 4975 transeuntem
2716 4909 2800 4976 ab
2865 4920 3169 4978 amante:
3234 4936 3468 5004 sapere
3511 4926 3735 4984 autem

2199 5038 2334 5082 non
2387 5017 2474 5082 ita
2513 5015 2712 5084 dicit:
2762 5018 2897 5086 imo
2956 5020 3178 5109 potius
3237 5025 3476 5091 transit
3516 5024 3596 5091 ad
3637 5049 3739 5093 sa-

2197 5124 2491 5213 pientem
2551 5148 2756 5214 quam
2818 5126 2900 5193 ab
2934 5129 3104 5217 ipso,
3138 5137 3203 5195 et
3246 5133 3460 5221 magis
3499 5142 3595 5200 est
3633 5158 3739 5202 re-

2197 5231 2414 5320 cipere
2456 5255 2657 5321 quam
2702 5234 2858 5302 dare
2899 5235 3002 5302 vel
3047 5259 3269 5325 agere.
3666 5222 3676 5233 ⁶

2287 5339 2387 5404 Au
2436 5362 2630 5407 Λιιιτι)
2687 5341 3073 5423 dicendum,
3121 5345 3304 5436 quod
3372 5348 3439 5415 in
3492 5348 3736 5418 divinis

2200 5588 2396 5643 tionis.

3863 5383 3936 5428 Ad
3963 5384 4005 5431 2.
