4897 6388
1699 389 1713 401 ⁴
1834 375 1979 485 *m
2032 418 2056 482 1
2109 416 2527 484 SENTENT.
2583 415 2808 486 DlsT.
2863 418 3048 500 vm,
3102 410 3300 491 ΛΒΤ.
3357 417 3465 495 35.

1083 589 1362 658 haeresis
1419 588 1748 657 Sabellii:
1807 590 1863 654 si
1921 588 2104 655 enim
2173 587 2403 655 relatio
2462 585 2629 652 nihil

1081 698 1243 765 dicit
1285 701 1351 765 in
1412 721 1508 778 re,
1546 697 1813 765 videtur
1853 696 2037 787 quod
2080 698 2223 787 ipsa
2271 719 2409 762 non
2462 717 2633 762 con-

1082 808 1316 871 stituat
1348 828 1488 872 rem
1518 806 1586 871 in
1646 828 1779 896 qua
1817 814 1938 872 est.
1984 804 2060 871 In
2119 804 2363 872 divinis
2404 811 2628 870 autem

1083 918 1252 987 nihil
1312 915 1646 983 habemus
1714 916 1897 1006 quod
1956 915 2362 983 constituere
2421 914 2633 1004 possit

1081 1047 1432 1114 personaS,
1488 1024 1615 1090 nisi
1681 1023 2065 1090 relationes,
2119 1021 2298 1111 Ergo
2338 1020 2627 1096 videtur,

1085 1131 1266 1222 quod
1297 1132 1352 1198 si
1387 1131 1515 1198 illae
1548 1133 1618 1197 in
1650 1153 1718 1198 re
1752 1128 1919 1197 nihil
1943 1130 2102 1207 sint,
2138 1128 2319 1218 quod
2348 1150 2485 1194 non
2519 1127 2634 1192 liat

1081 1241 1426 1308 distinctio
1459 1259 1928 1328 personarum,
1962 1236 2080 1304 sed
2107 1235 2254 1303 sola
2283 1236 2365 1302 sit
2406 1235 2636 1301 nomi-

1083 1370 1249 1414 num
1294 1347 1585 1428 trinitas,
1613 1353 1688 1411 ut
1717 1344 1878 1412 dicit
1912 1341 2274 1410 Sabellius.

1173 1456 1236 1520 3.
1284 1453 1645 1535 Praeterea,
1691 1450 1955 1518 Relatio
1993 1449 2262 1517 videtur
2291 1449 2357 1515 in
2389 1448 2635 1516 divinis

1084 1570 1348 1628 mutare
1380 1558 1663 1627 modum
1696 1556 2132 1648 praedicandi,
2171 1557 2341 1624 sieut
2371 1563 2438 1622 et
2466 1554 2630 1621 alia:

1084 1669 1248 1758 quia
1290 1669 1491 1735 Pater
1532 1669 1602 1734 in
1634 1689 1704 1735 se
1746 1664 2006 1757 aliquid
2043 1673 2168 1743 est,
2203 1665 2635 1732 etiamsinon

1085 1775 1337 1854 habeat
1376 1773 1624 1841 Filium
1662 1796 1677 1840 ε
1724 1782 1822 1840 est
1863 1773 2045 1840 enim
2088 1771 2436 1839 verissime
2481 1768 2636 1836 sub-

1084 1883 1336 1950 stantia
1366 1881 1789 1949 subsistens:
1854 1903 2016 1970 ergo
2068 1878 2336 1946 videtur
2402 1877 2635 1944 relati-

976 2057 983 2063 .
1082 2015 1248 2058 vum
1274 1990 1495 2059 dicere
1525 1988 1971 2057 substantiam
2000 2011 2015 2055 :
2052 2009 2214 2077 ergo
2247 1994 2462 2053 mutat
2491 2007 2636 2052 mo-

794 3327 982 3375 Sotutio

1086 2099 1249 2168 dum
1291 2096 1725 2189 praedicandi.

1179 2208 1242 2272 4.
1291 2205 1493 2284 ltem,
1536 2203 1909 2272 verissime
1953 2202 2151 2269 Pater
2181 2211 2280 2269 est
2317 2201 2636 2291 supposi-

1088 2324 1236 2383 tum
1261 2322 1329 2382 et
1366 2312 1755 2405 hypostasis
1795 2320 2053 2379 naturae
2096 2310 2341 2377 divinae
2381 2331 2394 2375 :
2431 2331 2635 2377 omne

1083 2430 1314 2489 autem
1345 2421 1775 2511 suppositum
1807 2418 2230 2496 substantiae,
2263 2416 2636 2484 substantia

1084 2538 1211 2605 est,
1248 2538 1321 2594 ut
1357 2535 1547 2618 patet
1577 2525 1958 2595 inducendo
1989 2524 2256 2616 singula
2284 2523 2638 2614 supposita

1085 2634 1409 2715 hominis,
1455 2634 1731 2726 Angeli,
1784 2635 1994 2712 caniS,
2038 2633 2235 2710 asini,
2296 2641 2361 2699 et
2414 2633 2510 2699 sie
2553 2631 2635 2698 de

1086 2745 1238 2812 aliis
1274 2768 1288 2812 :
1324 2767 1480 2812 cum
1513 2766 1675 2835 ergo
1709 2742 1937 2810 divina
1969 2752 2209 2810 natura
2260 2740 2636 2808 substantia

1084 2855 1194 2933 sit,
1259 2853 1689 2944 suppositum
1755 2873 1954 2918 suum
2013 2850 2138 2918 erit
2207 2848 2579 2920 substantia
2616 2868 2632 2915 ι

1083 2984 1248 3052 ergo
1284 2960 1640 3028 relativum
1667 2967 1878 3026 mutat
1914 2956 2191 3025 modum
2228 2953 2633 3047 praedieandi

1088 3070 1155 3136 in
1207 3067 1483 3134 divinis,

1183 3284 1490 3350 Soumo.
1541 3282 1839 3349 Breviter
1894 3281 2280 3358 dicendum,
2324 3303 2404 3347 eo
2453 3280 2635 3370 quod

1092 3391 1259 3458 infra
1293 3390 1713 3463 discutietur,
1751 3387 1932 3478 quod
1966 3386 2200 3455 relatio
2255 3387 2377 3453 tria
2432 3384 2637 3455 habet

1091 3497 1157 3562 in
1191 3519 1286 3571 se,
1322 3492 1578 3562 scilieet
1607 3503 1916 3560 naturam
1947 3491 2330 3566 accidentis,
2357 3498 2419 3557 et
2452 3491 2636 3581 quod

1090 3603 1467 3692 proprietas
1507 3599 1817 3691 quaedam
1859 3609 1984 3677 est,
2029 3607 2090 3666 et
2131 3622 2211 3665 ex
2255 3597 2381 3666 hoc
2432 3595 2635 3666 habet

1089 3712 1305 3775 inesse
1328 3708 1481 3783 soli,
1517 3718 1578 3774 et
1605 3705 1805 3773 habet
1837 3707 1904 3773 in
1936 3731 2005 3774 se
2034 3704 2215 3796 quod
2246 3705 2327 3772 ad
2345 3704 2632 3772 alterum

1086 3818 1456 3908 opponitur
1488 3815 1789 3895 relative,
1832 3824 2002 3882 etex
2035 3814 2160 3882 hoc
2193 3814 2390 3881 habet
2420 3813 2634 3881 deter-

1089 3931 1333 3998 minari
1365 3938 1580 4007 extra,
1619 3935 1689 3995 ut
1717 3950 1870 3994 cum
1916 3927 2182 4008 dicitur,
2236 3926 2432 3994 l‘ater
2485 3925 2629 4006 lilii,

1087 4049 1146 4105 et
1186 4039 1363 4105 tilius
1412 4039 1640 4127 patris,
1680 4036 1756 4103 tit
1813 4044 2143 4125 quantum
2197 4034 2281 4102 ad
2336 4035 2631 4125 primum

1092 4152 1306 4212 iiiutat
1368 4143 1646 4210 modum
1703 4142 2135 4233 pra-dicandi,
2193 4143 2349 4232 quia
2408 4138 2634 4232 quoad

1089 4253 1251 4319 illud
1298 4252 1541 4319 modus
1595 4249 1997 4342 pra-dicandi
2056 4273 2216 4317 suus
2253 4258 2351 4316 est
2391 4249 2635 4316 modus

1089 4359 1455 4426 accidentis
1512 4357 1816 4424 facientis
1856 4357 2419 4446 compositionem
2480 4379 2637 4422 con-

1086 4468 1405 4535 cretionis
1427 4489 1582 4534 eum
1612 4464 1915 4555 subjecto
1947 4465 2016 4532 in
2048 4487 2182 4554 quo
2215 4473 2336 4544 est,
2372 4472 2432 4531 et
2470 4486 2636 4553 prae·

1085 4576 1350 4643 dicatur
1397 4575 1901 4642 denominative
1957 4572 2038 4639 de
2097 4574 2292 4662 ipso:
2354 4581 2419 4639 et
2483 4572 2635 4639 talis

1087 4684 1481 4774 praedicatio
1545 4683 1611 4747 in
1659 4681 1796 4747 neo
1849 4704 1985 4747 non
2044 4688 2264 4771 potest
2331 4702 2513 4747 esse:
2566 4688 2633 4745 et

1088 4794 1237 4861 ideo
1273 4794 1340 4860 in
1382 4791 1630 4858 divinis
1661 4791 1907 4856 amittit
1959 4797 2269 4855 naturam
2317 4788 2633 4855 acciden-

1086 4904 1192 4977 tis,
1248 4910 1313 4968 et
1390 4908 1691 4967 remanet
1751 4906 1986 4964 natura
2049 4896 2473 4986 proprietatis
2564 4897 2632 4962 in

1087 5016 1418 5098 quantum
1453 5014 1556 5073 cst
1586 5004 1984 5094 prop¹·ietaS‚
2018 5002 2268 5070 scilicet
2310 5002 2489 5093 quod
2532 5011 2633 5069 est

1083 5116 1209 5184 soli
1242 5116 1608 5184 convenire
1636 5135 1650 5180 :
1696 5120 1760 5179 et
1795 5111 2075 5179 ulterius
2106 5121 2407 5179 remanet
2433 5110 2494 5178 ei
2526 5111 2629 5176 in-

1086 5223 1392 5291 tellectus
1426 5221 1774 5289 relationis
1798 5218 1884 5287 ad
1914 5217 2229 5297 alterum,
2264 5225 2333 5284 ut
2374 5217 2630 5285 dictum

1085 5343 1223 5402 est:
1269 5342 1333 5400 et
1394 5331 1546 5397 ideo
1603 5329 1879 5420 quidam
1940 5328 2278 5405 dixerunt,
2329 5327 2513 5418 quod
2563 5329 2630 5394 in

1083 5440 1331 5507 divinis
1374 5437 1608 5503 relatio
1664 5434 1832 5501 nihil
1883 5444 1983 5503 est
2040 5435 2110 5500 in
2150 5456 2460 5523 persona,
2515 5433 2632 5501 sed

1084 5559 1178 5615 est
1214 5570 1504 5639 persona
1547 5547 1714 5634 ipsa,
1769 5550 1830 5610 et
1893 5542 1958 5609 id
2008 5565 2146 5633 quo
2202 5566 2490 5633 persona
2546 5542 2630 5610 ad

1154 5777 1167 5811 ¹
1203 5780 1285 5832 Cf.
1323 5776 1501 5842 lnsra,
1537 5777 1676 5832 Uist.
1711 5774 1902 5831 xxvi.

4230 373 4262 393 Δ*

4157 421 4288 499 209
4361 421 4374 446 ²

2746 589 3034 659 alterum
3101 603 3226 672 est,
3295 599 3597 668 volentes
3665 626 3784 691 per
3857 602 3987 671 hoc
4045 603 4291 683 dicere,

2746 699 2928 787 quod
2973 708 3285 771 naturam
3345 709 3703 776 accidentis
3745 712 4018 794 amittit,
4083 721 4146 779 et
4201 714 4296 779 sie

2739 827 2884 906 non
2917 807 3113 889 inest,
3160 820 3225 879 et
3258 815 3494 880 retinet
3520 826 3829 884 naturam
3860 821 4296 908 proprietatis

2746 921 2813 979 et
2844 913 3209 985 relationis.

2835 1018 3035 1098 Quod
3092 1034 3320 1094 autem
3384 1030 3661 1097 Boetius
3719 1033 3908 1110 dicit,
3964 1034 4147 1122 quod
4197 1044 4300 1102 est

2745 1127 3065 1197 assistens
3099 1132 3360 1217 relatio,
3422 1136 3735 1228 intelligit
3777 1139 4006 1228 quoad
4062 1163 4302 1207 seeun-

2747 1231 2935 1314 dum,
2998 1237 3254 1306 scilieet
3303 1243 3522 1330 quoad
3564 1252 3877 1311 naturam
3918 1245 4292 1323 relationis,
4387 1317 4392 1318 ff

2747 1348 2820 1407 ut
2845 1342 3106 1424 relatio,
3141 1355 3207 1414 et
3237 1371 3373 1415 non
3406 1351 3629 1440 quoad
3654 1361 3966 1419 naturam
3997 1355 4302 1443 proprie-

2744 1451 2901 1518 tatis
2942 1475 3094 1543 quae
3135 1465 3235 1523 est
3266 1459 3339 1523 in*
3376 1459 3727 1529 relatione.
3770 1462 3868 1531 Ex
3915 1462 4047 1531 hoc
4081 1448 4295 1554 patet,

2746 1562 2929 1650 quod
2964 1587 3099 1632 non
3135 1567 3310 1635 tollit.
3349 1569 3848 1660 simplieitatem
3883 1595 3897 1640 :
3962 1577 4122 1663 quia
4161 1596 4301 1641 non

2743 1668 3011 1737 tolleret
3052 1674 3180 1740 nisi
3210 1696 3330 1764 per
3369 1686 3678 1745 naturam
3703 1680 4066 1748 accidentis
4098 1689 4172 1748 ut
4201 1688 4303 1748 est

2746 1775 3078 1855 accidenS,
3127 1782 3311 1870 quod
3349 1782 3730 1852 inducendo
3774 1786 4117 1854 diversum
4150 1809 4297 1865 ens,

2745 1882 2814 1949 id
2853 1893 2977 1966 est,
3024 1909 3144 1955 ens
3190 1888 3471 1959 diversae
3514 1903 3768 1962 naturae
3817 1918 3856 1962 a
3894 1895 4296 1974 substantia,

2745 1989 2994 2060 faceret
3035 1996 3392 2087 multiplex
3421 2023 3563 2078 οὓς,
3623 2009 3690 2069 et
3732 2004 4301 2094 compositionem

2747 2102 3198 2170 concretionis
3230 2105 3404 2174 inter
3443 2107 3591 2176 illa:
3626 2132 3915 2199 persona
3945 2112 4129 2179 enim
4160 2133 4301 2178 non

2747 2203 2953 2275 habet
2980 2210 3292 2279 accidens
3331 2214 3633 2305 aliquod,
3668 2217 3788 2285 sed
3816 2218 4171 2286 verissime
4201 2226 4303 2287 est

2744 2313 3122 2384 substantia
3152 2329 3220 2388 et
3256 2326 3707 2411 suppositum.
3743 2324 3827 2392 Et
3866 2323 4010 2393 liaee
4035 2334 4303 2393 senten-

2742 2422 2839 2490 tia
2878 2423 3049 2492 infra
3090 2428 3308 2520 magis
3349 2429 3746 2498 discutietur
3781 2433 3827 2498 ¹.

3101 3050 3602 3120 AltTlCULl‘S
3647 3051 3936 3126 XXXV.

2749 3271 2979 3353 Quare
3004 3291 3159 3336 cum
3200 3270 3426 3337 multa
3465 3272 3604 3336 siut
3644 3271 3981 3339 attributa
4048 3274 4303 3342 ‹liviuoe

2832 3379 3156 3453 essenliae,
3217 3376 3441 3444 solum
3502 3379 3834 3468 ,llaffl'mw
3888 3380 4300 3449 determina!

2833 3483 2917 3550 de
2962 3484 3207 3562 tribuS,
3247 3486 3715 3576 simplicitate,
3764 3488 4197 3572 imlentae‘lale,
4235 3502 4299 3558 el

2836 3594 3100 3660 unitate
3134 3594 3175 3660 ἶ)

2835 3920 3091 3988 Deinde
3144 3922 3470 4011 qumi-itur
3516 3922 3595 3988 de
3648 3922 3772 3990 lior.
3836 3923 4020 4014 quod
4077 3925 4283 3995 dicit:

2744 4057 2775 4094 σι
2811 4032 2986 4097 Ecce
3023 4039 3286 4121 quanta
3315 4040 3411 4097 es!
3450 4031 3794 4109 identitas,
3830 4043 4094 4122 qemula
4143 4037 4295 4103 ιιηί-

2742 4147 2873 4217 ηις,
2942 4146 3069 4205 etc.
3113 4165 3142 4199 ι»

2836 4243 2950 4311 Est
2979 4245 3162 4311 enim
3193 4243 3503 4327 dubium,
3546 4270 3697 4312 cum
3744 4246 3955 4313 multa
4013 4250 4145 4316 sint
4187 4259 4296 4315 at-

2741 4351 2992 4418 tributa
3046 4351 3298 4419 ‹livinae
3364 4361 3641 4431 naturae,
3704 4377 3913 4444 quare
3974 4355 4296 4447 Magister

2741 4482 2877 4527 non
2910 4462 3047 4551 agit
3083 4459 3191 4527 hic.
3225 4461 3349 4529 nisi
3385 4461 3464 4527 de
3498 4460 3603 4527 liis
3627 4462 3895 4530 tribus?

2830 4569 2908 4636 lit
2931 4570 3013 4637 ad
3038 4569 3167 4637 lioc
3197 4569 3582 4647 dicendum,
3620 4571 3802 4661 quod
3822 4570 4146 4663 Magister
4172 4575 4299 4642 sic·

2740 4684 2811 4743 ut
2844 4678 3086 4767 patuit,
3121 4679 3262 4768 agit
3299 4676 3408 4745 liic
3438 4678 3519 4744 de
3547 4678 4002 4767 simplicitate,
4039 4690 4104 4749 et
4143 4681 4294 4748 aliis

2738 4794 2939 4874 prout
2996 4809 3068 4852 se
3125 4784 3375 4853 liabent
3416 4786 3496 4852 ad
3538 4790 4048 4876 generationem
4117 4789 4290 4868 Filii,

2738 4891 2820 4960 «le
2876 4916 3014 4983 qua
3053 4892 3161 4961 hie
3230 4894 3684 4985 principaliter
3754 4896 4167 4965 intenditur:
4229 4907 4295 4966 et

2737 5000 2898 5090 quia
2936 5001 3449 5090 generationem
3493 5001 3558 5067 in
3592 5001 4023 5068 inferioribus
4054 5005 4293 5094 sequi-

2738 5117 2869 5192 tur,
2906 5118 2976 5176 ut
3010 5117 3234 5188 natuS,
3278 5108 3380 5176 vel
3413 5111 3680 5200 genitus
3712 5109 3899 5199 prius
3930 5111 4011 5176 sit
4047 5111 4114 5176 in
4165 5134 4295 5202 po-

2737 5218 2973 5295 tentia,
3016 5224 3079 5283 et
3131 5240 3267 5285 non
3308 5219 3566 5307 accipit·
3604 5218 3933 5285 unitatem
3986 5221 4292 5287 essentiae

2737 5325 2960 5393 Patris
2989 5325 3364 5393 secundum
3388 5336 3639 5405 actum,
3673 5338 3950 5417 propter
3982 5329 4069 5394 im
4079 5328 4294 5417 perfe-

2736 5437 3031 5504 ctionem
3091 5445 3347 5502 naturae
3407 5434 3740 5502 inferioris
3776 5457 3789 5503 :
3854 5444 3918 5503 et
3987 5437 4295 5526 sequitur

2737 5543 3060 5623 seeundo,
3115 5544 3300 5634 quod
3340 5544 3483 5634 ipsa
3538 5545 3828 5611 essentia
3877 5553 4182 5611 mutatur
4209 5545 4292 5613 de
