4897 6388
646 339 772 442 sis
875 474 886 486 ’
1644 368 1723 434 n.

642 550 847 610 tatem
875 538 1201 611 ostendit.
1263 540 1592 609 Similiter
1645 525 1780 620 ibi]
1804 525 2118 612 cxv“‘1‘11,·1
2170 553 2190 596 :1

643 650 844 731 Beati
882 649 1320 718 immaculati
1357 650 1430 715 in
1483 648 1598 714 via
1644 645 1767 735 qui
1829 639 2191 709 ambulant

641 757 712 822 in
754 757 897 847 leqe
926 757 1211 824 Domini
1242 779 1263 822 .·
1305 755 1393 821 ibi
1448 753 1630 821 enirn
1664 758 1801 817 tota
1842 746 2189 835 Scriptura

636 872 859 954 potest
889 864 1023 932 dici
1053 863 1217 930 Lex.
1252 862 1339 929 Et
1366 859 1483 938 ibi,
1529 857 1710 927 Psal.
1746 881 1790 936 1,
1823 859 1860 923 2
1899 879 1913 923 ε
1963 856 2045 922 In
2088 855 2188 920 le·-

638 995 723 1060 qe
751 972 1035 1039 Domini
1083 971 1404 1038 voluntas
1449 968 1628 1058 ejus,
1662 967 1816 1034 etin
1862 965 2005 1054 que
2033 961 2187 1052 ejus

641 1076 1094 1156 meditabitur
1133 1077 1242 1144 die
1280 1100 1360 1143 ac
1401 1084 1622 1143 nocte.
1683 1074 1783 1142 De
1830 1071 1984 1138 data
2036 1069 2184 1159 lege

636 1206 757 1274 per
793 1183 1078 1276 Moysen
1127 1192 1228 1252 est
1284 1183 1461 1251 istud
1496 1182 1698 1250 Joan.
1758 1204 1804 1260 1,
1853 1180 1929 1246 17
1968 1202 1982 1246 ι
2042 1181 2185 1246 Lea:

631 1315 756 1382 per
809 1295 1092 1384 Moysen
1130 1293 1297 1359 data
1354 1301 1473 1371 est,
1538 1291 1774 1381 qratia
1827 1299 1890 1355 et
1936 1288 2184 1355 veritas

519 1477 531 1487 .
631 1421 757 1489 per
788 1402 1024 1468 Jesum
1058 1401 1402 1469 Christum
1430 1402 1622 1489 saeta
1660 1407 1778 1466 est.
1812 1396 2007 1475 Item,
2048 1394 2183 1463 Ec-

636 1504 743 1573 cli.
806 1530 991 1588 xx1v,
1062 1508 1146 1575 33
1208 1510 1514 1598 :Leqem
1570 1505 1926 1574 mandavit
1987 1503 2182 1571 nobis

633 1617 901 1706 Moyses
965 1617 1038 1683 in
1091 1617 1452 1707 praeceptis
1526 1615 1995 1704 sustitiarum.
2065 1613 2172 1692 Et,

629 1722 905 1801 Denter.
949 1713 1193 1806 xxxin,
1227 1727 1266 1791 2
1304 1747 1319 1791 :
1363 1726 1446 1792 In
1479 1725 1757 1792 dextera
1785 1723 1939 1813 ejus
1975 1724 2176 1813 iqnea

634 1830 765 1899 lex.

1772 366 1970 434 ALB.
2024 360 2240 430 MAG.

2294 307 2501 427 ono.
2555 360 2861 429 ruffin:

2304 534 2370 594 et
2422 515 2596 596 ’ἱᾱειοἶ
2630 529 2768 598 ιιοίι
2794 519 2801 570 1
2826 540 3053 622 potest
3093 556 3238 610 esse
3280 530 3589 625 propria*
3624 557 3639 601 τ
3701 537 3859 625 quia

2301 642 2465 704 tunc
2523 636 2726 708 Pater
2772 649 3039 731 saperet
3089 646 3281 742 quasi
3327 643 3702 711 formaliter
3746 666 3859 710 sa·-

2301 742 2555 831 pientia
2586 769 2739 836 quae
2768 746 2853 814 ab
2893 748 3042 838 ipso
3093 759 3291 817 esset..
3344 749 3616 818 CONTRA
3660 773 3673 815 ε
3718 749 3859 817 Eo-

2300 850 2457 918 dem
2488 855 2694 924 modo
2717 856 2948 940 videa,
2976 858 3160 946 quod
3182 880 3377 926 amor
3396 867 3498 930 est
3528 860 3595 926 ln
3625 881 3857 926 aman-

2296 969 2362 1029 te
2392 961 2566 1030 sicut
2594 967 2959 1056 perfectio
2979 967 3090 1038 vel
3121 991 3352 1037 amare
3380 969 3491 1039 vel
3521 968 3846 1061 diligere.

2295 1092 2459 1166 ergo
2508 1094 2646 1141 non
2704 1073 2907 1142 debet
2963 1097 3109 1144 esse
3157 1073 3499 1210 proprius,
3565 1077 3682 1145 sed
3738 1099 3853 1167 ap·

2291 1179 2727 1278 proprietas.
3530 1213 3531 1216 ¹

2297 1389 2304 1398 ‘
2383 1388 2700 1461 Somno.
2761 1392 3144 1462 Dicendum
3218 1397 3365 1463 sine
3420 1395 3834 1486 praejudtoio,

2290 1487 2477 1594 'quod
2513 1501 2685 1568 ratio
2716 1500 2914 1572 istius
2943 1498 3103 1568 dicti
3134 1500 3469 1592 dependet
3506 1524 3546 1579 a
3584 1503 3843 1571 ratione

2287 1607 2649 1677 nominum
2695 1631 2733 1677 τ’·
2776 1605 2940 1701 qula
2975 1612 3073 1678 stc
3127 1610 3420 1680 charitas
3483 1609 3618 1680 hoc
3661 1612 3845 1705 quod

2287 1716 2471 1795 dicit,
2506 1717 2667 1788 dicit
2694 1704 2772 1788 ut
2810 1720 2882 1787 in
2920 1719 3132 1801 aliud,
3173 1720 3284 1790 vel
3324 1721 3395 1788 ln
3436 1721 3643 1792 alium
3681 1744 3848 1814 pro«.

2286 1825 2533 1895 cedens
2593 1850 2611 1895 t
2663 1828 2881 1897 unde·
2912 1815 3342 1921 Augustinus
3408 1830 3593 1913 dicit,
3663 1832 3846 1922 quod

2288 1920 2648 2005 «charitas
2679 1938 2909 2035 minus
2949 1959 3158 2028 quam
3191 1941 3367 2008 inter
3404 1939 3577 2007 duos
3609 1937 3844 2008 haberi

2171 2023 2174 2026 ¹
2282 2067 2420 2113 non
2463 2050 2782 2136 potest.»
2816 2031 3189 2147 Sapientia
3203 2037 3435 2117 autem
3470 2048 3622 2118 hoc
3642 2049 3843 2148 quod

1070 2253 1577 2325 AR‘l'lCULUS
1625 2254 1713 2321 V.

614 2471 722 2538 Αη
760 2467 1103 2557 sapientia
1134 2488 1271 2533 non
1298 2466 1388 2532 sit
1410 2465 1728 2555 propria,
1758 2464 1881 2531 sed
1913 2486 2170 2555 appro-

1046 2574 1379 2667 priabilis
1407 2583 1680 2642 tantam
1700 2570 1743 2641 P

714 2899 970 2968 Deinde
1009 2898 1339 2989 quaeritur
1393 2897 1476 2966 de
1515 2897 1648 2965 hoc
1703 2898 1885 2988 quod
1940 2897 2100 2968 dicit
2143 2924 2158 2967 ε

621 3033 656 3080 ι
698 3009 896 3087 Sicut
931 3029 1092 3098 erqo
1123 3007 1404 3083 unicum
1431 3006 1566 3084 Dei
1591 3005 1867 3086 verbum
1888 3010 2166 3106 proprie

619 3137 936 3184 vocamus
962 3113 1237 3182 nomine
1269 3114 1649 3207 sapientiae,
1691 3120 1817 3184 etc.
1862 3142 1895 3178 n

707 3225 766 3292 1.
801 3222 929 3292 llic
967 3222 1150 3291 enim
1181 3219 1465 3290 dublum
1504 3229 1728 3312 potest
1768 3244 1939 3302 esse,
1982 3223 2164 3313 quod

614 3332 943 3423 sapientia
971 3340 1073 3400 est
1112 3329 1661 3424 appropriabtlis‚
1713 3337 1780 3398 et
1826 3353 1964 3406 non
2000 3354 2166 3422 pro-

612 3441 818 3532 pria:
876 3439 1170 3510 charitas
1225 3447 1456 3516 autem
1505 3440 2045 3531 appropriabilis,
2095 3448 2164 3517 et

611 3547 910 3641 propria,
953 3570 1107 3642 quae.
1137 3546 1226 3621 sit
1253 3568 1460 3621 causa
1483 3544 1740 3645 hujus?

703 3654 1196 3733 2.1r1»:u‚Cum
1238 3652 1525 3724 verbum
1564 3655 1649 3722 sit
1689 3654 2161 3761 appropriabi-

609 3760 697 3850 le,
739 3772 804 3830 et
846 3762 1226 3853 proprium,
1255 3770 1332 3829 ut
1377 3762 1567 3853 prius
1615 3769 1957 3831 ostensum
2007 3772 2156 3833 est:

613 3889 823 3960 quare
862 3891 1005 3937 non
1033 3868 1349 3936 similiter
1374 3868 1708 3959 sapientia
1731 3869 1767 3936 ⁴?

702 3981 767 4050 3.
811 3978 886 4049 St
935 4002 1148 4057 nima.
1190 3979 1376 4072 quod
1404 3980 1782 4071 sapientia
1766 4003 1833 4053 ιιι
1860 3983 2159 4073 sapiente

613 4095 815 4158 estut
857 4089 1179 4180 perfectio
1211 4088 1422 4179 ipsius
1451 4089 1825 4158 secundum
1864 4112 2095 4182 sapere
2137 4114 2154 4159 :

2283 2154 2471 2235 dicit,
2539 2149 2725 2225 dlcit
2765 2161 2877 2225 ut
2896 2155 3253 2276 inhaerens
3296 2159 3446 2259 ipsi
3524 2159 3838 2263 saplenti,

2281 2261 2473 2353 quasi
2506 2283 2595 2330 ex
2638 2264 2774 2332 alio
2815 2263 2899 2333 de
2938 2288 3075 2357 quo
3135 2275 3236 2335 est
3262 2261 3647 2356 sapienttaj
3684 2267 3843 2356 quia

2279 2372 2612 2460 sapientia
2651 2374 2733 2443 de
2791 2373 2997 2443 rebus
3055 2384 3158 2443 cst
3218 2384 3346 2445 :et
3384 2376 3542 2444 licet
3588 2378 3655 2444 in
3694 2375 3839 2445 Deo

2278 2478 2367 2545 sit
2395 2500 2599 2548 causa
2627 2504 2884 2562 rerum,
2918 2490 2986 2550 ct
3024 2505 3164 2551 non
3194 2491 3475 2553 causata
3530 2506 3571 2552 a
3607 2484 3832 2576 rebus3

2278 2594 2510 2654 tamen
2565 2586 2697 2657 hoc
2733 2612 2877 2658 non
2934 2590 3099 2658 dicit
3157 2592 3305 2682 ipso
3375 2591 3713 2659 nomine:
3773 2598 3841 2658 et

2274 2689 2430 2768 ideo
2483 2713 2620 2770 non
2666 2695 2891 2784 potuit
2935 2716 3239 2790 congrue
3286 2695 3641 2787 proprium
3689 2716 3834 2765 esse

2274 2801 2691 2886 processioni
2731 2803 3181 2894 personarum
3227 2824 3242 2871 ε
3297 2811 3364 2873 et
3399 2826 3522 2895 per
3548 2801 3678 2872 hoc
3716 2825 3833 2895 pa·

2273 2912 2370 2972 tet
2398 2903 2650 2977 solutio
2691 2908 2778 2977 ad
2816 2911 3117 3001 primurn
3149 2921 3218 2981 et
3245 2911 3590 2981 ultimum.

2360 3012 2468 3086 An
2513 3036 2772 3094 ιιιιιιιιιιι
2834 3016 3224 3104 dicendum,
3296 3019 3484 3113 quod
3545 3020 3828 3102 verbum

2276 3118 2438 3188 dicit
2475 3129 2550 3190 ut
2602 3123 2979 3229 procedens
3026 3124 3110 3194 ab
3168 3126 3326 3207 alic,
3374 3127 3569 3220 cujus
3606 3127 3828 3226 ipsum

2274 3235 2378 3297 est
2403 3230 2690 3302 intentio
2720 3243 2788 3303 et
2810 3233 3224 3317 similitudo,
3259 3236 3595 3328 praecipue
3623 3248 3835 3330 quana

3920 1406 4103 1454 Soluiot

3895 1463 4017 1510 Ad!
4035 1442 4157 1511 228.

3949 3046 4031 3095 Ad
4058 3051 4102 3099 2.

2275 3336 2363 3409 do
2402 3338 2650 3431 aliquis
2705 3343 2872 3413 dicit
2925 3366 3000 3413 se
3062 3368 3078 3413 :
3121 3353 3188 3414 et
3224 3345 3381 3415 ideo
3420 3344 3588 3414 illud
3643 3346 3713 3418 in
3759 3366 3831 3412 sa
3902 3402 3914 3414 .

2274 3446 2531 3528 claudit
2566 3451 2903 3527 rationem
2943 3453 3089 3542 ejus
3147 3453 3334 3545 quod
3388 3461 3492 3523 est
3546 3472 3692 3529 essa
3746 3450 3831 3529 ab

2274 3553 2437 3643 alio,
2469 3557 2645 3633 sicut
2671 3566 2740 3628 et
2777 3556 3074 3641 charitas
3119 3559 3230 3629 vel
3279 3581 3524 3635 arnor:
3568 3567 3637 3637 et.
3681 3558 3831 3639 ideo

2273 3683 2429 3731 cum
2460 3686 2583 3761 per
2618 3688 2765 3735 esse
2818 3665 2906 3736 ab
2946 3664 3084 3735 alio
3138 3667 3646 3765 distinguantur
3670 3688 3834 3759 per·-

2273 3792 2463 3838 sonae
2494 3774 2937 3862 procedentes
2969 3776 3041 3842 in
3087 3773 3361 3860 divinis,
3403 3774 3518 3843 illa
3556 3776 3835 3843 nomina

2275 3886 2471 3946 erant
2512 3889 2669 3972 apta
2709 3890 2787 3950 ut
2824 3890 3389 3974 mpraesentarent
3424 3881 3580 3974 plus
3626 3904 3832 3974 quam

2272 3985 2430 4065 alia.

928 4587 1013 4662 E.
1048 4584 1606 4659 Auctoritatem
1636 4581 1887 4681 pouit,
1921 4580 2123 4681 quod
2151 4582 2408 4664 Filius
2426 4587 2754 4685 proprie
2791 4584 3084 4663 dicitur
3104 4584 3518 4686 sapientia.

718 4921 865 4997 Sed
910 4922 1048 4999 Dei
1088 4924 1439 5010 verbum,
1475 4922 1545 4997 id
1579 4931 1720 5017 est,
1769 4922 2211 5021 unigenitus
2241 4920 2390 4998 Dei
2433 4921 2704 5019 Filius,
2749 4935 3018 5025 aperte
3058 4925 3314 5001 dictus
3358 4935 3475 5002 est
3507 4920 3645 5002 nei
3699 4949 3827 5001 sa-

620 5052 937 5154 pientia,
974 5081 1104 5133 ore
1146 5056 1487 5156 Apostoli
1531 5055 1881 5151 dicentis,
1931 5054 2319 5131 Christum
2364 5054 2520 5131 Dei
2545 5059 2937 5156 virtutem,
2973 5063 3049 5135 et
3082 5059 3244 5135 Dei
3282 5060 3740 5161 sapientiam
3776 5084 3823 5134 ¹.

624 5186 958 5286 Spiritus
995 5200 1252 5267 auteni
1322 5200 1636 5269 sanctus
1692 5186 1819 5262 ubi
1860 5183 1958 5262 sit
2013 5188 2261 5263 dictus
2327 5188 2691 5287 charitas,
2755 5192 3230 5287 invenimuS,
3293 5192 3356 5268 si
3426 5192 3831 5291 diligenter

620 5320 942 5396 ,Ioannis
971 5323 1318 5424 Apostoli
1360 5323 1753 5424 eloquiun]
1787 5332 2217 5405 scrutemur
2260 5346 2276 5398 ε
2323 5323 2461 5422 qui
2502 5349 2679 5411 cum
2751 5326 3073 5411 dixisset
3115 5351 3131 5413 ;
3191 5326 3638 5424 Dilislamus
3692 5350 3830 5403 uos

620 5454 974 5548 invicem,
1009 5459 1197 5557 qnia
1235 5455 1569 5534 charitas
1609 5481 1707 5533 ea:
1741 5458 1908 5533 Deo
1940 5465 2048 5533 est
2080 5485 2107 5533 .·
2143 5458 2494 5556 adjunxit
2530 5484 2545 5534 :
2582 5462 2694 5536 Et
2723 5462 2978 5537 omnis
3029 5462 3166 5561 qui
3201 5456 3487 5560 (iniqu,
3536 5486 3635 5537 ex
3661 5461 3826 5537 Deo

697 5729 713 5766 ¹
742 5729 766 5785 1
795 5727 867 5784 ad
899 5728 1161 5787 Corinth.
1193 5747 1234 5799 ι,
1262 5730 1353 5785 24.
