4897 6388
737 2247 748 2258 ·
791 2189 993 2238 solutio.

1685 280 1778 349 IN
1826 281 1857 349 I
1906 280 2331 368 SENTENT.
2380 280 2601 348 DIST.
2660 281 2883 361 XVII,
2940 283 3016 368 S,
3068 286 3267 358 ART.
3329 294 3403 358 11
3460 291 3568 359 ET
3619 295 3720 360 12.

1516 768 2014 838 ARTICULUS
2065 769 2183 836 XI.

1099 988 1343 1054 Utrum
1374 987 1643 1055 Christo
1675 986 1879 1055 datus
1916 997 2010 1054 est
2038 988 2324 1076 spiritus
2352 1009 2487 1053 non
2544 986 2642 1053 ad

1182 1115 1594 1171 mensuram,
1657 1095 1756 1160 ita
1821 1093 2009 1183 quod
2057 1095 2290 1183 qratia
2355 1093 2510 1181 ejus
2546 1096 2637 1160 sit

1182 1201 1459 1289 infinita
1486 1203 1526 1268 ἶ)

1177 1520 1435 1587 Deinde
1502 1521 1826 1611 quzeritur
1889 1520 1968 1587 de
2038 1520 2164 1588 hoc
2213 1521 2394 1612 quod
2443 1521 2628 1603 dicit,

1085 1650 1234 1717 cap.
1288 1629 1378 1711 K,
1442 1657 1474 1690 «
1538 1629 1806 1697 Christo
1864 1639 2089 1695 aulem
2155 1632 2279 1719 qui
2351 1640 2446 1696 est
2500 1632 2636 1698 Dea·

1085 1737 1337 1820 Filius,
1373 1760 1506 1804 uon
1537 1737 1634 1804 ad
1660 1760 2046 1805 mensuram
2084 1736 2287 1806 datus
2325 1748 2420 1806 est
2483 1740 2626 1832 spi-

1084 1846 1284 1911 ritus.
1327 1844 1570 1934 »Ergo
1619 1844 1911 1927 videtur,
1969 1846 2149 1935 quod
2206 1847 2426 1936 gratia
2484 1849 2632 1937 ejus

1086 1951 1173 2019 sit
1201 1951 1488 2030 infinita,
1523 1951 1706 2042 quod
1737 1951 1979 2020 salsum
2020 1962 2144 2022 est.

1180 2160 1494 2230 SoLm·10.'
1537 2163 1768 2232 Gratia
1807 2166 1875 2232 in
1940 2188 2012 2234 se
2069 2165 2256 2234 {inita
2294 2176 2437 2237 est:
2510 2169 2630 2236 sed

1086 2269 1358 2360 attingit
1432 2294 1549 2361 per
1633 2275 1954 2343 unionem
2036 2274 2464 2343 divinitatem
2560 2280 2628 2343 in

1085 2399 1329 2468 opere:
1366 2382 1525 2470 quia
1561 2403 1771 2472 agens
1835 2383 1905 2450 in
1952 2385 2165 2472 gratia
2193 2392 2294 2452 est
2344 2384 2523 2452 Deus
2561 2394 2631 2453 et

1085 2480 1338 2550 homo:
1408 2493 1475 2551 et
1544 2484 1694 2553 ideo
1761 2488 2020 2555 ratione
2078 2490 2353 2556 unionis
2405 2497 2626 2581 potest

1082 2587 1209 2656 dici
1244 2591 1549 2659 infinita:
1593 2601 1657 2660 et
1697 2593 1824 2661 hoc
1867 2594 2225 2685 probatum
2274 2605 2339 2664 et
2401 2621 2628 2664 exem-

1082 2695 1339 2787 piatum
1377 2709 1477 2767 cst
1508 2700 1677 2769 infra
1728 2700 1770 2768 ¹.

1491 3115 1991 3186 ARTICULUS
2041 3118 2193 3190 xn.

1077 3332 1267 3416 Quid
1300 3334 1718 3426 fretelliqitttr
1750 3360 1881 3429 per
1924 3336 2049 3405 hoc
2110 3340 2301 3431 quod
2361 3341 2619 3410 dicitur

1153 3464 1282 3534 per
1315 3443 1653 3523 Eliseum,
1685 3445 1797 3512 Sit
1833 3446 1902 3512 ἰιι
1968 3472 2072 3514 me
2105 3448 2394 3538 spiritus
2455 3462 2617 3518 tems

1160 3548 1422 3642 duplex
1455 3550 1497 3618 ?

1071 3885 1076 3890 ’
1164 3871 1416 3941 Deinde
1447 3877 1769 3965 qua-ritui·
1797 3877 1879 3944 «le
1910 3878 2036 3946 hoc
2075 3881 2255 3970 quod
2298 3881 2484 3954 «licit.
2545 3884 2612 3949 in

1144 4172 1160 4206 ¹
1198 4170 1338 4227 Vide
1369 4171 1548 4235 infra.
1579 4172 1653 4227 111
1691 4174 2124 4241 Sententiarum,
2166 4176 2312 4234 nist.
2345 4179 2503 4236 xm.

4148 297 4298 403 ¹489

2750 451 2992 518 eodem
3026 476 3172 544 cap.
3201 457 3291 537 K,
3325 489 3356 520 «ι
3389 434 3671 528 Obsecro
3704 473 3779 528 ut
3798 463 3927 550 fiat
3950 463 4017 529 in
4042 487 4145 530 me
4165 465 4297 532 du-

2744 556 2914 645 plex
2941 561 3232 649 spiritus
3262 578 3423 633 tuus
3454 575 3477 611 ²
3507 596 3538 628 »ι
3604 569 3972 637 secundum
4043 570 4293 638 intelle·

2750 671 2934 730 ctum
2965 667 3262 735 Litterae.

2839 771 3248 857 Dicendum,
3295 781 3480 868 quod
3526 784 3591 849 in
3649 784 3795 852 Elia
3852 787 4099 877 duplex
4173 789 4295 856 fuit

2750 880 3028 967 spiritus
3069 882 3154 949 ad
3192 886 3650 975 prophetiam,
3693 901 3759 960 et
3823 895 4183 962 miracula:
4231 906 4295 964 ct

2750 985 2935 1054 hunc
2966 991 3204 1079 petivit
3234 993 3522 1074 Eliseu5‚
3558 1021 3695 1066 non
3727 1011 3798 1068 ut
3846 1002 4125 1094 duplum
4179 1004 4294 1072 ha-

2750 1093 2940 1162 beret
2972 1120 3179 1189 quam
3212 1099 3397 1168 Elias
3437 1103 3692 1172 habuit.
3736 1107 4123 1179 Secundum
4173 1137 4297 1180 au-

2748 1215 2886 1269 tem
2929 1207 3114 1294 quod
3153 1205 3264 1275 hic
3292 1209 3658 1292 inducitur,
3695 1224 3853 1283 tunc
3884 1216 4175 1307 Spiritus
4214 1221 4297 1287 ad

2747 1333 2962 1378 unum
3007 1314 3131 1382 fuit
3170 1319 3239 1383 in
3288 1316 3583 1401 Christo,
3620 1320 3749 1390 hoc
3789 1334 3913 1405 est,
3957 1327 4038 1393 ad
4096 1330 4303 1396 virtu-

2747 1428 2993 1492 tostin
3051 1426 3252 1494 nobis
3310 1438 3538 1496 autem
3596 1429 3974 1520 duplicatur
4046 1458 4182 1502 non
4229 1438 4294 1502 in

2746 1535 3149 1620 quantitate.
3219 1534 3338 1601 sed
3402 1536 3469 1601 in
3546 1536 3827 1606 effectu:
3887 1541 4043 1630 quia
4082 1544 4291 1609 estin

2746 1639 2944 1706 nobis
2977 1639 3058 1706 ad
3100 1644 3408 1719 virtuteS,
3457 1644 3635 1710 etad
3686 1645 4061 1734 pulsionem
4131 1671 4290 1737 pec-

2744 1750 2899 1817 cati.

2835 1965 2913 2033 ln
2954 1966 3068 2034 illa
3109 1976 3338 2037 autem
3369 1969 3734 2049 solutione,
3787 1995 3916 2063 qua
3975 1973 4294 2064 Magister

2742 2073 2949 2141 seivit
3006 2074 3320 2143 ultimam
3378 2080 3875 2165 auctoritatem,
3929 2079 4042 2147 ubi
4103 2082 4287 2161 dicit,

2742 2204 2891 2273 cap.
2929 2180 3003 2262 S,
3066 2183 3242 2251 circa
3300 2186 3628 2269 medium,
3666 2213 3698 2251 α
3741 2187 3854 2255 Ad
3894 2189 4082 2279 quod
4127 2214 4291 2258 saue

2741 2291 2882 2358 dici
2929 2301 3177 2383 potest,
3246 2296 3415 2384 quia
3473 2296 3745 2385 aliquos
3794 2307 4010 2376 aelim,
4048 2301 4212 2373 etc„
4252 2323 4283 2363 ι

2741 2399 3070 2489 Magister
3098 2412 3325 2491 aperte
3360 2404 3523 2492 petit
3555 2404 3732 2494 quud
3776 2413 3872 2471 est
3925 2406 3990 2470 in
4048 2407 4292 2495 princi·

2742 2508 2897 2598 pio:
2933 2512 3093 2599 quia
3136 2510 3313 2578 idem
3383 2520 3485 2579 est
3543 2513 3606 2579 iu
3677 2516 4045 2603 quaestione
4103 2514 4284 2605 quod

2738 2615 3235 2704 ipse-‘supponit
3278 2619 3344 2684 in
3377 2619 3740 2687 solutione.

2801 4182 2825 4218 ¹
2853 4184 2924 4238 ΙΥ
2957 4186 3202 4253 nemun.
3238 4206 3297 4257 u,
3329 4193 3381 4243 9.
