4897 6388
566 381 609 457 6.
664 451 677 457 f.
1394 352 1397 357 ⁴
1561 378 1649 445 D.
1684 361 1904 459 'A1„B.
1955 373 2172 441 MAG.
2225 372 2433 439 om).
2489 372 2787 439 PRAED.
2873 440 2882 446 .

562 522 943 631 institutis,
987 549 1156 618 fidei
1188 548 1660 617 sanctitatem
1692 524 2167 632 corrumpere
2199 541 2582 609 molientes
2611 561 2626 608 :
2662 521 3124 631 auriumque*
3156 541 3610 633 pruriginem
3645 537 3778 607 sub

558 672 849 742 novello
891 673 1004 740 sui
1037 670 1378 739 desiderii
1416 669 1763 757 dogmate
1795 667 1960 735 aliis
1995 667 2434 753 ingerenteS,
2470 665 2597 753 qui
2629 665 3087 732 contentioni
3112 668 3484 736 studentes
3516 669 3774 735 contra

560 798 940 867 veritatem
983 796 1141 863 sine
1172 794 1436 863 foedere
1465 793 1742 864 bellant
1773 795 1819 863 ¹.
1866 793 2068 862 Inter
2096 791 2249 881 veri
2285 811 2611 882 namque
2669 789 3176 870 assertionem,
3241 797 3311 860 et
3358 792 3603 883 placiti
3650 791 3778 861 de-

561 922 997 998 fensionem,
1035 920 1370 1010 pertinax
1399 942 1654 1011 pugna
1685 923 1796 991 est
1828 942 1845 989 :
1878 919 2054 989 dum
2095 939 2171 988 se
2201 922 2271 987 et
2297 918 2571 987 veritas
2600 920 2823 997 tenet,
2868 919 2938 986 et
2986 937 3062 986 se
3118 916 3457 985 voluntas
3509 918 3777 987 erroris

564 1049 831 1115 tuetur.

651 1173 924 1251 Horum
960 1171 1186 1261 igitur
1227 1176 1296 1243 et
1336 1176 1481 1241 Deo
1513 1171 1865 1241 odibilem
1908 1167 2302 1237 ecclesiam
2343 1168 2693 1250 evertere,
2728 1169 2947 1256 atque
2979 1188 3107 1236 ora
3135 1168 3486 1259 oppilare,
3532 1187 3624 1236 ne
3661 1166 3773 1234 vi-

560 1317 683 1365 rus
713 1297 1061 1388 nequitiae
1101 1297 1176 1366 in
1228 1296 1411 1365 alios
1452 1295 1829 1364 effundere
1882 1296 2180 1385 queant,
2251 1294 2321 1361 et
2357 1290 2744 1361 lucernam
2794 1291 3125 1362 veritatis
3185 1294 3260 1362 in
3331 1292 3774 1363 candelabro
3860 1316 3870 1324 ·

557 1420 873 1493 exaltare
901 1423 1251 1500 volentes,
1289 1421 1365 1491 in
1399 1420 1648 1491 labore
1689 1418 1921 1490 multo
1950 1440 2037 1490 ac
2053 1418 2350 1512 sudore,
2386 1417 2527 1488 hoc
2566 1416 2917 1488 volumen
2954 1420 3103 1489 Deo
3155 1398 3540 1509 prasstante
3579 1440 3776 1489 com-

561 1528 925 1637 pegimuS,
969 1569 1057 1617 ex
1087 1545 1529 1617 testimoniis
1560 1544 1892 1617 veritatis
1932 1545 2414 1638 inoaeternum
2485 1543 2834 1628 fundatis,
2878 1543 2958 1613 in
3012 1548 3325 1636 quatuor
3371 1544 3578 1615 libris
3616 1544 3773 1614 dis-

560 1670 903 1742 tinctum.
949 1675 1029 1741 In
1070 1692 1212 1763 quo
1245 1671 1611 1764 maJorum
1651 1670 1993 1762 exempla
2018 1669 2584 1760 doctrinamque
2625 1668 2986 1759 reperies:
3022 1670 3098 1740 in
3167 1691 3308 1761 quo
3357 1691 3484 1762 per
3527 1670 3772 1740 Domi-

483 1852 499 1871 .
553 1795 743 1867 nicae
785 1796 953 1867 fidei
1005 1796 1378 1896 sinceram
1431 1795 1989 1888 professionem,
2064 1796 2377 1887 vipereae
2438 1792 2791 1865 doctrinae
2831 1795 3769 1887 fraudulentiam‘prodidi-

555 1944 747 2004 mus,
790 1923 1070 1993 aditum
1119 1922 1717 1993 demonstrandae
1783 1922 2109 1994 veritatis
2158 1920 2565 2012 complexi:
2604 1942 2742 1992 nec
2797 1922 3125 2014 periculo
3185 1921 3434 2013 impiae
3503 1921 3765 2012 profes·

555 2046 786 2117 sionis
844 2047 1127 2129 inserti,
1175 2051 1583 2141 temperato
1624 2046 1820 2119 inter
1870 2051 2261 2137 utrumque
2325 2045 2830 2117 moderamine
2886 2051 3197 2118 utentes.
3287 2046 3537 2117 Sicubi
3592 2066 3763 2116 vero

555 2192 818 2265 parum
850 2194 990 2243 vox
1029 2176 1282 2244 nostra
1320 2171 1678 2253 insonuit,
1722 2194 1873 2244 non
1915 2195 1959 2243 a
1990 2172 2312 2263 paternis
2340 2169 2681 2242 discessit
2709 2171 3097 2243 limitibus

642 2434 800 2503 Non
842 2431 1069 2540 igitur
1095 2432 1312 2533 debet
1338 2432 1467 2504 hic
1498 2431 1706 2504 labor
1733 2433 2080 2525 cuiquam
2126 2434 2334 2526 pigro
2374 2432 2491 2505 vel
2553 2432 2870 2504 multum
2940 2433 3154 2506 docto
3233 2435 3465 2506 videri
3519 2455 3766 2527 super-

541 2541 746 2629 fluus
774 2569 839 2628 ¹:
872 2580 1047 2629 cum
1096 2558 1347 2629 multis
1379 2557 1722 2650 impigris
1766 2559 2159 2652 multisque
2198 2559 2538 2646 indoctis,
2575 2561 2767 2631 inter
2804 2582 2988 2652 quos
3031 2561 3252 2631 etiam
3322 2564 3394 2631 et
3431 2560 3616 2630 mihi
3665 2560 3761 2629 sit

551 2680 1037 2758 necessarius,
1078 2681 1275 2754 brevi
1305 2681 1691 2753 volumine
1734 2682 2196 2775 complicans
2238 2686 2540 2754 Patrum
2600 2685 3024 2768 sententias,
3092 2685 3441 2776 appositis
3504 2705 3757 2754 eorum

552 2807 1045 2878 testimoniis:
1091 2810 1352 2877 utnon
1386 2806 1486 2877 sit
1537 2828 1842 2878 necesse
1898 2808 2255 2900 quaerenti
2317 2807 2670 2880 librorum
2743 2808 3344 2880 numerositatem
3402 2808 3756 2894 evolvere,

548 2930 672 3035 cui
707 2930 1028 3003 brevitas
1055 2930 1248 3024 quod
1279 2931 1665 3024 quoeritur,
1697 2931 1910 3003 offert
1945 2932 2104 3003 sine
2157 2932 2431 3004 labore.

641 3167 724 3235 ln
764 3163 904 3236 hoc
936 3166 1184 3236 autem
1225 3166 1546 3237 tractatu
1589 3184 1738 3237 non
1770 3164 2009 3238 solum
2052 3167 2256 3259 pium
2315 3164 2694 3252 lectorem,
2754 3167 2880 3238 sed
2949 3168 3170 3238 etiam
3232 3167 3543 3239 liberum
3601 3188 3762 3239 cor·

549 3293 904 3362 rectorem
944 3287 1316 3361 desidero:
1360 3288 1686 3360 maxime
1716 3289 1842 3362 ubi
1884 3289 2247 3382 profunda
2284 3295 2624 3363 versatur
2653 3291 2986 3363 veritatis
3035 3295 3369 3384 quoestio,
3412 3314 3574 3385 quae
3619 3294 3756 3364 uti-

543 3436 721 3487 nam
753 3418 859 3486 tot
889 3414 1191 3487 baberet
1210 3415 1660 3503 inventores,
1693 3421 1872 3509 quot
1903 3414 2121 3487 habet
2146 3415 2757 3489 contradictores.
2794 3420 2888 3489 Ut
2917 3427 3162 3489 autem
3187 3419 3375 3510 quod
3400 3419 3754 3511 quoeritur

538 3539 831 3613 facilius
867 3543 1237 3620 occurrat,
1268 3537 1517 3611 titulos
1545 3539 1817 3634 quibus
1869 3539 2336 3632 singulorum
2395 3540 2755 3613 librorum
2787 3541 3118 3634 capitula
3157 3543 3739 3634 distinguuntur,

545 3684 1061 3758 premisimus.

2207 3960 2437 4030 dicens
2466 3981 2539 4029 se
2569 3983 2876 4053 quaerere
2905 3964 3095 4054 pium
3134 3963 3453 4032 lectorem
3491 3971 3557 4031 et
3588 3962 3760 4030 libc-

725 4090 792 4136 m
839 4089 1183 4137 raomcux
1211 4089 1521 4137 morsui
1548 4089 1908 4138 sxrosmo.
2208 4089 2359 4135 rum
2406 4077 2866 4138 correctorem
2917 4068 2988 4136 in
3030 4067 3160 4139 hoc
3198 4070 3473 4161 scripto,
3515 4078 3580 4138 et
3616 4068 3760 4139 hoec

2209 4174 2468 4265 incipit,
2503 4173 2624 4254 ibi,
2676 4200 2711 4240 ι
2746 4177 2827 4244 ln
2865 4175 2990 4244 hoc
3020 4187 3249 4246 autem
3283 4187 3579 4246 tractatu
3625 4201 3756 4246 non

646 4307 678 4348 ι
718 4282 1076 4375 Cupientes
1120 4280 1422 4374 aliquid,
1456 4289 1588 4351 etc.
1625 4306 1659 4348 n
2204 4281 2460 4360 solum,
2492 4289 2619 4352 etc.
2659 4306 2693 4348 n

636 4389 1057 4460 Prooemium
1087 4390 1266 4458 istud
1304 4389 1633 4458 dividitur
1659 4390 1729 4457 in
1767 4398 1905 4458 tres
1941 4413 2102 4482 par-

546 4504 674 4577 tes,
708 4517 996 4587 quarum
1026 4497 1247 4588 prima
1273 4498 1570 4564 sumitur
1597 4517 1684 4564 ex
1722 4504 1914 4587 parte
1941 4498 2100 4565 scri·

549 4603 676 4694 pti·
708 4603 853 4671 sive
909 4605 1161 4695 operis,
1218 4602 1414 4692 cujus
1488 4603 1794 4695 assignat
1864 4626 2103 4673 causas

550 4717 904 4777 moventes
938 4732 954 4777 :
989 4710 1287 4788 finalem,
1348 4709 1799 4790 materialem,
1831 4720 1900 4779 et
1960 4710 2104 4778 sor-

552 4813 829 4882 malem.
866 4813 1178 4882 Secunda
1215 4824 1445 4882 autem
1485 4818 1784 4883 sumitur
1820 4840 1905 4884 ex
1945 4841 2104 4908 par-

551 4930 616 4990 te
653 4922 883 5012 scripti
922 4922 1068 5010 ejus
1123 4923 1231 4990 cui
1290 4921 1632 5004 scribitur,
1673 4924 1818 4990 sive
1857 4924 2103 5016 quibus

553 5028 626 5096 lit
654 5052 828 5121 opus
869 5030 1073 5109 istud,
1142 5053 1293 5121 quae
1354 5031 1616 5121 incipit,
1685 5031 1804 5108 ibi,
1867 5060 1902 5096 α
1946 5034 2099 5100 Non

552 5138 770 5227 ἐρίων
805 5137 1020 5205 debet.
1057 5166 1089 5199 u
1119 5136 1342 5205 Tertia
1382 5145 1611 5206 autem
1678 5141 1970 5206 sumitur
2017 5162 2100 5207 ex

549 5251 738 5334 parte
775 5243 1153 5324 scribentiS,
1195 5245 1264 5311 in
1296 5266 1433 5333 qua
1480 5244 1740 5312 Auctor
1775 5243 2101 5312 determi-

551 5357 669 5418 nat
722 5349 1240 5441 dispositionem
1306 5373 1503 5418 suam
1573 5352 1643 5418 in
1714 5350 2093 5431 scribendo,

625 5615 644 5649 ¹
675 5610 762 5667 Ci'.
791 5612 842 5667 11
871 5611 945 5668 ad
974 5612 1228 5668 Timoth.
1263 5628 1339 5681 iv,
1370 5613 1402 5668 3
1434 5617 1495 5668 et
1521 5614 1576 5668 4.

621 5703 645 5739 ⁸
672 5703 756 5759 Ex
783 5705 1126 5776 Auousrixo,
1157 5702 1220 5759 in
1248 5704 1538 5777 prooemio
1584 5703 1688 5763 lib.
1730 5706 1811 5763 111
1857 5706 1931 5765 de
1973 5709 2103 5766 Tri-

2296 4387 2531 4456 Prima
2592 4386 2837 4456 harum
2930 4392 3226 4480 partium
3297 4391 3617 4460 dividitur
3690 4394 3756 4459 in

2209 4495 2404 4574 duas,
2481 4498 2549 4564 in
2621 4519 2910 4589 quarum
2981 4499 3194 4588 prima
3259 4501 3470 4590 tangit
3523 4522 3759 4568 causas

2211 4613 2567 4672 moventes
2596 4626 2682 4674 ex
2713 4614 2901 4696 parte
2940 4605 3067 4674 Dei
3108 4616 3175 4674 et
3204 4610 3519 4697 proximi.
3555 4607 3629 4674 ln
3659 4631 3759 4675 se·

2211 4710 2432 4779 cunda
2461 4720 2689 4780 autem
2738 4736 2823 4781 ex
2853 4716 3074 4780 causis
3116 4714 3546 4782 moventibus
3592 4738 3758 4782 con-

2210 4818 2420 4887 cludit
2459 4823 2664 4890 etiam
2716 4820 2885 4890 alias
2924 4844 3159 4889 causas
3235 4821 3434 4910 hujus
3507 4825 3753 4913 operis,

2216 4926 2336 5007 ibi,
2360 4953 2393 4993 ι
2416 4930 2687 4997 Ilorum
2709 4930 2927 5020 iqitur
2946 4940 3010 4996 el
3028 4932 3170 4998 Deo
3192 4930 3540 5010 odibilem,
3573 4941 3692 4998 etc.
3724 4963 3753 4990 u

2297 5032 2530 5102 Prima
2594 5044 2824 5104 autem
2896 5060 3047 5127 quoe
3147 5038 3443 5105 continet
3520 5061 3755 5106 causas

2209 5150 2564 5209 moventes
2620 5142 2704 5210 ad
2777 5142 3236 5220 scribendum,
3314 5144 3633 5212 dividitur
3688 5146 3754 5211 in

2208 5245 2377 5314 duas
2416 5257 2641 5338 partes
2689 5248 3062 5315 secundum
3111 5249 3280 5318 duos
3322 5274 3543 5319 ramos
3590 5249 3754 5319 oha-

2209 5353 2569 5423 ritatis.1n
2635 5357 2857 5445 prima
2930 5358 3112 5423 enirn
3175 5357 3335 5425 dicit
3403 5366 3752 5426 moventes

2209 5619 2415 5676 nitate.
