<?xml version="1.0" encoding="UTF-8"?>
<!DOCTYPE html PUBLIC "-//W3C//DTD XHTML 1.0 Transitional//EN"
    "http://www.w3.org/TR/xhtml1/DTD/xhtml1-transitional.dtd">
<html xmlns="http://www.w3.org/1999/xhtml" xml:lang="en" lang="en">
 <head>
  <title>
</title>
<meta http-equiv="Content-Type" content="text/html;charset=utf-8" />
  <meta name='ocr-system' content='tesseract 3.04.00' />
  <meta name='ocr-capabilities' content='ocr_page ocr_carea ocr_par ocr_line ocrx_word'/>
</head>
<body>
  <div class='ocr_page' id='page_1' title='image "balbertimagnira03chgoog_0449.png"; bbox 0 0 4897 6388; ppageno 0'>
   <div class='ocr_carea' id='block_1_1' title="bbox 700 1110 1002 1160">
    <p class='ocr_par' dir='ltr' id='par_1_1' title="bbox 700 1110 1002 1160">
     <span class='ocr_line' id='line_1_1' title="bbox 700 1110 1002 1160; baseline 0.013 -4"><span class='ocrx_word' id='word_1_1' title='bbox 700 1110 791 1156; x_wconf 76' lang='lat' dir='ltr'><strong>Sed</strong></span> <span class='ocrx_word' id='word_1_2' title='bbox 815 1118 1002 1160; x_wconf 68' lang='lat' dir='ltr'><strong>contra.</strong></span> 
     </span>
    </p>
   </div>
   <div class='ocr_carea' id='block_1_2' title="bbox 711 2189 966 2244">
    <p class='ocr_par' dir='ltr' id='par_1_2' title="bbox 711 2189 966 2244">
     <span class='ocr_line' id='line_1_2' title="bbox 711 2189 966 2244; baseline -0.027 0"><span class='ocrx_word' id='word_1_3' title='bbox 711 2191 900 2244; x_wconf 67' lang='lat' dir='ltr'><strong>Quaene.</strong></span> <span class='ocrx_word' id='word_1_4' title='bbox 921 2189 966 2237; x_wconf 81' lang='lat'><strong>2.</strong></span> 
     </span>
    </p>
   </div>
   <div class='ocr_carea' id='block_1_3' title="bbox 708 3613 964 3669">
    <p class='ocr_par' dir='ltr' id='par_1_3' title="bbox 708 3613 964 3669">
     <span class='ocr_line' id='line_1_3' title="bbox 708 3613 964 3669; baseline 0 -5"><span class='ocrx_word' id='word_1_5' title='bbox 708 3613 896 3669; x_wconf 64' lang='lat' dir='ltr'><strong>Qut-⁸.</strong></span> <span class='ocrx_word' id='word_1_6' title='bbox 922 3614 964 3665; x_wconf 75' lang='lat'><strong>⁸.</strong></span> 
     </span>
    </p>
   </div>
   <div class='ocr_carea' id='block_1_4' title="bbox 740 4907 935 4954">
    <p class='ocr_par' dir='ltr' id='par_1_4' title="bbox 740 4907 935 4954">
     <span class='ocr_line' id='line_1_4' title="bbox 740 4907 935 4954; baseline 0.015 -3"><span class='ocrx_word' id='word_1_7' title='bbox 740 4907 935 4954; x_wconf 65' lang='lat' dir='ltr'><strong>solutio.</strong></span> 
     </span>
    </p>
   </div>
   <div class='ocr_carea' id='block_1_5' title="bbox 1830 361 3563 461">
    <p class='ocr_par' dir='ltr' id='par_1_5' title="bbox 1830 361 3563 470">
     <span class='ocr_line' id='line_1_5' title="bbox 1830 361 3563 461; baseline 0 -11"><span class='ocrx_word' id='word_1_8' title='bbox 1830 384 1924 450; x_wconf 85' lang='lat' dir='ltr'><strong>lN</strong></span> <span class='ocrx_word' id='word_1_9' title='bbox 1958 383 2003 450; x_wconf 62' lang='grc' dir='ltr'><strong>ιι</strong></span> <span class='ocrx_word' id='word_1_10' title='bbox 2051 364 2477 450; x_wconf 57' lang='grc' dir='ltr'><strong>ΞΕΝΤΕΝᾞ</strong></span> <span class='ocrx_word' id='word_1_11' title='bbox 2528 361 2761 449; x_wconf 69' lang='lat' dir='ltr'><strong>mer.</strong></span> <span class='ocrx_word' id='word_1_12' title='bbox 2813 372 2969 460; x_wconf 80' lang='lat' dir='ltr'><strong>xv,</strong></span> <span class='ocrx_word' id='word_1_13' title='bbox 3022 363 3108 461; x_wconf 72' lang='lat' dir='ltr'><strong>fi,</strong></span> <span class='ocrx_word' id='word_1_14' title='bbox 3154 379 3353 451; x_wconf 60' lang='lat' dir='ltr'><strong>aar.</strong></span> <span class='ocrx_word' id='word_1_15' title='bbox 3398 386 3463 450; x_wconf 86' lang='lat'><strong>9.</strong></span> <span class='ocrx_word' id='word_1_16' title='bbox 3558 371 3563 376; x_wconf 81' lang='grc'><em>·</em></span> 
     </span>
    </p>
   </div>
   <div class='ocr_carea' id='block_1_6' title="bbox 1042 539 2607 2011">
    <p class='ocr_par' dir='ltr' id='par_1_6' title="bbox 1050 539 2607 1052">
     <span class='ocr_line' id='line_1_6' title="bbox 1055 539 2607 644; baseline -0.001 -26"><span class='ocrx_word' id='word_1_17' title='bbox 1055 559 1132 619; x_wconf 90' lang='lat' dir='ltr'><strong>ut</strong></span> <span class='ocrx_word' id='word_1_18' title='bbox 1168 543 1447 621; x_wconf 43' lang='lat' dir='ltr'><strong>videtur*</strong></span> <span class='ocrx_word' id='word_1_19' title='bbox 1475 540 1798 644; x_wconf 80' lang='lat' dir='ltr'><strong>Magister</strong></span> <span class='ocrx_word' id='word_1_20' title='bbox 1842 547 1953 620; x_wconf 85' lang='lat' dir='ltr'><strong>hic</strong></span> <span class='ocrx_word' id='word_1_21' title='bbox 2007 552 2227 620; x_wconf 85' lang='lat' dir='ltr'><strong>dicere</strong></span> <span class='ocrx_word' id='word_1_22' title='bbox 2264 575 2278 619; x_wconf 75' lang='grc' dir='ltr'>ε</span> <span class='ocrx_word' id='word_1_23' title='bbox 2323 551 2441 619; x_wconf 82' lang='lat' dir='ltr'><strong>sed</strong></span> <span class='ocrx_word' id='word_1_24' title='bbox 2496 539 2607 618; x_wconf 87' lang='lat' dir='ltr'><strong>Fi·</strong></span> 
     </span>
     <span class='ocr_line' id='line_1_7' title="bbox 1054 658 2603 749; baseline -0.001 -23"><span class='ocrx_word' id='word_1_25' title='bbox 1054 660 1184 727; x_wconf 91' lang='lat' dir='ltr'><strong>lius</strong></span> <span class='ocrx_word' id='word_1_26' title='bbox 1215 659 1298 730; x_wconf 85' lang='lat' dir='ltr'><strong>ab</strong></span> <span class='ocrx_word' id='word_1_27' title='bbox 1347 660 1481 728; x_wconf 79' lang='lat' dir='ltr'><strong>alio</strong></span> <span class='ocrx_word' id='word_1_28' title='bbox 1522 666 1671 727; x_wconf 78' lang='lat' dir='ltr'><strong>est:</strong></span> <span class='ocrx_word' id='word_1_29' title='bbox 1717 680 1878 749; x_wconf 82' lang='lat' dir='ltr'><strong>ergo</strong></span> <span class='ocrx_word' id='word_1_30' title='bbox 1937 659 2255 727; x_wconf 73' lang='lat' dir='ltr'><strong>convenit</strong></span> <span class='ocrx_word' id='word_1_31' title='bbox 2312 658 2369 726; x_wconf 83' lang='lat' dir='ltr'><strong>ei</strong></span> <span class='ocrx_word' id='word_1_32' title='bbox 2425 659 2603 726; x_wconf 76' lang='lat' dir='ltr'><strong>mitti</strong></span> 
     </span>
     <span class='ocr_line' id='line_1_8' title="bbox 1053 759 2607 859; baseline -0.001 -24"><span class='ocrx_word' id='word_1_33' title='bbox 1053 759 1135 835; x_wconf 88' lang='lat' dir='ltr'><strong>ab</strong></span> <span class='ocrx_word' id='word_1_34' title='bbox 1180 783 1588 859; x_wconf 86' lang='lat' dir='ltr'><strong>unaquaque</strong></span> <span class='ocrx_word' id='word_1_35' title='bbox 1627 789 2116 858; x_wconf 89' lang='lat' dir='ltr'><strong>personarum:</strong></span> <span class='ocrx_word' id='word_1_36' title='bbox 2161 782 2321 859; x_wconf 75' lang='lat' dir='ltr'><strong>ergo·</strong></span> <span class='ocrx_word' id='word_1_37' title='bbox 2381 764 2607 858; x_wconf 77' lang='lat' dir='ltr'><strong>potest</strong></span> 
     </span>
     <span class='ocr_line' id='line_1_9' title="bbox 1053 867 2605 967; baseline 0.001 -24"><span class='ocrx_word' id='word_1_38' title='bbox 1053 876 1357 955; x_wconf 81' lang='lat' dir='ltr'><strong>concedi,</strong></span> <span class='ocrx_word' id='word_1_39' title='bbox 1423 867 1605 966; x_wconf 91' lang='lat' dir='ltr'><strong>quod</strong></span> <span class='ocrx_word' id='word_1_40' title='bbox 1673 874 1966 967; x_wconf 73' lang='lat' dir='ltr'>Spiritus</span> <span class='ocrx_word' id='word_1_41' title='bbox 2035 871 2310 952; x_wconf 74' lang='lat' dir='ltr'><strong>sanctus</strong></span> <span class='ocrx_word' id='word_1_42' title='bbox 2378 875 2605 945; x_wconf 84' lang='lat' dir='ltr'><strong>mittat</strong></span> 
     </span>
     <span class='ocr_line' id='line_1_10' title="bbox 1050 982 1323 1052; baseline 0.011 -3"><span class='ocrx_word' id='word_1_43' title='bbox 1050 982 1323 1052; x_wconf 85' lang='lat' dir='ltr'><strong>Filium.</strong></span> 
     </span>
    </p>

    <p class='ocr_par' dir='ltr' id='par_1_7' title="bbox 1042 1079 2601 2011">
     <span class='ocr_line' id='line_1_11' title="bbox 1141 1079 2599 1182; baseline 0.003 -26"><span class='ocrx_word' id='word_1_44' title='bbox 1141 1089 1274 1157; x_wconf 76' lang='lat' dir='ltr'><strong>San</strong></span> <span class='ocrx_word' id='word_1_45' title='bbox 1322 1113 1572 1159; x_wconf 62' lang='lat' dir='ltr'><strong>com-ax</strong></span> <span class='ocrx_word' id='word_1_46' title='bbox 1607 1115 1624 1161; x_wconf 75' lang='grc' dir='ltr'><strong><em>ε</em></strong></span> <span class='ocrx_word' id='word_1_47' title='bbox 1693 1091 1833 1160; x_wconf 86' lang='lat' dir='ltr'><strong>Nec</strong></span> <span class='ocrx_word' id='word_1_48' title='bbox 1872 1079 2080 1158; x_wconf 84' lang='lat' dir='ltr'><strong>Filius</strong></span> <span class='ocrx_word' id='word_1_49' title='bbox 2119 1081 2296 1160; x_wconf 78' lang='lat' dir='ltr'><strong>est‘a</strong></span> <span class='ocrx_word' id='word_1_50' title='bbox 2337 1087 2599 1182; x_wconf 77' lang='lat' dir='ltr'>Spiritu</span> 
     </span>
     <span class='ocr_line' id='line_1_12' title="bbox 1053 1199 2601 1289; baseline 0.002 -25"><span class='ocrx_word' id='word_1_51' title='bbox 1053 1205 1287 1265; x_wconf 86' lang='lat' dir='ltr'><strong>sancto</strong></span> <span class='ocrx_word' id='word_1_52' title='bbox 1321 1224 1337 1266; x_wconf 73' lang='grc' dir='ltr'><strong><em>ε</em></strong></span> <span class='ocrx_word' id='word_1_53' title='bbox 1383 1222 1507 1267; x_wconf 90' lang='lat' dir='ltr'><strong>nec</strong></span> <span class='ocrx_word' id='word_1_54' title='bbox 1545 1200 1752 1267; x_wconf 86' lang='lat' dir='ltr'><strong>etiam</strong></span> <span class='ocrx_word' id='word_1_55' title='bbox 1797 1199 2086 1289; x_wconf 80' lang='lat' dir='ltr'><strong>Spiritus</strong></span> <span class='ocrx_word' id='word_1_56' title='bbox 2125 1208 2396 1267; x_wconf 86' lang='lat' dir='ltr'><strong>sanctus</strong></span> <span class='ocrx_word' id='word_1_57' title='bbox 2427 1209 2601 1289; x_wconf 84' lang='lat' dir='ltr'><strong>ope-</strong></span> 
     </span>
     <span class='ocr_line' id='line_1_13' title="bbox 1051 1303 2598 1394; baseline 0.001 -25"><span class='ocrx_word' id='word_1_58' title='bbox 1051 1310 1236 1369; x_wconf 89' lang='lat' dir='ltr'><strong>ratur</strong></span> <span class='ocrx_word' id='word_1_59' title='bbox 1273 1325 1392 1392; x_wconf 90' lang='lat' dir='ltr'><strong>per</strong></span> <span class='ocrx_word' id='word_1_60' title='bbox 1423 1303 1692 1378; x_wconf 87' lang='lat' dir='ltr'><strong>Filium,</strong></span> <span class='ocrx_word' id='word_1_61' title='bbox 1718 1306 1886 1394; x_wconf 79' lang='lat' dir='ltr'><strong>&#39;quia</strong></span> <span class='ocrx_word' id='word_1_62' title='bbox 1918 1305 2306 1394; x_wconf 64' lang='lat' dir='ltr'><strong>praepositio</strong></span> <span class='ocrx_word' id='word_1_63' title='bbox 2341 1304 2598 1371; x_wconf 84' lang='lat' dir='ltr'><strong>nullam</strong></span> 
     </span>
     <span class='ocr_line' id='line_1_14' title="bbox 1047 1401 2601 1497; baseline 0.002 -24"><span class='ocrx_word' id='word_1_64' title='bbox 1047 1405 1277 1497; x_wconf 80' lang='lat' dir='ltr'><strong>posSet</strong></span> <span class='ocrx_word' id='word_1_65' title='bbox 1352 1401 1588 1476; x_wconf 84' lang='lat' dir='ltr'><strong>notare</strong></span> <span class='ocrx_word' id='word_1_66' title='bbox 1637 1407 2104 1475; x_wconf 75' lang='lat' dir='ltr'><strong>habitudinem</strong></span> <span class='ocrx_word' id='word_1_67' title='bbox 2143 1405 2458 1497; x_wconf 82' lang='lat' dir='ltr'><strong>principii</strong></span> <span class='ocrx_word' id='word_1_68' title='bbox 2500 1419 2601 1476; x_wconf 77' lang='lat' dir='ltr'><strong>re-</strong></span> 
     </span>
     <span class='ocr_line' id='line_1_15' title="bbox 1045 1513 2598 1606; baseline 0.001 -24"><span class='ocrx_word' id='word_1_69' title='bbox 1045 1521 1279 1604; x_wconf 88' lang='lat' dir='ltr'><strong>spectu</strong></span> <span class='ocrx_word' id='word_1_70' title='bbox 1317 1513 1471 1583; x_wconf 80' lang='lat' dir='ltr'><strong>Filii</strong></span> <span class='ocrx_word' id='word_1_71' title='bbox 1508 1538 1523 1582; x_wconf 91' lang='lat'>:</span> <span class='ocrx_word' id='word_1_72' title='bbox 1558 1525 1713 1601; x_wconf 76' lang='lat' dir='ltr'><strong>cum</strong></span> <span class='ocrx_word' id='word_1_73' title='bbox 1756 1529 1916 1606; x_wconf 86' lang='lat' dir='ltr'><strong>ergo</strong></span> <span class='ocrx_word' id='word_1_74' title='bbox 1948 1538 2089 1583; x_wconf 91' lang='lat' dir='ltr'><strong>non</strong></span> <span class='ocrx_word' id='word_1_75' title='bbox 2126 1517 2262 1584; x_wconf 83' lang='lat' dir='ltr'><strong>sint</strong></span> <span class='ocrx_word' id='word_1_76' title='bbox 2289 1516 2485 1606; x_wconf 89' lang='lat' dir='ltr'><strong>plura</strong></span> <span class='ocrx_word' id='word_1_77' title='bbox 2526 1516 2598 1584; x_wconf 91' lang='lat' dir='ltr'><strong>in</strong></span> 
     </span>
     <span class='ocr_line' id='line_1_16' title="bbox 1042 1621 2592 1716; baseline 0.002 -26"><span class='ocrx_word' id='word_1_78' title='bbox 1042 1622 1414 1702; x_wconf 86' lang='lat' dir='ltr'><strong>locutione,</strong></span> <span class='ocrx_word' id='word_1_79' title='bbox 1469 1647 1676 1715; x_wconf 89' lang='lat' dir='ltr'><strong>quam</strong></span> <span class='ocrx_word' id='word_1_80' title='bbox 1719 1621 2172 1716; x_wconf 76' lang='lat' dir='ltr'><strong>significatum</strong></span> <span class='ocrx_word' id='word_1_81' title='bbox 2223 1624 2592 1704; x_wconf 80' lang='lat' dir='ltr'><strong>missioniS‚</strong></span> 
     </span>
     <span class='ocr_line' id='line_1_17' title="bbox 1044 1723 2595 1811; baseline 0.003 -15"><span class='ocrx_word' id='word_1_82' title='bbox 1044 1725 1109 1796; x_wconf 82' lang='lat' dir='ltr'><strong>et</strong></span> <span class='ocrx_word' id='word_1_83' title='bbox 1140 1728 1420 1798; x_wconf 80' lang='lat' dir='ltr'><strong>effectus</strong></span> <span class='ocrx_word' id='word_1_84' title='bbox 1456 1731 1524 1797; x_wconf 84' lang='lat' dir='ltr'><strong>iri</strong></span> <span class='ocrx_word' id='word_1_85' title='bbox 1578 1742 1907 1811; x_wconf 84' lang='lat' dir='ltr'><strong>creatura,</strong></span> <span class='ocrx_word' id='word_1_86' title='bbox 1953 1749 2089 1799; x_wconf 91' lang='lat' dir='ltr'><strong>non</strong></span> <span class='ocrx_word' id='word_1_87' title='bbox 2137 1723 2405 1800; x_wconf 50' lang='lat' dir='ltr'><strong>ridetur</strong></span> <span class='ocrx_word' id='word_1_88' title='bbox 2447 1753 2595 1800; x_wconf 90' lang='lat' dir='ltr'><strong>esse</strong></span> 
     </span>
     <span class='ocr_line' id='line_1_18' title="bbox 1043 1829 2593 1930; baseline 0.001 -25"><span class='ocrx_word' id='word_1_89' title='bbox 1043 1829 1475 1906; x_wconf 83' lang='lat' dir='ltr'><strong>concedenda</strong></span> <span class='ocrx_word' id='word_1_90' title='bbox 1517 1836 1684 1918; x_wconf 75' lang='lat' dir='ltr'><strong>h‘aec‘,</strong></span> <span class='ocrx_word' id='word_1_91' title='bbox 1731 1838 2026 1930; x_wconf 74' lang='lat' dir='ltr'><strong>Spiritus</strong></span> <span class='ocrx_word' id='word_1_92' title='bbox 2072 1848 2344 1908; x_wconf 81' lang='lat' dir='ltr'><strong>sanctus</strong></span> <span class='ocrx_word' id='word_1_93' title='bbox 2383 1837 2593 1907; x_wconf 82' lang='lat' dir='ltr'><strong>mittit</strong></span> 
     </span>
     <span class='ocr_line' id='line_1_19' title="bbox 1043 1931 1317 2011; baseline 0.011 -3"><span class='ocrx_word' id='word_1_94' title='bbox 1043 1931 1317 2011; x_wconf 83' lang='lat' dir='ltr'><strong>Filium.</strong></span> 
     </span>
    </p>
   </div>
   <div class='ocr_carea' id='block_1_7' title="bbox 1032 2157 2595 3426">
    <p class='ocr_par' dir='ltr' id='par_1_8' title="bbox 1032 2157 2595 3426">
     <span class='ocr_line' id='line_1_20' title="bbox 1132 2157 2595 2231; baseline 0.004 -6"><span class='ocrx_word' id='word_1_95' title='bbox 1132 2157 1505 2226; x_wconf 68' lang='lat' dir='ltr'><strong>Pam-sau</strong></span> <span class='ocrx_word' id='word_1_96' title='bbox 1545 2158 1690 2228; x_wconf 83' lang='lat' dir='ltr'><strong>haec</strong></span> <span class='ocrx_word' id='word_1_97' title='bbox 1737 2182 1874 2229; x_wconf 90' lang='lat' dir='ltr'><strong>non</strong></span> <span class='ocrx_word' id='word_1_98' title='bbox 1920 2159 2189 2230; x_wconf 79' lang='lat' dir='ltr'><strong>videtur</strong></span> <span class='ocrx_word' id='word_1_99' title='bbox 2238 2168 2384 2230; x_wconf 70' lang='lat' dir='ltr'><strong>eSse</strong></span> <span class='ocrx_word' id='word_1_100' title='bbox 2422 2181 2595 2231; x_wconf 75' lang='lat' dir='ltr'><strong>con-³</strong></span> 
     </span>
     <span class='ocr_line' id='line_1_21' title="bbox 1041 2261 2591 2361; baseline 0.003 -24"><span class='ocrx_word' id='word_1_101' title='bbox 1041 2261 1365 2351; x_wconf 85' lang='lat' dir='ltr'><strong>cedenda,</strong></span> <span class='ocrx_word' id='word_1_102' title='bbox 1411 2267 1703 2361; x_wconf 86' lang='lat' dir='ltr'><strong>Spiritus</strong></span> <span class='ocrx_word' id='word_1_103' title='bbox 1761 2271 2030 2340; x_wconf 83' lang='lat' dir='ltr'><strong>sanctus</strong></span> <span class='ocrx_word' id='word_1_104' title='bbox 2079 2267 2285 2341; x_wconf 80' lang='lat' dir='ltr'><strong>mittit</strong></span> <span class='ocrx_word' id='word_1_105' title='bbox 2340 2263 2591 2341; x_wconf 79' lang='lat' dir='ltr'><strong>Filium</strong></span> 
     </span>
     <span class='ocr_line' id='line_1_22' title="bbox 1044 2377 2589 2450; baseline 0.005 -7"><span class='ocrx_word' id='word_1_106' title='bbox 1044 2378 1115 2444; x_wconf 93' lang='lat' dir='ltr'><strong>in</strong></span> <span class='ocrx_word' id='word_1_107' title='bbox 1154 2400 1481 2447; x_wconf 88' lang='lat' dir='ltr'><strong>carnem:</strong></span> <span class='ocrx_word' id='word_1_108' title='bbox 1541 2378 1727 2448; x_wconf 90' lang='lat' dir='ltr'><strong>aliud</strong></span> <span class='ocrx_word' id='word_1_109' title='bbox 1786 2383 1964 2448; x_wconf 89' lang='lat' dir='ltr'><strong>enim</strong></span> <span class='ocrx_word' id='word_1_110' title='bbox 2024 2377 2126 2448; x_wconf 76' lang='lat' dir='ltr'><strong>est</strong></span> <span class='ocrx_word' id='word_1_111' title='bbox 2189 2381 2257 2448; x_wconf 84' lang='lat' dir='ltr'><strong>in</strong></span> <span class='ocrx_word' id='word_1_112' title='bbox 2313 2395 2589 2450; x_wconf 80' lang='lat' dir='ltr'><strong>carnem·</strong></span> 
     </span>
     <span class='ocr_line' id='line_1_23' title="bbox 1044 2487 2589 2566; baseline 0.005 -15"><span class='ocrx_word' id='word_1_113' title='bbox 1044 2487 1332 2566; x_wconf 83' lang='lat' dir='ltr'><strong>mittere,</strong></span> <span class='ocrx_word' id='word_1_114' title='bbox 1392 2495 1458 2555; x_wconf 86' lang='lat' dir='ltr'><strong>et</strong></span> <span class='ocrx_word' id='word_1_115' title='bbox 1496 2487 1678 2556; x_wconf 92' lang='lat' dir='ltr'><strong>aliud</strong></span> <span class='ocrx_word' id='word_1_116' title='bbox 1710 2497 1807 2557; x_wconf 88' lang='lat' dir='ltr'><strong>est</strong></span> <span class='ocrx_word' id='word_1_117' title='bbox 1838 2490 1906 2555; x_wconf 90' lang='lat' dir='ltr'><strong>in</strong></span> <span class='ocrx_word' id='word_1_118' title='bbox 1955 2511 2155 2558; x_wconf 89' lang='lat' dir='ltr'><strong>carne</strong></span> <span class='ocrx_word' id='word_1_119' title='bbox 2184 2490 2589 2559; x_wconf 80' lang='lat' dir='ltr'><strong>existentem</strong></span> 
     </span>
     <span class='ocr_line' id='line_1_24' title="bbox 1040 2594 2589 2667; baseline 0.005 -8"><span class='ocrx_word' id='word_1_120' title='bbox 1040 2594 1334 2664; x_wconf 88' lang='lat' dir='ltr'><strong>mittere.</strong></span> <span class='ocrx_word' id='word_1_121' title='bbox 1404 2594 1483 2663; x_wconf 88' lang='lat' dir='ltr'><strong>ln</strong></span> <span class='ocrx_word' id='word_1_122' title='bbox 1549 2618 1819 2665; x_wconf 89' lang='lat' dir='ltr'><strong>carnem</strong></span> <span class='ocrx_word' id='word_1_123' title='bbox 1876 2597 2058 2664; x_wconf 90' lang='lat' dir='ltr'><strong>enim</strong></span> <span class='ocrx_word' id='word_1_124' title='bbox 2114 2599 2380 2666; x_wconf 88' lang='lat' dir='ltr'><strong>mittere</strong></span> <span class='ocrx_word' id='word_1_125' title='bbox 2447 2622 2589 2667; x_wconf 88' lang='lat' dir='ltr'><strong>non</strong></span> 
     </span>
     <span class='ocr_line' id='line_1_25' title="bbox 1037 2702 2580 2795; baseline 0.006 -28"><span class='ocrx_word' id='word_1_126' title='bbox 1037 2702 1361 2770; x_wconf 77' lang='lat' dir='ltr'><strong>convenit</strong></span> <span class='ocrx_word' id='word_1_127' title='bbox 1390 2703 1518 2771; x_wconf 91' lang='lat' dir='ltr'><strong>nisi</strong></span> <span class='ocrx_word' id='word_1_128' title='bbox 1558 2704 1958 2773; x_wconf 84' lang='lat' dir='ltr'><strong>existentem</strong></span> <span class='ocrx_word' id='word_1_129' title='bbox 1999 2714 2243 2795; x_wconf 82' lang='lat' dir='ltr'><strong>praeter</strong></span> <span class='ocrx_word' id='word_1_130' title='bbox 2269 2728 2580 2776; x_wconf 88' lang='lat' dir='ltr'><strong>carnem:</strong></span> 
     </span>
     <span class='ocr_line' id='line_1_26' title="bbox 1037 2812 2585 2884; baseline 0.005 -7"><span class='ocrx_word' id='word_1_131' title='bbox 1037 2812 1236 2881; x_wconf 85' lang='lat' dir='ltr'><strong>etsie</strong></span> <span class='ocrx_word' id='word_1_132' title='bbox 1283 2835 1421 2880; x_wconf 92' lang='lat' dir='ltr'><strong>non</strong></span> <span class='ocrx_word' id='word_1_133' title='bbox 1468 2815 1787 2882; x_wconf 79' lang='lat' dir='ltr'><strong>convenit</strong></span> <span class='ocrx_word' id='word_1_134' title='bbox 1843 2815 2110 2882; x_wconf 87' lang='lat' dir='ltr'><strong>mittere</strong></span> <span class='ocrx_word' id='word_1_135' title='bbox 2165 2813 2410 2883; x_wconf 85' lang='lat' dir='ltr'><strong>Filium</strong></span> <span class='ocrx_word' id='word_1_136' title='bbox 2454 2816 2585 2884; x_wconf 81' lang='lat' dir='ltr'><strong>nisi</strong></span> 
     </span>
     <span class='ocr_line' id='line_1_27' title="bbox 1034 2920 2586 3014; baseline 0.005 -28"><span class='ocrx_word' id='word_1_137' title='bbox 1034 2920 1412 2989; x_wconf 89' lang='lat' dir='ltr'><strong>secundum</strong></span> <span class='ocrx_word' id='word_1_138' title='bbox 1445 2921 1627 3013; x_wconf 90' lang='lat' dir='ltr'><strong>quod</strong></span> <span class='ocrx_word' id='word_1_139' title='bbox 1659 2930 1761 2991; x_wconf 88' lang='lat' dir='ltr'><strong>est</strong></span> <span class='ocrx_word' id='word_1_140' title='bbox 1796 2931 2046 2991; x_wconf 77' lang='lat' dir='ltr'><strong>aeterna</strong></span> <span class='ocrx_word' id='word_1_141' title='bbox 2091 2945 2380 3014; x_wconf 87' lang='lat' dir='ltr'><strong>persona</strong></span> <span class='ocrx_word' id='word_1_142' title='bbox 2417 2947 2434 2991; x_wconf 72' lang='grc' dir='ltr'><strong>ε</strong></span> <span class='ocrx_word' id='word_1_143' title='bbox 2487 2925 2586 2993; x_wconf 82' lang='lat' dir='ltr'><strong>sic</strong></span> 
     </span>
     <span class='ocr_line' id='line_1_28' title="bbox 1033 3027 2581 3124; baseline 0.005 -32"><span class='ocrx_word' id='word_1_144' title='bbox 1033 3036 1261 3095; x_wconf 87' lang='lat' dir='ltr'><strong>autem</strong></span> <span class='ocrx_word' id='word_1_145' title='bbox 1330 3027 1627 3124; x_wconf 77' lang='lat' dir='ltr'><strong>Spiritus</strong></span> <span class='ocrx_word' id='word_1_146' title='bbox 1674 3053 1814 3098; x_wconf 91' lang='lat' dir='ltr'><strong>non</strong></span> <span class='ocrx_word' id='word_1_147' title='bbox 1867 3028 2072 3098; x_wconf 88' lang='lat' dir='ltr'><strong>habet</strong></span> <span class='ocrx_word' id='word_1_148' title='bbox 2108 3031 2581 3100; x_wconf 84' lang='lat' dir='ltr'><strong>auctoritatem</strong></span> 
     </span>
     <span class='ocr_line' id='line_1_29' title="bbox 1032 3134 2586 3233; baseline 0.006 -34"><span class='ocrx_word' id='word_1_149' title='bbox 1032 3143 1340 3226; x_wconf 87' lang='lat' dir='ltr'><strong>respectu</strong></span> <span class='ocrx_word' id='word_1_150' title='bbox 1374 3136 1585 3229; x_wconf 86' lang='lat' dir='ltr'><strong>ipsius</strong></span> <span class='ocrx_word' id='word_1_151' title='bbox 1618 3161 1635 3208; x_wconf 74' lang='grc' dir='ltr'><strong><em>ε</em></strong></span> <span class='ocrx_word' id='word_1_152' title='bbox 1669 3145 1831 3231; x_wconf 79' lang='lat' dir='ltr'><strong>ergo</strong></span> <span class='ocrx_word' id='word_1_153' title='bbox 1869 3134 2157 3217; x_wconf 78' lang='lat' dir='ltr'><strong>videtur,</strong></span> <span class='ocrx_word' id='word_1_154' title='bbox 2201 3136 2386 3231; x_wconf 88' lang='lat' dir='ltr'><strong>quod</strong></span> <span class='ocrx_word' id='word_1_155' title='bbox 2417 3136 2586 3233; x_wconf 87' lang='lat' dir='ltr'><strong>Spi-</strong></span> 
     </span>
     <span class='ocr_line' id='line_1_30' title="bbox 1033 3246 2578 3319; baseline 0.003 -5"><span class='ocrx_word' id='word_1_156' title='bbox 1033 3246 1200 3315; x_wconf 80' lang='lat' dir='ltr'><strong>ritus</strong></span> <span class='ocrx_word' id='word_1_157' title='bbox 1237 3251 1510 3317; x_wconf 72' lang='lat' dir='ltr'><strong>sauctus</strong></span> <span class='ocrx_word' id='word_1_158' title='bbox 1569 3265 1710 3316; x_wconf 89' lang='lat' dir='ltr'><strong>non</strong></span> <span class='ocrx_word' id='word_1_159' title='bbox 1745 3248 1955 3317; x_wconf 83' lang='lat' dir='ltr'><strong>mittit</strong></span> <span class='ocrx_word' id='word_1_160' title='bbox 1989 3265 2145 3318; x_wconf 86' lang='lat' dir='ltr'><strong>eum</strong></span> <span class='ocrx_word' id='word_1_161' title='bbox 2184 3248 2255 3318; x_wconf 92' lang='lat' dir='ltr'><strong>in</strong></span> <span class='ocrx_word' id='word_1_162' title='bbox 2300 3264 2578 3319; x_wconf 83' lang='lat' dir='ltr'><strong>carnem</strong></span> 
     </span>
     <span class='ocr_line' id='line_1_31' title="bbox 1033 3353 1640 3426; baseline 0.007 -4"><span class='ocrx_word' id='word_1_163' title='bbox 1033 3353 1258 3424; x_wconf 84' lang='lat' dir='ltr'><strong>necin</strong></span> <span class='ocrx_word' id='word_1_164' title='bbox 1309 3359 1640 3426; x_wconf 85' lang='lat' dir='ltr'><strong>mentem.</strong></span> 
     </span>
    </p>
   </div>
   <div class='ocr_carea' id='block_1_8' title="bbox 1024 3568 2574 4847">
    <p class='ocr_par' dir='ltr' id='par_1_9' title="bbox 1032 3568 2574 3746">
     <span class='ocr_line' id='line_1_32' title="bbox 1123 3568 2574 3662; baseline -0.001 -23"><span class='ocrx_word' id='word_1_165' title='bbox 1123 3568 1456 3640; x_wconf 67' lang='lat' dir='ltr'><strong>Umentes</strong></span> <span class='ocrx_word' id='word_1_166' title='bbox 1493 3570 1843 3662; x_wconf 64' lang='lat' dir='ltr'><strong>quaeritur,</strong></span> <span class='ocrx_word' id='word_1_167' title='bbox 1875 3570 1931 3639; x_wconf 89' lang='lat' dir='ltr'><strong>si</strong></span> <span class='ocrx_word' id='word_1_168' title='bbox 1965 3568 2258 3662; x_wconf 81' lang='lat' dir='ltr'><strong>Spiritus</strong></span> <span class='ocrx_word' id='word_1_169' title='bbox 2297 3580 2574 3640; x_wconf 88' lang='lat' dir='ltr'><strong>sanctus</strong></span> 
     </span>
     <span class='ocr_line' id='line_1_33' title="bbox 1032 3674 1514 3746; baseline 0.002 -1"><span class='ocrx_word' id='word_1_170' title='bbox 1032 3675 1149 3745; x_wconf 85' lang='lat' dir='ltr'><strong>dat</strong></span> <span class='ocrx_word' id='word_1_171' title='bbox 1203 3674 1514 3746; x_wconf 80' lang='lat' dir='ltr'><strong>Filium?</strong></span> 
     </span>
    </p>

    <p class='ocr_par' dir='ltr' id='par_1_10' title="bbox 1024 3784 2572 4847">
     <span class='ocr_line' id='line_1_34' title="bbox 1119 3784 2572 3878; baseline 0.003 -25"><span class='ocrx_word' id='word_1_172' title='bbox 1119 3784 1436 3871; x_wconf 83' lang='lat' dir='ltr'><strong>Videtur,</strong></span> <span class='ocrx_word' id='word_1_173' title='bbox 1517 3785 1700 3878; x_wconf 88' lang='lat' dir='ltr'><strong>quod</strong></span> <span class='ocrx_word' id='word_1_174' title='bbox 1768 3807 1957 3857; x_wconf 83' lang='lat' dir='ltr'><strong>non:</strong></span> <span class='ocrx_word' id='word_1_175' title='bbox 2042 3788 2203 3878; x_wconf 80' lang='lat' dir='ltr'><strong>quia</strong></span> <span class='ocrx_word' id='word_1_176' title='bbox 2266 3787 2436 3856; x_wconf 87' lang='lat' dir='ltr'><strong>dans</strong></span> <span class='ocrx_word' id='word_1_177' title='bbox 2500 3790 2572 3858; x_wconf 87' lang='lat' dir='ltr'><strong>iu</strong></span> 
     </span>
     <span class='ocr_line' id='line_1_35' title="bbox 1026 3890 2568 3983; baseline 0.001 -23"><span class='ocrx_word' id='word_1_178' title='bbox 1026 3891 1186 3961; x_wconf 90' lang='lat' dir='ltr'><strong>dato</strong></span> <span class='ocrx_word' id='word_1_179' title='bbox 1251 3901 1369 3960; x_wconf 86' lang='lat' dir='ltr'><strong>aut</strong></span> <span class='ocrx_word' id='word_1_180' title='bbox 1431 3890 1638 3961; x_wconf 85' lang='lat' dir='ltr'><strong>habet</strong></span> <span class='ocrx_word' id='word_1_181' title='bbox 1665 3900 2067 3983; x_wconf 90' lang='lat' dir='ltr'><strong>potestatem</strong></span> <span class='ocrx_word' id='word_1_182' title='bbox 2121 3896 2568 3975; x_wconf 82' lang='lat' dir='ltr'><strong>auctoritatis,</strong></span> 
     </span>
     <span class='ocr_line' id='line_1_36' title="bbox 1025 3999 2571 4072; baseline 0.003 -5"><span class='ocrx_word' id='word_1_183' title='bbox 1025 4009 1144 4068; x_wconf 89' lang='lat' dir='ltr'><strong>aut</strong></span> <span class='ocrx_word' id='word_1_184' title='bbox 1215 4001 1494 4069; x_wconf 87' lang='lat' dir='ltr'><strong>amoris.</strong></span> <span class='ocrx_word' id='word_1_185' title='bbox 1539 3999 1840 4069; x_wconf 85' lang='lat' dir='ltr'><strong>Primam</strong></span> <span class='ocrx_word' id='word_1_186' title='bbox 1871 4009 2095 4069; x_wconf 89' lang='lat' dir='ltr'><strong>autem</strong></span> <span class='ocrx_word' id='word_1_187' title='bbox 2165 4024 2300 4070; x_wconf 90' lang='lat' dir='ltr'><strong>non</strong></span> <span class='ocrx_word' id='word_1_188' title='bbox 2366 4001 2571 4072; x_wconf 87' lang='lat' dir='ltr'><strong>habet</strong></span> 
     </span>
     <span class='ocr_line' id='line_1_37' title="bbox 1027 4106 2567 4200; baseline 0.004 -26"><span class='ocrx_word' id='word_1_189' title='bbox 1027 4106 1320 4200; x_wconf 85' lang='lat' dir='ltr'><strong>Spiritus</strong></span> <span class='ocrx_word' id='word_1_190' title='bbox 1357 4117 1631 4177; x_wconf 83' lang='lat' dir='ltr'><strong>sanctus</strong></span> <span class='ocrx_word' id='word_1_191' title='bbox 1678 4108 1746 4176; x_wconf 91' lang='lat' dir='ltr'><strong>in</strong></span> <span class='ocrx_word' id='word_1_192' title='bbox 1803 4106 2023 4177; x_wconf 83' lang='lat' dir='ltr'><strong>Filio:</strong></span> <span class='ocrx_word' id='word_1_193' title='bbox 2103 4109 2221 4179; x_wconf 87' lang='lat' dir='ltr'><strong>sed</strong></span> <span class='ocrx_word' id='word_1_194' title='bbox 2272 4108 2567 4190; x_wconf 75' lang='lat' dir='ltr'><strong>videtur,</strong></span> 
     </span>
     <span class='ocr_line' id='line_1_38' title="bbox 1030 4213 2570 4309; baseline 0.005 -27"><span class='ocrx_word' id='word_1_195' title='bbox 1030 4213 1208 4307; x_wconf 87' lang='lat' dir='ltr'><strong>quod</strong></span> <span class='ocrx_word' id='word_1_196' title='bbox 1275 4237 1400 4286; x_wconf 92' lang='lat' dir='ltr'><strong>nec</strong></span> <span class='ocrx_word' id='word_1_197' title='bbox 1463 4215 1856 4296; x_wconf 87' lang='lat' dir='ltr'><strong>secundam,</strong></span> <span class='ocrx_word' id='word_1_198' title='bbox 1926 4216 2085 4309; x_wconf 89' lang='lat' dir='ltr'><strong>quia</strong></span> <span class='ocrx_word' id='word_1_199' title='bbox 2149 4216 2362 4287; x_wconf 85' lang='lat' dir='ltr'><strong>Filius</strong></span> <span class='ocrx_word' id='word_1_200' title='bbox 2429 4242 2570 4288; x_wconf 91' lang='lat' dir='ltr'><strong>non</strong></span> 
     </span>
     <span class='ocr_line' id='line_1_39' title="bbox 1028 4316 2571 4418; baseline 0.001 -25"><span class='ocrx_word' id='word_1_201' title='bbox 1028 4332 1131 4393; x_wconf 87' lang='lat' dir='ltr'><strong>est</strong></span> <span class='ocrx_word' id='word_1_202' title='bbox 1157 4323 1416 4392; x_wconf 90' lang='lat' dir='ltr'><strong>donum</strong></span> <span class='ocrx_word' id='word_1_203' title='bbox 1446 4323 1724 4402; x_wconf 83' lang='lat' dir='ltr'><strong>amoris,</strong></span> <span class='ocrx_word' id='word_1_204' title='bbox 1778 4326 1914 4392; x_wconf 90' lang='lat' dir='ltr'><strong>imo</strong></span> <span class='ocrx_word' id='word_1_205' title='bbox 1947 4316 2076 4393; x_wconf 80' lang='lat' dir='ltr'><strong>hoc</strong></span> <span class='ocrx_word' id='word_1_206' title='bbox 2114 4334 2215 4394; x_wconf 85' lang='lat' dir='ltr'><strong>est</strong></span> <span class='ocrx_word' id='word_1_207' title='bbox 2271 4324 2571 4418; x_wconf 84' lang='lat' dir='ltr'><strong>Spiritus</strong></span> 
     </span>
     <span class='ocr_line' id='line_1_40' title="bbox 1026 4432 2572 4524; baseline 0.002 -24"><span class='ocrx_word' id='word_1_208' title='bbox 1026 4441 1327 4512; x_wconf 85' lang='lat' dir='ltr'><strong>sanctus,</strong></span> <span class='ocrx_word' id='word_1_209' title='bbox 1389 4441 1457 4502; x_wconf 91' lang='lat' dir='ltr'><strong>et</strong></span> <span class='ocrx_word' id='word_1_210' title='bbox 1510 4455 1665 4501; x_wconf 88' lang='lat' dir='ltr'><strong>cum</strong></span> <span class='ocrx_word' id='word_1_211' title='bbox 1711 4432 1967 4500; x_wconf 90' lang='lat' dir='ltr'><strong>donum</strong></span> <span class='ocrx_word' id='word_1_212' title='bbox 2006 4434 2259 4503; x_wconf 86' lang='lat' dir='ltr'><strong>amoris</strong></span> <span class='ocrx_word' id='word_1_213' title='bbox 2324 4432 2572 4524; x_wconf 84' lang='lat' dir='ltr'><strong>hujus-</strong></span> 
     </span>
     <span class='ocr_line' id='line_1_41' title="bbox 1027 4538 2572 4631; baseline 0.005 -26"><span class='ocrx_word' id='word_1_214' title='bbox 1027 4539 1211 4607; x_wconf 86' lang='lat' dir='ltr'><strong>modi</strong></span> <span class='ocrx_word' id='word_1_215' title='bbox 1245 4538 1487 4608; x_wconf 80' lang='lat' dir='ltr'><strong>efficiat</strong></span> <span class='ocrx_word' id='word_1_216' title='bbox 1519 4547 1951 4631; x_wconf 82' lang='lat' dir='ltr'><strong>potestatem,</strong></span> <span class='ocrx_word' id='word_1_217' title='bbox 1981 4563 2122 4609; x_wconf 91' lang='lat' dir='ltr'><strong>non</strong></span> <span class='ocrx_word' id='word_1_218' title='bbox 2152 4539 2419 4610; x_wconf 80' lang='lat' dir='ltr'><strong>videtur</strong></span> <span class='ocrx_word' id='word_1_219' title='bbox 2437 4540 2572 4612; x_wconf 84' lang='lat' dir='ltr'><strong>boc</strong></span> 
     </span>
     <span class='ocr_line' id='line_1_42' title="bbox 1024 4646 2566 4741; baseline 0.001 -26"><span class='ocrx_word' id='word_1_220' title='bbox 1024 4649 1390 4715; x_wconf 79' lang='lat' dir='ltr'><strong>convenire</strong></span> <span class='ocrx_word' id='word_1_221' title='bbox 1433 4646 1712 4738; x_wconf 74' lang='lat' dir='ltr'><strong>Spiritui</strong></span> <span class='ocrx_word' id='word_1_222' title='bbox 1762 4656 1993 4715; x_wconf 86' lang='lat' dir='ltr'><strong>sancto</strong></span> <span class='ocrx_word' id='word_1_223' title='bbox 2043 4659 2343 4741; x_wconf 89' lang='lat' dir='ltr'><strong>respectu</strong></span> <span class='ocrx_word' id='word_1_224' title='bbox 2389 4648 2566 4727; x_wconf 75' lang='lat' dir='ltr'><strong>Filii,</strong></span> 
     </span>
     <span class='ocr_line' id='line_1_43' title="bbox 1025 4752 2564 4847; baseline 0.005 -26"><span class='ocrx_word' id='word_1_225' title='bbox 1025 4752 1142 4822; x_wconf 83' lang='lat' dir='ltr'><strong>sed</strong></span> <span class='ocrx_word' id='word_1_226' title='bbox 1185 4755 1414 4846; x_wconf 83' lang='lat' dir='ltr'><strong>potius</strong></span> <span class='ocrx_word' id='word_1_227' title='bbox 1448 4753 1616 4823; x_wconf 79' lang='lat' dir='ltr'><strong>Filio</strong></span> <span class='ocrx_word' id='word_1_228' title='bbox 1659 4760 1961 4845; x_wconf 85' lang='lat' dir='ltr'><strong>respectu</strong></span> <span class='ocrx_word' id='word_1_229' title='bbox 2004 4754 2296 4847; x_wconf 85' lang='lat' dir='ltr'><strong>Spiritus</strong></span> <span class='ocrx_word' id='word_1_230' title='bbox 2323 4759 2564 4828; x_wconf 85' lang='lat' dir='ltr'><strong>sancti.</strong></span> 
     </span>
    </p>
   </div>
   <div class='ocr_carea' id='block_1_9' title="bbox 1012 4965 2569 5596">
    <p class='ocr_par' dir='ltr' id='par_1_11' title="bbox 1012 4965 2569 5596">
     <span class='ocr_line' id='line_1_44' title="bbox 1111 4965 2567 5059; baseline 0.003 -25"><span class='ocrx_word' id='word_1_231' title='bbox 1111 4969 1418 5035; x_wconf 68' lang='lat' dir='ltr'><strong>Somno.</strong></span> <span class='ocrx_word' id='word_1_232' title='bbox 1448 4965 1852 5048; x_wconf 84' lang='lat' dir='ltr'><strong>Dicendum,</strong></span> <span class='ocrx_word' id='word_1_233' title='bbox 1896 4968 2077 5058; x_wconf 88' lang='lat' dir='ltr'><strong>quod</strong></span> <span class='ocrx_word' id='word_1_234' title='bbox 2106 4968 2383 5059; x_wconf 79' lang='lat' dir='ltr'><strong>quidam</strong></span> <span class='ocrx_word' id='word_1_235' title='bbox 2423 4968 2567 5038; x_wconf 91' lang='lat' dir='ltr'><strong>dis-</strong></span> 
     </span>
     <span class='ocr_line' id='line_1_45' title="bbox 1014 5072 2565 5167; baseline 0.001 -25"><span class='ocrx_word' id='word_1_236' title='bbox 1014 5076 1337 5166; x_wconf 74' lang='lat' dir='ltr'><strong>tinguunt</strong></span> <span class='ocrx_word' id='word_1_237' title='bbox 1402 5072 1511 5144; x_wconf 88' lang='lat' dir='ltr'><strong>hic</strong></span> <span class='ocrx_word' id='word_1_238' title='bbox 1550 5073 1876 5167; x_wconf 86' lang='lat' dir='ltr'><strong>triplicem</strong></span> <span class='ocrx_word' id='word_1_239' title='bbox 1920 5075 2337 5155; x_wconf 89' lang='lat' dir='ltr'><strong>missionem,</strong></span> <span class='ocrx_word' id='word_1_240' title='bbox 2381 5076 2565 5146; x_wconf 92' lang='lat' dir='ltr'><strong>scili-</strong></span> 
     </span>
     <span class='ocr_line' id='line_1_46' title="bbox 1015 5184 2569 5277; baseline 0.001 -25"><span class='ocrx_word' id='word_1_241' title='bbox 1015 5191 1121 5252; x_wconf 87' lang='lat' dir='ltr'><strong>cet</strong></span> <span class='ocrx_word' id='word_1_242' title='bbox 1152 5184 1221 5250; x_wconf 90' lang='lat' dir='ltr'><strong>in</strong></span> <span class='ocrx_word' id='word_1_243' title='bbox 1264 5191 1588 5261; x_wconf 83' lang='lat' dir='ltr'><strong>mentem,</strong></span> <span class='ocrx_word' id='word_1_244' title='bbox 1623 5192 1691 5251; x_wconf 87' lang='lat' dir='ltr'><strong>et</strong></span> <span class='ocrx_word' id='word_1_245' title='bbox 1735 5186 1801 5251; x_wconf 88' lang='lat' dir='ltr'><strong>in</strong></span> <span class='ocrx_word' id='word_1_246' title='bbox 1835 5205 2132 5261; x_wconf 83' lang='lat' dir='ltr'><strong>carnem,</strong></span> <span class='ocrx_word' id='word_1_247' title='bbox 2167 5193 2229 5252; x_wconf 88' lang='lat' dir='ltr'><strong>et</strong></span> <span class='ocrx_word' id='word_1_248' title='bbox 2268 5184 2354 5252; x_wconf 91' lang='lat' dir='ltr'><strong>ad</strong></span> <span class='ocrx_word' id='word_1_249' title='bbox 2398 5208 2569 5277; x_wconf 82' lang='lat' dir='ltr'><strong>prae-</strong></span> 
     </span>
     <span class='ocr_line' id='line_1_47' title="bbox 1015 5290 2566 5384; baseline 0.001 -25"><span class='ocrx_word' id='word_1_250' title='bbox 1015 5291 1422 5360; x_wconf 85' lang='lat' dir='ltr'><strong>dicandum:</strong></span> <span class='ocrx_word' id='word_1_251' title='bbox 1461 5300 1528 5361; x_wconf 85' lang='lat' dir='ltr'><strong>et</strong></span> <span class='ocrx_word' id='word_1_252' title='bbox 1557 5292 1812 5373; x_wconf 88' lang='lat' dir='ltr'><strong>dicunt,</strong></span> <span class='ocrx_word' id='word_1_253' title='bbox 1855 5292 2037 5384; x_wconf 90' lang='lat' dir='ltr'><strong>quod</strong></span> <span class='ocrx_word' id='word_1_254' title='bbox 2071 5290 2363 5383; x_wconf 88' lang='lat' dir='ltr'><strong>Spiritus</strong></span> <span class='ocrx_word' id='word_1_255' title='bbox 2400 5317 2566 5361; x_wconf 85' lang='lat' dir='ltr'><strong>san-</strong></span> 
     </span>
     <span class='ocr_line' id='line_1_48' title="bbox 1016 5397 2559 5469; baseline 0.001 -2"><span class='ocrx_word' id='word_1_256' title='bbox 1016 5409 1167 5468; x_wconf 89' lang='lat' dir='ltr'><strong>ctus</strong></span> <span class='ocrx_word' id='word_1_257' title='bbox 1199 5422 1336 5467; x_wconf 87' lang='lat' dir='ltr'><strong>non</strong></span> <span class='ocrx_word' id='word_1_258' title='bbox 1367 5401 1571 5467; x_wconf 87' lang='lat' dir='ltr'><strong>mittit</strong></span> <span class='ocrx_word' id='word_1_259' title='bbox 1619 5397 1861 5468; x_wconf 85' lang='lat' dir='ltr'><strong>Filium</strong></span> <span class='ocrx_word' id='word_1_260' title='bbox 1904 5398 2166 5467; x_wconf 88' lang='lat' dir='ltr'><strong>duabus</strong></span> <span class='ocrx_word' id='word_1_261' title='bbox 2215 5402 2559 5469; x_wconf 88' lang='lat' dir='ltr'><strong>missioni·</strong></span> 
     </span>
     <span class='ocr_line' id='line_1_49' title="bbox 1012 5507 2563 5596; baseline 0.003 -24"><span class='ocrx_word' id='word_1_262' title='bbox 1012 5507 1141 5573; x_wconf 88' lang='lat' dir='ltr'><strong>bus</strong></span> <span class='ocrx_word' id='word_1_263' title='bbox 1188 5507 1450 5596; x_wconf 88' lang='lat' dir='ltr'><strong>primis,</strong></span> <span class='ocrx_word' id='word_1_264' title='bbox 1511 5508 1629 5574; x_wconf 90' lang='lat' dir='ltr'><strong>sed</strong></span> <span class='ocrx_word' id='word_1_265' title='bbox 1696 5510 1927 5575; x_wconf 89' lang='lat' dir='ltr'><strong>tertia:</strong></span> <span class='ocrx_word' id='word_1_266' title='bbox 1995 5518 2059 5576; x_wconf 93' lang='lat' dir='ltr'><strong>et</strong></span> <span class='ocrx_word' id='word_1_267' title='bbox 2133 5507 2265 5576; x_wconf 88' lang='lat' dir='ltr'><strong>boc</strong></span> <span class='ocrx_word' id='word_1_268' title='bbox 2329 5509 2563 5578; x_wconf 89' lang='lat' dir='ltr'><strong>dicunt</strong></span> 
     </span>
    </p>
   </div>
   <div class='ocr_carea' id='block_1_10' title="bbox 1082 5738 1476 5809">
    <p class='ocr_par' dir='ltr' id='par_1_12' title="bbox 1082 5738 1476 5809">
     <span class='ocr_line' id='line_1_50' title="bbox 1082 5738 1476 5809; baseline 0.008 -16"><span class='ocrx_word' id='word_1_269' title='bbox 1082 5739 1100 5774; x_wconf 88' lang='lat'><strong>¹</strong></span> <span class='ocrx_word' id='word_1_270' title='bbox 1133 5739 1243 5793; x_wconf 80' lang='lat' dir='ltr'><strong>lsa.</strong></span> <span class='ocrx_word' id='word_1_271' title='bbox 1275 5753 1390 5809; x_wconf 76' lang='lat' dir='ltr'><strong>ui,</strong></span> <span class='ocrx_word' id='word_1_272' title='bbox 1422 5738 1476 5796; x_wconf 84' lang='lat'><strong>¹.</strong></span> 
     </span>
    </p>
   </div>
   <div class='ocr_carea' id='block_1_11' title="bbox 4118 367 4362 455">
    <p class='ocr_par' dir='ltr' id='par_1_13' title="bbox 4118 367 4362 455">
     <span class='ocr_line' id='line_1_51' title="bbox 4118 367 4362 455; baseline 0.004 -10"><span class='ocrx_word' id='word_1_273' title='bbox 4118 367 4362 455; x_wconf 22' lang='lat'>⁷423:</span> 
     </span>
    </p>
   </div>
   <div class='ocr_carea' id='block_1_12' title="bbox 2685 551 4283 3447">
    <p class='ocr_par' dir='ltr' id='par_1_14' title="bbox 2714 551 4283 1483">
     <span class='ocr_line' id='line_1_52' title="bbox 2723 551 4283 642; baseline -0.001 -23"><span class='ocrx_word' id='word_1_274' title='bbox 2723 559 3003 642; x_wconf 81' lang='lat' dir='ltr'><strong>propter</strong></span> <span class='ocrx_word' id='word_1_275' title='bbox 3066 554 3366 621; x_wconf 87' lang='lat' dir='ltr'><strong>rationes</strong></span> <span class='ocrx_word' id='word_1_276' title='bbox 3420 553 3778 622; x_wconf 78' lang='lat' dir='ltr'><strong>induc-tas:</strong></span> <span class='ocrx_word' id='word_1_277' title='bbox 3845 555 3914 620; x_wconf 82' lang='lat' dir='ltr'><strong>et</strong></span> <span class='ocrx_word' id='word_1_278' title='bbox 3976 551 4118 620; x_wconf 78' lang='lat' dir='ltr'><strong>haec</strong></span> <span class='ocrx_word' id='word_1_279' title='bbox 4184 560 4283 619; x_wconf 89' lang='lat' dir='ltr'><strong>est</strong></span> 
     </span>
     <span class='ocr_line' id='line_1_53' title="bbox 2722 659 4283 746; baseline -0.001 -19"><span class='ocrx_word' id='word_1_280' title='bbox 2722 660 3057 728; x_wconf 82' lang='lat' dir='ltr'><strong>sententia</strong></span> <span class='ocrx_word' id='word_1_281' title='bbox 3121 659 3443 729; x_wconf 86' lang='lat' dir='ltr'><strong>Gulielmi</strong></span> <span class='ocrx_word' id='word_1_282' title='bbox 3496 660 4155 746; x_wconf 74' lang='lat' dir='ltr'><strong>Autissiodorensis:</strong></span> <span class='ocrx_word' id='word_1_283' title='bbox 4216 663 4283 726; x_wconf 82' lang='lat' dir='ltr'><strong>et</strong></span> 
     </span>
     <span class='ocr_line' id='line_1_54' title="bbox 2721 767 4269 848; baseline -0.001 -15"><span class='ocrx_word' id='word_1_284' title='bbox 2721 767 3013 835; x_wconf 82' lang='lat' dir='ltr'><strong>trahitur</strong></span> <span class='ocrx_word' id='word_1_285' title='bbox 3043 792 3127 836; x_wconf 82' lang='lat' dir='ltr'><strong>ex</strong></span> <span class='ocrx_word' id='word_1_286' title='bbox 3167 769 3456 848; x_wconf 74' lang='lat' dir='ltr'><strong>Littera,</strong></span> <span class='ocrx_word' id='word_1_287' title='bbox 3493 768 3608 836; x_wconf 90' lang='lat' dir='ltr'><strong>ubi</strong></span> <span class='ocrx_word' id='word_1_288' title='bbox 3634 769 3795 836; x_wconf 88' lang='lat' dir='ltr'><strong>dicit</strong></span> <span class='ocrx_word' id='word_1_289' title='bbox 3824 768 4269 835; x_wconf 82' lang='lat' dir='ltr'><strong>Ambrosius:</strong></span> 
     </span>
     <span class='ocr_line' id='line_1_55' title="bbox 2723 875 4275 967; baseline -0.001 -25"><span class='ocrx_word' id='word_1_290' title='bbox 2723 902 2755 936; x_wconf 90' lang='lat'>«</span> <span class='ocrx_word' id='word_1_291' title='bbox 2792 875 2977 943; x_wconf 79' lang='lat' dir='ltr'><strong>Bene</strong></span> <span class='ocrx_word' id='word_1_292' title='bbox 2998 876 3182 954; x_wconf 87' lang='lat' dir='ltr'><strong>dicit,</strong></span> <span class='ocrx_word' id='word_1_293' title='bbox 3208 878 3519 967; x_wconf 81' lang='lat' dir='ltr'><strong>Spiritus</strong></span> <span class='ocrx_word' id='word_1_294' title='bbox 3546 877 3834 944; x_wconf 81' lang='lat' dir='ltr'><strong>Domini</strong></span> <span class='ocrx_word' id='word_1_295' title='bbox 3858 897 4061 965; x_wconf 82' lang='lat' dir='ltr'><strong>super</strong></span> <span class='ocrx_word' id='word_1_296' title='bbox 4080 896 4186 941; x_wconf 85' lang='lat' dir='ltr'><strong>me</strong></span> <span class='ocrx_word' id='word_1_297' title='bbox 4213 891 4226 924; x_wconf 90' lang='lat'>¹</span> <span class='ocrx_word' id='word_1_298' title='bbox 4253 895 4275 940; x_wconf 92' lang='lat'><strong>.·</strong></span> 
     </span>
     <span class='ocr_line' id='line_1_56' title="bbox 2722 983 4269 1075; baseline 0 -26"><span class='ocrx_word' id='word_1_299' title='bbox 2722 1011 2755 1048; x_wconf 75' lang='grc' dir='ltr'><em>α</em></span> <span class='ocrx_word' id='word_1_300' title='bbox 2801 988 2962 1075; x_wconf 83' lang='lat' dir='ltr'><strong>quia</strong></span> <span class='ocrx_word' id='word_1_301' title='bbox 3002 988 3196 1075; x_wconf 89' lang='lat' dir='ltr'><strong>quasi</strong></span> <span class='ocrx_word' id='word_1_302' title='bbox 3228 986 3409 1053; x_wconf 80' lang='lat' dir='ltr'><strong>tilius</strong></span> <span class='ocrx_word' id='word_1_303' title='bbox 3449 983 3749 1053; x_wconf 86' lang='lat' dir='ltr'><strong>hominis</strong></span> <span class='ocrx_word' id='word_1_304' title='bbox 3779 995 3845 1053; x_wconf 87' lang='lat' dir='ltr'><strong>et</strong></span> <span class='ocrx_word' id='word_1_305' title='bbox 3874 993 4117 1053; x_wconf 86' lang='lat' dir='ltr'><strong>unctus</strong></span> <span class='ocrx_word' id='word_1_306' title='bbox 4147 993 4269 1065; x_wconf 88' lang='lat' dir='ltr'><strong>est,</strong></span> 
     </span>
     <span class='ocr_line' id='line_1_57' title="bbox 2721 1089 4272 1185; baseline -0.001 -26"><span class='ocrx_word' id='word_1_307' title='bbox 2721 1107 2755 1158; x_wconf 74' lang='grc' dir='ltr'><strong>ᾱ</strong></span> <span class='ocrx_word' id='word_1_308' title='bbox 2798 1101 2864 1160; x_wconf 81' lang='lat' dir='ltr'><strong>et</strong></span> <span class='ocrx_word' id='word_1_309' title='bbox 2932 1095 3183 1162; x_wconf 85' lang='lat' dir='ltr'><strong>missus</strong></span> <span class='ocrx_word' id='word_1_310' title='bbox 3240 1089 3322 1161; x_wconf 87' lang='lat' dir='ltr'><strong>ad</strong></span> <span class='ocrx_word' id='word_1_311' title='bbox 3393 1090 3928 1185; x_wconf 82' lang='lat' dir='ltr'><strong>praedicandum.</strong></span> <span class='ocrx_word' id='word_1_312' title='bbox 3977 1117 4010 1157; x_wconf 81' lang='lat'><strong>»</strong></span> <span class='ocrx_word' id='word_1_313' title='bbox 4079 1089 4272 1160; x_wconf 89' lang='lat' dir='ltr'><strong>Unde</strong></span> 
     </span>
     <span class='ocr_line' id='line_1_58' title="bbox 2718 1191 4272 1290; baseline -0.002 -25"><span class='ocrx_word' id='word_1_314' title='bbox 2718 1191 3047 1278; x_wconf 80' lang='lat' dir='ltr'><strong>innuitur,</strong></span> <span class='ocrx_word' id='word_1_315' title='bbox 3092 1197 3274 1290; x_wconf 91' lang='lat' dir='ltr'><strong>quod</strong></span> <span class='ocrx_word' id='word_1_316' title='bbox 3340 1199 3570 1268; x_wconf 79' lang='lat' dir='ltr'><strong>Sancti</strong></span> <span class='ocrx_word' id='word_1_317' title='bbox 3629 1200 3710 1267; x_wconf 92' lang='lat' dir='ltr'><strong>de</strong></span> <span class='ocrx_word' id='word_1_318' title='bbox 3751 1197 3864 1267; x_wconf 89' lang='lat' dir='ltr'><strong>illa</strong></span> <span class='ocrx_word' id='word_1_319' title='bbox 3917 1198 4060 1267; x_wconf 90' lang='lat' dir='ltr'><strong>sola</strong></span> <span class='ocrx_word' id='word_1_320' title='bbox 4104 1200 4272 1264; x_wconf 88' lang='lat' dir='ltr'><strong>mis-</strong></span> 
     </span>
     <span class='ocr_line' id='line_1_59' title="bbox 2714 1304 4270 1398; baseline -0.001 -25"><span class='ocrx_word' id='word_1_321' title='bbox 2714 1306 2907 1374; x_wconf 87' lang='lat' dir='ltr'><strong>sione</strong></span> <span class='ocrx_word' id='word_1_322' title='bbox 2941 1304 3338 1397; x_wconf 89' lang='lat' dir='ltr'><strong>loquuntur‚</strong></span> <span class='ocrx_word' id='word_1_323' title='bbox 3376 1308 3648 1398; x_wconf 88' lang='lat' dir='ltr'><strong>quando</strong></span> <span class='ocrx_word' id='word_1_324' title='bbox 3681 1308 3913 1374; x_wconf 85' lang='lat' dir='ltr'><strong>dicunt</strong></span> <span class='ocrx_word' id='word_1_325' title='bbox 3944 1306 4270 1396; x_wconf 86' lang='lat' dir='ltr'><strong>Spiritum</strong></span> 
     </span>
     <span class='ocr_line' id='line_1_60' title="bbox 2714 1411 3615 1483; baseline 0 -3"><span class='ocrx_word' id='word_1_326' title='bbox 2714 1421 3024 1482; x_wconf 81' lang='lat' dir='ltr'><strong>sanctum</strong></span> <span class='ocrx_word' id='word_1_327' title='bbox 3048 1417 3319 1483; x_wconf 88' lang='lat' dir='ltr'><strong>mittere</strong></span> <span class='ocrx_word' id='word_1_328' title='bbox 3343 1411 3615 1482; x_wconf 89' lang='lat' dir='ltr'><strong>Filium.</strong></span> 
     </span>
    </p>

    <p class='ocr_par' dir='ltr' id='par_1_15' title="bbox 2685 1520 4267 3447">
     <span class='ocr_line' id='line_1_61' title="bbox 2800 1520 4267 1610; baseline -0.002 -21"><span class='ocrx_word' id='word_1_329' title='bbox 2800 1520 2935 1589; x_wconf 86' lang='lat' dir='ltr'><strong>Alii</strong></span> <span class='ocrx_word' id='word_1_330' title='bbox 2977 1531 3133 1588; x_wconf 92' lang='lat' dir='ltr'><strong>sunt</strong></span> <span class='ocrx_word' id='word_1_331' title='bbox 3170 1524 3291 1610; x_wconf 91' lang='lat' dir='ltr'><strong>qui</strong></span> <span class='ocrx_word' id='word_1_332' title='bbox 3322 1522 3519 1588; x_wconf 87' lang='lat' dir='ltr'><strong>aliter</strong></span> <span class='ocrx_word' id='word_1_333' title='bbox 3546 1521 3805 1600; x_wconf 86' lang='lat' dir='ltr'><strong>dicunt,</strong></span> <span class='ocrx_word' id='word_1_334' title='bbox 3831 1520 4267 1588; x_wconf 90' lang='lat' dir='ltr'><strong>consentien-</strong></span> 
     </span>
     <span class='ocr_line' id='line_1_62' title="bbox 2712 1628 4267 1719; baseline -0.001 -24"><span class='ocrx_word' id='word_1_335' title='bbox 2712 1637 2812 1696; x_wconf 90' lang='lat' dir='ltr'><strong>tes</strong></span> <span class='ocrx_word' id='word_1_336' title='bbox 2845 1628 3030 1719; x_wconf 92' lang='lat' dir='ltr'><strong>quod</strong></span> <span class='ocrx_word' id='word_1_337' title='bbox 3070 1629 3350 1696; x_wconf 83' lang='lat' dir='ltr'><strong>cuilibet</strong></span> <span class='ocrx_word' id='word_1_338' title='bbox 3391 1651 3698 1719; x_wconf 80' lang='lat' dir='ltr'><strong>personae</strong></span> <span class='ocrx_word' id='word_1_339' title='bbox 3738 1630 4055 1696; x_wconf 81' lang='lat' dir='ltr'><strong>convenit</strong></span> <span class='ocrx_word' id='word_1_340' title='bbox 4104 1629 4267 1694; x_wconf 90' lang='lat' dir='ltr'><strong>mit-</strong></span> 
     </span>
     <span class='ocr_line' id='line_1_63' title="bbox 2708 1735 4259 1819; baseline 0 -17"><span class='ocrx_word' id='word_1_341' title='bbox 2708 1744 2876 1819; x_wconf 88' lang='lat' dir='ltr'><strong>tere,</strong></span> <span class='ocrx_word' id='word_1_342' title='bbox 2937 1737 3055 1804; x_wconf 89' lang='lat' dir='ltr'><strong>scd</strong></span> <span class='ocrx_word' id='word_1_343' title='bbox 3114 1759 3253 1803; x_wconf 90' lang='lat' dir='ltr'><strong>non</strong></span> <span class='ocrx_word' id='word_1_344' title='bbox 3311 1735 3588 1804; x_wconf 87' lang='lat' dir='ltr'><strong>cuilibet</strong></span> <span class='ocrx_word' id='word_1_345' title='bbox 3651 1736 3969 1804; x_wconf 84' lang='lat' dir='ltr'><strong>convenit</strong></span> <span class='ocrx_word' id='word_1_346' title='bbox 4042 1737 4259 1802; x_wconf 89' lang='lat' dir='ltr'><strong>mitti:</strong></span> 
     </span>
     <span class='ocr_line' id='line_1_64' title="bbox 2708 1842 4263 1921; baseline -0.001 -11"><span class='ocrx_word' id='word_1_347' title='bbox 2708 1843 2887 1911; x_wconf 89' lang='lat' dir='ltr'><strong>mitti</strong></span> <span class='ocrx_word' id='word_1_348' title='bbox 2929 1844 3115 1912; x_wconf 89' lang='lat' dir='ltr'><strong>enim</strong></span> <span class='ocrx_word' id='word_1_349' title='bbox 3157 1866 3299 1911; x_wconf 89' lang='lat' dir='ltr'><strong>non</strong></span> <span class='ocrx_word' id='word_1_350' title='bbox 3355 1844 3677 1912; x_wconf 88' lang='lat' dir='ltr'><strong>convenit</strong></span> <span class='ocrx_word' id='word_1_351' title='bbox 3727 1842 3932 1921; x_wconf 83' lang='lat' dir='ltr'><strong>Patri,</strong></span> <span class='ocrx_word' id='word_1_352' title='bbox 3989 1842 4106 1911; x_wconf 91' lang='lat' dir='ltr'><strong>sed</strong></span> <span class='ocrx_word' id='word_1_353' title='bbox 4146 1843 4263 1909; x_wconf 82' lang='lat' dir='ltr'><strong>Fi-</strong></span> 
     </span>
     <span class='ocr_line' id='line_1_65' title="bbox 2706 1949 4265 2042; baseline 0.001 -24"><span class='ocrx_word' id='word_1_354' title='bbox 2706 1950 2800 2018; x_wconf 93' lang='lat' dir='ltr'><strong>lio</strong></span> <span class='ocrx_word' id='word_1_355' title='bbox 2876 1958 2943 2020; x_wconf 84' lang='lat' dir='ltr'><strong>et</strong></span> <span class='ocrx_word' id='word_1_356' title='bbox 3004 1950 3290 2041; x_wconf 87' lang='lat' dir='ltr'><strong>Spiritui</strong></span> <span class='ocrx_word' id='word_1_357' title='bbox 3357 1961 3619 2020; x_wconf 85' lang='lat' dir='ltr'><strong>sancto.</strong></span> <span class='ocrx_word' id='word_1_358' title='bbox 3686 1950 3919 2020; x_wconf 90' lang='lat' dir='ltr'><strong>Unde·</strong></span> <span class='ocrx_word' id='word_1_359' title='bbox 3947 1949 4265 2042; x_wconf 84' lang='lat' dir='ltr'><strong>quaelibet</strong></span> 
     </span>
     <span class='ocr_line' id='line_1_66' title="bbox 2707 2055 4263 2148; baseline -0.001 -22"><span class='ocrx_word' id='word_1_360' title='bbox 2707 2077 3001 2147; x_wconf 89' lang='lat' dir='ltr'><strong>persona</strong></span> <span class='ocrx_word' id='word_1_361' title='bbox 3057 2055 3281 2148; x_wconf 81' lang='lat' dir='ltr'><strong>potest</strong></span> <span class='ocrx_word' id='word_1_362' title='bbox 3321 2060 3589 2126; x_wconf 80' lang='lat' dir='ltr'><strong>mittere</strong></span> <span class='ocrx_word' id='word_1_363' title='bbox 3663 2057 3850 2127; x_wconf 88' lang='lat' dir='ltr'><strong>illam</strong></span> <span class='ocrx_word' id='word_1_364' title='bbox 3922 2058 4030 2126; x_wconf 87' lang='lat' dir='ltr'><strong>cui</strong></span> <span class='ocrx_word' id='word_1_365' title='bbox 4087 2058 4263 2124; x_wconf 88' lang='lat' dir='ltr'><strong>mitti</strong></span> 
     </span>
     <span class='ocr_line' id='line_1_67' title="bbox 2706 2159 4261 2258; baseline -0.003 -24"><span class='ocrx_word' id='word_1_366' title='bbox 2706 2168 3075 2236; x_wconf 82' lang='lat' dir='ltr'><strong>convenit:</strong></span> <span class='ocrx_word' id='word_1_367' title='bbox 3124 2175 3191 2235; x_wconf 90' lang='lat' dir='ltr'><strong>et</strong></span> <span class='ocrx_word' id='word_1_368' title='bbox 3236 2159 3369 2235; x_wconf 85' lang='lat' dir='ltr'><strong>hoc</strong></span> <span class='ocrx_word' id='word_1_369' title='bbox 3434 2164 3613 2244; x_wconf 83' lang='lat' dir='ltr'><strong>iden,</strong></span> <span class='ocrx_word' id='word_1_370' title='bbox 3656 2168 3817 2258; x_wconf 88' lang='lat' dir='ltr'><strong>quia</strong></span> <span class='ocrx_word' id='word_1_371' title='bbox 3872 2166 3942 2257; x_wconf 92' lang='lat' dir='ltr'><strong>ly</strong></span> <span class='ocrx_word' id='word_1_372' title='bbox 3997 2168 4261 2232; x_wconf 82' lang='lat' dir='ltr'><strong>mittere</strong></span> 
     </span>
     <span class='ocr_line' id='line_1_68' title="bbox 2708 2275 4254 2364; baseline -0.001 -22"><span class='ocrx_word' id='word_1_373' title='bbox 2708 2297 2846 2342; x_wconf 91' lang='lat' dir='ltr'><strong>non</strong></span> <span class='ocrx_word' id='word_1_374' title='bbox 2877 2275 3039 2343; x_wconf 90' lang='lat' dir='ltr'><strong>dicit</strong></span> <span class='ocrx_word' id='word_1_375' title='bbox 3090 2277 3562 2348; x_wconf 87' lang='lat' dir='ltr'><strong>auctoritatem</strong></span> <span class='ocrx_word' id='word_1_376' title='bbox 3604 2276 3672 2341; x_wconf 86' lang='lat' dir='ltr'><strong>in</strong></span> <span class='ocrx_word' id='word_1_377' title='bbox 3730 2297 3854 2342; x_wconf 88' lang='lat' dir='ltr'><strong>suo</strong></span> <span class='ocrx_word' id='word_1_378' title='bbox 3904 2276 4254 2364; x_wconf 89' lang='lat' dir='ltr'><strong>supposito</strong></span> 
     </span>
     <span class='ocr_line' id='line_1_69' title="bbox 2706 2373 4255 2473; baseline -0.001 -25"><span class='ocrx_word' id='word_1_379' title='bbox 2706 2389 3014 2472; x_wconf 82' lang='lat' dir='ltr'><strong>respectu</strong></span> <span class='ocrx_word' id='word_1_380' title='bbox 3064 2382 3213 2471; x_wconf 83' lang='lat' dir='ltr'><strong>ejus</strong></span> <span class='ocrx_word' id='word_1_381' title='bbox 3269 2401 3476 2473; x_wconf 87' lang='lat' dir='ltr'><strong>super</strong></span> <span class='ocrx_word' id='word_1_382' title='bbox 3523 2373 3706 2473; x_wconf 90' lang='lat' dir='ltr'><strong>quod</strong></span> <span class='ocrx_word' id='word_1_383' title='bbox 3772 2382 4010 2448; x_wconf 83' lang='lat' dir='ltr'><strong>transit</strong></span> <span class='ocrx_word' id='word_1_384' title='bbox 4068 2387 4255 2447; x_wconf 87' lang='lat' dir='ltr'><strong>actus</strong></span> 
     </span>
     <span class='ocr_line' id='line_1_70' title="bbox 2702 2486 4258 2580; baseline -0.001 -26"><span class='ocrx_word' id='word_1_385' title='bbox 2702 2486 2919 2566; x_wconf 87' lang='lat' dir='ltr'><strong>verbi,</strong></span> <span class='ocrx_word' id='word_1_386' title='bbox 2954 2490 3022 2555; x_wconf 89' lang='lat' dir='ltr'><strong>in</strong></span> <span class='ocrx_word' id='word_1_387' title='bbox 3058 2511 3196 2580; x_wconf 90' lang='lat' dir='ltr'><strong>quo</strong></span> <span class='ocrx_word' id='word_1_388' title='bbox 3236 2497 3337 2557; x_wconf 89' lang='lat' dir='ltr'><strong>est</strong></span> <span class='ocrx_word' id='word_1_389' title='bbox 3374 2490 3611 2555; x_wconf 89' lang='lat' dir='ltr'><strong>missio</strong></span> <span class='ocrx_word' id='word_1_390' title='bbox 3643 2488 3907 2578; x_wconf 80' lang='lat' dir='ltr'><strong>passiva</strong></span> <span class='ocrx_word' id='word_1_391' title='bbox 3954 2510 3968 2554; x_wconf 92' lang='lat'><strong>:</strong></span> <span class='ocrx_word' id='word_1_392' title='bbox 4000 2487 4116 2555; x_wconf 87' lang='lat' dir='ltr'><strong>sed</strong></span> <span class='ocrx_word' id='word_1_393' title='bbox 4149 2511 4258 2554; x_wconf 90' lang='lat' dir='ltr'><strong>re-</strong></span> 
     </span>
     <span class='ocr_line' id='line_1_71' title="bbox 2700 2598 4255 2689; baseline -0.003 -23"><span class='ocrx_word' id='word_1_394' title='bbox 2700 2600 2861 2688; x_wconf 88' lang='lat' dir='ltr'><strong>cipit</strong></span> <span class='ocrx_word' id='word_1_395' title='bbox 2898 2601 3332 2689; x_wconf 88' lang='lat' dir='ltr'><strong>suppositum</strong></span> <span class='ocrx_word' id='word_1_396' title='bbox 3372 2599 3591 2686; x_wconf 81' lang='lat' dir='ltr'><strong>gratia</strong></span> <span class='ocrx_word' id='word_1_397' title='bbox 3628 2607 3818 2665; x_wconf 88' lang='lat' dir='ltr'><strong>actus</strong></span> <span class='ocrx_word' id='word_1_398' title='bbox 3873 2598 4255 2664; x_wconf 88' lang='lat' dir='ltr'><strong>communis</strong></span> 
     </span>
     <span class='ocr_line' id='line_1_72' title="bbox 2698 2702 4255 2797; baseline -0.001 -26"><span class='ocrx_word' id='word_1_399' title='bbox 2698 2705 2817 2797; x_wconf 84' lang='lat' dir='ltr'><strong>qui</strong></span> <span class='ocrx_word' id='word_1_400' title='bbox 2874 2713 3109 2773; x_wconf 89' lang='lat' dir='ltr'><strong>causat</strong></span> <span class='ocrx_word' id='word_1_401' title='bbox 3149 2702 3467 2772; x_wconf 74' lang='lat' dir='ltr'><strong>ellectum</strong></span> <span class='ocrx_word' id='word_1_402' title='bbox 3525 2712 3969 2771; x_wconf 88' lang='lat' dir='ltr'><strong>connotatum</strong></span> <span class='ocrx_word' id='word_1_403' title='bbox 4025 2702 4089 2768; x_wconf 92' lang='lat' dir='ltr'><strong>in</strong></span> <span class='ocrx_word' id='word_1_404' title='bbox 4120 2725 4255 2792; x_wconf 88' lang='lat' dir='ltr'><strong>quo</strong></span> 
     </span>
     <span class='ocr_line' id='line_1_73' title="bbox 2696 2807 4251 2903; baseline -0.002 -24"><span class='ocrx_word' id='word_1_405' title='bbox 2696 2813 3140 2903; x_wconf 79' lang='lat' dir='ltr'><strong>cognoscitur</strong></span> <span class='ocrx_word' id='word_1_406' title='bbox 3168 2829 3461 2902; x_wconf 79' lang='lat' dir='ltr'><strong>persona</strong></span> <span class='ocrx_word' id='word_1_407' title='bbox 3493 2810 3698 2878; x_wconf 87' lang='lat' dir='ltr'><strong>missa</strong></span> <span class='ocrx_word' id='word_1_408' title='bbox 3735 2833 3751 2878; x_wconf 73' lang='grc' dir='ltr'>ε</span> <span class='ocrx_word' id='word_1_409' title='bbox 3790 2817 3858 2877; x_wconf 90' lang='lat' dir='ltr'><strong>et</strong></span> <span class='ocrx_word' id='word_1_410' title='bbox 3914 2810 4069 2902; x_wconf 86' lang='lat' dir='ltr'><strong>quia</strong></span> <span class='ocrx_word' id='word_1_411' title='bbox 4122 2807 4251 2876; x_wconf 87' lang='lat' dir='ltr'><strong>boc</strong></span> 
     </span>
     <span class='ocr_line' id='line_1_74' title="bbox 2694 2918 4253 3011; baseline -0.003 -23"><span class='ocrx_word' id='word_1_412' title='bbox 2694 2921 3016 2990; x_wconf 79' lang='lat' dir='ltr'><strong>videntur</strong></span> <span class='ocrx_word' id='word_1_413' title='bbox 3043 2922 3298 2990; x_wconf 89' lang='lat' dir='ltr'><strong>sentire</strong></span> <span class='ocrx_word' id='word_1_414' title='bbox 3340 2919 3570 2988; x_wconf 78' lang='lat' dir='ltr'><strong>Sancti</strong></span> <span class='ocrx_word' id='word_1_415' title='bbox 3614 2921 3728 3011; x_wconf 90' lang='lat' dir='ltr'><strong>qui</strong></span> <span class='ocrx_word' id='word_1_416' title='bbox 3765 2918 4054 3010; x_wconf 89' lang='lat' dir='ltr'><strong>probant</strong></span> <span class='ocrx_word' id='word_1_417' title='bbox 4098 2921 4253 2985; x_wconf 84' lang='lat' dir='ltr'><strong>mis·</strong></span> 
     </span>
     <span class='ocr_line' id='line_1_75' title="bbox 2692 3014 4251 3121; baseline 0 -25"><span class='ocrx_word' id='word_1_418' title='bbox 2692 3014 2958 3097; x_wconf 66' lang='lat' dir='ltr'><strong>sionem</strong></span> <span class='ocrx_word' id='word_1_419' title='bbox 3003 3051 3128 3121; x_wconf 89' lang='lat' dir='ltr'><strong>per</strong></span> <span class='ocrx_word' id='word_1_420' title='bbox 3185 3030 3766 3121; x_wconf 85' lang='lat' dir='ltr'><strong>comparationem</strong></span> <span class='ocrx_word' id='word_1_421' title='bbox 3836 3027 4028 3094; x_wconf 91' lang='lat' dir='ltr'><strong>istius</strong></span> <span class='ocrx_word' id='word_1_422' title='bbox 4082 3027 4251 3096; x_wconf 77' lang='lat' dir='ltr'><strong>eue-</strong></span> 
     </span>
     <span class='ocr_line' id='line_1_76' title="bbox 2691 3134 4234 3232; baseline -0.002 -23"><span class='ocrx_word' id='word_1_423' title='bbox 2691 3143 2867 3224; x_wconf 84' lang='lat' dir='ltr'><strong>ctus,</strong></span> <span class='ocrx_word' id='word_1_424' title='bbox 2891 3137 3043 3209; x_wconf 80' lang='lat' dir='ltr'><strong>ideo</strong></span> <span class='ocrx_word' id='word_1_425' title='bbox 3076 3139 3299 3232; x_wconf 82' lang='lat' dir='ltr'><strong>magis</strong></span> <span class='ocrx_word' id='word_1_426' title='bbox 3326 3134 3549 3232; x_wconf 85' lang='lat' dir='ltr'><strong>placet</strong></span> <span class='ocrx_word' id='word_1_427' title='bbox 3587 3137 3786 3208; x_wconf 88' lang='lat' dir='ltr'><strong>nobis</strong></span> <span class='ocrx_word' id='word_1_428' title='bbox 3815 3136 3943 3207; x_wconf 79' lang='lat' dir='ltr'><strong>ista</strong></span> <span class='ocrx_word' id='word_1_429' title='bbox 3963 3136 4234 3229; x_wconf 87' lang='lat' dir='ltr'><strong>opinio:</strong></span> 
     </span>
     <span class='ocr_line' id='line_1_77' title="bbox 2686 3244 4241 3338; baseline -0.003 -23"><span class='ocrx_word' id='word_1_430' title='bbox 2686 3247 3204 3316; x_wconf 79' lang='lat' dir='ltr'><strong>consentiamus</strong></span> <span class='ocrx_word' id='word_1_431' title='bbox 3234 3246 3445 3338; x_wconf 78' lang='lat' dir='ltr'><strong>igitur</strong></span> <span class='ocrx_word' id='word_1_432' title='bbox 3473 3246 3710 3338; x_wconf 80' lang='lat' dir='ltr'><strong>primis</strong></span> <span class='ocrx_word' id='word_1_433' title='bbox 3736 3244 4004 3314; x_wconf 78' lang='lat' dir='ltr'><strong>duabus</strong></span> <span class='ocrx_word' id='word_1_434' title='bbox 4043 3245 4241 3313; x_wconf 78' lang='lat' dir='ltr'><strong>ratio-</strong></span> 
     </span>
     <span class='ocr_line' id='line_1_78' title="bbox 2685 3354 3570 3447; baseline -0.003 -21"><span class='ocrx_word' id='word_1_435' title='bbox 2685 3354 2892 3426; x_wconf 84' lang='lat' dir='ltr'><strong>nibus</strong></span> <span class='ocrx_word' id='word_1_436' title='bbox 2919 3355 3055 3426; x_wconf 89' lang='lat' dir='ltr'><strong>hoc</strong></span> <span class='ocrx_word' id='word_1_437' title='bbox 3095 3354 3570 3447; x_wconf 73' lang='lat' dir='ltr'><strong>probantibus.</strong></span> 
     </span>
    </p>
   </div>
   <div class='ocr_carea' id='block_1_13' title="bbox 2679 3566 4244 4419">
    <p class='ocr_par' dir='ltr' id='par_1_16' title="bbox 2679 3566 4244 4419">
     <span class='ocr_line' id='line_1_79' title="bbox 2775 3566 4244 3662; baseline -0.003 -23"><span class='ocrx_word' id='word_1_438' title='bbox 2775 3571 2879 3640; x_wconf 72' lang='lat' dir='ltr'><strong>An</strong></span> <span class='ocrx_word' id='word_1_439' title='bbox 2921 3594 2984 3639; x_wconf 79' lang='lat' dir='ltr'><strong>u&gt;</strong></span> <span class='ocrx_word' id='word_1_440' title='bbox 3022 3569 3211 3662; x_wconf 90' lang='lat' dir='ltr'><strong>quod</strong></span> <span class='ocrx_word' id='word_1_441' title='bbox 3238 3579 3475 3639; x_wconf 82' lang='lat' dir='ltr'><strong>contra</strong></span> <span class='ocrx_word' id='word_1_442' title='bbox 3513 3566 3853 3658; x_wconf 86' lang='lat' dir='ltr'><strong>objicitur,</strong></span> <span class='ocrx_word' id='word_1_443' title='bbox 3906 3567 4088 3660; x_wconf 87' lang='lat' dir='ltr'><strong>quod</strong></span> <span class='ocrx_word' id='word_1_444' title='bbox 4141 3567 4244 3643; x_wconf 75' lang='lat' dir='ltr'><strong>Fi-</strong></span> 
     </span>
     <span class='ocr_line' id='line_1_80' title="bbox 2684 3671 4241 3768; baseline -0.004 -20"><span class='ocrx_word' id='word_1_445' title='bbox 2684 3672 2821 3748; x_wconf 79' lang='lat' dir='ltr'><strong>lius</strong></span> <span class='ocrx_word' id='word_1_446' title='bbox 2858 3696 2983 3747; x_wconf 84' lang='lat' dir='ltr'><strong>nec</strong></span> <span class='ocrx_word' id='word_1_447' title='bbox 3013 3684 3113 3745; x_wconf 86' lang='lat' dir='ltr'><strong>est</strong></span> <span class='ocrx_word' id='word_1_448' title='bbox 3154 3697 3195 3745; x_wconf 83' lang='lat' dir='ltr'><strong>a</strong></span> <span class='ocrx_word' id='word_1_449' title='bbox 3227 3671 3486 3768; x_wconf 86' lang='lat' dir='ltr'><strong>Spiritu</strong></span> <span class='ocrx_word' id='word_1_450' title='bbox 3529 3679 3764 3743; x_wconf 69' lang='lat' dir='ltr'><strong>sancto</strong></span> <span class='ocrx_word' id='word_1_451' title='bbox 3801 3693 3818 3743; x_wconf 72' lang='grc' dir='ltr'><strong>ε</strong></span> <span class='ocrx_word' id='word_1_452' title='bbox 3855 3692 3978 3742; x_wconf 83' lang='lat' dir='ltr'><strong>nec</strong></span> <span class='ocrx_word' id='word_1_453' title='bbox 4032 3675 4241 3743; x_wconf 84' lang='lat' dir='ltr'><strong>etiam</strong></span> 
     </span>
     <span class='ocr_line' id='line_1_81' title="bbox 2686 3786 4238 3880; baseline -0.003 -25"><span class='ocrx_word' id='word_1_454' title='bbox 2686 3788 2982 3880; x_wconf 83' lang='lat' dir='ltr'><strong>Spiritus</strong></span> <span class='ocrx_word' id='word_1_455' title='bbox 3041 3795 3322 3855; x_wconf 75' lang='lat' dir='ltr'><strong>sanctus</strong></span> <span class='ocrx_word' id='word_1_456' title='bbox 3394 3793 3719 3877; x_wconf 83' lang='lat' dir='ltr'><strong>operatur</strong></span> <span class='ocrx_word' id='word_1_457' title='bbox 3785 3798 3906 3875; x_wconf 81' lang='lat' dir='ltr'><strong>per</strong></span> <span class='ocrx_word' id='word_1_458' title='bbox 3964 3786 4184 3876; x_wconf 80' lang='lat' dir='ltr'><strong>ipsum</strong></span> <span class='ocrx_word' id='word_1_459' title='bbox 4221 3805 4238 3850; x_wconf 89' lang='lat'><strong>:</strong></span> 
     </span>
     <span class='ocr_line' id='line_1_82' title="bbox 2683 3892 4239 3986; baseline -0.003 -23"><span class='ocrx_word' id='word_1_460' title='bbox 2683 3894 3075 3972; x_wconf 87' lang='lat' dir='ltr'><strong>dicendum,</strong></span> <span class='ocrx_word' id='word_1_461' title='bbox 3121 3893 3307 3986; x_wconf 88' lang='lat' dir='ltr'><strong>quod</strong></span> <span class='ocrx_word' id='word_1_462' title='bbox 3345 3917 3582 3961; x_wconf 71' lang='lat' dir='ltr'><strong>verum</strong></span> <span class='ocrx_word' id='word_1_463' title='bbox 3615 3901 3758 3961; x_wconf 84' lang='lat' dir='ltr'><strong>cst:</strong></span> <span class='ocrx_word' id='word_1_464' title='bbox 3793 3893 3909 3960; x_wconf 85' lang='lat' dir='ltr'><strong>sed</strong></span> <span class='ocrx_word' id='word_1_465' title='bbox 3944 3892 4071 3960; x_wconf 86' lang='lat' dir='ltr'><strong>boc</strong></span> <span class='ocrx_word' id='word_1_466' title='bbox 4104 3915 4239 3959; x_wconf 85' lang='lat' dir='ltr'><strong>non</strong></span> 
     </span>
     <span class='ocr_line' id='line_1_83' title="bbox 2680 3999 4235 4094; baseline -0.004 -24"><span class='ocrx_word' id='word_1_467' title='bbox 2680 4005 2982 4094; x_wconf 76' lang='lat' dir='ltr'><strong>exigitur</strong></span> <span class='ocrx_word' id='word_1_468' title='bbox 3017 4002 3103 4070; x_wconf 87' lang='lat' dir='ltr'><strong>ad</strong></span> <span class='ocrx_word' id='word_1_469' title='bbox 3144 4003 3320 4070; x_wconf 90' lang='lat' dir='ltr'><strong>mitti</strong></span> <span class='ocrx_word' id='word_1_470' title='bbox 3354 4024 3394 4070; x_wconf 83' lang='lat' dir='ltr'><strong>a</strong></span> <span class='ocrx_word' id='word_1_471' title='bbox 3445 4001 3744 4093; x_wconf 80' lang='lat' dir='ltr'><strong>Spiritu:</strong></span> <span class='ocrx_word' id='word_1_472' title='bbox 3806 3999 3923 4068; x_wconf 86' lang='lat' dir='ltr'><strong>sed</strong></span> <span class='ocrx_word' id='word_1_473' title='bbox 3963 4000 4235 4076; x_wconf 72' lang='lat' dir='ltr'><strong>suflicit,</strong></span> 
     </span>
     <span class='ocr_line' id='line_1_84' title="bbox 2681 4106 4235 4203; baseline -0.003 -26"><span class='ocrx_word' id='word_1_474' title='bbox 2681 4112 2866 4203; x_wconf 88' lang='lat' dir='ltr'><strong>quod</strong></span> <span class='ocrx_word' id='word_1_475' title='bbox 2903 4111 3199 4201; x_wconf 84' lang='lat' dir='ltr'><strong>Spiritus</strong></span> <span class='ocrx_word' id='word_1_476' title='bbox 3238 4119 3513 4178; x_wconf 82' lang='lat' dir='ltr'><strong>sauctus</strong></span> <span class='ocrx_word' id='word_1_477' title='bbox 3551 4117 3867 4199; x_wconf 61' lang='grc' dir='ltr'><strong>(φρει-ωε·</strong></span> <span class='ocrx_word' id='word_1_478' title='bbox 3923 4106 4235 4175; x_wconf 81' lang='lat' dir='ltr'><strong>ellectum</strong></span> 
     </span>
     <span class='ocr_line' id='line_1_85' title="bbox 2681 4212 4235 4313; baseline -0.005 -25"><span class='ocrx_word' id='word_1_479' title='bbox 2681 4221 2749 4288; x_wconf 92' lang='lat' dir='ltr'><strong>in</strong></span> <span class='ocrx_word' id='word_1_480' title='bbox 2803 4243 2943 4313; x_wconf 90' lang='lat' dir='ltr'><strong>quo</strong></span> <span class='ocrx_word' id='word_1_481' title='bbox 3000 4220 3087 4286; x_wconf 89' lang='lat' dir='ltr'><strong>sit</strong></span> <span class='ocrx_word' id='word_1_482' title='bbox 3126 4222 3194 4286; x_wconf 87' lang='lat' dir='ltr'><strong>et</strong></span> <span class='ocrx_word' id='word_1_483' title='bbox 3233 4225 3686 4308; x_wconf 80' lang='lat' dir='ltr'><strong>cognoscatur</strong></span> <span class='ocrx_word' id='word_1_484' title='bbox 3739 4212 3949 4283; x_wconf 71' lang='lat' dir='ltr'><strong>Filius</strong></span> <span class='ocrx_word' id='word_1_485' title='bbox 3991 4238 4110 4282; x_wconf 81' lang='lat' dir='ltr'><strong>ens</strong></span> <span class='ocrx_word' id='word_1_486' title='bbox 4149 4214 4235 4281; x_wconf 85' lang='lat' dir='ltr'><strong>ab</strong></span> 
     </span>
     <span class='ocr_line' id='line_1_86' title="bbox 2679 4326 3558 4419; baseline -0.006 -22"><span class='ocrx_word' id='word_1_487' title='bbox 2679 4329 2841 4407; x_wconf 81' lang='lat' dir='ltr'><strong>alio.</strong></span> <span class='ocrx_word' id='word_1_488' title='bbox 2876 4337 2949 4397; x_wconf 89' lang='lat' dir='ltr'><strong>ut</strong></span> <span class='ocrx_word' id='word_1_489' title='bbox 2988 4352 3198 4419; x_wconf 84' lang='lat' dir='ltr'><strong>supra</strong></span> <span class='ocrx_word' id='word_1_490' title='bbox 3234 4326 3558 4394; x_wconf 87' lang='lat' dir='ltr'><strong>diximus.</strong></span> 
     </span>
    </p>
   </div>
   <div class='ocr_carea' id='block_1_14' title="bbox 2673 4536 4236 5278">
    <p class='ocr_par' dir='ltr' id='par_1_17' title="bbox 2673 4536 4236 5278">
     <span class='ocr_line' id='line_1_87' title="bbox 2770 4536 4233 4632; baseline -0.003 -22"><span class='ocrx_word' id='word_1_491' title='bbox 2770 4543 2879 4611; x_wconf 81' lang='grc' dir='ltr'><strong>Αυ</strong></span> <span class='ocrx_word' id='word_1_492' title='bbox 2920 4557 2985 4608; x_wconf 79' lang='grc' dir='ltr'><strong>ιι)</strong></span> <span class='ocrx_word' id='word_1_493' title='bbox 3024 4539 3210 4632; x_wconf 86' lang='lat' dir='ltr'><strong>quod</strong></span> <span class='ocrx_word' id='word_1_494' title='bbox 3277 4539 3630 4631; x_wconf 84' lang='lat' dir='ltr'><strong>quaeritur,</strong></span> <span class='ocrx_word' id='word_1_495' title='bbox 3704 4536 3943 4605; x_wconf 77' lang='lat' dir='ltr'><strong>liti-um</strong></span> <span class='ocrx_word' id='word_1_496' title='bbox 4012 4540 4233 4605; x_wconf 89' lang='lat' dir='ltr'><strong>mittat</strong></span> 
     </span>
     <span class='ocr_line' id='line_1_88' title="bbox 2679 4644 4231 4720; baseline -0.005 -2"><span class='ocrx_word' id='word_1_497' title='bbox 2679 4673 2838 4720; x_wconf 87' lang='lat' dir='ltr'><strong>eum</strong></span> <span class='ocrx_word' id='word_1_498' title='bbox 2878 4652 2947 4717; x_wconf 93' lang='lat' dir='ltr'><strong>in</strong></span> <span class='ocrx_word' id='word_1_499' title='bbox 3014 4666 3292 4717; x_wconf 86' lang='lat' dir='ltr'><strong>carnem</strong></span> <span class='ocrx_word' id='word_1_500' title='bbox 3325 4647 3363 4714; x_wconf 78' lang='lat'><strong>⁴?</strong></span> <span class='ocrx_word' id='word_1_501' title='bbox 3417 4644 3792 4715; x_wconf 79' lang='lat' dir='ltr'><strong>Dicendum</strong></span> <span class='ocrx_word' id='word_1_502' title='bbox 3860 4645 4231 4713; x_wconf 86' lang='lat' dir='ltr'><strong>secundum</strong></span> 
     </span>
     <span class='ocr_line' id='line_1_89' title="bbox 2677 4753 4232 4850; baseline -0.004 -22"><span class='ocrx_word' id='word_1_503' title='bbox 2677 4760 2854 4828; x_wconf 77' lang='lat' dir='ltr'><strong>lianc</strong></span> <span class='ocrx_word' id='word_1_504' title='bbox 2891 4759 3322 4850; x_wconf 80' lang='lat' dir='ltr'><strong>opinionem,</strong></span> <span class='ocrx_word' id='word_1_505' title='bbox 3356 4753 3539 4848; x_wconf 78' lang='lat' dir='ltr'><strong>quod</strong></span> <span class='ocrx_word' id='word_1_506' title='bbox 3570 4756 3662 4824; x_wconf 82' lang='lat' dir='ltr'><strong>sic</strong></span> <span class='ocrx_word' id='word_1_507' title='bbox 3693 4757 3894 4847; x_wconf 84' lang='lat' dir='ltr'><strong>:quia</strong></span> <span class='ocrx_word' id='word_1_508' title='bbox 3912 4762 4232 4846; x_wconf 77' lang='lat' dir='ltr'><strong>operatur</strong></span> 
     </span>
     <span class='ocr_line' id='line_1_90' title="bbox 2675 4860 4234 4958; baseline -0.006 -22"><span class='ocrx_word' id='word_1_509' title='bbox 2675 4890 2950 4936; x_wconf 89' lang='lat' dir='ltr'><strong>carnem</strong></span> <span class='ocrx_word' id='word_1_510' title='bbox 2995 4869 3063 4934; x_wconf 91' lang='lat' dir='ltr'><strong>in</strong></span> <span class='ocrx_word' id='word_1_511' title='bbox 3095 4888 3233 4958; x_wconf 89' lang='lat' dir='ltr'><strong>qua</strong></span> <span class='ocrx_word' id='word_1_512' title='bbox 3270 4866 3751 4955; x_wconf 84' lang='lat' dir='ltr'><strong>cognoscitur:</strong></span> <span class='ocrx_word' id='word_1_513' title='bbox 3797 4871 3858 4931; x_wconf 77' lang='lat' dir='ltr'><strong>et</strong></span> <span class='ocrx_word' id='word_1_514' title='bbox 3893 4872 3989 4930; x_wconf 81' lang='lat' dir='ltr'><strong>est</strong></span> <span class='ocrx_word' id='word_1_515' title='bbox 4027 4860 4234 4929; x_wconf 75' lang='lat' dir='ltr'><strong>Filius</strong></span> 
     </span>
     <span class='ocr_line' id='line_1_91' title="bbox 2675 4970 4236 5063; baseline -0.005 -18"><span class='ocrx_word' id='word_1_516' title='bbox 2675 5000 2798 5046; x_wconf 88' lang='lat' dir='ltr'><strong>ens</strong></span> <span class='ocrx_word' id='word_1_517' title='bbox 2836 4973 2922 5045; x_wconf 88' lang='lat' dir='ltr'><strong>ab</strong></span> <span class='ocrx_word' id='word_1_518' title='bbox 2952 4975 3089 5044; x_wconf 89' lang='lat' dir='ltr'><strong>alio</strong></span> <span class='ocrx_word' id='word_1_519' title='bbox 3124 4995 3142 5043; x_wconf 74' lang='lat' dir='ltr'><em>z</em></span> <span class='ocrx_word' id='word_1_520' title='bbox 3188 4979 3256 5043; x_wconf 87' lang='lat' dir='ltr'><strong>et</strong></span> <span class='ocrx_word' id='word_1_521' title='bbox 3294 4970 3426 5042; x_wconf 90' lang='lat' dir='ltr'><strong>hoc</strong></span> <span class='ocrx_word' id='word_1_522' title='bbox 3465 4994 3604 5041; x_wconf 89' lang='lat' dir='ltr'><strong>non</strong></span> <span class='ocrx_word' id='word_1_523' title='bbox 3632 4973 3849 5063; x_wconf 81' lang='lat' dir='ltr'><strong>exigit</strong></span> <span class='ocrx_word' id='word_1_524' title='bbox 3878 4972 4236 5040; x_wconf 83' lang='lat' dir='ltr'><strong>auctorita-</strong></span> 
     </span>
     <span class='ocr_line' id='line_1_92' title="bbox 2673 5074 4227 5173; baseline -0.004 -22"><span class='ocrx_word' id='word_1_525' title='bbox 2673 5091 2813 5152; x_wconf 86' lang='lat' dir='ltr'><strong>tem</strong></span> <span class='ocrx_word' id='word_1_526' title='bbox 2855 5083 3157 5173; x_wconf 84' lang='lat' dir='ltr'><strong>aliquam</strong></span> <span class='ocrx_word' id='word_1_527' title='bbox 3191 5082 3260 5147; x_wconf 93' lang='lat' dir='ltr'><strong>in</strong></span> <span class='ocrx_word' id='word_1_528' title='bbox 3296 5080 3652 5171; x_wconf 85' lang='lat' dir='ltr'><strong>supposito</strong></span> <span class='ocrx_word' id='word_1_529' title='bbox 3692 5074 3881 5145; x_wconf 76' lang='lat' dir='ltr'><strong>verbi</strong></span> <span class='ocrx_word' id='word_1_530' title='bbox 3924 5086 4227 5167; x_wconf 85' lang='lat' dir='ltr'><strong>respectu</strong></span> 
     </span>
     <span class='ocr_line' id='line_1_93' title="bbox 2676 5186 4096 5278; baseline -0.005 -19"><span class='ocrx_word' id='word_1_531' title='bbox 2676 5192 2975 5259; x_wconf 69' lang='lat' dir='ltr'><strong>materiae</strong></span> <span class='ocrx_word' id='word_1_532' title='bbox 3006 5199 3226 5266; x_wconf 69' lang='lat' dir='ltr'><strong>actu5‚</strong></span> <span class='ocrx_word' id='word_1_533' title='bbox 3258 5188 3403 5255; x_wconf 79' lang='lat' dir='ltr'><strong>sive</strong></span> <span class='ocrx_word' id='word_1_534' title='bbox 3438 5194 3741 5278; x_wconf 82' lang='lat' dir='ltr'><strong>respectu</strong></span> <span class='ocrx_word' id='word_1_535' title='bbox 3781 5186 4096 5276; x_wconf 84' lang='lat' dir='ltr'><strong>appositi.</strong></span> 
     </span>
    </p>
   </div>
   <div class='ocr_carea' id='block_1_15' title="bbox 2763 5390 4562 5490">
    <p class='ocr_par' dir='ltr' id='par_1_18' title="bbox 2763 5390 4562 5490">
     <span class='ocr_line' id='line_1_94' title="bbox 2763 5390 4562 5490; baseline -0.004 -22"><span class='ocrx_word' id='word_1_536' title='bbox 2763 5398 2867 5469; x_wconf 74' lang='lat' dir='ltr'><strong>An</strong></span> <span class='ocrx_word' id='word_1_537' title='bbox 2916 5423 3042 5468; x_wconf 78' lang='lat' dir='ltr'><strong>noc</strong></span> <span class='ocrx_word' id='word_1_538' title='bbox 3072 5390 3255 5490; x_wconf 89' lang='lat' dir='ltr'><strong>quod</strong></span> <span class='ocrx_word' id='word_1_539' title='bbox 3287 5397 3571 5466; x_wconf 88' lang='lat' dir='ltr'><strong>ulterius</strong></span> <span class='ocrx_word' id='word_1_540' title='bbox 3602 5397 3946 5488; x_wconf 67' lang='lat' dir='ltr'><strong>quaeritur,</strong></span> <span class='ocrx_word' id='word_1_541' title='bbox 3977 5397 4217 5465; x_wconf 87' lang='lat' dir='ltr'><strong>Utrum</strong></span> <span class='ocrx_word' id='word_1_542' title='bbox 4254 5430 4330 5475; x_wconf 53' lang='lat' dir='ltr'><strong>Ad</strong></span> <span class='ocrx_word' id='word_1_543' title='bbox 4351 5443 4380 5486; x_wconf 67' lang='lat' dir='ltr'>q</span> <span class='ocrx_word' id='word_1_544' title='bbox 4385 5438 4504 5474; x_wconf 59' lang='lat'><strong>.....</strong></span> <span class='ocrx_word' id='word_1_545' title='bbox 4513 5429 4562 5475; x_wconf 62' lang='lat'><strong>,³</strong></span> 
     </span>
    </p>
   </div>
   <div class='ocr_carea' id='block_1_16' title="bbox 2672 5505 4216 5603">
    <p class='ocr_par' dir='ltr' id='par_1_19' title="bbox 2672 5505 4216 5603">
     <span class='ocr_line' id='line_1_95' title="bbox 2672 5505 4216 5603; baseline -0.005 -26"><span class='ocrx_word' id='word_1_546' title='bbox 2672 5512 2971 5603; x_wconf 74' lang='lat' dir='ltr'><strong>Spiritus</strong></span> <span class='ocrx_word' id='word_1_547' title='bbox 3022 5516 3299 5577; x_wconf 85' lang='lat' dir='ltr'><strong>sanctus</strong></span> <span class='ocrx_word' id='word_1_548' title='bbox 3360 5508 3466 5574; x_wconf 75' lang='lat' dir='ltr'><strong>det</strong></span> <span class='ocrx_word' id='word_1_549' title='bbox 3538 5506 3842 5574; x_wconf 73' lang='lat' dir='ltr'><strong>Filium?</strong></span> <span class='ocrx_word' id='word_1_550' title='bbox 3904 5505 4216 5573; x_wconf 83' lang='lat' dir='ltr'><strong>Concedo</strong></span> 
     </span>
    </p>
   </div>
   <div class='ocr_carea' id='block_1_17' title="bbox 4267 3466 4590 3579">
    <p class='ocr_par' dir='ltr' id='par_1_20' title="bbox 4267 3466 4590 3579">
     <span class='ocr_line' id='line_1_96' title="bbox 4267 3466 4590 3579; baseline 0.009 -14"><span class='ocrx_word' id='word_1_551' title='bbox 4267 3466 4569 3579; x_wconf 36' lang='lat'><strong>5⁶⁶³&amp;</strong></span> <span class='ocrx_word' id='word_1_552' title='bbox 4577 3499 4590 3513; x_wconf 85' lang='lat'><strong>‘</strong></span> 
     </span>
    </p>
   </div>
   <div class='ocr_carea' id='block_1_18' title="bbox 4260 4457 4579 4518">
    <p class='ocr_par' dir='ltr' id='par_1_21' title="bbox 4260 4457 4579 4518">
     <span class='ocr_line' id='line_1_97' title="bbox 4260 4457 4579 4518; baseline 0.013 -16"><span class='ocrx_word' id='word_1_553' title='bbox 4260 4461 4329 4505; x_wconf 72' lang='lat' dir='ltr'><strong>Ad</strong></span> <span class='ocrx_word' id='word_1_554' title='bbox 4346 4466 4514 4518; x_wconf 68' lang='lat' dir='ltr'><strong>quent.</strong></span> <span class='ocrx_word' id='word_1_555' title='bbox 4535 4457 4579 4506; x_wconf 79' lang='lat'><strong>2.</strong></span> 
     </span>
    </p>
   </div>
  </div>
 </body>
</html>
