4897 6388
140 335 145 338 v
246 357 299 472 s
454 341 461 346 ’
543 384 711 464 188,
1582 380 1668 451 D.
1710 380 1916 504 9¹⁴3·
1971 380 2186 449 MAG.
2238 380 2443 449 om).
2497 381 2792 453 PRAED.

538 540 865 645 quenter':
905 555 1089 646 quod
1117 555 1217 624 sic
1246 554 1596 647 probatur.
1650 551 1725 620 Si
1769 551 1943 634 eseet
1982 574 2100 620 su-
2206 560 2316 618 tur
2354 553 2505 619 duae
2537 552 2851 636 haereseS‚
2888 550 3178 645 quarum
3219 578 3353 622 una
3394 562 3514 634 est,
3558 556 3742 645 quod

535 685 659 752 per
696 663 915 753 ipsam
950 666 1195 754 primo,
1250 672 1415 731 tunc
1445 664 1742 731 essentia
1770 668 1947 729 esset
1977 682 2091 749 ge·
2204 655 2412 724 Filius
2452 656 2727 727 haberet
2775 662 2844 726 in
2884 684 2955 728 se
3021 662 3404 730 universale
3437 668 3503 730 et
3532 662 3750 752 parti-

536 773 701 850 nita,
741 772 1201 863 quodfalsum
1246 778 1348 838 est
1382 794 1396 837 ε
1431 771 1485 838 si
1510 778 1739 836 autem
1781 774 1953 834 esset
1992 789 2099 833 su·
2205 763 2427 832 culare
2464 787 2477 830 ε
2536 766 2830 834 secunda
2869 776 2992 846 est,
3051 770 3232 858 quod
3293 771 3586 839 essentia
3630 792 3749 861 ge-

533 901 659 969 per
695 881 916 970 ipsam
948 885 1469 967 consequenter,
1504 884 1666 942 tunc
1696 875 1987 964 essentia
2026 896 2097 940 se
2205 880 2551 939 neraretur
2584 894 2699 962 per
2747 895 3170 964 consequens
3203 898 3218 941 :
3265 887 3331 943 et
3399 878 3490 943 ita
3543 879 3745 945 etiam

535 984 820 1054 haberet
874 991 1378 1073 consequenter
1415 982 1500 1049 ad
1540 980 1788 1048 Filium
1833 1002 1848 1047 :
1895 988 1961 1049 et
2007 981 2096 1047 ita
2202 1001 2321 1068 per
2357 1001 2780 1071 consequens
2812 981 3339 1074 distingueretur
3369 985 3758 1051 secundum-

535 1093 609 1159 in
640 1091 812 1159 Filio
844 1099 1020 1159 esset
1056 1088 1318 1179 aliquid
1355 1089 1660 1157 vicinum
1708 1088 2096 1181 generatio·
2203 1110 2347 1156 esse
2387 1090 2567 1178 quod
2605 1087 2808 1157 habet
2873 1089 2941 1157 in
3001 1090 3199 1176 Filio,
3241 1091 3322 1158 ab
3375 1114 3520 1160 esse
3560 1092 3742 1183 quod

538 1201 636 1280 ni,
671 1208 739 1268 et
768 1198 1025 1289 aliquid
1076 1205 1420 1266 remotum
1455 1219 1471 1265 ε
1508 1206 1575 1266 et
1603 1198 1701 1265 sic
1727 1219 2097 1286 sequeren-
2198 1195 2402 1264 habet
2432 1196 2502 1263 in
2543 1195 2771 1265 Patre.

536 1663 596 1737 Ι.
676 1660 901 1751 Quod
963 1661 1247 1760 leqitur
1311 1661 1555 1737 Pater
1629 1659 1723 1735 de
1787 1682 1930 1734 sua
2000 1657 2421 1733 substantia
2489 1658 2843 1756 qenais-se
2915 1656 3240 1747 Filium,
3325 1665 3398 1733 et
3448 1658 3746 1771 Filium

1770 1792 2213 1868 substantiae
2251 1792 2541 1868 Patris.

637 2133 939 2209 Dicitur
976 2157 1319 2233 quoque,
1363 2144 1440 2210 et
1479 2134 1921 2232 frequenter
1948 2133 2027 2208 in
2068 2134 2459 2232 Scriptura
2501 2133 2805 2231 legitur,
2842 2134 3149 2210 Patrem
3207 2135 3300 2210 de
3349 2159 3486 2210 sua
3554 2136 3743 2210 sub-

400 2269 414 2278 ’
539 2271 824 2348 stantia
860 2272 1227 2371 genuisse
1260 2271 1568 2346 Filium.
1619 2269 1841 2347 Unde
1880 2263 2356 2370 Augustinus
2398 2270 2474 2345 in
2519 2269 2710 2346 libro
2751 2270 2845 2346 de
2882 2271 3081 2346 Fide
3106 2272 3211 2346 acl
3233 2272 3554 2347 Petrum
3597 2274 3738 2348 ait:

539 2408 772 2484 Pater
811 2409 1023 2484 Deus
1062 2408 1156 2484 de
1198 2408 1415 2484 nullo
1456 2408 1766 2505 genitus
1805 2408 1994 2504 Deo,
2038 2407 2271 2484 semel
2334 2406 2427 2482 de
2468 2429 2609 2481 sua
2648 2416 2925 2482 natura
2973 2406 3140 2482 sine
3206 2407 3419 2481 initio
3476 2409 3745 2505 genuit

538 2543 821 2619 Filium
864 2542 1113 2619 Deum
1144 2542 1305 2632 ,sibi
1349 2545 1766 2643 aequalem,
1829 2554 1905 2620 et
1969 2545 2231 2621 eadem
2275 2566 2429 2642 qua
2455 2542 2616 2641 ipse
2674 2542 3128 2619 naturaliter
3197 2554 3533 2620 aeternus
3600 2556 3740 2640 est,

536 2677 939 2755 divinitate
979 2686 1455 2754 cooeteruum
1492 2679 1540 2752 ¹.
1586 2680 1781 2754 Ecce
1824 2678 1947 2754 hic
1986 2678 2168 2755 dicit
2202 2677 2681 2776 Augustinus
2721 2678 2996 2753 Filium
3032 2678 3376 2776 genitum
3420 2679 3557 2754 Dei
3611 2704 3749 2756 na-

532 2823 711 2890 tura
747 2812 1027 2888 Patris.
1074 2814 1209 2889 Est
1248 2822 1508 2889 autem
1552 2837 1707 2889 una
1762 2824 2040 2890 natura
2087 2813 2360 2909 Patris,
2417 2823 2493 2890 et
2544 2813 2742 2908 Filii,
2786 2824 2863 2890 et
2921 2814 3254 2914 Spiritus
3319 2816 3590 2890 sancti.
3662 2816 3741 2892 Si

531 2973 717 3048 ergo
756 2948 852 3024 de
893 2959 1172 3024 natura
1209 2948 1464 3024 Patris
1501 2947 1813 3047 genitus
1849 2959 1967 3026 est
2004 2949 2266 3043 Filius,
2302 2950 2608 3045 genitus
2638 2959 2752 3026 est
2793 2950 2886 3025 ‹le
2930 2960 3206 3025 natura
3247 2951 3411 3025 Filii
3455 2961 3530 3028 et
3568 2952 3746 3051 Spi-

528 3084 727 3161 ritus
765 3083 1011 3160 sancti
1049 3108 1066 3159 :
1115 3083 1272 3158 imo
1302 3083 1399 3160 de
1439 3093 1719 3160 natura
1760 3083 1992 3159 trium
2041 3108 2574 3183 personarum.
2621 3085 2830 3159 Idem
2886 3109 3198 3184 quoque
3266 3087 3744 3183 Augustinus

527 3225 606 3301 in
649 3223 848 3301 libro
887 3224 1024 3298 XV
1055 3224 1150 3300 de
1198 3223 1576 3299 Trinitate
1611 3217 1661 3316 ³,
1696 3223 1880 3299 dicit
1917 3224 2301 3300 Christum
2337 3248 2505 3300 esse
2546 3224 2821 3300 Filium
2847 3226 3301 3302 substantiae
3355 3225 3629 3322 Patris,
3675 3237 3746 3302 et

526 3360 624 3439 de
667 3360 1102 3437 substantia
1142 3360 1396 3436 Patris
1435 3359 1815 3459 genitum,
1852 3370 2185 3437 tractans
2225 3360 2411 3436 illud
2457 3361 2774 3437 verbum
2836 3362 3177 3459 Apostoli
3226 3362 3613 3460 loquentis
3653 3363 3746 3440 de

522 3496 689 3574 Deo
752 3497 977 3575 Patre
1037 3495 1201 3573 sic:
1255 3494 1414 3588 Qui
1460 3495 1751 3596 eripuit
1785 3519 1926 3573 nos
1963 3496 2058 3574 de
2108 3503 2478 3596 potestate
2554 3497 3073 3592 tenebrarum,
3140 3506 3213 3573 et
3272 3497 3627 3592 tanstulit
3669 3500 3747 3573 in

522 3655 848 3731 requam
878 3631 1079 3709 Filii
1101 3632 1497 3709 charitatis
1518 3655 1683 3709 811ae
1722 3641 1771 3706 ⁸.
1817 3632 2035 3722 Quod
2068 3633 2351 3708 dictum
2393 3642 2533 3727 est,
2572 3632 2848 3731 inquit,
2884 3632 3083 3709 Filii
3118 3634 3510 3709 charitatis
3546 3657 3740 3727 θυαε,

523 3765 717 3841 nihil
759 3765 972 3843 aliud
1013 3766 1472 3866 intelligitur
1509 3791 1745 3869 quam
1785 3766 1956 3843 Filii
2011 3767 2128 3843 sui
2178 3767 2461 3862 dilecti,
2510 3792 2739 3867 quam
2804 3768 2969 3843 Filii
3024 3769 3481 3845 substantiae
3541 3792 3734 3845 suae.

524 3896 878 3973 Charitas
907 3899 1195 3999 quippe
1237 3898 1490 3975 Patris
1550 3898 1685 3998 qui
1726 3898 1747 3933 ⁸
1789 3899 1868 3974 in
1911 3909 2180 3975 natura
2230 3897 2399 3996 ejus
2452 3910 2563 3974 est
2606 3898 3095 3983 ineffabiliter
3125 3899 3481 3998 simplici,
3547 3898 3739 3974 nihil

524 4041 643 4109 est
679 4031 890 4108 aliud
923 4056 1157 4132 quam
1202 4034 1371 4134 ipsa
1403 4044 1682 4111 natura
1718 4045 1949 4135 atque
1981 4034 2430 4125 substantia,
2481 4046 2558 4110 ut
2598 4060 2804 4135 stupe
2836 4035 3198 4125 diximus,
3249 4048 3320 4111 et
3361 4060 3569 4134 saepo
3613 4035 3743 4111 ite·

526 4192 699 4244 rare
728 4192 887 4244 non
929 4167 1187 4268 piget:
1233 4193 1323 4245 ac
1366 4193 1505 4270 pro
1536 4171 1559 4206 ⁸
1601 4170 1747 4245 boc
1790 4169 2030 4246 Filius
2069 4170 2460 4246 charitatis
2508 4170 2674 4266 ojus
2735 4172 3000 4245 nullus
3040 4171 3241 4245 alius
3299 4181 3437 4256 ost,
3505 4193 3736 4269 qnam

526 4304 659 4407 qui
701 4304 797 4382 de
837 4304 1271 4381 substantia
1311 4304 1483 4405 ejus
1523 4316 1638 4381 est
1676 4304 2015 4404 genitus.
2053 4307 2242 4381 Ecce
2287 4305 2406 4379 bic
2438 4317 2697 4406 aperte
2737 4307 2918 4381 ‹licit
2951 4308 3434 4406 Augustinus
3469 4306 3739 4381 Filium

524 4465 695 4521 esse
735 4439 1084 4540 genitum
1121 4440 1214 4518 de
1257 4441 1697 4518 substantia
1736 4441 2014 4536 Pau-is,
2057 4454 2128 4517 et
2168 4440 2442 4517 Filium
2486 4442 2939 4519 substantia}
2984 4442 3260 4519 Patris.
3301 4444 3506 4517 Idem
3552 4464 3748 4540 quo-

526 4601 679 4680 que
735 4577 1219 4677 Augustinus
1279 4577 1355 4653 in
1426 4578 1618 4654 libro
1662 4577 1765 4653 111
1806 4589 2072 4654 contra
2110 4579 2554 4654 hren-uticum
2606 4579 3112 4654 Maximinum
3155 4597 3205 4670 ⁸,
3243 4576 3749 4655 substantiam

524 4714 667 4791 Dei
710 4712 1078 4813 genuisse
1109 4712 1421 4809 Filium,
1457 4724 1531 4789 et
1572 4711 1852 4788 Filium
1878 4715 2220 4813 genitum
2245 4714 2336 4788 «le
2370 4715 2796 4790 substantia
2836 4714 3088 4789 Patris
3110 4715 3407 4806 asserit,
3443 4714 3743 4788 dicens:

530 4849 990 4926 Carnalibus
1051 4848 1659 4948 cogitationibus
1723 4849 1961 4949 pleni,
2024 4850 2527 4925 substantiam
2585 4851 2721 4926 Dei
2775 4852 2867 4926 do
2937 4851 3191 4950 seipsa
3251 4850 3564 4947 gignere
3627 4849 3751 4925 Fi-

530 4984 722 5063 lium
764 5008 922 5061 non
972 4985 1291 5085 putatis,
1339 4983 1488 5061 nisi
1521 4986 1667 5061 hoc
1710 4985 2046 5085 patiatur
2084 4985 2285 5085 quod
2336 4986 2763 5063 substantia
2804 4987 3059 5062 carnis
3101 4986 3385 5084 patitur
3440 4986 3749 5084 quando

601 5284 621 5322 ¹
653 5284 714 5343 S.
745 5284 1125 5353 Aucusrmus,
1151 5283 1231 5339 De
1264 5280 1816 5358 Fide’adjgl’etrum,
1847 5298 1977 5356 cap.
2002 5285 2055 5338 2.

602 5372 627 5410 ¹
652 5373 810 5443 lou,
842 5371 970 5430 Lib.
1000 5373 1095 5430 XV
1123 5372 1196 5430 de
1226 5371 1538 5441 Trinitate‚
1573 5388 1705 5445 cap.
1751 5374 1835 5429 10.

604 5460 630 5499 ⁸
657 5461 749 5523 Ad
775 5461 998 5520 Coloss.
1034 5478 1077 5529 ι,
1122 5463 1210 5518 ¹3.
1237 5460 1483 5536 Vulgata
1512 5460 1714 5533 habet,
1743 5461 1808 5519 in
1837 5479 2007 5533 reqno
2034 5463 2346 5521 dilectionis
2373 5480 2504 5523 suae.

612 5551 638 5590 ⁴
666 5551 823 5611 Edit.
850 5552 1023 5611 Joan.
1049 5551 1384 5624 Alleaume,
1413 5569 1538 5625 que

606 5642 634 5679 ⁸
659 5642 913 5711 Ibidem.
938 5660 1064 5717 per.

610 5732 636 5773 ⁸
658 5734 719 5793 S.
750 5735 1130 5805 Aucus-rmus,
1160 5733 1386 5793 Contra
1412 5733 1824 5807 Maximinum,
1856 5753 1984 5812 cap.
2017 5738 2106 5795 24.
