4897 6388
1580 341 1615 420 ζ’
1713 389 1726 414 ,Ἴ
1836 341 1928 407 ΙΝ
1978 341 2005 406 1
2058 337 2483 408 SENTENT.
2541 334 2763 402 DIST.
2817 336 2923 432 X,r
2958 337 3043 414 11,
3101 339 3293 406 ΛΒΤ.
3346 343 3446 408 13.

1433 830 1932 901 An'rleuws
1992 799 2200 898 xm(

1029 1044 1350 1129 Qualiter
1398 1043 1525 1110 hoc
1586 1064 1829 1109 nomen
1881 1039 2172 1130 Spiritus
2230 1040 2582 1106 conveniat

1112 1153 1505 1245 specialiter
1534 1152 1833 1242 Spiritui
1857 1160 2111 1226 sancte,
2147 1159 2208 1214 ec
2240 1148 2579 1238 quomodo

1115 1269 1393 1328 sanetus
1431 1259 1705 1326 dicatur
1747 1257 1787 1324 ?

1117 1568 1382 1638 Deinde
1413 1570 1739 1658 quaeritur
1776 1570 1858 1638 de
1898 1569 2028 1638 hoe
2058 1570 2240 1661 quod
2270 1570 2581 1637 contine-

1023 1689 1137 1747 tur
1175 1679 1245 1744 in
1279 1676 1521 1744 ultimo
1563 1698 1710 1767 cap.
1763 1675 1879 1757 ibi,
1932 1706 1962 1739 α
2008 1678 2137 1744 llic
2201 1676 2579 1743 notandum

1025 1799 1148 1870 est,
1182 1786 1374 1879 quod
1398 1787 1705 1878 Spiritus
1741 1797 2039 1868 sanctem,
2090 1796 2219 1855 etc.
2273 1816 2304 1848 a

1122 1897 1201 1964 Et
1232 1897 1564 1988 quaeritur
1617 1896 1699 1964 de
1735 1895 1906 1994 *hoe
1936 1896 2209 1992 nemine
2267 1895 2451 1985 quod
2482 1902 2583 1962 est

1023 1993 1322 2098 Spiritu‘s
1352 2013 1652 2090 sanctus»,
1687 2004 1986 2096 qualiter-
2019 2006 2379 2073 conveniat
2423 2027 2581 2093 spe-

1025 2115 1293 2184 cialiter
1325 2113 1612 2204 Spiritui
1641 2122 1875 2182 saneto
1904 2114 1939 2180 ⁴?

1117 2222 1413 2314 Spiritus
1440 2224 1624 2290 enim
1654 2222 1818 2312 poni
1873 2222 2227 2289 consuevit
2284 2221 2352 2286 in
2391 2241 2580 2287 saera

1025 2331 1382 2420 Scriptura
1410 2353 1533 2421 pro
1571 2330 1902 2421 principio
1932 2331 2112 2408 vitm,
2145 2330 2343 2410 sieut,
2374 2326 2575 2394 Joan.

1018 2463 1116 2520 vi,
1151 2439 1239 2505 (51
1274 2438 1634 2530 :Spiritus
1691 2446 1789 2505 est
1842 2438 1966 2528 qui
2019 2437 2363 2524 vivificat:
2421 2456 2579 2501 caro

1016 2568 1155 2612 non
1206 2542 1487 2636 prodest
1552 2543 1958 2634 quidquam.
2027 2541 2131 2624 ΕΙ,
2205 2543 2270 2609 in
2330 2539 2575 2608 GeneS.

1018 2676 1064 2738 1,
1102 2656 1142 2720 2
1169 2675 1183 2720 ε
1227 2652 1539 2743 Spiritus
1564 2651 1691 2718 Dei
1716 2649 2070 2740 ferebatur·
2094 2672 2299 2741 super
2314 2672 2534 2740 aquas
2555 2671 2578 2715 .·

1021 2760 1182 2850 quia
1212 2757 1283 2825 in
1313 2759 1510 2848 aquis
1541 2758 1761 2847 primo
1800 2759 2112 2849 apparuit
2140 2759 2366 2824 anima
2393 2757 2575 2822 vitae.

1113 2865 1287 2934 Cum
1316 2887 1480 2956 ergo
1513 2887 1648 2932 una
1685 2865 1774 2933 sit
1789 2866 1931 2933 vita
1958 2864 2187 2943 trium,
2221 2886 2356 2931 nen
2381 2862 2582 2954 debet

1023 2974 1303 3064 spiritus
1348 2974 1620 3063 proprie
1705 2973 1932 3042 referri
1955 2973 2034 3041 ad
2090 2997 2292 3040 unam
2343 2995 2579 3064 perso·

1028 3104 1218 3148 nam.

1114 3187 1187 3255 Si
1231 3187 1402 3256 sorte
1439 3188 1724 3269 dicatur,
1758 3186 1942 3279 quod
1990 3187 2236 3257 dieitur
2279 3211 2318 3256 a
2374 3188 2577 3278 spiri-

1019 3298 1332 3367 tualitate
1368 3323 1385 3366 :
1460 3296 1590 3367 hoe
1648 3299 1894 3367 iterum
1960 3299 2128 3367 nihil
2195 3307 2293 3366 est
2328 3321 2344 3365 ε
2416 3300 2577 3389 quia

1020 3405 1162 3473 liaec
1194 3405 1516 3473 convenit
1548 3415 1805 3473 naturae
1844 3406 2090 3474 divinae
2144 3406 2433 3497 proprie.
2500 3405 2573 3472 Si

1022 3511 1312 3591 dicatur,
1357 3511 1540 3603 quod
1569 3513 1857 3605 spiritus
1877 3512 2176 3580 dicitura
2208 3511 2525 3603 spirando
2554 3536 2570 3580 :

932 3681 944 3693 .
1024 3621 1157 3688 hoe
1189 3620 1437 3687 iterum
1480 3620 1647 3688 nihil
1687 3629 1827 3690 est:
1863 3624 2018 3712 quia
2050 3623 2302 3713 spirare
2333 3644 2577 3689 conve·

1024 3730 1121 3797 nit
1164 3727 1511 3798 omnibus,

3975 332 4030 375 '·
4100 342 4230 408 333

2778 504 3085 572 Ξοιυτιυ.
3138 508 3509 574 Dicendum
3578 511 3721 576 sine
3807 508 4227 600 praejudioiO,

2692 612 2873 701 quod
2911 612 3157 679 dieitur
3186 617 3598 705 aspirando:
3629 617 3743 683 sed
3783 619 4037 706 spirare
4072 616 4232 684 diei·
4324 647 4327 648 ⁷

2691 726 2800 784 tur
2840 742 2876 784 a
2923 722 3160 808 spiritu
3234 722 3644 789 emittendo:
3708 724 3981 812 spiritus
4047 725 4231 790 enim

2691 837 2790 892 est
2855 827 2935 892 de
3007 830 3438 896 interioribus
3480 831 3783 913 all'eetuS,
3819 831 3997 897 unde
4027 832 4229 897 emis-

2691 934 2792 999 sio
2861 936 3113 1001 amoris
3180 946 3277 1002 est
3337 939 3610 1005 emissio
3680 939 4015 1027 spiritus:
4088 947 4233 1004 tum

2692 1041 2852 1129 quia
2919 1039 3212 1107 calidum
3281 1042 3535 1133 spirare
3625 1045 3805 1126 facit,
3894 1052 3961 1112 et
4041 1066 4239 1111 amor

2694 1148 2871 1237 ignis
2929 1148 3200 1215 divinus
3258 1159 3354 1216 est
3414 1153 3526 1239 qui
3595 1151 3850 1241 spirare
3918 1152 4075 1218 facit
4134 1150 4240 1217 af-

2691 1254 2991 1342 fectum:
3038 1265 3181 1321 tum
3250 1258 3445 1323 etiam
3502 1259 3660 1347 quia
3698 1258 4012 1325 homines
4066 1281 4239 1325 eon-

2690 1364 3046 1432 cordantes
3080 1368 3467 1455 conspirant
3499 1362 3567 1432 in
3596 1367 3829 1435 osculo
3854 1368 3923 1434 in
3967 1390 4102 1457 quo
4136 1374 4239 1434 est

2689 1473 3078 1562 conjunctio
3121 1476 3259 1541 oris
3307 1476 3765 1574 spirantis-ad
3816 1499 3892 1544 os
3940 1466 4233 1565 spiranS,

2690 1586 2764 1644 ut
2794 1586 3069 1646 notetur
3096 1581 3481 1670 conjunctio
3523 1581 3882 1670 spirituum
3914 1582 4223 1650 interius,

2692 1684 2821 1753 Per
2861 1685 3040 1753 hune
3091 1687 3394 1764 modum,
3448 1710 3603 1755 cum
3658 1689 4015 1756 verissima
4069 1712 4241 1757 con—

2680 1794 2945 1882 junctio
2986 1795 3073 1862 sit
3100 1797 3272 1863 inter
3293 1796 3561 1864 Patrem
3595 1805 3661 1865 et
3689 1798 3935 1865 Filium
3985 1799 4056 1864 in
4086 1797 4242 1888 Spi-

2690 1903 2848 1980 ritu,
2901 1904 3288 1991 conjunctio
3356 1905 3497 1994 ipsa
3578 1905 3863 1996 spiritus
3926 1912 4234 1974 vocatur.

2690 2008 2986 2075 Sanetus
3016 2018 3243 2076 autem
3275 2008 3565 2093 additur,
3618 2011 3778 2101 quia
3817 2008 3973 2078 dicit
4016 2012 4242 2079 sinee-

2690 2113 2955 2180 ritatem
2997 2113 3081 2180 ad
3138 2121 3361 2182 actum
3427 2115 3748 2204 spirandi.
3811 2114 3989 2183 Sunt
4056 2117 4241 2184 enim

2692 2221 3001 2311 quaedam
3039 2223 3321 2290 nomina
3361 2246 3510 2313 quae
3560 2222 3867 2291 absolute
3903 2223 4081 2291 dicta
4112 2244 4245 2292 no-

2693 2336 2837 2396 tant
2859 2328 3209 2419 generales
3240 2328 3535 2415 habitus,
3568 2332 3740 2399 sieut
3783 2331 4032 2412 honuS,
4080 2352 4244 2397 san-

2690 2445 2861 2516 etus»,
2929 2445 2996 2503 et
3052 2436 3492 2526 hujusmodi:
3558 2448 3619 2506 et
3661 2440 4024 2528 conjuncta
4083 2461 4239 2506 eum

2680 2541 2839 2611 'aliis
2882 2543 3209 2610 ordinatis
3248 2543 3330 2612 ad
3361 2553 3584 2612 aetum
3645 2544 3966 2637 aliquem,
4011 2544 4247 2612 dieunt

2688 2648 3064 2717 bonitatem
3109 2649 3189 2716 ad
3266 2660 3487 2719 aetum
3568 2650 3785 2733 illum,
3854 2653 4028 2719 sieut
4084 2672 4242 2719 cum

2690 2757 2935 2826 dieitur
2961 2757 3182 2828 bonus
3220 2759 3659 2842 cinnamellus,
3702 2769 3768 2828 et
3817 2758 4238 2850 hujusmodi.

2690 2864 2790 2934 lta
2841 2866 3087 2935 dieitur
3139 2869 3445 2959 Spiritus
3479 2877 3755 2935 sanctus
3784 2875 4058 2958 propter
4082 2888 4245 2933 san-

2687 2975 2934 3042 ctitatis
3001 2975 3402 3043 munditiam
3471 2985 3537 3043 et
3591 2975 4241 3044 immaterialitatem

2686 3082 3115 3172 conspirandi
3166 3106 3466 3152 amorem
3504 3085 3570 3150 in
3650 3083 3847 3151 Patre
3897 3090 3963 3150 et
4021 3080 4237 3149 Filio:

2687 3198 2752 3258 et
2781 3191 2939 3282 quia
2971 3189 3270 3281 procedit
3304 3201 3373 3258 ut
3406 3214 3598 3259 arnor
3632 3214 3646 3257 :
3684 3190 3834 3258 ideo
3856 3211 4239 3279 congruen-

2686 3302 2849 3368 tiam
2892 3299 3093 3368 habet
3150 3323 3189 3366 a
3220 3301 3494 3367 nomine
3536 3299 3718 3391 quod
3780 3308 3880 3368 est
3940 3294 4279 3389 Spiritus'

2686 3418 2982 3478 sanetus,

2777 3516 2858 3583 lit
2888 3515 3156 3606 perlnoc
3189 3526 3365 3607 patet
3404 3515 3657 3582 solutio
3707 3515 3789 3582 ad
3849 3515 4108 3604 objecta
4150 3513 4233 3582 de

2688 3625 2770 3692 de
2805 3624 3007 3692 facili.

2307 4596 2801 4633 ——raeass‘zao-
2840 4608 2865 4619 -
2889 4608 2914 4621 -

4332 533 4528 579 solutio.
