4897 6388
898 1371 976 1416 Ad
997 1373 1042 1419 6.

1936 305 2030 394 ιΝ
2079 304 2108 368 ι
2160 245 2588 368 SENTENT.
2639 297 2868 364 msT.
2924 298 3044 382 lv,
3097 302 3181 377 A,
3215 305 3432 408 ΛΒΤ.
3484 310 3547 374 ι.
3625 405 3632 412 ·

1174 480 1389 548 multa
1415 479 1879 549 attribuuntur
1912 496 2216 565 personae
2257 495 2407 563 quae
2447 493 2586 537 non
2617 476 2728 537 at-

1169 591 1566 658 tribuuntur
1640 585 2037 655 substantiae
2108 607 2122 650 :
2178 584 2351 650 sicut
2398 579 2725 668 distingui

1167 702 1488 766 convenit
1523 719 1856 788 personae,
1894 703 1959 762 et
1997 716 2137 761 non
2181 691 2619 760 substantiae:
2664 696 2732 756 et

1168 806 1663 873 communicari
1725 827 1846 895 per
1888 802 2423 896 generationem,
2479 806 2545 866 et
2590 796 2727 865 hu·-

1157 910 1488 999 jusmodi‚
1526 912 1944 978 conveniunt
1981 909 2379 976 substantiae
2411 926 2562 994 quae
2584 925 2723 970 non

1167 1019 1591 1085 conveniunt
1633 1042 1942 1108 personae
1979 1040 1992 1084 :
2048 1037 2340 1107 persona
2397 1012 2578 1080 enim
2619 1018 2723 1079 est

1168 1147 1321 1215 quae
1355 1126 1823 1218 distinguitur,
1858 1136 1925 1195 et
1985 1127 2133 1194 ideo
2182 1147 2302 1216 per
2330 1122 2722 1213 generatio-

1171 1256 1326 1302 nem
1363 1260 1501 1305 non
1541 1238 2110 1306 communicatur.

1261 1347 1365 1412 An
1397 1370 1461 1414 ιο
1511 1346 1697 1438 quod
1757 1346 2037 1414 ulterius
2087 1347 2439 1436 quaeritur,
2494 1342 2721 1423 Quare

1168 1456 1313 1523 Deo
1338 1456 1730 1523 attribuitur
1749 1457 2118 1547 generare?
2140 1454 2518 1522 Dicendum
2536 1451 2723 1543 quod

1165 1572 1445 1655 propter
1541 1562 2310 1632 communicabilitatem
2407 1562 2718 1629 essentiae

1163 1672 1358 1760 eujus
1408 1671 2178 1739 communicabilitatem
2228 1693 2367 1737 non
2434 1668 2721 1760 impedit

1163 1777 1349 1868 quod
1370 1786 1495 1862 est,
1532 1800 1614 1845 eo
1648 1777 1831 1869 quod
1864 1776 2255 1846 indifferens
2275 1785 2377 1845 est
2405 1777 2490 1844 ab
2524 1777 2711 1867 ipsa:

1048 1895 1057 1906 “
1159 1893 1229 1952 et
1267 1908 1405 1952 non
1428 1892 1588 1953 sunt
1621 1884 1754 1953 illae
1778 1908 1996 1953 causae
2035 1907 2189 1976 quae
2223 1885 2292 1952 in
2330 1883 2714 1973 objiciendo

1156 2014 1282 2081 pro
1321 1993 1547 2077 causis
1576 2000 1734 2061 sunt
1776 1994 2038 2083 positae.

1600 2409 2104 2478 ARTICULL'S
2155 2408 2274 2478 lv.

1155 2626 1402 2693 Utrum
1431 2650 1762 2716 qenerore
1792 2629 2138 2719 perprius
2172 2629 2528 2695 conveniat
2558 2628 2708 2695 Pa-

1239 2735 1334 2801 tri
1370 2735 1647 2813 coelesli,
1698 2746 1761 2803 el
1801 2760 1927 2827 per
1972 2738 2314 2828 posterius
2362 2737 2707 2828 inferiori·
2754 2740 2759 2744 ’

1240 2842 1389 2927 bees,
1433 2855 1559 2911 aut
1587 2869 1623 2912 e
1675 2857 1911 2913 contra
1941 2845 1984 2912 ?

1240 3167 1496 3237 Deinde
1536 3173 1886 3263 qumi-itur,
1935 3172 2174 3242 Utrum
2215 3198 2540 3266 generare
2581 3198 2701 3267 per

1143 3279 1331 3368 prius
1370 3264 1733 3349 conveniat
1777 3281 1955 3349 Patri
1995 3283 2277 3361 coelesti,
2321 3291 2386 3351 et
2435 3307 2557 3374 per
2578 3307 2700 3376 po·

1137 3387 1385 3452 sterius
1416 3385 1875 3468 inferioribus‘,
1919 3388 2026 3456 vel
2075 3414 2111 3457 e
2177 3412 2508 3459 converso
2538 3392 2574 3459 ⁶?
2613 3390 2696 3459 Et

1137 3494 1430 3571 videtur.
1486 3496 1672 3587 quod
1734 3518 1851 3587 per
1917 3499 2103 3587 prius
2151 3499 2335 3567 Patri
2379 3499 2689 3569 coelesti:

1138 3605 1297 3695 quia

1234 3715 1292 3782 t.
1334 3711 1506 3781 Dicit
1546 3714 1942 3804 ApostoluS,
1978 3717 2061 3783 ad
2096 3715 2339 3807 Ephes.
2375 3741 2469 3799 ιιι,
2522 3719 2600 3786 Η
2631 3729 2699 3788 et

1141 3821 1262 3888 ¹5:
1299 3820 1541 3909 Hujus
1578 3824 1678 3890 rei
1720 3825 1955 3913 qratia
2009 3825 2210 3912 flecto
2261 3849 2493 3916 qemea
2542 3851 2696 3895 mea

1131 3927 1231 3993 ad
1261 3928 1538 3995 l'alrem
1581 3930 1869 3996 Donnini
1927 3933 2145 3998 nostri
2193 3934 2360 4000 lesu
2408 3933 2691 4017 Clerisli,

1130 4058 1217 4099 ‹u-
1244 4057 1379 4124 quo
1444 4038 1669 4103 omuis
1717 4038 2104 4128 polemitas
2153 4041 2223 4106 in
2279 4040 2467 4109 caelis
2503 4052 2568 4110 el
2619 4045 2693 4111 in

1131 4152 1317 4208 term
1349 4146 1755 4214 nominatur
1793 4170 1815 4213 .·
1846 4169 2009 4239 ergo
2039 4148 2332 4228 videtur,
2367 4151 2550 4241 quod
2594 4153 2693 4219 in-

1129 4250 1212 4319 de
1248 4252 1376 4320 lim·
1407 4254 1771 4324 descendat
1813 4281 2063 4327 nomen
2097 4261 2543 4350 paternitatis,

1221 4363 1285 4426 2.
1327 4358 1525 4442 ltem,
1573 4362 1942 4456 Dionysius
1990 4368 2056 4433 in
2099 4366 2273 4435 libro
2300 4367 2382 4436 de
2426 4370 2693 4438 Divinis

1131 4469 1527 4536 nominibus
1558 4493 1580 4537 .·
1613 4470 1855 4539 Omnis
1910 4472 2142 4541 divina
2191 4477 2560 4566 paternitas
2624 4487 2692 4547 et

1131 4573 1367 4641 titiatio
1422 4575 1580 4645 data
1636 4587 1737 4645 est
1800 4589 1866 4647 et
1915 4578 2111 4648 nobis
2154 4591 2220 4651 et
2274 4586 2693 4674 supercoele-

1128 4682 1348 4751 stibus
1388 4685 1755 4753 virtutibus
1785 4710 1865 4754 ex
1907 4688 2314 4779 patriarchia
2344 4691 2429 4759 ab
2461 4694 2694 4760 omni-

1129 4790 1259 4857 bus
1290 4802 1671 4884 segregata,
1705 4803 1771 4862 et
1816 4794 2143 4865 tiliarcliia
2199 4821 2282 4866 ex
2326 4823 2462 4891 qua
2501 4808 2567 4870 et
2595 4801 2689 4870 dii

1129 4907 1194 4965 et
1228 4898 1511 4966 deorum
1550 4900 1666 4969 tilii
1700 4910 1767 4970 et
1821 4902 2105 4972 deorum
2162 4915 2391 4996 patres
2434 4907 2692 4977 deifor-

1128 5027 1277 5071 mes
1301 5004 1467 5073 liunt
1508 5016 1576 5075 et
1607 5009 2059 5078 nominantur
2095 5021 2357 5081 mentes
2400 5014 2418 5050 ⁸
2466 5035 2482 5080 ε
2526 5037 2690 5106 ergo

1125 5111 1427 5195 videtur,
1498 5116 1685 5205 quod
1714 5116 1800 5184 ad
1858 5141 1983 5187 nos
2024 5127 2092 5187 et
2139 5118 2224 5186 ad
2272 5121 2578 5213 Angelos
2618 5124 2688 5190 in

1129 5223 1534 5312 paternitate
1593 5227 1926 5317 spirituali
2003 5228 2364 5299 descendat
2431 5255 2687 5302 nomen

1126 5336 1554 5423 paternitatis
1590 5359 1606 5404 ε
1641 5361 1805 5429 ergo
1837 5339 2053 5408 multo
2095 5343 2315 5432 magis
2354 5344 2422 5410 in
2455 5352 2688 5434 pater-

1199 5583 1303 5640 ¹8,
1348 5584 1680 5653 DiosvsttJS,
1734 5586 1858 5645 Lib.
1921 5589 1996 5647 de
2052 5590 2267 5649 divinis
2313 5592 2685 5664 nominibus,

1124 5688 1255 5745 cap.
1292 5678 1345 5730 2.

1348 5809 1465 5849 XXV

4261 318 4381 388 161

2845 470 3056 542 nitate
3113 477 3402 542 naturali
3471 500 3620 568 quae
3685 485 3956 574 propria
3996 497 4099 555 est
4144 513 4158 556 ε
4222 513 4382 582 ergo

2844 584 3191 666 generatio
3222 606 3343 672 per
3383 586 3569 675 prius
3601 589 3742 657 Deo
3773 598 4111 662 convenit.

2933 688 2997 754 3.
3035 688 3228 770 Item,
3292 693 3751 766 Damascenus
3825 701 3987 771 dicit
4029 728 4043 772 :
4107 705 4191 772 Et
4254 705 4384 775 hoc

2841 795 3191 866 sciendum
3233 811 3357 883 est,
3383 805 3565 894 quod
3596 830 3734 876 non
3756 832 3842 877 ex
3883 811 4079 880 nobis
4102 815 4381 882 transla-

2843 909 2986 969 tum
3008 907 3208 974 estad
3231 909 3494 979 beatam
3516 914 3937 986 divinitatem
3957 922 4380 1009 paternitatis

2840 1019 2908 1077 et
2949 1010 3289 1082 filiationis
3336 1041 3588 1089 nomen
3642 1031 3709 1090 et
3749 1028 4196 1115 processionis
4227 1031 4249 1063 ¹
4293 1052 4309 1096 ε
4343 1054 4379 1098 e

2839 1123 3178 1188 contrario
3210 1133 3438 1194 autem
3479 1129 3631 1196 inde
3662 1130 3860 1199 nobis
3890 1133 4210 1202 traditum
4251 1145 4373 1204 est.

2928 1227 2992 1292 4.
3030 1226 3242 1310 Idem,
3283 1231 3434 1302 Hoc
3470 1235 3651 1304 idem
3695 1238 3962 1308 videtur
4005 1264 4127 1333 per
4168 1245 4381 1312 ratio-

2836 1357 2993 1402 nem
3029 1360 3044 1403 ε
3090 1339 3185 1406 illi
3218 1344 3400 1409 enim
3448 1348 3801 1417 verissime
3840 1354 4161 1428 convenit
4179 1376 4380 1444 gene-

2837 1464 3009 1523 rare,
3075 1449 3183 1513 cui
3225 1451 3576 1521 verissime
3631 1459 3949 1524 convenit
4013 1462 4375 1528 essentiam

2833 1558 3337 1625 communicare
3369 1582 3385 1626 :
3420 1564 3771 1633 verissime
3800 1573 4029 1634 autem
4067 1591 4377 1637 commu-

2831 1659 3010 1727 nicat
3040 1665 3157 1753 qui
3196 1665 3506 1735 eamdem
3539 1670 4038 1742 indivisibiliter
4055 1697 4374 1744 commu-

2829 1769 3012 1838 nicat
3054 1793 3070 1838 ε
3115 1770 3243 1840 hoc
3291 1784 3518 1844 autem
3566 1801 3706 1847 non
3762 1781 3920 1850 facit
3974 1785 4104 1851 nisi
4171 1784 4373 1854 Pater

2828 1877 3120 1947 coelestis
3162 1904 3178 1947 :
3223 1904 3386 1974 ergo
3425 1887 3773 1957 verissime
3804 1893 4124 1961 convenit
4164 1901 4232 1962 et
4257 1918 4371 1984 ge-

2827 2007 3088 2056 nerare.

2915 2098 2981 2163 5.
3022 2097 3213 2180 Item,
3251 2098 3608 2172 Generatio
3653 2108 3855 2174 estin
3892 2110 4098 2178 simili
4129 2121 4368 2181 natura

2823 2210 2890 2270 et
2919 2203 3138 2272 forma
3174 2229 3188 2273 :
3221 2207 3339 2275 sed
3367 2209 3534 2278 nihil
3564 2216 3870 2304 genitum
3903 2217 3996 2285 ita
4025 2219 4246 2289 simile
4267 2230 4366 2290 est

2823 2309 2891 2376 in
2951 2322 3190 2381 natura
3227 2319 3578 2407 generanti
3632 2321 3807 2390 sicut
3868 2323 4078 2394 Filius
4123 2350 4363 2396 secun·

2820 2415 2983 2485 dum
3024 2423 3532 2510 generationem
3577 2436 3950 2499 aeternam:
4004 2455 4167 2525 ergo
4197 2435 4364 2504 nihil

2818 2524 2913 2593 ita
2941 2550 3098 2597 vere
3129 2534 3434 2620 genitum
3475 2544 3576 2602 est
3604 2537 3775 2606 sicut
3816 2539 3998 2628 ipse:
4033 2564 4196 2633 ergo
4219 2543 4367 2612 nul-

2817 2630 2863 2697 li
2903 2639 3042 2701 tam
3069 2639 3341 2727 proprie
3370 2643 3689 2710 convenit
3719 2644 3891 2713 sicut
3922 2645 4089 2718 Deo·

2907 2738 3040 2809 San
3075 2766 3323 2813 com-alt
3357 2769 3375 2816 ε

2909 2851 2970 2917 l.
3014 2851 3374 2924 Generatio
3415 2856 3575 2924 dicit
3630 2883 3750 2949 per
3792 2884 3864 2929 se
3912 2866 4363 2937 mutationem

2812 2982 2966 3050 quae
3008 2961 3151 3031 Deo
3193 2987 3329 3032 non
3368 2968 3684 3036 convenit
3720 2992 3736 3037 ε
3780 2993 3941 3062 ergo
3987 2975 4361 3045 secundum

2811 3068 3172 3158 perfectam
3204 3075 3666 3162 generationis
3691 3077 4027 3148 rationem
4053 3081 4197 3152 Deo
4221 3107 4358 3153 non

2806 3181 3126 3248 convenit
3157 3204 3507 3271 generare.
3880 3247 3886 3253 .

2897 3289 2962 3353 2.
3002 3285 3197 3371 ltem,
3249 3290 3611 3360 Generatio
3660 3292 3744 3363 de
3773 3317 3846 3365 se
3875 3298 4145 3367 videtur
4181 3303 4355 3372 entis

2807 3394 3182 3486 imperfecti
3216 3399 3399 3489 quod
3438 3413 3539 3470 est
3568 3402 3634 3470 in
3664 3408 3965 3494 potentia
3997 3429 4014 3476 z
4050 3408 4168 3477 sed
4208 3408 4353 3480 Deo

2806 3500 3199 3592 hujusmodi
3232 3529 3353 3574 ens
3383 3532 3528 3578 esse
3584 3533 3723 3580 non
3769 3516 4090 3585 convenit
4132 3539 4150 3585 :
4187 3540 4349 3612 ergo

2803 3620 2872 3679 et
2900 3611 3045 3680 Deo
3089 3614 3378 3704 perfecte
3425 3641 3747 3709 generare
3787 3646 3925 3692 non
3972 3630 4293 3697 convenit
4328 3652 4344 3698 ε

2801 3741 2968 3811 ergo
2998 3726 3314 3793 convenit
3342 3727 3401 3793 ei
3445 3750 3564 3817 per
3590 3733 3948 3819 posterius.

2894 3927 3201 4000 Some-rto.
3248 3933 3650 4017 Dicendum,
3742 3941 3926 4031 quod
3989 3966 4343 4034 generare,

2799 4037 2975 4107 sicut
3002 4048 3069 4108 et
3091 4039 3222 4108 alia
3272 4045 3554 4112 nomina
3592 4053 3659 4114 et
3685 4047 3895 4117 verba
3923 4051 4353 4142 accipiuntur

2797 4143 3067 4212 duobus
3116 4148 3362 4234 modis,
3418 4151 3672 4221 scilicet
3721 4157 4096 4226 secundum
4139 4162 4351 4229 ratio-

2798 4274 2956 4320 nem
3016 4255 3332 4324 usitatam
3378 4259 3447 4325 in
3504 4260 3804 4342 nomine,
3866 4273 3932 4334 et
3977 4266 4077 4334 sic
4116 4270 4350 4338 omnia

2799 4385 2920 4452 per
2948 4366 3134 4455 prius
3172 4369 3584 4438 conveniunt
3637 4375 3902 4454 creatis,
3946 4385 4012 4446 et
4062 4400 4183 4469 per
4235 4403 4354 4473 po·

2796 4473 3044 4540 sterius
3082 4472 3331 4542 divinis
3375 4499 3390 4543 ε
3434 4488 3718 4569 possunt
3747 4482 3952 4551 etiam
3985 4486 4201 4577 accipi
4240 4511 4355 4557 se-

2796 4579 3098 4648 cundum
3141 4591 3454 4653 naturam
3523 4588 3733 4678 ipsius
3804 4591 3927 4675 rei,
3978 4600 4048 4660 et
4094 4595 4191 4662 sic
4233 4618 4354 4687 per

2799 4691 2987 4779 prius
3015 4696 3430 4764 conveniunt
3478 4699 3824 4787 generatio
3872 4710 3940 4769 et
3978 4705 4350 4794 paternitas

2799 4798 2968 4876 De0,
3004 4823 3206 4891 quam
3239 4800 3502 4871 homini
3534 4805 3639 4874 vel
3670 4806 3787 4875 alii
3816 4818 4165 4882 creaturae.

2886 4907 2992 4973 An
3034 4930 3094 4975 ιι)
3132 4931 3295 5000 ergo
3360 4911 3544 5003 quod
3587 4915 3809 5004 primo
3857 4917 4196 5008 objicitur,
4239 4921 4349 4990 di-

2795 5012 3088 5083 cendum
3120 5017 3304 5108 quod
3356 5042 3494 5088 non
3534 5029 3635 5089 est
3688 5045 3929 5092 verum
3989 5027 4174 5117 quod
4218 5052 4345 5122 ge-

2795 5124 3059 5191 neratio
3090 5146 3208 5214 per
3249 5147 3321 5194 se
3353 5124 3531 5197 dicat
3569 5131 4047 5226 mutationem,
4089 5136 4208 5205 sed
4227 5159 4346 5229 po·

2794 5230 2930 5299 tius
2959 5255 3079 5323 per
3106 5234 3444 5312 accidens,
3487 5237 3742 5308 scilicet
3769 5240 3838 5308 in
3882 5253 4213 5335 quantum
4244 5255 4346 5315 est

2794 5341 2863 5408 in
2896 5352 3136 5413 natura
3165 5369 3317 5438 quae
3360 5355 3462 5414 est
3504 5349 3572 5416 in
3636 5353 3937 5441 potentia
3986 5362 4054 5423 et
4105 5354 4348 5425 divisi-

2864 5590 2888 5627 ¹
2913 5593 2970 5649 S.
3000 5592 3246 5651 ‹lomxas
3277 5594 3665 5668 Danscaxcs,
3689 5596 3815 5655 Lib.
3844 5600 3890 5670 1,
3909 5616 4040 5675 cap.
4073 5606 4129 5661 ⁹.

4058 5816 4115 5868 ss

4392 2803 4491 2853 Sed
4519 2813 4710 2858 contra.

4435 3991 4641 4042 Sotuco.

4377 4972 4639 5031 Adobjeet.
4661 4979 4700 5022 Ι·
4781 5003 4796 5015 ·
