4897 6388
436 4010 566 4056 solut
572 4010 634 4057 to.

730 360 860 428 508

759 523 764 526 ’
820 531 886 598 2.
922 527 1121 607 Item,
1165 524 1437 592 Dicitur
1467 527 1676 590 Pater
1713 536 1961 603 noster,
1998 547 2149 591 cum
2191 532 2300 590 ta-

729 657 889 702 men
920 633 991 723 ly
1041 635 1256 700 Pater
1306 631 1483 699 dicat
1526 639 1856 699 aeternum
1918 639 2297 722 respectum

730 762 864 830 quo
906 739 1348 830 distinguitur
1393 761 1690 829 persona
1729 761 1742 804 :
1790 761 1951 830 ergo
1997 738 2293 815 videtur,

729 847 914 937 quod
942 846 1187 915 eadem
1213 848 1475 914 ratione
1507 846 1774 915 dicatur
1803 846 2015 914 Filius
2037 855 2292 923 noster,

730 962 797 1022 et
836 953 1132 1044 Spiritus
1165 962 1437 1022 sanctus
1479 962 1730 1020 noster.

818 1061 1019 1146 Item,
1062 1060 1194 1127 lsa.
1239 1083 1334 1142 xx,
1390 1061 1427 1126 6
1474 1083 1487 1125 :
1534 1062 1763 1127 Filius
1804 1062 2010 1128 datus
2061 1073 2155 1128 est
2193 1084 2301 1127 no·

732 1169 854 1239 bis,
893 1168 981 1235 Et
1028 1167 1215 1258 quod
1261 1167 1460 1235 nobis
1508 1166 1744 1235 datum
1801 1173 1925 1251 est,
1983 1176 2295 1236 nostrum

727 1284 829 1344 est
874 1299 890 1344 ε
935 1297 1099 1366 ergo
1133 1283 1233 1343 est
1261 1274 1474 1342 Filius
1506 1285 1762 1343 noster.

819 1386 884 1453 3.
919 1384 1116 1472 Item,
1172 1385 1274 1453 De
1327 1384 1585 1476 Spiritu
1633 1394 1867 1455 sancto
1925 1386 2098 1455 bene
2127 1385 2299 1453 dici-

728 1517 907 1578 muS,
941 1495 1248 1586 Spirilus
1262 1506 1488 1562 noster
1514 1521 1530 1564 :
1560 1503 1626 1563 et
1645 1518 1784 1562 non
1809 1495 2120 1578 dicimuS,
2148 1492 2299 1584 Spi-

731 1604 897 1672 ritus
927 1611 1199 1672 sanctus
1231 1613 1465 1672 noster
1506 1627 1522 1673 :
1563 1603 1696 1672 hoc
1725 1612 1954 1672 autem
1995 1627 2133 1672 non
2165 1627 2298 1695 po-

729 1721 861 1781 test
889 1735 1036 1781 esse
1066 1720 1343 1804 propter
1393 1714 1728 1780 rationem
1778 1714 2077 1803 spiritus,
2137 1714 2298 1803 quia

732 1821 1001 1901 dicitur,
1036 1823 1312 1911 spiritus
1351 1832 1585 1890 noster
1615 1847 1629 1891 :
1666 1845 1827 1912 ergo
1861 1823 1986 1890 erit
2022 1831 2300 1912 propter

731 1931 1065 1999 rationem
1119 1931 1519 1998 sanctitatis:
1585 1929 1719 1997 Seu
1777 1953 2086 1998 cosma:
2150 1929 2301 2020 Ipse

732 2046 1054 2129 operatur
1092 2038 1516 2106 sanctitatem
1551 2039 1620 2104 in
1664 2037 1864 2106 nobis
1893 2039 2069 2106 sicut
2104 2038 2301 2128 spiri-

731 2145 1111 2214 tualitatem
1146 2169 1162 2214 ε
1208 2168 1371 2237 ergo
1416 2147 1681 2214 ratione
1715 2146 2072 2237 utriusque
2100 2146 2305 2215 debet

734 2253 864 2321 dici
901 2263 1150 2321 noster.

824 2362 891 2427 14,
935 2360 1131 2443 Item,
1175 2358 1397 2440 Quare
1430 2382 1569 2427 non
1599 2360 1847 2427 dicitur
1883 2360 2141 2428 donum
2179 2383 2303 2429 no·

739 2477 982 2548 strum,
1043 2490 1198 2537 cum
1256 2466 1514 2535 donum
1572 2466 1751 2535 dicat
1804 2476 2181 2559 respectum
2213 2468 2300 2536 ad

741 2599 897 2644 eum
923 2578 1028 2643 cui
1059 2574 1306 2643 datur?
1352 2574 1539 2642 Nihil
1577 2583 1806 2644 autem
1848 2577 1940 2643 ita
1971 2597 2128 2645 vere
2169 2598 2296 2644 no-

737 2685 953 2752 str‘um
984 2690 1085 2751 est
1123 2684 1296 2751 sicut
1329 2682 1396 2750 id
1427 2683 1611 2773 quod
1641 2685 1938 2774 gratuito
1955 2682 2291 2752 donatur:
2379 2761 2384 2766 ,

736 2792 1031 2881 gratuito
1061 2799 1290 2858 autem
1320 2789 1519 2857 datur
1549 2788 1745 2857 nobis
1787 2790 2087 2860 donum:
2131 2812 2294 2881 ergo

732 2906 835 2966 est
862 2897 1119 2966 donum
1147 2905 1482 2966 nostrum.

820 3007 886 3074 5.
947 3003 1144 3085 Item,
1216 3004 1291 3072 In
1358 3005 1753 3073 nominibus
1819 3006 2292 3076 essentialibus

735 3134 883 3203 quae
941 3111 1326 3204 significant
1396 3110 1745 3194 attributa,
1807 3120 1882 3180 ut
1925 3114 2287 3206 sapientia,

731 3217 1027 3298 bonitas,
1078 3228 1144 3287 et
1183 3218 1577 3309 hujusmodi
1618 3242 1632 3286 :
1699 3242 1834 3287 non
1875 3221 2058 3288 enim
2114 3220 2289 3289 dici-

729 3336 860 3407 tur,
895 3329 1228 3419 sapientia
1249 3339 1510 3413 nostra,
1535 3353 1658 3398 nec
1688 3330 1980 3397 essentia
2000 3340 2233 3399 nostra
2263 3356 2280 3401 ε

728 3435 845 3503 sed
873 3436 1140 3518 dicitur,
1174 3437 1355 3505 salus
1382 3445 1635 3513 nostra,
1671 3438 1994 3527 patientia
2017 3447 2278 3519 nostra,

728 3545 1054 3613 fortitudo
1094 3553 1348 3623 nostra,
1393 3555 1457 3613 et
1498 3544 1888 3635 hujusmodi
1934 3568 1950 3612 :
1995 3569 2147 3637 quae
2179 3558 2281 3615 est

729 3656 899 3721 ratio
930 3652 1134 3743 hujus
1160 3655 1196 3719 ¹?

818 3962 1124 4033 Somno.
1167 3963 1569 4041 Dicendum,
1604 3964 1785 4055 quod
1819 3974 2111 4056 quatuor
2140 3969 2277 4034 exi·

727 4080 981 4162 guntur
1010 4071 1095 4139 ad
1123 4069 1255 4138 hoc
1292 4071 1473 4162 quod
1522 4075 1852 4141 terminus
1881 4075 2274 4163 significans

723 4178 1021 4246 divinam
1064 4180 1428 4247 essentiam
1469 4180 1574 4246 vel
1634 4203 2022 4271 personam,
2059 4186 2271 4273 possit

724 4288 1018 4377 recipere
1075 4285 1206 4354 hoc
1279 4309 1684 4377 pronomen,
1765 4300 2098 4368 nostrum,
2159 4292 2265 4359 vei

720 4415 972 4473 meum,
1038 4393 1149 4460 vel
1205 4404 1427 4478 tuum,
1493 4394 1596 4462 vel
1663 4418 1864 4461 suum
1909 4421 1931 4463 .·
1971 4418 2265 4486 quorum

718 4497 1011 4586 primum
1044 4506 1171 4575 est,
1222 4497 1407 4587 quod
1471 4499 1807 4588 significet
1849 4500 2162 4568 effectum
2196 4503 2263 4569 in

717 4612 1045 4674 creatura.
1093 4602 1484 4673 Secundum
1542 4613 1667 4679 est.
1712 4606 1896 4697 quod
1934 4607 2268 4698 significet

716 4708 1182 4778 habitudinem
1236 4712 1500 4801 agentis
1548 4711 1631 4777 ad
1681 4711 1994 4780 effectum
2046 4713 2264 4784 illum.

712 4817 1010 4885 Tertium
1041 4828 1168 4900 est,
1218 4818 1400 4908 quod
1442 4842 1579 4885 non
1611 4820 1946 4907 significet
1987 4820 2268 4888 relatio-

715 4945 870 4990 nem
913 4922 1440 5014 distinguentem
1491 4926 1557 4991 in
1608 4924 1880 4993 divinis.
1931 4926 2264 5005 Quartum

716 5041 839 5108 est,
874 5032 1059 5123 quod
1089 5055 1225 5099 non
1258 5034 1594 5123 significet
1625 5031 2092 5101 habitudinem
2126 5036 2269 5103 for-

719 5160 846 5204 mae
877 5139 945 5205 in
984 5140 1499 5228 comparatione
1542 5139 1625 5206 ad
1658 5139 1724 5205 id
1762 5142 1868 5208 cui
1911 5141 2082 5207 inest
2126 5142 2268 5210 sor-

719 5268 829 5312 ma
870 5246 1006 5313 illa.
1058 5246 1134 5313 ln
1172 5248 1389 5315 tribus
1430 5249 1715 5315 istorum
1782 5249 2005 5317 deficit
2044 5273 2269 5320 essen-

719 5356 809 5422 tia
840 5354 1096 5437 divina,
1175 5363 1243 5423 et
1279 5355 1517 5434 deitas,
1548 5364 1613 5423 et
1640 5354 2057 5446 hujusmodi,
2091 5361 2269 5429 scili-

789 5600 807 5635 ¹
839 5598 923 5653 Cf.
959 5599 1167 5670 Supra,
1199 5599 1343 5654 Dist.
1381 5600 1442 5653 V.

789 5689 811 5724 ι
838 5687 923 5745 cs,
958 5686 1158 5743 Matth.
1192 5703 1291 5753 vu,
1324 5690 1384 5740 2¹
1423 5694 1483 5743 et
1526 5705 1629 5757 κη,
1669 5695 1775 5749 503
1808 5693 1981 5750 Marc.
2038 5712 2124 5764 m,
2155 5700 2264 5764 333

1720 353 1808 421 D.
1860 353 2061 440 affl.
2114 352 2333 421 MAG.
2392 328 2613 421 om).¹
2655 352 2953 422 PRAED.

2407 533 2505 591 cet
2542 525 2763 613 primo
2796 534 2861 592 et
2889 523 3185 593 secundo
3216 533 3281 591 et
3312 523 3575 590 ultimo.
3626 521 3947 600 Quaedam

2405 640 2634 698 autem
2668 630 2799 697 alia
2828 631 3150 699 deficiunt
3198 640 3265 698 et
3314 629 3743 720 quibusdam,
3780 630 3949 695 sicut

2403 738 2596 806 facile
2638 748 2737 806 est
2766 739 3015 809 videre.

2494 846 2839 912 DicENouM
2880 868 3041 935 ergo
3074 846 3159 913 ad
3188 848 3512 935 primum,
3557 843 3738 935 quod
3766 843 3947 910 Deus

2407 950 2745 1041 significat
2776 960 2849 1017 ut
2892 951 2959 1017 in
3011 950 3302 1018 habente
3351 950 3694 1029 deitatem,
3737 959 3800 1015 et
3833 952 3945 1015 im-

2407 1058 2687 1147 ponitur
2727 1057 2810 1125 ab
2842 1057 3102 1125 actibus
3133 1056 3540 1147 quibusdam
3572 1056 3952 1147 significan·

2409 1166 2593 1233 tibus
2635 1165 2952 1232 effectum
3001 1167 3069 1231 in
3128 1174 3437 1232 creatura
3480 1185 3496 1232 ε
3532 1174 3596 1231 et
3639 1163 3945 1238 illisum,

2406 1294 2676 1339 summe
2733 1272 3114 1362 providere,
3169 1282 3234 1340 et
3297 1271 3715 1362 hujusmodi,
3785 1272 3953 1337 sicut

2404 1403 2610 1470 supra
2639 1379 2891 1447 dictum
2928 1387 3029 1446 est
3061 1381 3128 1445 in
3161 1382 3534 1469 quaestione
3566 1379 3646 1446 de
3669 1377 3798 1446 hoc
3829 1400 3949 1444 no-

2404 1487 2612 1568 mine,
2656 1487 2840 1552 Deus
2882 1486 2924 1553 ⁸,

2491 1593 2597 1660 An
2626 1614 2822 1659 amun
2852 1591 3238 1675 dicendum,
3281 1591 3468 1682 quod
3496 1615 3651 1659 cum
3683 1592 3945 1673 dicitur,

2403 1704 2619 1769 Pater
2670 1709 2916 1778 noster,
2952 1700 3245 1768 sumitur
3275 1701 3445 1768 ratio
3504 1703 3945 1790 paternitatiS,

2403 1804 2515 1873 vel
2578 1827 2616 1871 a
2656 1806 3018 1883 creatione,
3062 1804 3167 1872 vel
3204 1806 3613 1873 recreatione
3648 1827 3662 1873 ε
3700 1815 3762 1873 et
3803 1806 3951 1873 ideo

2404 1921 2548 1981 tota
2576 1912 2869 1980 Trinitas
2901 1921 3001 1980 est
3037 1921 3229 2003 pater
3273 1922 3526 1981 noster.
3578 1912 3691 1982 Sic
3728 1923 3949 1983 autem

2403 2040 2545 2085 non
2571 2026 2671 2086 est
2695 2018 2778 2085 de
2800 2016 2969 2085 Filio
3003 2041 3019 2085 ε
3054 2018 3215 2108 quia
3244 2041 3382 2086 non
3411 2026 3636 2109 potest
3661 2019 3790 2087 dici
3810 2044 3951 2110 pro-

2407 2124 2554 2212 prie
2581 2121 2787 2189 Filius
2812 2132 3064 2204 noster,
3092 2121 3276 2212 quod
3297 2124 3385 2190 sit
3424 2145 3464 2191 a
3485 2123 3681 2191 nobis
3711 2147 3830 2214 per
3857 2147 3955 2192 es·

2406 2253 2479 2298 se
2536 2231 2766 2320 gratiae
2805 2230 2914 2297 vel
2964 2229 3468 2298 naturae21icet
3546 2232 3686 2321 ipse
3752 2232 3948 2308 dicat,

2407 2338 2593 2429 quod
2623 2339 2738 2430 qui
2764 2339 2995 2407 fecerit
3013 2339 3436 2407 voluntatem
3456 2340 3689 2430 patris,
3717 2341 3854 2431 ipse
3871 2342 3952 2407 sit

2405 2468 2570 2514 suus
2592 2445 2816 2524 frater,
2842 2457 2908 2515 et
2940 2470 3157 2523 soror,
3188 2455 3253 2514 et
3276 2445 3534 2515 mater'
3564 2457 3669 2517 :et
3689 2446 3815 2517 hoc
3844 2472 3955 2517 ve·

2405 2575 2560 2621 rum
2588 2562 2702 2642 ,est
2755 2554 2880 2622 sub
2924 2554 3514 2634 determinatione,
3555 2554 3805 2623 scilicet
3847 2579 3950 2624 se-

2403 2661 2701 2729 cundum
2732 2661 2861 2730 lioc
2885 2663 3072 2753 quod
3111 2665 3252 2753 ipse
3280 2663 3678 2753 simpliciter
3706 2673 3802 2731 est
3830 2664 3949 2731 Pa·

2402 2777 2507 2838 ter
2536 2778 2789 2838 noster.

2490 2877 2596 2944 An
2632 2899 2830 2945 Αιιυο
2859 2876 3248 2961 dicendum,
3283 2878 3635 2969 quodcum
3675 2879 3936 2959 dicitur,

2394 2987 2710 3078 spiritus,
2735 2987 2939 3054 etiam
2972 2995 3248 3055 notatur
3273 2986 3549 3055 effectus
3580 2989 3940 3079 spirituali·

2396 3095 2582 3177 tatis,
2639 3096 2898 3163 ratione
2948 3096 3140 3185 cujus
3187 3094 3432 3163 dicitur
3477 3106 3699 3163 noster
3728 3119 3750 3162 .·
3789 3120 3938 3164 cum

2396 3210 2625 3270 autem
2657 3202 2926 3270 additur
2969 3214 3269 3279 sanctus,
3313 3211 3410 3269 est
3437 3202 3938 3273 circumlocutio

2393 3311 2697 3377 nominis
2752 3320 3021 3379 aeternae
3081 3334 3387 3401 personae
3423 3333 3438 3377 :
3483 3321 3543 3377 et
3587 3311 3741 3380 ideo
3782 3322 3938 3380 tunc

2393 3419 2681 3487 refertur
2717 3419 2799 3486 ad
2839 3443 2989 3487 nos·

2481 3526 2585 3593 Ad
2619 3525 2746 3593 hoc
2812 3537 3039 3594 autem
3091 3527 3272 3618 quod
3322 3528 3663 3614 objicitur,
3722 3532 3931 3620 gratia

2389 3636 2583 3724 cujus
2626 3633 2752 3702 hoc
2784 3638 2920 3702 sit?
2974 3635 3376 3714 Dicendum,
3423 3636 3605 3728 quod
3662 3636 3787 3704 boc
3835 3648 3929 3703 est

2387 3745 2606 3832 gratia
2645 3746 2996 3833 utriusque
3025 3745 3369 3830 conjuncti
3409 3768 3423 3810 :
3460 3747 3617 3835 quia
3656 3749 3931 3834 conjun-

2389 3863 2573 3922 ctum
2607 3864 2706 3922 est
2725 3854 3113 3928 discretum,
3149 3863 3215 3921 et
3246 3853 3659 3942 disjunctum
3689 3879 3927 3922 conve-

2386 3964 2486 4030 nit
2525 3963 2647 4030 toti
2678 3962 3013 4042 Trinitati,
3056 3963 3228 4030 sicut
3257 3972 3322 4030 et
3364 3962 3642 4032 ess'cctus
3681 3986 3926 4031 conno-

2389 4078 2591 4138 tatus.

2474 4181 2578 4245 An
2620 4201 2813 4246 ΑιιιῚι
2852 4179 3241 4253 dicendum,
3309 4180 3492 4269 quod
3532 4182 3786 4247 donum
3819 4182 3923 4246 ‹ti-

2385 4288 2471 4353 cit
2509 4286 2900 4353 relationem
2953 4295 3276 4352 zeter-nam
3336 4310 3467 4376 qua
3527 4288 3806 4355 refertur
3842 4289 3922 4362 ad

2388 4391 2657 4460 Patrem
2691 4403 2752 4459 et
2796 4392 3062 4467 Filium,
3102 4403 3165 4459 et
3208 4394 3515 4461 ideonon
3551 4403 3766 4484 potest
3798 4396 3922 4461 dici

2385 4499 2641 4566 donum
2686 4509 3017 4566 nostrum.
3055 4499 3157 4565 Ad
3202 4499 3264 4565 id
3297 4509 3521 4567 autem
3555 4501 3734 4591 quod
3766 4500 3931 4588 obji-

2387 4608 2563 4673 citur
2602 4607 2668 4672 in
2709 4608 3155 4683 contrarium,
3198 4606 3557 4674 dicendum
3600 4607 3781 4697 quod
3811 4608 3933 4674 da-

2388 4720 2532 4778 tum
2604 4722 2702 4779 est
2751 4722 3086 4789 nostrum,
3147 4712 3263 4780 sed
3324 4735 3460 4780 non
3520 4712 3799 4789 donum,
3846 4715 3933 4779 ita

2386 4818 2571 4909 quod
2602 4819 2669 4908 ly
2700 4830 3006 4886 nostrum
3050 4829 3110 4886 et
3173 4819 3241 4909 ly
3290 4819 3544 4885 donum
3586 4842 3670 4886 ex
3701 4820 3930 4887 eadem

2389 4937 2577 5017 parte
2636 4929 2962 4994 orationis
3000 4936 3483 4995 construantur
3523 4951 3538 4990 ε
3584 4928 3739 5018 quia
3780 4939 3933 4996 tunc

2387 5034 2456 5125 ly
2495 5046 2803 5101 nostrum
2845 5036 3029 5116 dicit,
3066 5035 3244 5125 quod
3291 5037 3357 5101 in
3392 5034 3502 5101 ilia
3544 5035 3935 5104 {tabitudine

2384 5167 2455 5210 sc
2489 5142 2692 5210 habet
2725 5142 2805 5209 ad
2840 5166 2966 5209 nos
2995 5166 3144 5233 quae
3179 5143 3586 5233 importatur
3627 5146 3691 5211 in
3723 5147 3938 5212 nomi-

2383 5275 2471 5320 ne
2520 5275 2534 5319 ε
2573 5262 2636 5319 et
2670 5252 3042 5319 secundum
3075 5251 3206 5319 hoc
3234 5254 3288 5317 si
3322 5260 3496 5318 esset
3535 5252 3788 5321 donum
3820 5278 3936 5322 no·

2389 5370 2596 5438 trum,
2641 5370 2980 5451 oporteret
3020 5360 3201 5450 quod
3233 5368 3410 5428 esset
3448 5360 3702 5429 donum
3735 5387 3773 5430 a
3803 5386 3932 5430 no-

2381 5608 2467 5665 ad
2500 5607 2747 5664 Roman.
2783 5623 2842 5676 ιι,
2877 5610 2981 5679 13;
3013 5608 3211 5664 Jacob.
3244 5626 3280 5675 i,
3313 5608 3402 5664 22.

4058 813 4137 857 Ad
4168 816 4202 859 l.

4052 1627 4132 1672 Ad
4161 1630 4204 1673 2.

4049 2893 4127 2941 Ad
4156 2893 4200 2941 8.

4042 4216 4111 4261 ad
4141 4219 4179 4262 ι.
