4897 6388
132 2275 234 2324 Sed
264 2262 450 2325 contra.

471 334 598 401 310

469 526 576 571 ars
607 512 674 571 et
703 506 870 572 ratio
911 503 1157 584 Patris·
1195 501 1462 571 CONTRA
1498 518 1512 568 ε
1560 500 1729 567 Filio
1759 498 2014 581 adscriss-

467 609 654 678 bitur
721 597 1034 682 veritas:

468 740 625 785 cum
683 719 1058 787 secundum
1111 720 1444 787 rationem
1501 711 1783 793 disserat,
1845 717 2017 782 sicut

467 825 855 894 intellectus
885 826 1340 916 speculativus
1391 832 1456 892 et
1520 825 1874 914 practicuS‚
1907 821 2015 887 vi-

471 932 667 1030 detur
703 933 787 1000 ad
835 933 1111 1000 alterius
1159 953 1467 1022 personae
1517 929 2014 996 distinctionem

474 1043 832 1131 pertinere.
1789 1029 1796 1032 ⁷

567 1151 633 1216 9.
661 1148 859 1231 Item,
892 1148 1063 1216 Cum
1095 1148 1294 1216 multi
1335 1149 1470 1215 sint
1500 1157 1723 1214 motus
1763 1155 1828 1214 et
1856 1168 2016 1236 pas-

479 1259 705 1325 siones
741 1255 1312 1346 concupiscibili&
1368 1256 1543 1322 sicut
1594 1254 2019 1344 concupisce·

477 1390 574 1450 re,
609 1364 1013 1448 desiderare,
1056 1363 1254 1441 velle,
1316 1386 1525 1454 quare
1582 1385 1783 1453 penes
1832 1370 2017 1430 actus

477 1475 642 1541 istos
703 1471 813 1539 vel
845 1509 852 1514 -
885 1470 1157 1539 habitus
1222 1494 1363 1540 non
1417 1472 1742 1560 accipitur
1795 1469 2020 1560 aliqua

475 1601 767 1671 persona
803 1579 1118 1647 distincta
1146 1580 1182 1650 ⁴?

457 1764 462 1768 ,
567 1689 674 1757 10.
710 1687 1072 1767 Praeterea,
1106 1687 1184 1784 In
1215 1696 1442 1756 mente
1481 1700 1675 1755 amor
1721 1687 2025 1777 procedit

475 1819 517 1865 a
540 1806 793 1881 mente,
820 1804 900 1865 ut
936 1801 1151 1881 actus,
1186 1818 1325 1864 non
1354 1803 1429 1863 ut
1455 1797 1754 1886 potentia
1790 1795 2024 1863 distin·

475 1913 584 1973 cta
617 1926 634 1970 :
669 1925 833 1994 ergo
860 1903 1154 1996 videtur,
1200 1902 1386 1994 quod
1424 1902 1611 1970 nulla
1657 1904 1727 1969 in
1775 1902 2020 1971 divinis

475 2033 767 2104 persona
794 2026 1002 2102 penes
1029 2008 1208 2080 hanc
1234 2012 1738 2101 processionem
1777 2010 2021 2079 distin-

477 2120 595 2210 gui
626 2117 892 2186 debeat.
1485 2175 1492 2186 .

569 2226 647 2296 Sx
697 2245 907 2295 roan
958 2237 1239 2319 propter
1294 2226 1428 2296 hoc
1492 2227 1776 2306 dicatur,
1836 2227 2022 2321 quod

483 2336 778 2428 Spiritus
805 2344 1078 2406 sanctus
1126 2354 1267 2406 non
1331 2337 1638 2429 procedit
1690 2345 1765 2405 ut
1802 2355 2018 2406 amor.

571 2440 869 2527 Comus:

575 2551 637 2618 1.
661 2547 955 2629 Quidam
979 2547 1438 2640 Philosophus
1454 2549 1640 2630 dicit,
1667 2549 1850 2642 quod
1871 2551 2027 2619 sub-

482 2658 746 2725 stantiae
809 2661 1133 2748 separatoe
1187 2657 1570 2748 spirituales
1636 2656 2029 2726 dividuntur

484 2786 607 2856 per
632 2765 1006 2856 potentiam
1043 2763 1421 2844 intellectus
1449 2773 1517 2834 et
1540 2764 1934 2850 voluntatis,
1959 2769 2029 2834 et

487 2896 626 2942 non
664 2872 869 2964 plus:
908 2896 1072 2966 ergo
1110 2874 1286 2944 sicut
1347 2874 1418 2941 in
1485 2873 1629 2943 Deo
1694 2872 2027 2943 habemus

488 3002 698 3050 unam
731 2983 1237 3073 processionem
1275 2982 1702 3075 personalem
1724 3004 1806 3051 ex
1835 2990 2026 3073 parte

487 3088 890 3175 intellectus,
915 3091 1009 3159 ita
1045 3105 1256 3159 unam
1291 3088 1618 3159 debemus
1656 3090 1903 3160 habere
1941 3113 2025 3159 cx

488 3203 675 3289 parte
703 3197 1030 3269 allectus:
1090 3196 1206 3267 illa
1259 3207 1492 3268 autem
1544 3221 1682 3268 non
1737 3209 1840 3268 est
1895 3200 2024 3269 nisi

490 3307 742 3376 amoris
785 3328 803 3375 ε
873 3322 1037 3398 ergo
1102 3323 1299 3376 amor
1357 3307 1626 3376 notabit
1670 3309 1739 3377 in
1776 3309 2026 3380 divinis

486 3413 911 3507 personalem
938 3415 1472 3487 distinctionem.

574 3526 641 3592 2.
683 3522 881 3609 Item,
934 3522 1269 3592 Homines
1317 3522 1494 3594 bene
1540 3526 1842 3594 viventes
1887 3547 2025 3594 non

483 3630 898 3701 concordant
937 3633 1008 3700 in
1038 3638 1280 3701 natura
1319 3642 1609 3717 tantum,
1640 3634 1758 3702 sed
1803 3636 2026 3725 potius

487 3744 797 3833 quaerunt
822 3762 1231 3810 consensum
1269 3741 1626 3811 amicitias:
1670 3743 1829 3834 quia
1864 3741 2026 3811 dicit

487 3845 970 3939 Philosophus,
994 3848 1179 3941 quod
1216 3850 1514 3918 amicitia
1579 3860 1680 3918 est
1731 3850 2026 3920 beatitu-

482 3955 597 4039 do,
638 3962 921 4025 autnon
949 3958 1095 4026 sine
1124 3955 1544 4027 beatitudine
1579 3980 1597 4027 ε
1632 3981 1793 4051 ergo
1829 3958 2026 4028 l‘ater

479 4072 545 4132 et
591 4061 800 4132 Filius
854 4083 1011 4132 cum
1068 4085 1209 4132 non
1265 4064 1335 4132 in
1372 4065 1803 4156 paucioribus
1857 4085 2026 4135 con-

478 4168 755 4237 veniant
808 4188 1016 4260 quam
1084 4191 1234 4247 nos,
1321 4171 1736 4239 conveniunt
1819 4176 2022 4242 etism

477 4277 549 4343 in
612 4294 949 4344 consensu
1004 4275 1378 4344 amicitiis:
1436 4278 1735 4347 amicitia
1795 4288 2023 4349 autem

477 4404 749 4474 semper
818 4383 1030 4473 spiret
1096 4404 1401 4451 amorem
1473 4406 1488 4450 :
1575 4407 1733 4477 ergo
1819 4388 2027 4478 spira·

481 4498 591 4558 tus
639 4493 783 4581 ipse
846 4490 944 4559 sic
1007 4512 1205 4559 amor
1263 4500 1390 4574 est,
1459 4500 1525 4560 et
1591 4494 1889 4583 procedit
1949 4505 2026 4563 ut

482 4617 700 4667 amor.

572 4719 636 4789 3.
672 4715 868 4796 ltem,
902 4717 1200 4787 Hilarius
1241 4714 1311 4786 in
1350 4716 1524 4788 libro
1562 4720 1647 4788 de
1682 4723 2024 4812 Synodis:

482 4825 684 4905 Quod
729 4825 1051 4915 scriptum
1109 4836 1236 4907 est,
1289 4833 1364 4893 ut
1406 4828 1540 4894 sint
1579 4827 1853 4919 quidem
1907 4849 2028 4920 per

482 4928 928 4999 substantiam
969 4928 1119 5011 tria,
1160 4950 1284 5022 per
1318 4935 1828 5002 consonantiam
1861 4957 2022 5004 vero

481 5058 722 5117 unum,
766 5058 905 5106 non
935 5036 1139 5107 habet
1169 5038 1579 5108 calumniam
1623 5062 1640 5111 t
1705 5043 1860 5133 quia
1908 5065 2022 5112 co-

483 5146 883 5237 gnominato
944 5144 1230 5236 Spiritu,
1298 5145 1390 5214 id'
1438 5156 1566 5231 est,
1644 5151 2019 5231 l’aracliw,

483 5255 941 5322 consonantiis
988 5255 1215 5346 potius
1254 5274 1459 5346 quam
1517 5259 1845 5337 essentiae,
1904 5282 2025 5351 per

484 5359 998 5430 similitudinem
1038 5362 1348 5429 essentiis
1375 5362 1736 5453 praedicare
1774 5386 2019 5435 conve-

487 5469 586 5537 nit
616 5469 970 5536 unitatem.
1002 5468 1104 5536 Ex
1134 5468 1266 5537 hoc
1294 5471 1642 5561 accipitur,
1687 5474 1868 5564 quod
1898 5474 2024 5541 Pa-

486 5584 589 5643 ter
615 5584 682 5643 et
735 5572 947 5643 Filius
993 5597 1134 5643 non
1178 5583 1445 5645 tantum
1502 5579 1915 5649 conveniunt
1950 5582 2021 5648 in

488 5682 927 5753 similitudine
957 5684 1100 5751 sive
1139 5679 1489 5756 identitate
1528 5690 1862 5775 essentias,
1902 5690 2021 5758 sed

1464 328 1549 396 n.
1602 326 1798 393 Aba.
1850 324 2065 393 MAG.
2117 322 2323 406 om).
2375 322 2673 408 rnAEn.

2126 496 2431 578 etiam-in
2463 497 2911 565 consonantia
2969 499 3266 566 amorisz
3319 499 3483 565 cum
3516 516 3677 585 ergo

1113 632 1278 701 ergo
1337 609 1500 678 boni
1565 607 2011 700 apprehensio
2125 606 2234 675 ille
2264 631 2460 675 amor
2491 609 2559 675 in
2591 609 2737 676 Deo
2780 611 3079 677 existens
3116 631 3259 676 non
3287 609 3504 698 possit
3532 624 3680 674 esse

2128 716 2255 782 nisi
2285 715 2493 794 DeuS,
2537 718 2664 784 erit
2716 716 2829 784 illa
2895 717 3347 785 consonantia
3388 714 3679 805 Spiritus

2127 822 2420 890 sanctus·

2214 929 2282 996 4.
2315 928 2516 1014 Item,
2570 929 2743 997 Cum
2809 951 3006 998 mens
3063 939 3303 998 nostra
3356 937 3543 998 amat
3580 951 3676 1013 se,

2130 1038 2223 1104 ita
2259 1046 2358 1104 est
2385 1033 2643 1126 aliquid
2674 1039 2744 1104 in
2776 1038 2923 1129 ipsa
2955 1061 3150 1107 amor
3180 1040 3312 1123 sui,
3347 1039 3523 1106 sicut
3549 1056 3685 1104 no·-

2132 1145 2276 1213 titia
2305 1146 2408 1212 sui
2446 1168 2462 1213 z
2506 1146 2623 1214 sed
2650 1147 2910 1215 notitias
2940 1149 3010 1215 in
3040 1147 3291 1215 divinis
3322 1145 3685 1236 respondet

2127 1271 2420 1344 persona
2450 1252 2603 1321 Filii
2639 1276 2653 1322 z
2724 1277 2889 1346 ergo
2958 1257 3179 1323 amori
3248 1238 3686 1345 respondebit

2130 1363 2262 1431 alia
2296 1380 2613 1452 persona,
2647 1372 2714 1430 et
2744 1362 2931 1431 illam
2962 1380 3290 1432 vocamus
3317 1381 3684 1453 personam

2134 1470 2426 1562 Spiritus
2458 1474 2697 1540 sancti.

2221 1692 2529 1762 Somno.
2564 1694 2898 1772 Dicimus,
2944 1695 3131 1785 quod
3182 1694 3480 1784 Spiritus
3529 1711 3686 1762 san·

2130 1807 2275 1870 ctus
2330 1801 2638 1892 procedit
2701 1825 2742 1871 a
2779 1803 2981 1871 Patre
3037 1807 3105 1871 et
3168 1802 3341 1871 Filio
3378 1811 3456 1871 ut
3492 1816 3686 1870 amor

2133 1927 2267 2001 quo
2283 1932 2355 1978 se
2384 1910 2681 1980 invicem
2709 1910 3006 2003 diligunt
3042 1934 3057 1981 ε
3095 1920 3162 1981 et
3178 1910 3312 1980 hoc
3345 1913 3685 2004 praecipue

2131 2018 2313 2107 cogit
2347 2019 2475 2085 ista
2506 2020 2681 2087 ratio
2725 2040 2741 2085 z
2786 2020 2951 2110 quia
2986 2018 3362 2087 absurdum
3400 2026 3504 2088 est
3556 2031 3687 2110 po·

2130 2141 2317 2207 nere,
2350 2127 2537 2217 quod
2574 2125 2780 2196 Pater
2807 2135 2877 2196 et
2913 2127 3128 2196 Filius
3182 2129 3257 2195 in
3282 2125 3486 2220 ¹nullo
3514 2144 3687 2197 con·-

2131 2238 2408 2306 veniant
2450 2239 2523 2305 in
2563 2245 2897 2329 quantum
2951 2237 3253 2307 distincti
3327 2243 3539 2308 sunt:
3613 2241 3685 2306 in

2132 2343 2422 2415 essentia
2481 2353 2710 2414 autem
2775 2347 3201 2416 conveniunt
3238 2347 3309 2414 in
3348 2353 3684 2437 quantum

2131 2467 2345 2521 unum
2403 2460 2565 2520 sunt
2633 2474 2649 2520 2
2720 2453 2838 2522 sed
2914 2475 3042 2522 nos
3096 2452 3439 2533 videmus,
3498 2452 3687 2544 quod

2133 2563 2203 2629 in
2250 2561 2439 2629 omni
2479 2571 2724 2629 natura
2781 2559 3097 2630 rationali
3136 2560 3205 2630 et
3278 2578 3421 2630 non
3471 2563 3686 2630 ratio·-

2134 2668 2269 2737 nali
2298 2688 2540 2737 omnes
2578 2668 2836 2738 delicias
2902 2678 2971 2739 et
3013 2669 3476 2759 jucunditates
3514 2690 3685 2761 quas

2129 2779 2415 2866 possunt
2494 2775 2747 2845 habere
2840 2777 2910 2844 in
2976 2777 3121 2844 vita
3191 2777 3264 2845 in
3345 2781 3682 2868 quantum

2132 2888 2290 2951 sunt
2318 2882 2707 2951 differentes
2754 2899 3087 2974 personoe,
3128 2882 3500 2952 fundantur
3528 2904 3686 2952 om·-

2135 3010 2255 3058 nes
2308 3012 2516 3080 super
2588 2998 2904 3058 mutuum
2961 3007 3331 3059 amorem:
3410 2999 3686 3082 propter

2135 3096 2319 3189 quod
2392 3097 2600 3165 etiam
2650 3096 2932 3188 quidam
3014 3092 3420 3188 Philosophi
3484 3098 3684 3189 prin·-

2132 3206 2302 3297 cipia
2380 3205 2607 3273 omnis
2712 3214 2973 3273 naturae
3057 3206 3409 3299 ponebant
3492 3206 3680 3276 litem

2131 3318 2197 3380 et
2221 3311 2620 3392 amicitiam,
2681 3318 3032 3401 tamquam
3089 3310 3380 3381 alterum
3441 3320 3684 3382 natura

2130 3418 2215 3487 ab
2244 3419 2392 3510 ipso
2423 3419 2888 3488 universitatis
2908 3417 3248 3511 principio
3271 3429 3347 3489 ut
3374 3420 3681 3490 divinum

2130 3525 2473 3618 quoddam
2531 3525 2890 3616 acciperet,
2980 3524 3239 3595 scilicet
3282 3529 3683 3612 amicitiam,

2131 3632 2313 3723 quod
2352 3641 2724 3724 congregat
2754 3641 2823 3702 et
2852 3633 3004 3702 unit
3037 3655 3052 3700 :
3106 3632 3397 3702 alterum
3453 3646 3682 3705 autem

2131 3740 2432 3819 haberet,
2465 3740 2724 3810 scilicet
2754 3739 2971 3819 litem,
3006 3764 3094 3810 ex
3125 3743 3273 3834 ipsa
3298 3745 3683 3833 privatione

2129 3850 2426 3918 materiae
2457 3847 2585 3917 sibi
2633 3856 3080 3918 concretum:
3139 3849 3322 3918 unde
3378 3850 3584 3921 Pater
3618 3861 3686 3922 et

2129 3956 2338 4025 Filius
2413 3958 2484 4024 in
2552 3978 2635 4025 eo
2710 3956 2898 4048 quod
2964 3974 3278 4049 personas
3350 3958 3683 4031 distinctis

2129 4073 2309 4147 sunt,
2351 4066 2771 4134 conveniunt
2799 4066 2865 4133 in
2916 4063 3048 4133 hoc
3098 4088 3334 4135 amore
3374 4068 3491 4159 qui
3520 4091 3687 4159 pro-

2129 4174 2304 4243 cedit
2330 4173 2416 4240 ab
2448 4174 2611 4263 ipsis
2666 4195 2803 4265 quo
2834 4196 2905 4240 se
2938 4174 3231 4243 invicem
3290 4183 3523 4243 amant
3567 4197 3585 4245 τ
3618 4185 3685 4245 et

2132 4280 2244 4349 ille
2280 4289 2380 4349 est
2412 4278 2711 4372 Spiritus
2748 4291 3049 4350 sanctus.

2220 4390 2320 4456 An
2359 4410 2425 4456 m
2483 4404 2649 4480 ergo
2693 4388 2878 4480 quod
2927 4389 3152 4480 primo
3193 4388 3536 4480 objicitur,
3587 4390 3687 4459 di·

2128 4499 2417 4568 cendum
2471 4498 2657 4588 quod
2721 4516 2918 4567 amor
2972 4497 3333 4588 dupliciter
3368 4499 3686 4570 conside-

2130 4608 2259 4676 rari
2291 4614 2538 4699 potest,
2607 4606 2865 4675 scilicet
2918 4607 3299 4675 secundum
3366 4607 3437 4675 id
3499 4608 3685 4701 quod

2131 4716 2464 4795 nominat,
2506 4719 2574 4783 et
2600 4714 2699 4783 sic
2734 4733 2874 4782 non
2904 4715 3221 4784 nominat
3257 4714 3681 4808 hypostasim

2132 4823 2568 4914 completam,
2600 4822 2775 4890 sicut
2813 4843 2939 4891 nec
2996 4822 3287 4891 verbum
3323 4844 3340 4892 ε
3393 4824 3681 4892 verbum

2133 4931 2313 4998 enim
2345 4930 2563 4999 nostri
2612 4928 2996 4997 intellectus
3052 4930 3294 4998 notitia
3352 4939 3479 5015 est,
3527 4950 3683 5023 quae

2131 5038 2558 5108 accidentalis
2616 5047 2720 5107 est
2788 5036 3187 5107 intellectui.
3260 5036 3417 5107 Alio
3473 5040 3682 5109 modo

2128 5145 2592 5216 consideratur
2696 5144 3074 5214 sec-undum
3165 5147 3680 5236 proportionem

2131 5255 2214 5322 ad
2247 5265 2559 5323 naturam
2602 5255 2670 5321 in
2719 5273 2855 5345 qua
2905 5260 3031 5334 est,
3073 5252 3330 5322 scilicet
3376 5255 3679 5324 divinam

2129 5363 2237 5432 vel
2298 5363 2728 5432 humanam:
2798 5370 2866 5431 et
2924 5360 3300 5431 secundum
3368 5362 3502 5433 hoc
3554 5367 3686 5434 erit

2126 5474 2463 5565 perfectus
2507 5472 2616 5542 vel
2674 5471 3138 5563 imperfectus,
3183 5473 3361 5541 sicut
3424 5475 3493 5542 et
3529 5491 3679 5543 ver-

2127 5581 2289 5647 hum
2333 5604 2349 5647 :
2393 5579 2574 5647 unde
2630 5581 2889 5648 cumin
2928 5587 3176 5647 natura
3214 5579 3446 5650 divina
3504 5580 3675 5650 nibil

2127 5691 2210 5757 sit
2242 5690 2735 5782 imperfectum,
2770 5689 3042 5781 oportet
3082 5688 3415 5781 Spiritum
3445 5713 3486 5759 a
3528 5702 3678 5783 per-

3769 1708 3970 1757 solutio.

3811 4419 3883 4465 Aa
3914 4421 3955 4469 1.
