<?xml version="1.0" encoding="UTF-8"?>
<!DOCTYPE html PUBLIC "-//W3C//DTD XHTML 1.0 Transitional//EN"
    "http://www.w3.org/TR/xhtml1/DTD/xhtml1-transitional.dtd">
<html xmlns="http://www.w3.org/1999/xhtml" xml:lang="en" lang="en">
 <head>
  <title>
</title>
<meta http-equiv="Content-Type" content="text/html;charset=utf-8" />
  <meta name='ocr-system' content='tesseract 3.04.00' />
  <meta name='ocr-capabilities' content='ocr_page ocr_carea ocr_par ocr_line ocrx_word'/>
</head>
<body>
  <div class='ocr_page' id='page_1' title='image "balbertimagnira03chgoog_0668.png"; bbox 0 0 4897 6388; ppageno 0'>
   <div class='ocr_carea' id='block_1_1' title="bbox 736 343 2934 416">
    <p class='ocr_par' dir='ltr' id='par_1_1' title="bbox 736 343 2934 416">
     <span class='ocr_line' id='line_1_1' title="bbox 736 343 2934 416; baseline 0 -7"><span class='ocrx_word' id='word_1_1' title='bbox 736 343 866 410; x_wconf 83' lang='lat'>618</span> <span class='ocrx_word' id='word_1_2' title='bbox 1727 343 1810 412; x_wconf 89' lang='lat' dir='ltr'>D.</span> <span class='ocrx_word' id='word_1_3' title='bbox 1861 345 2060 416; x_wconf 87' lang='lat' dir='ltr'><strong>ALB.</strong></span> <span class='ocrx_word' id='word_1_4' title='bbox 2113 345 2327 415; x_wconf 79' lang='lat' dir='ltr'><strong>MAG.</strong></span> <span class='ocrx_word' id='word_1_5' title='bbox 2380 343 2584 412; x_wconf 86' lang='lat' dir='ltr'><strong>ORD.</strong></span> <span class='ocrx_word' id='word_1_6' title='bbox 2640 343 2934 415; x_wconf 82' lang='lat' dir='ltr'><strong>PRAED.</strong></span> 
     </span>
    </p>
   </div>
   <div class='ocr_carea' id='block_1_2' title="bbox 727 512 3947 1898">
    <p class='ocr_par' dir='ltr' id='par_1_2' title="bbox 734 512 3943 716">
     <span class='ocr_line' id='line_1_2' title="bbox 734 512 3941 607; baseline 0.001 -27"><span class='ocrx_word' id='word_1_7' title='bbox 734 536 824 603; x_wconf 94' lang='lat' dir='ltr'>go</span> <span class='ocrx_word' id='word_1_8' title='bbox 844 512 1174 585; x_wconf 68' lang='lat' dir='ltr'>²1ion&#39;una</span> <span class='ocrx_word' id='word_1_9' title='bbox 1224 517 1483 587; x_wconf 82' lang='lat' dir='ltr'>ratione</span> <span class='ocrx_word' id='word_1_10' title='bbox 1521 517 1768 588; x_wconf 85' lang='lat' dir='ltr'>dieitur</span> <span class='ocrx_word' id='word_1_11' title='bbox 1794 518 2085 585; x_wconf 74' lang='lat' dir='ltr'>essentia</span> <span class='ocrx_word' id='word_1_12' title='bbox 2124 539 2282 597; x_wconf 82' lang='lat' dir='ltr'>una,</span> <span class='ocrx_word' id='word_1_13' title='bbox 2393 523 2557 583; x_wconf 77' lang='lat' dir='ltr'>vo&#39;ce</span> <span class='ocrx_word' id='word_1_14' title='bbox 2593 539 2608 584; x_wconf 87' lang='lat'>:</span> <span class='ocrx_word' id='word_1_15' title='bbox 2652 514 2811 605; x_wconf 82' lang='lat' dir='ltr'>quia</span> <span class='ocrx_word' id='word_1_16' title='bbox 2848 517 3023 584; x_wconf 86' lang='lat' dir='ltr'>sieut</span> <span class='ocrx_word' id='word_1_17' title='bbox 3072 513 3388 606; x_wconf 88' lang='lat' dir='ltr'>lapiditas</span> <span class='ocrx_word' id='word_1_18' title='bbox 3437 515 3793 607; x_wconf 76' lang='lat' dir='ltr'>distinguit</span> <span class='ocrx_word' id='word_1_19' title='bbox 3839 516 3941 584; x_wconf 86' lang='lat' dir='ltr'>la-</span> 
     </span>
     <span class='ocr_line' id='line_1_3' title="bbox 737 625 3943 716; baseline 0.002 -29"><span class='ocrx_word' id='word_1_20' title='bbox 737 628 804 687; x_wconf 88' lang='lat' dir='ltr'>et</span> <span class='ocrx_word' id='word_1_21' title='bbox 829 643 1126 710; x_wconf 83' lang='lat' dir='ltr'>persona</span> <span class='ocrx_word' id='word_1_22' title='bbox 1157 645 1327 710; x_wconf 51' lang='lat' dir='ltr'>una„</span> <span class='ocrx_word' id='word_1_23' title='bbox 1535 663 1538 668; x_wconf 44' lang='lat'><strong>⁴</strong></span> <span class='ocrx_word' id='word_1_24' title='bbox 1967 662 1974 667; x_wconf 94' lang='lat'><strong>·</strong></span> <span class='ocrx_word' id='word_1_25' title='bbox 2043 693 2048 694; x_wconf 16' lang='lat' dir='ltr'><em>ff</em></span> <span class='ocrx_word' id='word_1_26' title='bbox 2392 625 2645 713; x_wconf 85' lang='lat' dir='ltr'>pidem,</span> <span class='ocrx_word' id='word_1_27' title='bbox 2690 627 2783 691; x_wconf 88' lang='lat' dir='ltr'>ita</span> <span class='ocrx_word' id='word_1_28' title='bbox 2811 625 3128 716; x_wconf 88' lang='lat' dir='ltr'>ligneitas</span> <span class='ocrx_word' id='word_1_29' title='bbox 3170 626 3459 716; x_wconf 86' lang='lat' dir='ltr'>lignum,</span> <span class='ocrx_word' id='word_1_30' title='bbox 3505 633 3570 692; x_wconf 88' lang='lat' dir='ltr'>et</span> <span class='ocrx_word' id='word_1_31' title='bbox 3612 625 3763 693; x_wconf 85' lang='lat' dir='ltr'>ideo</span> <span class='ocrx_word' id='word_1_32' title='bbox 3792 629 3943 692; x_wconf 92' lang='lat' dir='ltr'>uni-</span> 
     </span>
    </p>

    <p class='ocr_par' dir='ltr' id='par_1_3' title="bbox 731 729 3947 1250">
     <span class='ocr_line' id='line_1_4' title="bbox 827 729 3940 819; baseline 0.002 -26"><span class='ocrx_word' id='word_1_33' title='bbox 827 730 892 794; x_wconf 84' lang='lat'>2.</span> <span class='ocrx_word' id='word_1_34' title='bbox 928 730 1126 813; x_wconf 88' lang='lat' dir='ltr'>Item,</span> <span class='ocrx_word' id='word_1_35' title='bbox 1162 730 1393 797; x_wconf 91' lang='lat' dir='ltr'>Unum</span> <span class='ocrx_word' id='word_1_36' title='bbox 1434 738 1533 798; x_wconf 88' lang='lat' dir='ltr'>est</span> <span class='ocrx_word' id='word_1_37' title='bbox 1571 730 1936 797; x_wconf 89' lang='lat' dir='ltr'>indivisum</span> <span class='ocrx_word' id='word_1_38' title='bbox 1985 732 2052 796; x_wconf 88' lang='lat' dir='ltr'>in</span> <span class='ocrx_word' id='word_1_39' title='bbox 2093 753 2187 810; x_wconf 92' lang='lat' dir='ltr'>se,</span> <span class='ocrx_word' id='word_1_40' title='bbox 2223 738 2286 796; x_wconf 84' lang='lat' dir='ltr'>et</span> <span class='ocrx_word' id='word_1_41' title='bbox 2393 738 2495 795; x_wconf 89' lang='lat' dir='ltr'>tas</span> <span class='ocrx_word' id='word_1_42' title='bbox 2524 729 2607 796; x_wconf 90' lang='lat' dir='ltr'>ab</span> <span class='ocrx_word' id='word_1_43' title='bbox 2648 737 2937 819; x_wconf 86' lang='lat' dir='ltr'>utroque</span> <span class='ocrx_word' id='word_1_44' title='bbox 2968 739 3071 797; x_wconf 87' lang='lat' dir='ltr'>est</span> <span class='ocrx_word' id='word_1_45' title='bbox 3100 732 3304 798; x_wconf 87' lang='lat' dir='ltr'>unius</span> <span class='ocrx_word' id='word_1_46' title='bbox 3345 732 3669 799; x_wconf 86' lang='lat' dir='ltr'>rationis:</span> <span class='ocrx_word' id='word_1_47' title='bbox 3704 739 3767 799; x_wconf 88' lang='lat' dir='ltr'>et</span> <span class='ocrx_word' id='word_1_48' title='bbox 3791 732 3940 798; x_wconf 84' lang='lat' dir='ltr'>ideo</span> 
     </span>
     <span class='ocr_line' id='line_1_5' title="bbox 737 835 3938 928; baseline 0.002 -26"><span class='ocrx_word' id='word_1_49' title='bbox 737 837 1032 904; x_wconf 82' lang='lat' dir='ltr'>divisum</span> <span class='ocrx_word' id='word_1_50' title='bbox 1064 839 1148 905; x_wconf 87' lang='lat' dir='ltr'>ab</span> <span class='ocrx_word' id='word_1_51' title='bbox 1191 838 1341 905; x_wconf 87' lang='lat' dir='ltr'>aliis</span> <span class='ocrx_word' id='word_1_52' title='bbox 1377 860 1392 908; x_wconf 73' lang='grc' dir='ltr'>ε</span> <span class='ocrx_word' id='word_1_53' title='bbox 1427 860 1589 927; x_wconf 88' lang='lat' dir='ltr'>ergo</span> <span class='ocrx_word' id='word_1_54' title='bbox 1621 842 1676 904; x_wconf 90' lang='lat' dir='ltr'>si</span> <span class='ocrx_word' id='word_1_55' title='bbox 1710 838 1911 904; x_wconf 89' lang='lat' dir='ltr'>Pater</span> <span class='ocrx_word' id='word_1_56' title='bbox 1941 846 2039 905; x_wconf 90' lang='lat' dir='ltr'>est</span> <span class='ocrx_word' id='word_1_57' title='bbox 2082 861 2277 915; x_wconf 66' lang='lat' dir='ltr'>unm,</span> <span class='ocrx_word' id='word_1_58' title='bbox 2395 836 2616 926; x_wconf 90' lang='lat' dir='ltr'>quoad</span> <span class='ocrx_word' id='word_1_59' title='bbox 2661 835 2791 905; x_wconf 85' lang='lat' dir='ltr'>hoe</span> <span class='ocrx_word' id='word_1_60' title='bbox 2819 845 3052 926; x_wconf 87' lang='lat' dir='ltr'>posset</span> <span class='ocrx_word' id='word_1_61' title='bbox 3101 837 3258 916; x_wconf 86' lang='lat' dir='ltr'>diei,</span> <span class='ocrx_word' id='word_1_62' title='bbox 3314 839 3499 928; x_wconf 91' lang='lat' dir='ltr'>quod</span> <span class='ocrx_word' id='word_1_63' title='bbox 3531 841 3756 906; x_wconf 89' lang='lat' dir='ltr'>unitas</span> <span class='ocrx_word' id='word_1_64' title='bbox 3785 862 3938 907; x_wconf 86' lang='lat' dir='ltr'>curn</span> 
     </span>
     <span class='ocr_line' id='line_1_6' title="bbox 738 942 3947 1034; baseline 0.002 -26"><span class='ocrx_word' id='word_1_65' title='bbox 738 945 880 1033; x_wconf 92' lang='lat' dir='ltr'>ipse</span> <span class='ocrx_word' id='word_1_66' title='bbox 938 947 1065 1012; x_wconf 88' lang='lat' dir='ltr'>erit</span> <span class='ocrx_word' id='word_1_67' title='bbox 1112 945 1370 1012; x_wconf 87' lang='lat' dir='ltr'>divisus</span> <span class='ocrx_word' id='word_1_68' title='bbox 1428 944 1510 1011; x_wconf 88' lang='lat' dir='ltr'>ab</span> <span class='ocrx_word' id='word_1_69' title='bbox 1564 943 1737 1023; x_wconf 81' lang='lat' dir='ltr'>aliis,</span> <span class='ocrx_word' id='word_1_70' title='bbox 1797 944 1978 1034; x_wconf 90' lang='lat' dir='ltr'>quod</span> <span class='ocrx_word' id='word_1_71' title='bbox 2041 942 2281 1009; x_wconf 80' lang='lat' dir='ltr'>falsum</span> <span class='ocrx_word' id='word_1_72' title='bbox 2392 943 2635 1011; x_wconf 87' lang='lat' dir='ltr'>dieitur</span> <span class='ocrx_word' id='word_1_73' title='bbox 2680 943 2761 1012; x_wconf 89' lang='lat' dir='ltr'>de</span> <span class='ocrx_word' id='word_1_74' title='bbox 2794 946 3112 1026; x_wconf 80' lang='lat' dir='ltr'>essentia,</span> <span class='ocrx_word' id='word_1_75' title='bbox 3150 944 3311 1013; x_wconf 87' lang='lat' dir='ltr'>dicit</span> <span class='ocrx_word' id='word_1_76' title='bbox 3348 946 3685 1015; x_wconf 86' lang='lat' dir='ltr'>unitatem</span> <span class='ocrx_word' id='word_1_77' title='bbox 3724 969 3947 1015; x_wconf 87' lang='lat' dir='ltr'>essen-</span> 
     </span>
     <span class='ocr_line' id='line_1_7' title="bbox 737 1045 3945 1143; baseline -0 -25"><span class='ocrx_word' id='word_1_78' title='bbox 737 1060 838 1118; x_wconf 87' lang='lat' dir='ltr'>est</span> <span class='ocrx_word' id='word_1_79' title='bbox 879 1076 895 1120; x_wconf 74' lang='grc' dir='ltr'><strong><em>ε</em></strong></span> <span class='ocrx_word' id='word_1_80' title='bbox 941 1054 1104 1143; x_wconf 87' lang='lat' dir='ltr'>quia</span> <span class='ocrx_word' id='word_1_81' title='bbox 1143 1051 1353 1122; x_wconf 88' lang='lat' dir='ltr'>Filius</span> <span class='ocrx_word' id='word_1_82' title='bbox 1399 1061 1500 1122; x_wconf 88' lang='lat' dir='ltr'>est</span> <span class='ocrx_word' id='word_1_83' title='bbox 1548 1053 1615 1118; x_wconf 91' lang='lat' dir='ltr'>in</span> <span class='ocrx_word' id='word_1_84' title='bbox 1655 1051 1879 1131; x_wconf 89' lang='lat' dir='ltr'>Patre,</span> <span class='ocrx_word' id='word_1_85' title='bbox 1917 1059 1984 1118; x_wconf 90' lang='lat' dir='ltr'>et</span> <span class='ocrx_word' id='word_1_86' title='bbox 2033 1074 2069 1118; x_wconf 92' lang='lat' dir='ltr'>e</span> <span class='ocrx_word' id='word_1_87' title='bbox 2116 1073 2282 1117; x_wconf 88' lang='lat' dir='ltr'>eon-</span> <span class='ocrx_word' id='word_1_88' title='bbox 2391 1049 2499 1115; x_wconf 85' lang='lat' dir='ltr'>tiae</span> <span class='ocrx_word' id='word_1_89' title='bbox 2535 1069 2550 1112; x_wconf 88' lang='lat'>:</span> <span class='ocrx_word' id='word_1_90' title='bbox 2588 1052 2837 1117; x_wconf 80' lang='lat' dir='ltr'>etcum</span> <span class='ocrx_word' id='word_1_91' title='bbox 2869 1045 3118 1117; x_wconf 83' lang='lat' dir='ltr'>dieitur</span> <span class='ocrx_word' id='word_1_92' title='bbox 3145 1045 3227 1114; x_wconf 90' lang='lat' dir='ltr'>de</span> <span class='ocrx_word' id='word_1_93' title='bbox 3260 1069 3577 1138; x_wconf 85' lang='lat' dir='ltr'>persona,</span> <span class='ocrx_word' id='word_1_94' title='bbox 3615 1049 3776 1116; x_wconf 83' lang='lat' dir='ltr'>dicit</span> <span class='ocrx_word' id='word_1_95' title='bbox 3793 1052 3945 1118; x_wconf 88' lang='lat' dir='ltr'>uni·</span> 
     </span>
     <span class='ocr_line' id='line_1_8' title="bbox 731 1156 3944 1250; baseline -0.001 -22"><span class='ocrx_word' id='word_1_96' title='bbox 731 1182 957 1229; x_wconf 81' lang='lat' dir='ltr'>verso‚</span> <span class='ocrx_word' id='word_1_97' title='bbox 1313 1247 1316 1250; x_wconf 8' lang='grc' dir='ltr'><strong><em>Ἴ</em></strong></span> <span class='ocrx_word' id='word_1_98' title='bbox 2279 1227 2286 1235; x_wconf 66' lang='grc'>,</span> <span class='ocrx_word' id='word_1_99' title='bbox 2391 1165 2597 1224; x_wconf 87' lang='lat' dir='ltr'>tatem</span> <span class='ocrx_word' id='word_1_100' title='bbox 2637 1178 2943 1247; x_wconf 86' lang='lat' dir='ltr'>personae</span> <span class='ocrx_word' id='word_1_101' title='bbox 2987 1178 3003 1224; x_wconf 77' lang='lat' dir='ltr'><strong><em>z</em></strong></span> <span class='ocrx_word' id='word_1_102' title='bbox 3050 1163 3117 1222; x_wconf 91' lang='lat' dir='ltr'>et</span> <span class='ocrx_word' id='word_1_103' title='bbox 3174 1156 3334 1224; x_wconf 85' lang='lat' dir='ltr'>lieet</span> <span class='ocrx_word' id='word_1_104' title='bbox 3380 1159 3675 1225; x_wconf 87' lang='lat' dir='ltr'>essentia</span> <span class='ocrx_word' id='word_1_105' title='bbox 3724 1161 3944 1250; x_wconf 86' lang='lat' dir='ltr'>seipsa</span> 
     </span>
    </p>

    <p class='ocr_par' dir='ltr' id='par_1_4' title="bbox 727 1264 3939 1898">
     <span class='ocr_line' id='line_1_9' title="bbox 823 1264 3937 1356; baseline -0 -22"><span class='ocrx_word' id='word_1_106' title='bbox 823 1268 887 1336; x_wconf 87' lang='grc'>3.</span> <span class='ocrx_word' id='word_1_107' title='bbox 918 1267 1116 1346; x_wconf 85' lang='lat' dir='ltr'>Item,</span> <span class='ocrx_word' id='word_1_108' title='bbox 1173 1269 1401 1338; x_wconf 87' lang='lat' dir='ltr'>Unum</span> <span class='ocrx_word' id='word_1_109' title='bbox 1441 1277 1507 1336; x_wconf 90' lang='lat' dir='ltr'>et</span> <span class='ocrx_word' id='word_1_110' title='bbox 1545 1292 1664 1336; x_wconf 91' lang='lat' dir='ltr'>ens</span> <span class='ocrx_word' id='word_1_111' title='bbox 1713 1277 2203 1338; x_wconf 81' lang='lat' dir='ltr'>convertuntur</span> <span class='ocrx_word' id='word_1_112' title='bbox 2255 1291 2269 1333; x_wconf 91' lang='lat'>:</span> <span class='ocrx_word' id='word_1_113' title='bbox 2390 1264 2866 1355; x_wconf 80' lang='lat' dir='ltr'>distinguatur,</span> <span class='ocrx_word' id='word_1_114' title='bbox 2899 1287 3195 1353; x_wconf 89' lang='lat' dir='ltr'>persona</span> <span class='ocrx_word' id='word_1_115' title='bbox 3227 1273 3457 1331; x_wconf 85' lang='lat' dir='ltr'>autem</span> <span class='ocrx_word' id='word_1_116' title='bbox 3499 1267 3937 1356; x_wconf 79' lang='lat' dir='ltr'>proprietate,</span> 
     </span>
     <span class='ocr_line' id='line_1_10' title="bbox 730 1372 3934 1466; baseline -0.001 -24"><span class='ocrx_word' id='word_1_117' title='bbox 730 1397 892 1465; x_wconf 83' lang='lat' dir='ltr'>ergo</span> <span class='ocrx_word' id='word_1_118' title='bbox 926 1375 1168 1442; x_wconf 83' lang='lat' dir='ltr'>eodem</span> <span class='ocrx_word' id='word_1_119' title='bbox 1205 1376 1406 1444; x_wconf 83' lang='lat' dir='ltr'>Pater</span> <span class='ocrx_word' id='word_1_120' title='bbox 1436 1386 1533 1445; x_wconf 91' lang='lat' dir='ltr'>est</span> <span class='ocrx_word' id='word_1_121' title='bbox 1577 1400 1751 1445; x_wconf 89' lang='lat' dir='ltr'>unus</span> <span class='ocrx_word' id='word_1_122' title='bbox 1783 1400 1918 1466; x_wconf 91' lang='lat' dir='ltr'>quo</span> <span class='ocrx_word' id='word_1_123' title='bbox 1953 1376 2150 1443; x_wconf 86' lang='lat' dir='ltr'>Pater</span> <span class='ocrx_word' id='word_1_124' title='bbox 2177 1384 2277 1444; x_wconf 88' lang='lat' dir='ltr'>est</span> <span class='ocrx_word' id='word_1_125' title='bbox 2388 1380 2612 1439; x_wconf 84' lang='lat' dir='ltr'>tamen</span> <span class='ocrx_word' id='word_1_126' title='bbox 2645 1372 2866 1438; x_wconf 90' lang='lat' dir='ltr'>unitas</span> <span class='ocrx_word' id='word_1_127' title='bbox 2917 1393 3058 1438; x_wconf 89' lang='lat' dir='ltr'>non</span> <span class='ocrx_word' id='word_1_128' title='bbox 3117 1372 3245 1439; x_wconf 90' lang='lat' dir='ltr'>erit</span> <span class='ocrx_word' id='word_1_129' title='bbox 3293 1372 3578 1439; x_wconf 78' lang='lat' dir='ltr'>diversae</span> <span class='ocrx_word' id='word_1_130' title='bbox 3628 1373 3934 1441; x_wconf 77' lang='lat' dir='ltr'>rationis,</span> 
     </span>
     <span class='ocr_line' id='line_1_11' title="bbox 729 1478 3937 1575; baseline -0.001 -24"><span class='ocrx_word' id='word_1_131' title='bbox 729 1491 921 1573; x_wconf 86' lang='lat' dir='ltr'>pater</span> <span class='ocrx_word' id='word_1_132' title='bbox 955 1508 970 1552; x_wconf 90' lang='lat'>:</span> <span class='ocrx_word' id='word_1_133' title='bbox 1005 1505 1169 1574; x_wconf 87' lang='lat' dir='ltr'>ergo</span> <span class='ocrx_word' id='word_1_134' title='bbox 1203 1487 1605 1575; x_wconf 76' lang='lat' dir='ltr'>paternitate</span> <span class='ocrx_word' id='word_1_135' title='bbox 1637 1494 1740 1553; x_wconf 89' lang='lat' dir='ltr'>est</span> <span class='ocrx_word' id='word_1_136' title='bbox 1768 1507 1944 1553; x_wconf 87' lang='lat' dir='ltr'>unus</span> <span class='ocrx_word' id='word_1_137' title='bbox 1989 1510 2003 1553; x_wconf 90' lang='lat'>:</span> <span class='ocrx_word' id='word_1_138' title='bbox 2047 1508 2279 1552; x_wconf 86' lang='lat' dir='ltr'>essen·</span> <span class='ocrx_word' id='word_1_139' title='bbox 2390 1480 2463 1547; x_wconf 91' lang='lat' dir='ltr'>Si</span> <span class='ocrx_word' id='word_1_140' title='bbox 2492 1488 2718 1548; x_wconf 87' lang='lat' dir='ltr'>autem</span> <span class='ocrx_word' id='word_1_141' title='bbox 2769 1478 3240 1547; x_wconf 86' lang='lat' dir='ltr'>consideretur</span> <span class='ocrx_word' id='word_1_142' title='bbox 3290 1478 3514 1546; x_wconf 73' lang='lat' dir='ltr'>unitas</span> <span class='ocrx_word' id='word_1_143' title='bbox 3561 1481 3937 1549; x_wconf 85' lang='lat' dir='ltr'>secundum</span> 
     </span>
     <span class='ocr_line' id='line_1_12' title="bbox 727 1588 3939 1683; baseline -0.001 -25"><span class='ocrx_word' id='word_1_144' title='bbox 727 1590 822 1658; x_wconf 88' lang='lat' dir='ltr'>tia</span> <span class='ocrx_word' id='word_1_145' title='bbox 849 1599 1078 1660; x_wconf 88' lang='lat' dir='ltr'>autem</span> <span class='ocrx_word' id='word_1_146' title='bbox 1120 1591 1352 1661; x_wconf 83' lang='lat' dir='ltr'>divina</span> <span class='ocrx_word' id='word_1_147' title='bbox 1381 1615 1520 1660; x_wconf 89' lang='lat' dir='ltr'>non</span> <span class='ocrx_word' id='word_1_148' title='bbox 1540 1601 1642 1666; x_wconf 78' lang='lat' dir='ltr'>est</span> <span class='ocrx_word' id='word_1_149' title='bbox 1679 1616 1816 1662; x_wconf 92' lang='lat' dir='ltr'>una</span> <span class='ocrx_word' id='word_1_150' title='bbox 1852 1595 2272 1683; x_wconf 88' lang='lat' dir='ltr'>paternitate,</span> <span class='ocrx_word' id='word_1_151' title='bbox 2384 1589 2837 1678; x_wconf 82' lang='lat' dir='ltr'>suppositum,</span> <span class='ocrx_word' id='word_1_152' title='bbox 2898 1595 3067 1657; x_wconf 86' lang='lat' dir='ltr'>tunc</span> <span class='ocrx_word' id='word_1_153' title='bbox 3105 1588 3233 1660; x_wconf 81' lang='lat' dir='ltr'>erit</span> <span class='ocrx_word' id='word_1_154' title='bbox 3273 1591 3559 1657; x_wconf 89' lang='lat' dir='ltr'>omnino</span> <span class='ocrx_word' id='word_1_155' title='bbox 3591 1590 3795 1656; x_wconf 86' lang='lat' dir='ltr'>unius</span> <span class='ocrx_word' id='word_1_156' title='bbox 3825 1612 3939 1655; x_wconf 84' lang='lat' dir='ltr'>ra-</span> 
     </span>
     <span class='ocr_line' id='line_1_13' title="bbox 728 1694 3937 1791; baseline -0.001 -26"><span class='ocrx_word' id='word_1_157' title='bbox 728 1697 849 1765; x_wconf 86' lang='lat' dir='ltr'>sed</span> <span class='ocrx_word' id='word_1_158' title='bbox 890 1700 1113 1788; x_wconf 86' lang='lat' dir='ltr'>seipsa</span> <span class='ocrx_word' id='word_1_159' title='bbox 1162 1718 1180 1771; x_wconf 72' lang='lat'>2</span> <span class='ocrx_word' id='word_1_160' title='bbox 1223 1721 1385 1790; x_wconf 84' lang='lat' dir='ltr'>ergo</span> <span class='ocrx_word' id='word_1_161' title='bbox 1437 1722 1575 1766; x_wconf 88' lang='lat' dir='ltr'>non</span> <span class='ocrx_word' id='word_1_162' title='bbox 1623 1699 1867 1768; x_wconf 85' lang='lat' dir='ltr'>dicitur</span> <span class='ocrx_word' id='word_1_163' title='bbox 1905 1698 2273 1770; x_wconf 81' lang='lat' dir='ltr'>seeundum</span> <span class='ocrx_word' id='word_1_164' title='bbox 2384 1697 2612 1778; x_wconf 77' lang='lat' dir='ltr'>tioniS,</span> <span class='ocrx_word' id='word_1_165' title='bbox 2648 1694 2766 1763; x_wconf 89' lang='lat' dir='ltr'>sed</span> <span class='ocrx_word' id='word_1_166' title='bbox 2804 1694 2980 1762; x_wconf 87' lang='lat' dir='ltr'>dicta</span> <span class='ocrx_word' id='word_1_167' title='bbox 3009 1716 3131 1787; x_wconf 88' lang='lat' dir='ltr'>per</span> <span class='ocrx_word' id='word_1_168' title='bbox 3182 1696 3367 1788; x_wconf 86' lang='lat' dir='ltr'>prius</span> <span class='ocrx_word' id='word_1_169' title='bbox 3396 1704 3463 1763; x_wconf 88' lang='lat' dir='ltr'>et</span> <span class='ocrx_word' id='word_1_170' title='bbox 3503 1698 3837 1791; x_wconf 86' lang='lat' dir='ltr'>posterius</span> <span class='ocrx_word' id='word_1_171' title='bbox 3869 1699 3937 1763; x_wconf 90' lang='lat' dir='ltr'>in</span> 
     </span>
     <span class='ocr_line' id='line_1_14' title="bbox 729 1799 3567 1898; baseline -0 -27"><span class='ocrx_word' id='word_1_172' title='bbox 729 1827 938 1872; x_wconf 85' lang='lat' dir='ltr'>unam</span> <span class='ocrx_word' id='word_1_173' title='bbox 989 1808 1348 1885; x_wconf 86' lang='lat' dir='ltr'>rationem,</span> <span class='ocrx_word' id='word_1_174' title='bbox 1393 1806 1509 1874; x_wconf 77' lang='lat' dir='ltr'>sed</span> <span class='ocrx_word' id='word_1_175' title='bbox 1548 1810 1923 1898; x_wconf 84' lang='lat' dir='ltr'>aequivoce,</span> <span class='ocrx_word' id='word_1_176' title='bbox 1968 1815 2042 1874; x_wconf 88' lang='lat' dir='ltr'>ut</span> <span class='ocrx_word' id='word_1_177' title='bbox 2086 1807 2277 1874; x_wconf 80' lang='lat' dir='ltr'>vide-</span> <span class='ocrx_word' id='word_1_178' title='bbox 2385 1805 2676 1872; x_wconf 88' lang='lat' dir='ltr'>essentia</span> <span class='ocrx_word' id='word_1_179' title='bbox 2713 1812 2779 1871; x_wconf 90' lang='lat' dir='ltr'>et</span> <span class='ocrx_word' id='word_1_180' title='bbox 2806 1826 3126 1894; x_wconf 88' lang='lat' dir='ltr'>persona.</span> <span class='ocrx_word' id='word_1_181' title='bbox 3564 1799 3567 1804; x_wconf 73' lang='grc'><strong>’</strong></span> 
     </span>
    </p>
   </div>
   <div class='ocr_carea' id='block_1_3' title="bbox 452 1919 4189 2217">
    <p class='ocr_par' dir='ltr' id='par_1_5' title="bbox 452 1919 4189 2217">
     <span class='ocr_line' id='line_1_15' title="bbox 731 1919 4189 2011; baseline 0.003 -31"><span class='ocrx_word' id='word_1_182' title='bbox 731 1921 867 1980; x_wconf 87' lang='lat' dir='ltr'>tur.</span> <span class='ocrx_word' id='word_1_183' title='bbox 2472 1920 2567 1987; x_wconf 77' lang='lat' dir='ltr'>Er</span> <span class='ocrx_word' id='word_1_184' title='bbox 2612 1942 2951 1987; x_wconf 67' lang='lat' dir='ltr'>ssseuxnuu</span> <span class='ocrx_word' id='word_1_185' title='bbox 3009 1919 3142 1989; x_wconf 80' lang='lat' dir='ltr'>hoe</span> <span class='ocrx_word' id='word_1_186' title='bbox 3216 1919 3579 1988; x_wconf 82' lang='lat' dir='ltr'>dicendum</span> <span class='ocrx_word' id='word_1_187' title='bbox 3655 1919 3740 1988; x_wconf 89' lang='lat' dir='ltr'>ad</span> <span class='ocrx_word' id='word_1_188' title='bbox 3792 1922 3938 2011; x_wconf 87' lang='lat' dir='ltr'>pri·</span> <span class='ocrx_word' id='word_1_189' title='bbox 4045 1950 4116 1993; x_wconf 68' lang='lat' dir='ltr'>‚u</span> <span class='ocrx_word' id='word_1_190' title='bbox 4151 1948 4189 1991; x_wconf 84' lang='lat'>1.</span> 
     </span>
     <span class='ocr_line' id='line_1_16' title="bbox 2386 2027 3935 2119; baseline 0.001 -24"><span class='ocrx_word' id='word_1_191' title='bbox 2386 2051 2600 2108; x_wconf 86' lang='lat' dir='ltr'>mum,</span> <span class='ocrx_word' id='word_1_192' title='bbox 2636 2027 3003 2119; x_wconf 82' lang='lat' dir='ltr'>quodlicet</span> <span class='ocrx_word' id='word_1_193' title='bbox 3050 2051 3191 2096; x_wconf 90' lang='lat' dir='ltr'>non</span> <span class='ocrx_word' id='word_1_194' title='bbox 3238 2029 3326 2095; x_wconf 86' lang='lat' dir='ltr'>sit</span> <span class='ocrx_word' id='word_1_195' title='bbox 3361 2029 3551 2118; x_wconf 89' lang='lat' dir='ltr'>prius</span> <span class='ocrx_word' id='word_1_196' title='bbox 3590 2037 3657 2097; x_wconf 91' lang='lat' dir='ltr'>et</span> <span class='ocrx_word' id='word_1_197' title='bbox 3704 2037 3935 2119; x_wconf 86' lang='lat' dir='ltr'>poste-</span> 
     </span>
     <span class='ocr_line' id='line_1_17' title="bbox 452 2125 3936 2217; baseline 0.005 -29"><span class='ocrx_word' id='word_1_198' title='bbox 452 2141 654 2188; x_wconf 72' lang='lat' dir='ltr'>sonuuo.</span> <span class='ocrx_word' id='word_1_199' title='bbox 825 2127 929 2191; x_wconf 77' lang='lat' dir='ltr'>An</span> <span class='ocrx_word' id='word_1_200' title='bbox 960 2148 1086 2192; x_wconf 82' lang='lat' dir='ltr'>noc</span> <span class='ocrx_word' id='word_1_201' title='bbox 1115 2125 1503 2206; x_wconf 84' lang='lat' dir='ltr'>dicendum,</span> <span class='ocrx_word' id='word_1_202' title='bbox 1539 2126 1722 2217; x_wconf 90' lang='lat' dir='ltr'>quod</span> <span class='ocrx_word' id='word_1_203' title='bbox 1745 2151 1879 2196; x_wconf 87' lang='lat' dir='ltr'>una</span> <span class='ocrx_word' id='word_1_204' title='bbox 1909 2129 2278 2206; x_wconf 84' lang='lat' dir='ltr'>ratione‚et</span> <span class='ocrx_word' id='word_1_205' title='bbox 2387 2139 2526 2205; x_wconf 84' lang='lat' dir='ltr'>rius</span> <span class='ocrx_word' id='word_1_206' title='bbox 2572 2136 2944 2206; x_wconf 80' lang='lat' dir='ltr'>secuudum</span> <span class='ocrx_word' id='word_1_207' title='bbox 3005 2161 3146 2205; x_wconf 85' lang='lat' dir='ltr'>rem</span> <span class='ocrx_word' id='word_1_208' title='bbox 3217 2138 3393 2205; x_wconf 87' lang='lat' dir='ltr'>inter</span> <span class='ocrx_word' id='word_1_209' title='bbox 3446 2141 3810 2207; x_wconf 83' lang='lat' dir='ltr'>essentiam</span> <span class='ocrx_word' id='word_1_210' title='bbox 3869 2147 3936 2207; x_wconf 88' lang='lat' dir='ltr'>et</span> 
     </span>
    </p>
   </div>
   <div class='ocr_carea' id='block_1_4' title="bbox 732 2233 3935 2444">
    <p class='ocr_par' dir='ltr' id='par_1_6' title="bbox 732 2233 3935 2444">
     <span class='ocr_line' id='line_1_18' title="bbox 737 2233 3935 2338; baseline -0 -38"><span class='ocrx_word' id='word_1_211' title='bbox 737 2255 874 2301; x_wconf 88' lang='lat' dir='ltr'>non</span> <span class='ocrx_word' id='word_1_212' title='bbox 925 2233 1278 2327; x_wconf 80' lang='lat' dir='ltr'>aequivooe</span> <span class='ocrx_word' id='word_1_213' title='bbox 1335 2234 1626 2303; x_wconf 88' lang='lat' dir='ltr'>dicitur:</span> <span class='ocrx_word' id='word_1_214' title='bbox 1675 2245 1778 2305; x_wconf 89' lang='lat' dir='ltr'>est</span> <span class='ocrx_word' id='word_1_215' title='bbox 1823 2238 2004 2305; x_wconf 89' lang='lat' dir='ltr'>enim</span> <span class='ocrx_word' id='word_1_216' title='bbox 2055 2237 2276 2305; x_wconf 88' lang='lat' dir='ltr'>unitas</span> <span class='ocrx_word' id='word_1_217' title='bbox 2388 2268 2771 2338; x_wconf 72' lang='lat' dir='ltr'>personam,</span> <span class='ocrx_word' id='word_1_218' title='bbox 2814 2254 3044 2314; x_wconf 72' lang='lat' dir='ltr'>tamen</span> <span class='ocrx_word' id='word_1_219' title='bbox 3076 2254 3178 2314; x_wconf 71' lang='lat' dir='ltr'>est</span> <span class='ocrx_word' id='word_1_220' title='bbox 3235 2245 3326 2312; x_wconf 75' lang='lat' dir='ltr'>ibi</span> <span class='ocrx_word' id='word_1_221' title='bbox 3373 2247 3561 2335; x_wconf 72' lang='lat' dir='ltr'>prius</span> <span class='ocrx_word' id='word_1_222' title='bbox 3619 2255 3685 2314; x_wconf 59' lang='grc' dir='ltr'>οι</span> <span class='ocrx_word' id='word_1_223' title='bbox 3712 2257 3935 2337; x_wconf 63' lang='lat' dir='ltr'>poste-</span> 
     </span>
     <span class='ocr_line' id='line_1_19' title="bbox 732 2339 3779 2444; baseline 0.004 -36"><span class='ocrx_word' id='word_1_224' title='bbox 732 2339 1136 2408; x_wconf 82' lang='lat' dir='ltr'>abstrahens</span> <span class='ocrx_word' id='word_1_225' title='bbox 1176 2340 1422 2410; x_wconf 85' lang='lat' dir='ltr'>abhoc</span> <span class='ocrx_word' id='word_1_226' title='bbox 1466 2364 1602 2411; x_wconf 92' lang='lat' dir='ltr'>uno</span> <span class='ocrx_word' id='word_1_227' title='bbox 1643 2352 1710 2412; x_wconf 85' lang='lat' dir='ltr'>et</span> <span class='ocrx_word' id='word_1_228' title='bbox 1751 2342 1894 2424; x_wconf 84' lang='lat' dir='ltr'>illo,</span> <span class='ocrx_word' id='word_1_229' title='bbox 1929 2353 1995 2412; x_wconf 91' lang='lat' dir='ltr'>et</span> <span class='ocrx_word' id='word_1_230' title='bbox 2034 2345 2147 2413; x_wconf 80' lang='lat' dir='ltr'>ilta</span> <span class='ocrx_word' id='word_1_231' title='bbox 2175 2355 2278 2414; x_wconf 87' lang='lat' dir='ltr'>est</span> <span class='ocrx_word' id='word_1_232' title='bbox 2391 2355 2526 2421; x_wconf 85' lang='lat' dir='ltr'>rius</span> <span class='ocrx_word' id='word_1_233' title='bbox 2556 2352 2929 2420; x_wconf 85' lang='lat' dir='ltr'>seeundum</span> <span class='ocrx_word' id='word_1_234' title='bbox 2960 2354 3296 2421; x_wconf 86' lang='lat' dir='ltr'>rationem</span> <span class='ocrx_word' id='word_1_235' title='bbox 3331 2352 3779 2444; x_wconf 86' lang='lat' dir='ltr'>intelligendi.</span> 
     </span>
    </p>
   </div>
   <div class='ocr_carea' id='block_1_5' title="bbox 725 2448 4196 2660">
    <p class='ocr_par' dir='ltr' id='par_1_7' title="bbox 725 2448 4196 2660">
     <span class='ocr_line' id='line_1_20' title="bbox 730 2448 4196 2553; baseline 0.004 -38"><span class='ocrx_word' id='word_1_236' title='bbox 730 2448 933 2516; x_wconf 89' lang='lat' dir='ltr'>unius</span> <span class='ocrx_word' id='word_1_237' title='bbox 966 2449 1249 2517; x_wconf 88' lang='lat' dir='ltr'>rationis</span> <span class='ocrx_word' id='word_1_238' title='bbox 1283 2451 1352 2516; x_wconf 86' lang='lat' dir='ltr'>in</span> <span class='ocrx_word' id='word_1_239' title='bbox 1379 2449 1684 2541; x_wconf 90' lang='lat' dir='ltr'>quolibet</span> <span class='ocrx_word' id='word_1_240' title='bbox 1706 2475 1844 2520; x_wconf 90' lang='lat' dir='ltr'>uno</span> <span class='ocrx_word' id='word_1_241' title='bbox 1880 2475 1897 2520; x_wconf 76' lang='grc' dir='ltr'><strong><em>ε</em></strong></span> <span class='ocrx_word' id='word_1_242' title='bbox 1934 2455 2090 2544; x_wconf 83' lang='lat' dir='ltr'>quia</span> <span class='ocrx_word' id='word_1_243' title='bbox 2122 2454 2276 2522; x_wconf 86' lang='lat' dir='ltr'>licet</span> <span class='ocrx_word' id='word_1_244' title='bbox 2474 2463 2577 2528; x_wconf 80' lang='lat' dir='ltr'>An</span> <span class='ocrx_word' id='word_1_245' title='bbox 2607 2484 2804 2529; x_wconf 72' lang='grc' dir='ltr'>Αιιυι)</span> <span class='ocrx_word' id='word_1_246' title='bbox 2831 2461 3220 2538; x_wconf 85' lang='lat' dir='ltr'>dicendum,</span> <span class='ocrx_word' id='word_1_247' title='bbox 3256 2462 3441 2553; x_wconf 88' lang='lat' dir='ltr'>quod</span> <span class='ocrx_word' id='word_1_248' title='bbox 3471 2470 3575 2530; x_wconf 88' lang='lat' dir='ltr'>est</span> <span class='ocrx_word' id='word_1_249' title='bbox 3614 2486 3749 2531; x_wconf 84' lang='lat' dir='ltr'>una</span> <span class='ocrx_word' id='word_1_250' title='bbox 3780 2465 3938 2530; x_wconf 88' lang='lat' dir='ltr'>uni·</span> <span class='ocrx_word' id='word_1_251' title='bbox 4043 2484 4126 2531; x_wconf 67' lang='lat' dir='ltr'>Aa</span> <span class='ocrx_word' id='word_1_252' title='bbox 4152 2484 4196 2530; x_wconf 72' lang='grc' dir='ltr'>ε.</span> 
     </span>
     <span class='ocr_line' id='line_1_21' title="bbox 725 2552 3937 2660; baseline 0.001 -40"><span class='ocrx_word' id='word_1_253' title='bbox 725 2555 812 2621; x_wconf 91' lang='lat' dir='ltr'>sit</span> <span class='ocrx_word' id='word_1_254' title='bbox 852 2577 890 2622; x_wconf 80' lang='lat' dir='ltr'>a</span> <span class='ocrx_word' id='word_1_255' title='bbox 920 2552 1210 2622; x_wconf 80' lang='lat' dir='ltr'>diversis</span> <span class='ocrx_word' id='word_1_256' title='bbox 1278 2556 1540 2636; x_wconf 81' lang='lat' dir='ltr'>formiS,</span> <span class='ocrx_word' id='word_1_257' title='bbox 1592 2567 1823 2627; x_wconf 88' lang='lat' dir='ltr'>tamen</span> <span class='ocrx_word' id='word_1_258' title='bbox 1863 2558 2280 2628; x_wconf 84' lang='lat' dir='ltr'>abstrahitur</span> <span class='ocrx_word' id='word_1_259' title='bbox 2386 2579 2486 2637; x_wconf 70' lang='lat' dir='ltr'>tas</span> <span class='ocrx_word' id='word_1_260' title='bbox 2517 2592 2612 2651; x_wconf 74' lang='lat' dir='ltr'>re,</span> <span class='ocrx_word' id='word_1_261' title='bbox 2655 2579 2721 2638; x_wconf 75' lang='lat' dir='ltr'>et</span> <span class='ocrx_word' id='word_1_262' title='bbox 2750 2592 2887 2638; x_wconf 78' lang='lat' dir='ltr'>non</span> <span class='ocrx_word' id='word_1_263' title='bbox 2931 2571 3191 2638; x_wconf 70' lang='lat' dir='ltr'>ratione</span> <span class='ocrx_word' id='word_1_264' title='bbox 3225 2568 3669 2660; x_wconf 62' lang='lat' dir='ltr'>intelligendi,</span> <span class='ocrx_word' id='word_1_265' title='bbox 3699 2572 3752 2638; x_wconf 72' lang='lat' dir='ltr'>si</span> <span class='ocrx_word' id='word_1_266' title='bbox 3779 2572 3937 2638; x_wconf 72' lang='lat' dir='ltr'>uni-</span> 
     </span>
    </p>
   </div>
   <div class='ocr_carea' id='block_1_6' title="bbox 725 2661 3939 2983">
    <p class='ocr_par' dir='ltr' id='par_1_8' title="bbox 725 2661 3939 2983">
     <span class='ocr_line' id='line_1_22' title="bbox 727 2661 3933 2768; baseline 0.002 -31"><span class='ocrx_word' id='word_1_267' title='bbox 727 2661 811 2729; x_wconf 66' lang='grc' dir='ltr'>αἱ)</span> <span class='ocrx_word' id='word_1_268' title='bbox 851 2663 950 2731; x_wconf 68' lang='lat'>018</span> <span class='ocrx_word' id='word_1_269' title='bbox 981 2685 1104 2753; x_wconf 75' lang='lat' dir='ltr'>pm·</span> <span class='ocrx_word' id='word_1_270' title='bbox 1134 2686 1348 2730; x_wconf 81' lang='lat' dir='ltr'>unum</span> <span class='ocrx_word' id='word_1_271' title='bbox 1401 2673 1627 2733; x_wconf 72' lang='lat' dir='ltr'>nolum</span> <span class='ocrx_word' id='word_1_272' title='bbox 1661 2666 2032 2735; x_wconf 77' lang='lat' dir='ltr'>Secundum</span> <span class='ocrx_word' id='word_1_273' title='bbox 2065 2669 2280 2736; x_wconf 64' lang='lat' dir='ltr'>ratio·</span> <span class='ocrx_word' id='word_1_274' title='bbox 2386 2687 2488 2745; x_wconf 83' lang='lat' dir='ltr'>tas</span> <span class='ocrx_word' id='word_1_275' title='bbox 2517 2678 2841 2768; x_wconf 83' lang='lat' dir='ltr'>accipitur</span> <span class='ocrx_word' id='word_1_276' title='bbox 2878 2676 2947 2744; x_wconf 90' lang='lat' dir='ltr'>in</span> <span class='ocrx_word' id='word_1_277' title='bbox 2975 2697 3125 2744; x_wconf 82' lang='lat' dir='ltr'>esso</span> <span class='ocrx_word' id='word_1_278' title='bbox 3164 2677 3312 2767; x_wconf 81' lang='lat' dir='ltr'>ejus</span> <span class='ocrx_word' id='word_1_279' title='bbox 3341 2676 3527 2767; x_wconf 91' lang='lat' dir='ltr'>quod</span> <span class='ocrx_word' id='word_1_280' title='bbox 3558 2685 3660 2746; x_wconf 82' lang='lat' dir='ltr'>est</span> <span class='ocrx_word' id='word_1_281' title='bbox 3690 2700 3933 2762; x_wconf 84' lang='lat' dir='ltr'>unum,</span> 
     </span>
     <span class='ocr_line' id='line_1_23' title="bbox 725 2770 3939 2877; baseline 0.005 -39"><span class='ocrx_word' id='word_1_282' title='bbox 725 2792 887 2838; x_wconf 85' lang='lat' dir='ltr'>nem</span> <span class='ocrx_word' id='word_1_283' title='bbox 944 2771 1062 2861; x_wconf 87' lang='lat' dir='ltr'>qui</span> <span class='ocrx_word' id='word_1_284' title='bbox 1118 2778 1221 2838; x_wconf 85' lang='lat' dir='ltr'>est</span> <span class='ocrx_word' id='word_1_285' title='bbox 1283 2770 1761 2859; x_wconf 83' lang='lat' dir='ltr'>determinare,</span> <span class='ocrx_word' id='word_1_286' title='bbox 1812 2784 1879 2844; x_wconf 84' lang='lat' dir='ltr'>et</span> <span class='ocrx_word' id='word_1_287' title='bbox 1935 2777 2151 2857; x_wconf 78' lang='lat' dir='ltr'>finire,</span> <span class='ocrx_word' id='word_1_288' title='bbox 2212 2786 2279 2845; x_wconf 86' lang='lat' dir='ltr'>et</span> <span class='ocrx_word' id='word_1_289' title='bbox 2386 2795 2455 2856; x_wconf 71' lang='lat' dir='ltr'>et</span> <span class='ocrx_word' id='word_1_290' title='bbox 2481 2807 2619 2855; x_wconf 79' lang='lat' dir='ltr'>non</span> <span class='ocrx_word' id='word_1_291' title='bbox 2656 2784 2994 2856; x_wconf 74' lang='lat' dir='ltr'>abstracta</span> <span class='ocrx_word' id='word_1_292' title='bbox 3018 2785 3105 2854; x_wconf 80' lang='lat' dir='ltr'>ab</span> <span class='ocrx_word' id='word_1_293' title='bbox 3136 2786 3284 2877; x_wconf 82' lang='lat' dir='ltr'>ipso</span> <span class='ocrx_word' id='word_1_294' title='bbox 3330 2795 3450 2854; x_wconf 88' lang='lat' dir='ltr'>:et</span> <span class='ocrx_word' id='word_1_295' title='bbox 3480 2786 3633 2855; x_wconf 83' lang='lat' dir='ltr'>ideo</span> <span class='ocrx_word' id='word_1_296' title='bbox 3680 2785 3939 2877; x_wconf 78' lang='lat' dir='ltr'>aliquid</span> 
     </span>
     <span class='ocr_line' id='line_1_24' title="bbox 726 2875 3764 2983; baseline 0.006 -41"><span class='ocrx_word' id='word_1_297' title='bbox 726 2875 1153 2968; x_wconf 80' lang='lat' dir='ltr'>distinguere</span> <span class='ocrx_word' id='word_1_298' title='bbox 1188 2898 1204 2946; x_wconf 78' lang='lat' dir='ltr'><em>z</em></span> <span class='ocrx_word' id='word_1_299' title='bbox 1251 2886 1320 2945; x_wconf 89' lang='lat' dir='ltr'>et</span> <span class='ocrx_word' id='word_1_300' title='bbox 1347 2877 1498 2948; x_wconf 84' lang='lat' dir='ltr'>ideo</span> <span class='ocrx_word' id='word_1_301' title='bbox 1530 2879 1699 2972; x_wconf 85' lang='lat' dir='ltr'>lapis</span> <span class='ocrx_word' id='word_1_302' title='bbox 1743 2893 1845 2951; x_wconf 86' lang='lat' dir='ltr'>est</span> <span class='ocrx_word' id='word_1_303' title='bbox 1876 2906 2050 2952; x_wconf 88' lang='lat' dir='ltr'>unus</span> <span class='ocrx_word' id='word_1_304' title='bbox 2105 2884 2280 2975; x_wconf 83' lang='lat' dir='ltr'>lapi·</span> <span class='ocrx_word' id='word_1_305' title='bbox 2387 2895 2704 2964; x_wconf 70' lang='lat' dir='ltr'>convenit</span> <span class='ocrx_word' id='word_1_306' title='bbox 2731 2894 2851 2963; x_wconf 84' lang='lat' dir='ltr'>uni</span> <span class='ocrx_word' id='word_1_307' title='bbox 2881 2890 3067 2983; x_wconf 85' lang='lat' dir='ltr'>quod</span> <span class='ocrx_word' id='word_1_308' title='bbox 3099 2915 3240 2961; x_wconf 88' lang='lat' dir='ltr'>non</span> <span class='ocrx_word' id='word_1_309' title='bbox 3268 2895 3592 2962; x_wconf 77' lang='lat' dir='ltr'>convenit</span> <span class='ocrx_word' id='word_1_310' title='bbox 3621 2892 3764 2961; x_wconf 82' lang='lat' dir='ltr'>alii.</span> 
     </span>
    </p>
   </div>
   <div class='ocr_carea' id='block_1_7' title="bbox 728 2983 4255 3196">
    <p class='ocr_par' dir='ltr' id='par_1_9' title="bbox 728 2983 4255 3196">
     <span class='ocr_line' id='line_1_25' title="bbox 728 2983 4255 3094; baseline 0.004 -43"><span class='ocrx_word' id='word_1_311' title='bbox 728 2983 936 3052; x_wconf 84' lang='lat' dir='ltr'>ditate</span> <span class='ocrx_word' id='word_1_312' title='bbox 967 3007 1117 3062; x_wconf 79' lang='lat' dir='ltr'>sua,</span> <span class='ocrx_word' id='word_1_313' title='bbox 1158 2993 1228 3053; x_wconf 86' lang='lat' dir='ltr'>et</span> <span class='ocrx_word' id='word_1_314' title='bbox 1260 2985 1521 3087; x_wconf 80' lang='lat' dir='ltr'>lignum</span> <span class='ocrx_word' id='word_1_315' title='bbox 1551 2998 1653 3058; x_wconf 87' lang='lat' dir='ltr'>est</span> <span class='ocrx_word' id='word_1_316' title='bbox 1682 3013 1895 3060; x_wconf 90' lang='lat' dir='ltr'>unum</span> <span class='ocrx_word' id='word_1_317' title='bbox 1928 3015 2065 3061; x_wconf 92' lang='lat' dir='ltr'>non</span> <span class='ocrx_word' id='word_1_318' title='bbox 2105 2992 2280 3086; x_wconf 83' lang='lat' dir='ltr'>lapi·</span> <span class='ocrx_word' id='word_1_319' title='bbox 2478 3002 2580 3069; x_wconf 84' lang='lat' dir='ltr'>An</span> <span class='ocrx_word' id='word_1_320' title='bbox 2615 3025 2770 3071; x_wconf 68' lang='lat' dir='ltr'>Am</span> <span class='ocrx_word' id='word_1_321' title='bbox 2807 3010 2990 3094; x_wconf 84' lang='lat' dir='ltr'>patet</span> <span class='ocrx_word' id='word_1_322' title='bbox 3035 3000 3290 3070; x_wconf 85' lang='lat' dir='ltr'>solutio</span> <span class='ocrx_word' id='word_1_323' title='bbox 3349 3023 3472 3092; x_wconf 86' lang='lat' dir='ltr'>per</span> <span class='ocrx_word' id='word_1_324' title='bbox 3517 3010 3673 3069; x_wconf 82' lang='lat' dir='ltr'>ante</span> <span class='ocrx_word' id='word_1_325' title='bbox 3732 3000 3933 3069; x_wconf 84' lang='lat' dir='ltr'>dicta.</span> <span class='ocrx_word' id='word_1_326' title='bbox 3983 3021 4055 3067; x_wconf 67' lang='lat' dir='ltr'>Aa</span> <span class='ocrx_word' id='word_1_327' title='bbox 4082 3020 4255 3079; x_wconf 64' lang='lat' dir='ltr'>obj-et.</span> 
     </span>
     <span class='ocr_line' id='line_1_26' title="bbox 731 3094 2283 3196; baseline 0.005 -35"><span class='ocrx_word' id='word_1_328' title='bbox 731 3094 937 3163; x_wconf 81' lang='lat' dir='ltr'>ditate</span> <span class='ocrx_word' id='word_1_329' title='bbox 974 3116 990 3161; x_wconf 91' lang='lat'>:</span> <span class='ocrx_word' id='word_1_330' title='bbox 1035 3101 1096 3162; x_wconf 85' lang='lat' dir='ltr'>et</span> <span class='ocrx_word' id='word_1_331' title='bbox 1133 3103 1362 3165; x_wconf 86' lang='lat' dir='ltr'>tamen</span> <span class='ocrx_word' id='word_1_332' title='bbox 1397 3120 1607 3165; x_wconf 85' lang='lat' dir='ltr'>unum</span> <span class='ocrx_word' id='word_1_333' title='bbox 1643 3121 1779 3167; x_wconf 88' lang='lat' dir='ltr'>non</span> <span class='ocrx_word' id='word_1_334' title='bbox 1810 3099 2055 3171; x_wconf 86' lang='lat' dir='ltr'>dieitur</span> <span class='ocrx_word' id='word_1_335' title='bbox 2075 3103 2283 3196; x_wconf 77' lang='lat' dir='ltr'>aequi-</span> 
     </span>
    </p>
   </div>
   <div class='ocr_carea' id='block_1_8' title="bbox 1166 3754 3514 3968">
    <p class='ocr_par' dir='ltr' id='par_1_10' title="bbox 1166 3754 3514 3968">
     <span class='ocr_line' id='line_1_27' title="bbox 1166 3754 3514 3860; baseline 0.002 -31"><span class='ocrx_word' id='word_1_336' title='bbox 1166 3757 1241 3830; x_wconf 74' lang='lat' dir='ltr'>F.</span> <span class='ocrx_word' id='word_1_337' title='bbox 1293 3754 1503 3847; x_wconf 72' lang='lat' dir='ltr'>Quid</span> <span class='ocrx_word' id='word_1_338' title='bbox 1539 3782 1686 3857; x_wconf 77' lang='lat' dir='ltr'>per</span> <span class='ocrx_word' id='word_1_339' title='bbox 1722 3758 1904 3852; x_wconf 83' lang='lat' dir='ltr'>duo,</span> <span class='ocrx_word' id='word_1_340' title='bbox 1939 3784 2109 3832; x_wconf 72' lang='lat' dir='ltr'>reem</span> <span class='ocrx_word' id='word_1_341' title='bbox 2148 3760 2456 3855; x_wconf 74' lang='lat' dir='ltr'>dir-itur,</span> <span class='ocrx_word' id='word_1_342' title='bbox 2500 3760 2676 3835; x_wconf 69' lang='lat' dir='ltr'>dum</span> <span class='ocrx_word' id='word_1_343' title='bbox 2708 3785 3078 3860; x_wconf 70' lang='lat' dir='ltr'>personae,</span> <span class='ocrx_word' id='word_1_344' title='bbox 3115 3761 3247 3837; x_wconf 76' lang='lat' dir='ltr'>rel</span> <span class='ocrx_word' id='word_1_345' title='bbox 3269 3761 3514 3836; x_wconf 76' lang='lat' dir='ltr'>Pater</span> 
     </span>
     <span class='ocr_line' id='line_1_28' title="bbox 1928 3892 2741 3968; baseline -0.001 0"><span class='ocrx_word' id='word_1_346' title='bbox 1928 3901 2001 3968; x_wconf 85' lang='lat' dir='ltr'>el</span> <span class='ocrx_word' id='word_1_347' title='bbox 2037 3892 2286 3967; x_wconf 74' lang='lat' dir='ltr'>Filius</span> <span class='ocrx_word' id='word_1_348' title='bbox 2315 3894 2464 3968; x_wconf 81' lang='lat' dir='ltr'>duo</span> <span class='ocrx_word' id='word_1_349' title='bbox 2488 3902 2667 3968; x_wconf 78' lang='lat' dir='ltr'>sunl</span> <span class='ocrx_word' id='word_1_350' title='bbox 2699 3894 2741 3967; x_wconf 67' lang='grc' dir='ltr'>ἱ)</span> 
     </span>
    </p>
   </div>
   <div class='ocr_carea' id='block_1_9' title="bbox 735 4336 3944 5113">
    <p class='ocr_par' dir='ltr' id='par_1_11' title="bbox 735 4336 3944 5113">
     <span class='ocr_line' id='line_1_29' title="bbox 832 4336 3940 4438; baseline 0.002 -30"><span class='ocrx_word' id='word_1_351' title='bbox 832 4336 1205 4409; x_wconf 73' lang='lat' dir='ltr'>Similiter</span> <span class='ocrx_word' id='word_1_352' title='bbox 1234 4361 1407 4410; x_wconf 80' lang='lat' dir='ltr'>rum</span> <span class='ocrx_word' id='word_1_353' title='bbox 1443 4336 1746 4434; x_wconf 80' lang='lat' dir='ltr'>«licitur,</span> <span class='ocrx_word' id='word_1_354' title='bbox 1792 4339 1944 4413; x_wconf 83' lang='lat' dir='ltr'>duo</span> <span class='ocrx_word' id='word_1_355' title='bbox 1977 4349 2181 4435; x_wconf 80' lang='lat' dir='ltr'>sunt,</span> <span class='ocrx_word' id='word_1_356' title='bbox 2229 4339 2452 4414; x_wconf 62' lang='lat' dir='ltr'>Pau-u·</span> <span class='ocrx_word' id='word_1_357' title='bbox 2508 4352 2579 4414; x_wconf 87' lang='lat' dir='ltr'>et</span> <span class='ocrx_word' id='word_1_358' title='bbox 2627 4341 2886 4434; x_wconf 76' lang='lat' dir='ltr'>Filius,</span> <span class='ocrx_word' id='word_1_359' title='bbox 2939 4364 3090 4413; x_wconf 79' lang='lat' dir='ltr'>nun</span> <span class='ocrx_word' id='word_1_360' title='bbox 3128 4338 3526 4414; x_wconf 72' lang='lat' dir='ltr'>dualimtis</span> <span class='ocrx_word' id='word_1_361' title='bbox 3555 4341 3940 4438; x_wconf 76' lang='lat' dir='ltr'>quantitu-</span> 
     </span>
     <span class='ocr_line' id='line_1_30' title="bbox 735 4472 3939 4575; baseline 0.002 -31"><span class='ocrx_word' id='word_1_362' title='bbox 735 4483 881 4547; x_wconf 80' lang='lat' dir='ltr'>tem</span> <span class='ocrx_word' id='word_1_363' title='bbox 922 4472 1021 4546; x_wconf 85' lang='lat' dir='ltr'>ibi</span> <span class='ocrx_word' id='word_1_364' title='bbox 1058 4472 1454 4570; x_wconf 66' lang='lat' dir='ltr'>ponimus),</span> <span class='ocrx_word' id='word_1_365' title='bbox 1498 4475 1632 4549; x_wconf 84' lang='lat' dir='ltr'>sed</span> <span class='ocrx_word' id='word_1_366' title='bbox 1701 4475 1844 4550; x_wconf 81' lang='lat' dir='ltr'>boc</span> <span class='ocrx_word' id='word_1_367' title='bbox 1893 4475 2447 4572; x_wconf 60' lang='lat' dir='ltr'>significatum,</span> <span class='ocrx_word' id='word_1_368' title='bbox 2508 4477 2709 4575; x_wconf 77' lang='lat' dir='ltr'>qum!</span> <span class='ocrx_word' id='word_1_369' title='bbox 2765 4501 2915 4550; x_wconf 83' lang='lat' dir='ltr'>non</span> <span class='ocrx_word' id='word_1_370' title='bbox 2970 4485 3086 4550; x_wconf 85' lang='lat' dir='ltr'>est</span> <span class='ocrx_word' id='word_1_371' title='bbox 3148 4485 3441 4549; x_wconf 74' lang='lat' dir='ltr'>tautum</span> <span class='ocrx_word' id='word_1_372' title='bbox 3499 4476 3751 4566; x_wconf 74' lang='lat' dir='ltr'>Pater,</span> <span class='ocrx_word' id='word_1_373' title='bbox 3801 4501 3939 4550; x_wconf 84' lang='lat' dir='ltr'>nec</span> 
     </span>
     <span class='ocr_line' id='line_1_31' title="bbox 739 4606 3944 4707; baseline 0.002 -27"><span class='ocrx_word' id='word_1_374' title='bbox 739 4615 1034 4680; x_wconf 83' lang='lat' dir='ltr'>tantum</span> <span class='ocrx_word' id='word_1_375' title='bbox 1080 4606 1347 4700; x_wconf 78' lang='lat' dir='ltr'>Filius,</span> <span class='ocrx_word' id='word_1_376' title='bbox 1381 4608 1511 4682; x_wconf 84' lang='lat' dir='ltr'>sed</span> <span class='ocrx_word' id='word_1_377' title='bbox 1557 4608 1787 4683; x_wconf 84' lang='lat' dir='ltr'>Pater</span> <span class='ocrx_word' id='word_1_378' title='bbox 1811 4620 1884 4683; x_wconf 89' lang='lat' dir='ltr'>et</span> <span class='ocrx_word' id='word_1_379' title='bbox 1925 4610 2189 4706; x_wconf 76' lang='lat' dir='ltr'>Filius,</span> <span class='ocrx_word' id='word_1_380' title='bbox 2225 4625 2290 4687; x_wconf 79' lang='lat' dir='ltr'>et</span> <span class='ocrx_word' id='word_1_381' title='bbox 2341 4614 2459 4687; x_wconf 81' lang='lat' dir='ltr'>hie</span> <span class='ocrx_word' id='word_1_382' title='bbox 2504 4637 2652 4686; x_wconf 87' lang='lat' dir='ltr'>nou</span> <span class='ocrx_word' id='word_1_383' title='bbox 2697 4622 2810 4686; x_wconf 84' lang='lat' dir='ltr'>est</span> <span class='ocrx_word' id='word_1_384' title='bbox 2852 4610 2979 4685; x_wconf 86' lang='lat' dir='ltr'>ille</span> <span class='ocrx_word' id='word_1_385' title='bbox 3023 4633 3041 4685; x_wconf 73' lang='grc' dir='ltr'><strong><em>ε</em></strong></span> <span class='ocrx_word' id='word_1_386' title='bbox 3091 4609 3196 4684; x_wconf 85' lang='lat' dir='ltr'>ita</span> <span class='ocrx_word' id='word_1_387' title='bbox 3224 4620 3301 4684; x_wconf 88' lang='lat' dir='ltr'>et</span> <span class='ocrx_word' id='word_1_388' title='bbox 3329 4610 3426 4685; x_wconf 85' lang='lat' dir='ltr'>de</span> <span class='ocrx_word' id='word_1_389' title='bbox 3458 4610 3632 4685; x_wconf 77' lang='lat' dir='ltr'>aliis</span> <span class='ocrx_word' id='word_1_390' title='bbox 3666 4610 3944 4707; x_wconf 82' lang='lat' dir='ltr'>hujus-</span> 
     </span>
     <span class='ocr_line' id='line_1_32' title="bbox 740 4739 3944 4844; baseline 0.002 -31"><span class='ocrx_word' id='word_1_391' title='bbox 740 4739 972 4813; x_wconf 81' lang='lat' dir='ltr'>modi.</span> <span class='ocrx_word' id='word_1_392' title='bbox 1012 4741 1116 4813; x_wconf 81' lang='lat' dir='ltr'>lta</span> <span class='ocrx_word' id='word_1_393' title='bbox 1148 4740 1375 4814; x_wconf 81' lang='lat' dir='ltr'>etiam</span> <span class='ocrx_word' id='word_1_394' title='bbox 1411 4766 1584 4815; x_wconf 84' lang='lat' dir='ltr'>eum</span> <span class='ocrx_word' id='word_1_395' title='bbox 1618 4741 1974 4838; x_wconf 77' lang='lat' dir='ltr'>dicimus,</span> <span class='ocrx_word' id='word_1_396' title='bbox 2020 4744 2244 4820; x_wconf 75' lang='lat' dir='ltr'>Pater</span> <span class='ocrx_word' id='word_1_397' title='bbox 2281 4760 2349 4820; x_wconf 81' lang='lat' dir='ltr'>et</span> <span class='ocrx_word' id='word_1_398' title='bbox 2396 4747 2629 4822; x_wconf 78' lang='lat' dir='ltr'>Filius</span> <span class='ocrx_word' id='word_1_399' title='bbox 2669 4755 2847 4820; x_wconf 84' lang='lat' dir='ltr'>sunt</span> <span class='ocrx_word' id='word_1_400' title='bbox 2878 4745 3054 4819; x_wconf 73' lang='lat' dir='ltr'>dum</span> <span class='ocrx_word' id='word_1_401' title='bbox 3089 4769 3474 4844; x_wconf 66' lang='lat' dir='ltr'>persona‘,</span> <span class='ocrx_word' id='word_1_402' title='bbox 3513 4746 3655 4818; x_wconf 77' lang='lat' dir='ltr'>hue</span> <span class='ocrx_word' id='word_1_403' title='bbox 3695 4745 3944 4839; x_wconf 72' lang='lat' dir='ltr'>signi-</span> 
     </span>
     <span class='ocr_line' id='line_1_33' title="bbox 740 4875 3942 4979; baseline 0 -32"><span class='ocrx_word' id='word_1_404' title='bbox 740 4876 1092 4966; x_wconf 67' lang='lat' dir='ltr'>ficamus,</span> <span class='ocrx_word' id='word_1_405' title='bbox 1127 4875 1329 4972; x_wconf 73' lang='grc' dir='ltr'>(μισιιΙ</span> <span class='ocrx_word' id='word_1_406' title='bbox 1379 4886 1857 4950; x_wconf 71' lang='lat' dir='ltr'>uolitantum</span> <span class='ocrx_word' id='word_1_407' title='bbox 1904 4877 2127 4952; x_wconf 69' lang='lat' dir='ltr'>Pate-r</span> <span class='ocrx_word' id='word_1_408' title='bbox 2163 4891 2269 4953; x_wconf 81' lang='lat' dir='ltr'>est</span> <span class='ocrx_word' id='word_1_409' title='bbox 2317 4906 2669 4979; x_wconf 72' lang='lat' dir='ltr'>persona,</span> <span class='ocrx_word' id='word_1_410' title='bbox 2718 4906 2854 4955; x_wconf 76' lang='lat' dir='ltr'>uer</span> <span class='ocrx_word' id='word_1_411' title='bbox 2901 4892 3192 4956; x_wconf 60' lang='lat' dir='ltr'>titutum</span> <span class='ocrx_word' id='word_1_412' title='bbox 3240 4880 3480 4954; x_wconf 73' lang='lat' dir='ltr'>Filius</span> <span class='ocrx_word' id='word_1_413' title='bbox 3520 4893 3627 4952; x_wconf 71' lang='lat' dir='ltr'>est</span> <span class='ocrx_word' id='word_1_414' title='bbox 3676 4906 3942 4979; x_wconf 70' lang='lat' dir='ltr'>persn-</span> 
     </span>
     <span class='ocr_line' id='line_1_34' title="bbox 739 4994 3639 5113; baseline 0.002 -32"><span class='ocrx_word' id='word_1_415' title='bbox 739 5034 867 5100; x_wconf 75' lang='lat' dir='ltr'>nu,</span> <span class='ocrx_word' id='word_1_416' title='bbox 903 5008 1033 5080; x_wconf 79' lang='lat' dir='ltr'>sed</span> <span class='ocrx_word' id='word_1_417' title='bbox 1086 5009 1308 5081; x_wconf 75' lang='lat' dir='ltr'>Pater</span> <span class='ocrx_word' id='word_1_418' title='bbox 1347 5021 1459 5096; x_wconf 61' lang='lat' dir='ltr'>,est</span> <span class='ocrx_word' id='word_1_419' title='bbox 1493 5036 1846 5108; x_wconf 74' lang='lat' dir='ltr'>persona,</span> <span class='ocrx_word' id='word_1_420' title='bbox 1890 5023 1961 5087; x_wconf 78' lang='lat' dir='ltr'>et</span> <span class='ocrx_word' id='word_1_421' title='bbox 2007 5014 2239 5087; x_wconf 76' lang='lat' dir='ltr'>Filius</span> <span class='ocrx_word' id='word_1_422' title='bbox 2277 5025 2385 5087; x_wconf 73' lang='lat' dir='ltr'>est</span> <span class='ocrx_word' id='word_1_423' title='bbox 2423 5040 2776 5113; x_wconf 74' lang='lat' dir='ltr'>persona,</span> <span class='ocrx_word' id='word_1_424' title='bbox 2822 4994 2889 5089; x_wconf 78' lang='lat' dir='ltr'>et</span> <span class='ocrx_word' id='word_1_425' title='bbox 2931 5018 3093 5090; x_wconf 73' lang='grc' dir='ltr'>Ιιευι·</span> <span class='ocrx_word' id='word_1_426' title='bbox 3141 5041 3289 5088; x_wconf 77' lang='lat' dir='ltr'>unu</span> <span class='ocrx_word' id='word_1_427' title='bbox 3328 5025 3436 5087; x_wconf 69' lang='lat' dir='ltr'>est</span> <span class='ocrx_word' id='word_1_428' title='bbox 3485 5015 3639 5087; x_wconf 78' lang='lat' dir='ltr'>ina.</span> 
     </span>
    </p>
   </div>
  </div>
 </body>
</html>
