4897 6388
1921 246 2018 313 IN
2065 247 2097 314 Ι
2147 218 2574 376 ΞΕΝΤΕΝΤ.
2623 244 2851 313 DlST.
2903 244 3025 324 lX,
3077 247 3132 327 1,
3186 249 3384 319 ART.
3443 253 3543 319 12.

1208 412 1274 479 4.
1312 389 1681 514 Praeterea,
1710 412 1896 481 Scire
1935 436 2079 481 rem
2110 414 2179 480 in
2234 435 2358 480 sua
2394 390 2669 503 propria

1119 528 1392 603 natura
1436 529 1548 590 est
1559 507 1730 591 scire
1766 544 1916 592 eam
1948 522 2325 592 secundum
2365 522 2673 591 differen-

1115 626 1246 694 tias
1279 627 1528 716 quibus
1558 627 1998 720 distinguitur
2036 629 2119 697 ab
2150 630 2302 697 aliis
2340 652 2492 720 quae
2515 637 2672 698 sunt

1117 734 1187 800 in
1219 732 1462 800 eodem
1494 757 1744 824 genere
1782 760 1939 806 cum
1991 740 2194 828 ipsa:
2229 737 2348 806 sed
2390 760 2515 806 nos
2544 738 2673 805 ha-

1114 829 1360 908 bemus
1394 864 1433 911 a
1477 841 1745 913 Sanctis
1778 845 1973 914 nobis
2002 847 2278 914 traditas
2306 845 2670 936 hujusmo-

1116 946 1186 1015 di
1225 947 1670 1046 differentiaS,
1705 952 1959 1022 scilicet
1995 953 2184 1044 quod
2211 961 2309 1022 est
2349 956 2494 1021 sine
2523 976 2672 1021 ver-

1114 1055 1308 1126 sione
1356 1043 1772 1180 generantis,
1817 1062 2005 1153 quod
2058 1085 2200 1130 non
2266 1068 2490 1131 estex
2539 1083 2670 1150 po-

1113 1166 1376 1234 tentia
1359 1189 1432 1233 ιιι
1484 1176 1739 1252 actum,
1791 1169 1974 1260 quod
2011 1178 2115 1238 est
2171 1167 2663 1250 immaterialiS,

1106 1273 1304 1372 quod
1333 1298 1477 1343 non
1496 1275 1740 1359 dividit
1758 1298 1904 1346 esse
1931 1278 2042 1348 vel
2071 1279 2466 1360 essentiam,
2508 1299 2670 1368 qua-

1110 1381 1205 1451 lia
1225 1363 1580 1460 habemus
1620 1386 1703 1454 ab
1743 1387 2157 1480 Augustino,
2192 1396 2260 1457 et
2296 1387 2670 1457 Damasce-

1111 1515 1230 1573 no,
1274 1500 1341 1561 et
1370 1493 1726 1566 aBoetio:
1709 1518 1924 1589 ergo
1967 1496 2257 1576 videtur,
2284 1495 2470 1588 quod
2499 1498 2666 1565 scita

1109 1602 1199 1669 sit
1234 1605 1588 1692 generatio
1629 1605 1701 1672 in
1729 1607 2005 1698 propria
2060 1614 2302 1675 natura
2336 1627 2350 1672 :
2386 1605 2669 1674 scientia

1109 1718 1342 1781 autem
1365 1714 1463 1782 rei
1481 1714 1809 1805 simplicis
1831 1715 2278 1807 incomplexae
2300 1715 2369 1784 in
2390 1715 2666 1806 propria

1099 1826 1356 1914 „natura
1386 1829 1491 1889 est
1517 1823 1801 1892 scientia
1828 1822 1990 1914 quid
2011 1830 2120 1892 est
2149 1845 2256 1893 res
2293 1822 2365 1892 in
2390 1823 2668 1914 propria

1107 1936 1399 1999 nzatura
1435 1933 1598 2023 ergo
1650 1930 1958 2018 videtur,
1978 1931 2164 2026 quod
2212 1954 2341 2002 nos
2369 1931 2667 2021 sciamus

971 2097 974 2100 ,
1103 2037 1276 2130 qnid
1323 2045 1427 2108 est
1473 2041 1823 2131 generatio
1862 2039 2153 2111 divina.
2187 2064 2352 2133 ergo
2393 2062 2535 2110 non
2565 2047 2666 2109 est

750 2278 850 2326 Sed
876 2281 1064 2327 eontra.

806 3247 1002 3297 solcum

758 4425 1029 4475 adt-⁸2.

1103 2168 1355 2217 -verum
1396 2145 1583 2237 quod
1613 2146 2018 2234 Ambrosius
2047 2148 2212 2219 dicit
2250 2146 2387 2217 hic.

1201 2249 1336 2321 Sne
1382 2276 1685 2324 con-rna:
1732 2254 1918 2325 Scire
1970 2256 2135 2349 quid
2173 2264 2299 2336 est,
2355 2265 2458 2328 est
2493 2256 2665 2327 scire

1107 2361 1425 2452 proprios
1462 2363 1797 2454 terminos
1851 2365 1949 2440 rei
1990 2365 2167 2434 intra
2197 2386 2371 2456 quos
2400 2363 2667 2434 claudi-

1105 2474 1219 2537 tur
1243 2475 1390 2538 tota
1418 2468 1516 2539 rei
1544 2477 1789 2565 natura
1822 2495 1838 2541 ε
1871 2472 1991 2543 sed
2019 2474 2117 2542 sic
2144 2495 2284 2541 non
2329 2473 2665 2565 contingit

1093 2575 1331 2652 ,Deum
1360 2577 1583 2647 scire:
1637 2579 1800 2671 quia
1827 2579 1925 2648 sic
1971 2577 2664 2671 comprehenderetur

1100 2693 1211 2765 vel
1232 2693 1668 2766 clauderetur
1695 2697 1767 2767 in
1798 2704 2034 2767 nostro
2076 2696 2451 2779 intellectu,
2475 2697 2664 2789 quod

1100 2826 1310 2895 supra
1341 2812 1447 2874 est
1505 2803 1968 2895 improbatum
2003 2828 2021 2875 ε
2082 2828 2241 2876 cum
2281 2807 2491 2898 igitur
2535 2829 2662 2899 ge-

1101 2912 1366 2980 neratio
1425 2911 1659 2979 divina
1703 2911 1890 2982 Deus
1925 2915 2039 2994 sit,
2085 2912 2302 3004 ipsam
2333 2934 2473 2984 non
2493 2936 2659 2984 con·

1101 3020 1320 3112 tingit,
1343 3022 1518 3090 scire
1547 3021 1655 3090 vel
1687 3022 2072 3114 significare
2109 3021 2273 3116 quid
2303 3031 2429 3094 est.

1193 3234 1508 3307 Somno.
1587 3239 1993 3324 Dicendum,
2072 3242 2257 3334 quod
2311 3246 2489 3312 sicut
2553 3243 2658 3313 di-

1099 3343 1196 3413 cit
1245 3342 1716 3438 Philosophus
1770 3349 1839 3419 in
1878 3351 1907 3419 1
1947 3349 2032 3420 de
2082 3352 2364 3431 Anima,
2429 3355 2656 3423 omnis

1095 3450 1568 3544 intelligentiae
1599 3478 1753 3546 quae
1774 3464 1877 3526 est
1906 3456 1988 3526 de
2025 3457 2191 3550 quid
2219 3467 2344 3537 est,
2379 3460 2654 3529 termini

1095 3568 1258 3628 sunt
1307 3581 1323 3630 ε
1388 3562 1856 3652 praecticarum
1911 3565 2099 3635 enim
2165 3565 2655 3659 intelligentia-

1095 3689 1255 3737 rum
1296 3668 1573 3738 termini
1605 3679 1766 3739 sunt
1807 3692 2099 3742 :omnes
2146 3673 2331 3743 enim
2369 3675 2651 3745 alterius

1092 3797 1299 3845 causa
1352 3782 1540 3854 sunt,
1602 3777 1862 3848 scilicet
1923 3788 2203 3872 propter
2259 3781 2406 3871 ejus
2463 3782 2651 3874 quod

1092 3881 1567 3953 consideratur
1606 3907 1625 3953 z
1682 3885 2115 3977 speculativoe
2152 3911 2318 3957 vero
2370 3891 2650 3960 rationi·

1089 3988 1218 4059 hus
1256 3991 1766 4062 terminantur:
1812 4002 1878 4062 et
1906 3995 2135 4064 omnis
2175 3998 2346 4065 ratio
2384 4007 2505 4067 aut
2525 3998 2649 4067 dir·

1088 4097 1311 4168 finitio
1366 4110 1493 4180 est,
1548 4109 1669 4170 aut
1712 4101 2203 4173 demonstratio
2238 4106 2305 4173 in
2338 4128 2476 4197 qua
2512 4115 2648 4177 stat

1090 4204 1573 4297 intelligentia,
1601 4217 1670 4278 et
1703 4209 2147 4280 diffinitiones
2187 4235 2428 4283 omnes
2458 4215 2644 4284 diffi-

1089 4313 1255 4383 nita>
1283 4315 1561 4386 suntad
1601 4315 2028 4389 diffinientia.

1182 4419 1267 4488 Et
1294 4419 1450 4490 ideo
1491 4421 1668 4501 dico,
1703 4424 1890 4515 quod
1927 4447 2065 4494 non
2093 4428 2430 4519 contingit
2472 4430 2644 4500 scire

1092 4528 1259 4620 quid
1307 4537 1411 4600 est
1455 4529 1644 4599 Deus
1684 4530 1789 4600 vel
1846 4530 2104 4624 aliquid
2168 4535 2507 4619 divinum,
2559 4561 2642 4607 eo

1091 4635 1277 4729 quod
1326 4636 1604 4706 diffiniri
1662 4661 1704 4706 a
1756 4640 1954 4708 nobis
2008 4664 2146 4710 non
2185 4652 2462 4734 potest:
2522 4646 2642 4714 sed

1088 4745 1215 4814 erit
1244 4766 1518 4836 semper
1563 4745 1937 4815 secundum
1970 4747 2226 4841 aliquid
2281 4752 2386 4819 sui
2448 4761 2641 4822 extra

1088 4875 1240 4932 ιιο3,
1292 4860 1371 4922 ut
1413 4874 1622 4944 supra
1668 4853 1966 4924 diximus
2015 4856 2083 4923 in
2132 4858 2507 4948 quaestione
2555 4860 2640 4928 de

1084 4960 1372 5031 scientia
1416 4959 1546 5030 Dei
1588 4954 1650 5029 ’ἑ
1699 4970 1766 5030 et
1808 4960 1939 5033 hoc
1973 4962 2295 5056 intelligit
2335 4966 2637 5037 Ambro-

1082 5067 1225 5138 sius
1255 5067 1531 5159 quando
1563 5068 1751 5156 dicit,
1796 5070 1980 5163 quod
2018 5094 2157 5141 non
2194 5073 2406 5142 scitur
2433 5097 2475 5143 a
2502 5100 2640 5145 no-

1080 5177 1187 5248 bis
1243 5178 1599 5271 generatio
1640 5179 1895 5261 divina,
1956 5203 2081 5251 nec
2110 5183 2315 5252 etiam
2346 5183 2432 5252 ab
2483 5185 2640 5254 An-

1081 5283 1252 5378 gelis
1289 5307 1304 5354 :
1341 5288 1506 5378 quia
1550 5310 1673 5379 per
1730 5288 1897 5379 quid
1936 5297 2064 5376 est,
2105 5290 2272 5360 scita
2328 5314 2471 5362 non
2537 5302 2640 5362 est

1084 5393 1217 5463 nisi
1256 5391 1342 5463 ab
1391 5415 1476 5463 eo
1515 5395 1634 5484 qui
1674 5403 1773 5464 est
1819 5396 2004 5467 Deus
2043 5397 2334 5468 Trinitas
2368 5424 2385 5469 ε
2427 5397 2638 5470 habe-

1160 5634 1179 5671 ·
1208 5631 1294 5688 cr.
1328 5631 1539 5705 supra,
1574 5631 1718 5690 nist.
1751 5634 1824 5689 11.

4180 256 4316 360 29}

2784 436 2932 480 mus
2986 425 3213 483 autem
3291 419 3644 486 scientiam
3703 421 3784 488 de
3842 365 4085 488 divinis
4150 424 4320 490 siout

2777 526 2876 586 est
2905 522 3181 590 scientia
3231 525 3542 615 quintet
3578 527 3750 595 hene
3782 528 4101 607 conced0‚
4137 530 4318 619 quod

2774 626 2926 716 plus
2956 630 3207 698 scimus
3264 632 3346 700 de
3388 656 3467 700 ea
3509 657 3713 724 quam
3791 636 3969 726 quod
4004 635 4317 703 ineffabi-

2775 734 2857 801 lis
2889 741 3013 806 est.

2864 844 2968 910 An
3018 843 3083 910 id
3141 847 3324 935 quod
3381 857 3614 918 contra
3674 852 4014 940 objicitur,
4085 852 4312 921 dicen·

2776 950 2939 1018 dum
2998 955 3183 1043 quod
3250 977 3489 1024 verum
3531 968 3632 1027 est
3680 961 3863 1051 quod
3901 961 3981 1027 de
4038 962 4315 1028 scientia

2773 1059 2934 1147 quia
2965 1060 3032 1126 in
3074 1060 3795 1147 demonstrationibuS‚
3831 1091 3978 1158 quae
4020 1077 4119 1136 est
4156 1061 4315 1137 con·

2775 1166 3103 1258 clusionis
3166 1173 3472 1256 scientia,
3533 1173 3819 1243 habetur
3862 1177 3992 1245 illis
4050 1176 4314 1245 duobus

2776 1275 3045 1343 modis:
3090 1257 3208 1346 sed
3248 1279 3343 1348 sic
3401 1304 3538 1349 non
3570 1286 3780 1351 scitur
3826 1287 4170 1376 generatio
4219 1287 4317 1355 di-

2772 1383 2955 1462 vina,
3009 1384 3128 1453 sed
3155 1388 3380 1476 potius
3412 1397 3487 1455 ut
3551 1391 4077 1483 incomplexum,
4122 1395 4315 1483 cujus

2772 1492 3052 1561 scientia
3118 1517 3259 1564 non
3298 1495 3587 1567 habetur
3632 1501 3921 1590 perfecte
3979 1525 4100 1593 per
4136 1503 4319 1572 disfi-

2772 1599 3028 1668 nientia
3056 1601 3281 1692 ipsum
3309 1627 3324 1673 :
3360 1614 3427 1673 et
3464 1603 3608 1674 haec
3637 1616 3738 1676 est
3766 1609 4045 1678 scientia
4075 1608 4317 1680 similis

2771 1710 2833 1776 ei
2865 1732 3013 1800 qnae
3080 1721 3182 1781 est
3218 1715 3503 1784 scientia
3543 1717 3726 1807 quia,
3771 1726 3835 1784 et
3865 1727 3965 1785 est
4018 1721 4184 1788 seire
4242 1723 4313 1788 in

2771 1819 3161 1899 universali,
3208 1830 3276 1890 et
3333 1846 3471 1892 non
3521 1824 3590 1893 in
3627 1826 3899 1916 propria
3940 1835 4179 1897 natura
4203 1851 4309 1898 se·

2769 1926 3069 1996 cundum
3102 1929 3284 2019 quod
3319 1931 3541 2021 ipsum
3574 1942 3698 2004 est.

2860 2035 2965 2101 An
3012 2057 3076 2102 tn
3106 2041 3337 2108 autem
3382 2039 3568 2129 quod
3615 2040 3931 2130 objicitur
3971 2042 4054 2113 de
4109 2043 4307 2112 diss'e-

2770 2141 3004 2211 rentiis
3048 2144 3221 2234 ejus,
3279 2145 3644 2217 dicendum
3693 2150 3876 2239 quod
3917 2174 4054 2220 non
4100 2153 4307 2243 signi·

2774 2249 3013 2317 fleatur
3041 2251 3239 2319 nobis
3303 2253 3698 2330 differentiis
3756 2259 3881 2324 nisi
3928 2258 4301 2350 dupliciter,

2771 2359 3026 2428 scilicet
3073 2363 3408 2452 negativis
3471 2366 3613 2433 sivo
3667 2366 4073 2455 privativis:
4134 2371 4307 2440 sicut

2770 2467 2958 2556 quod
3001 2477 3103 2537 est
3157 2469 3614 2560 impassibilis,
3660 2473 4147 2562 immaterialis,
4201 2480 4305 2546 in-

2769 2575 3125 2655 vertibilis,
3169 2586 3237 2646 et
3263 2576 3681 2669 hujusmodi.
3739 2580 3874 2650 111ae
3914 2583 4307 2656 diss'erentiae

2771 2704 2911 2751 non
2950 2686 3346 2765 certificant,
3380 2689 3508 2755 nisi
3533 2690 3688 2780 quia
3720 2690 4113 2762 differentiae
4142 2718 4306 2764 con-

2767 2791 3123 2864 stituentes
3153 2805 3314 2864 sunt
3340 2799 3675 2887 positivae.
3713 2800 3882 2869 Atiae
3914 2801 4305 2873 differentiae

2768 2924 2917 2992 quae
2973 2905 3279 2994 positivae
3324 2917 3505 2986 sunt,
3547 2918 3703 2978 sunt
3746 2922 4021 2981 remota:
4064 2935 4079 2980 :
4132 2916 4306 2984 sicut

2670 3099 2677 3106 N
2767 3012 2951 3103 quod
2972 3023 3072 3084 est
3092 3013 3163 3082 in
3190 3016 3428 3085 eadem
3460 3018 3858 3101 substantia,
3885 3020 3990 3090 vel
4014 3024 4302 3093 consub-

2763 3121 3097 3192 stantialis
3131 3144 3149 3193 ε
3183 3122 3314 3193 illae
3352 3127 3533 3194 enim
3566 3150 3701 3197 non
3733 3138 3889 3198 sunt
3922 3134 4243 3223 proximae
4279 3154 4295 3204 ε

2765 3227 2944 3299 unde
2964 3231 3032 3298 in
3062 3230 3311 3301 talibus
3348 3231 3569 3303 adhuc
3599 3247 3899 3306 remanet
3931 3239 4296 3323 occultum,

2762 3338 3137 3408 secundum
3189 3362 3392 3432 quem
3451 3343 3728 3412 modum
3785 3348 3869 3415 sit
3932 3347 3997 3415 in
4064 3350 4297 3419 eadem

2760 3444 3140 3516 substantia
3171 3458 3282 3517 :et
3313 3449 3463 3520 ideo
3503 3448 3656 3521 licet
3690 3450 3822 3521 illis
3851 3454 4303 3527 ditierentiisa

2761 3551 3170 3643 quibusdam
3201 3554 3681 3648 distinguatur,
3728 3569 3951 3630 tamen
3982 3566 4140 3654 quia
4161 3587 4300 3634 non

2759 3669 3247 3731 convertuntur
3283 3685 3439 3732 cum
3481 3664 3623 3756 ipsa
3659 3669 4130 3739 constituendo
4160 3693 4298 3740 non

2757 3769 3156 3857 specificant
3190 3773 3700 3861 generationem
3740 3797 3756 3843 ε
3800 3785 3864 3845 et
3907 3776 4055 3845 ideo
4080 3777 4301 3850 adhuc

2760 3875 3115 3966 ignoratur
3196 3879 3359 3969 quid
3414 3884 3874 3972 generationis
3926 3910 3941 3954 ε
4013 3896 4078 3955 et
4143 3888 4294 3958 ideo

2756 3984 2960 4052 etiam
2991 4007 3129 4053 non
3170 3985 3327 4055 dicit
3363 3988 3771 4060 Ambrosius
3817 3994 3999 4084 quod
4029 3996 4295 4086 simpli-

2756 4091 2921 4159 citer
2952 4092 3368 4182 impossihile
3427 4097 3513 4164 sit
3550 4099 3719 4166 scire
3757 4102 4288 4191 generationem,

2755 4198 2873 4269 sed
2906 4200 3088 4290 quod
3131 4202 3547 4293 impossibile
3581 4216 3683 4276 est
3709 4210 3878 4280 scire
3908 4214 4296 4301 generatio-

2756 4307 2861 4375 nis
2920 4317 3280 4388 secretum,
3341 4311 3499 4401 quia
3564 4325 3897 4387 secretum
3973 4321 4119 4409 ejus
4191 4332 4296 4391 est

2758 4417 2923 4509 quid
2943 4419 3027 4487 sit
3061 4437 3080 4490 ε
3122 4421 3241 4489 sed
3279 4444 3417 4491 non
3457 4431 3556 4492 est
3586 4438 3919 4499 secretum
3961 4431 4122 4522 quid
4152 4455 4293 4502 non

2754 4527 2844 4594 sit
2885 4549 2901 4595 ε
2935 4534 3002 4597 et
3027 4523 3156 4598 hoc
3192 4529 3403 4599 scitur
3429 4540 3497 4600 et
3525 4532 3767 4604 ellatur
3798 4558 3814 4603 ε
3845 4536 4020 4607 unde
4050 4539 4293 4608 ell'ahi-

2755 4634 2838 4705 lis
2896 4645 2996 4705 est
3039 4638 3413 4708 secundum
3483 4641 3673 4731 quid,
3736 4650 3800 4713 et
3861 4669 3996 4715 non
4039 4649 4295 4740 simpli·

2758 4745 2948 4812 citer.

4415 2079 4494 2127 Ad
4523 2080 4564 2125 4.
