<?xml version="1.0" encoding="UTF-8"?>
<!DOCTYPE html PUBLIC "-//W3C//DTD XHTML 1.0 Transitional//EN"
    "http://www.w3.org/TR/xhtml1/DTD/xhtml1-transitional.dtd">
<html xmlns="http://www.w3.org/1999/xhtml" xml:lang="en" lang="en">
 <head>
  <title>
</title>
<meta http-equiv="Content-Type" content="text/html;charset=utf-8" />
  <meta name='ocr-system' content='tesseract 3.04.00' />
  <meta name='ocr-capabilities' content='ocr_page ocr_carea ocr_par ocr_line ocrx_word'/>
</head>
<body>
  <div class='ocr_page' id='page_1' title='image "balbertimagnira03chgoog_0213.png"; bbox 0 0 4897 6388; ppageno 0'>
   <div class='ocr_carea' id='block_1_1' title="bbox 1880 259 4300 345">
    <p class='ocr_par' dir='ltr' id='par_1_1' title="bbox 1880 259 4300 345">
     <span class='ocr_line' id='line_1_1' title="bbox 1880 259 4300 345; baseline 0.002 -18"><span class='ocrx_word' id='word_1_1' title='bbox 1880 261 1971 327; x_wconf 87' lang='grc' dir='ltr'>ΙΝ</span> <span class='ocrx_word' id='word_1_2' title='bbox 2024 259 2044 324; x_wconf 91' lang='lat'>1</span> <span class='ocrx_word' id='word_1_3' title='bbox 2102 260 2526 330; x_wconf 74' lang='lat' dir='ltr'><strong>SENTENT.</strong></span> <span class='ocrx_word' id='word_1_4' title='bbox 2581 264 2809 332; x_wconf 89' lang='lat' dir='ltr'><strong>DIST.</strong></span> <span class='ocrx_word' id='word_1_5' title='bbox 2862 263 2984 345; x_wconf 82' lang='lat' dir='ltr'>vl,</span> <span class='ocrx_word' id='word_1_6' title='bbox 3037 265 3113 342; x_wconf 80' lang='lat' dir='ltr'>C,</span> <span class='ocrx_word' id='word_1_7' title='bbox 3166 265 3363 332; x_wconf 88' lang='lat' dir='ltr'>ART.</span> <span class='ocrx_word' id='word_1_8' title='bbox 3420 267 3483 333; x_wconf 90' lang='lat'>3.</span> <span class='ocrx_word' id='word_1_9' title='bbox 4175 267 4300 334; x_wconf 79' lang='lat'>201</span> 
     </span>
    </p>
   </div>
   <div class='ocr_carea' id='block_1_2' title="bbox 1079 429 4342 1755">
    <p class='ocr_par' dir='ltr' id='par_1_2' title="bbox 1079 429 4342 1755">
     <span class='ocr_line' id='line_1_2' title="bbox 1088 429 4342 531; baseline 0.001 -26"><span class='ocrx_word' id='word_1_10' title='bbox 1088 429 1599 531; x_wconf 78' lang='lat' dir='ltr'>intelligebat.</span> <span class='ocrx_word' id='word_1_11' title='bbox 1644 429 1817 505; x_wconf 84' lang='lat' dir='ltr'>Non</span> <span class='ocrx_word' id='word_1_12' title='bbox 1861 430 2066 506; x_wconf 89' lang='lat' dir='ltr'>enim</span> <span class='ocrx_word' id='word_1_13' title='bbox 2109 432 2273 531; x_wconf 91' lang='lat' dir='ltr'>ipse</span> <span class='ocrx_word' id='word_1_14' title='bbox 2324 433 2536 507; x_wconf 93' lang='lat' dir='ltr'>Deus</span> <span class='ocrx_word' id='word_1_15' title='bbox 2594 441 2708 508; x_wconf 88' lang='lat' dir='ltr'>est</span> <span class='ocrx_word' id='word_1_16' title='bbox 2754 433 3149 507; x_wconf 86' lang='lat' dir='ltr'>voluntate</span> <span class='ocrx_word' id='word_1_17' title='bbox 3205 434 3670 530; x_wconf 73' lang='lat' dir='ltr'>praecedenti</span> <span class='ocrx_word' id='word_1_18' title='bbox 3734 436 3857 511; x_wconf 82' lang='lat' dir='ltr'>vel</span> <span class='ocrx_word' id='word_1_19' title='bbox 3915 431 4342 521; x_wconf 82' lang='lat' dir='ltr'>efficienti,</span> 
     </span>
     <span class='ocr_line' id='line_1_3' title="bbox 1086 567 4309 668; baseline 0 -26"><span class='ocrx_word' id='word_1_20' title='bbox 1086 571 1209 645; x_wconf 92' lang='lat' dir='ltr'>vel</span> <span class='ocrx_word' id='word_1_21' title='bbox 1242 569 1520 642; x_wconf 85' lang='lat' dir='ltr'>volens</span> <span class='ocrx_word' id='word_1_22' title='bbox 1561 567 2016 666; x_wconf 78' lang='lat' dir='ltr'>priusquam</span> <span class='ocrx_word' id='word_1_23' title='bbox 2051 568 2263 642; x_wconf 92' lang='lat' dir='ltr'>Deus</span> <span class='ocrx_word' id='word_1_24' title='bbox 2308 589 2490 642; x_wconf 90' lang='lat' dir='ltr'>:nec</span> <span class='ocrx_word' id='word_1_25' title='bbox 2515 568 2909 643; x_wconf 86' lang='lat' dir='ltr'>voluntate</span> <span class='ocrx_word' id='word_1_26' title='bbox 2938 568 3399 667; x_wconf 56' lang='lat' dir='ltr'>praecedenti</span> <span class='ocrx_word' id='word_1_27' title='bbox 3442 571 3564 644; x_wconf 82' lang='lat' dir='ltr'>vel</span> <span class='ocrx_word' id='word_1_28' title='bbox 3599 570 3991 646; x_wconf 77' lang='lat' dir='ltr'>accedenti</span> <span class='ocrx_word' id='word_1_29' title='bbox 4040 569 4309 668; x_wconf 87' lang='lat' dir='ltr'>genuit</span> 
     </span>
     <span class='ocr_line' id='line_1_4' title="bbox 1086 704 4306 804; baseline -0.001 -21"><span class='ocrx_word' id='word_1_30' title='bbox 1086 708 1411 783; x_wconf 89' lang='lat' dir='ltr'>Filium:</span> <span class='ocrx_word' id='word_1_31' title='bbox 1445 728 1589 779; x_wconf 90' lang='lat' dir='ltr'>nec</span> <span class='ocrx_word' id='word_1_32' title='bbox 1613 704 1830 803; x_wconf 92' lang='lat' dir='ltr'>prius</span> <span class='ocrx_word' id='word_1_33' title='bbox 1862 706 2135 778; x_wconf 82' lang='lat' dir='ltr'>volens</span> <span class='ocrx_word' id='word_1_34' title='bbox 2163 726 2394 800; x_wconf 90' lang='lat' dir='ltr'>quam</span> <span class='ocrx_word' id='word_1_35' title='bbox 2425 727 2807 800; x_wconf 89' lang='lat' dir='ltr'>generans</span> <span class='ocrx_word' id='word_1_36' title='bbox 2831 705 3102 803; x_wconf 88' lang='lat' dir='ltr'>genuit</span> <span class='ocrx_word' id='word_1_37' title='bbox 3129 706 3406 780; x_wconf 90' lang='lat' dir='ltr'>Filium</span> <span class='ocrx_word' id='word_1_38' title='bbox 3442 729 3456 780; x_wconf 91' lang='lat'>:</span> <span class='ocrx_word' id='word_1_39' title='bbox 3494 728 3638 782; x_wconf 91' lang='lat' dir='ltr'>nec</span> <span class='ocrx_word' id='word_1_40' title='bbox 3677 705 3893 804; x_wconf 89' lang='lat' dir='ltr'>prius</span> <span class='ocrx_word' id='word_1_41' title='bbox 3924 710 4306 803; x_wconf 86' lang='lat' dir='ltr'>generans</span> 
     </span>
     <span class='ocr_line' id='line_1_5' title="bbox 1086 838 4306 941; baseline -0.002 -23"><span class='ocrx_word' id='word_1_42' title='bbox 1086 865 1320 941; x_wconf 88' lang='lat' dir='ltr'>quam</span> <span class='ocrx_word' id='word_1_43' title='bbox 1364 841 1638 915; x_wconf 86' lang='lat' dir='ltr'>volens</span> <span class='ocrx_word' id='word_1_44' title='bbox 1677 838 2259 938; x_wconf 88' lang='lat' dir='ltr'>genuitFilium</span> <span class='ocrx_word' id='word_1_45' title='bbox 2299 839 2613 915; x_wconf 84' lang='lat' dir='ltr'>:volens</span> <span class='ocrx_word' id='word_1_46' title='bbox 2647 850 2902 916; x_wconf 87' lang='lat' dir='ltr'>tamen</span> <span class='ocrx_word' id='word_1_47' title='bbox 2954 841 3245 938; x_wconf 88' lang='lat' dir='ltr'>genuit,</span> <span class='ocrx_word' id='word_1_48' title='bbox 3292 841 3490 916; x_wconf 87' lang='lat' dir='ltr'>sicut</span> <span class='ocrx_word' id='word_1_49' title='bbox 3539 851 3811 939; x_wconf 87' lang='lat' dir='ltr'>potens</span> <span class='ocrx_word' id='word_1_50' title='bbox 3870 840 4163 939; x_wconf 88' lang='lat' dir='ltr'>genuit,</span> <span class='ocrx_word' id='word_1_51' title='bbox 4231 848 4306 915; x_wconf 87' lang='lat' dir='ltr'>et</span> 
     </span>
     <span class='ocr_line' id='line_1_6' title="bbox 1085 974 4303 1075; baseline -0.001 -22"><span class='ocrx_word' id='word_1_52' title='bbox 1085 977 1341 1053; x_wconf 92' lang='lat' dir='ltr'>bonus</span> <span class='ocrx_word' id='word_1_53' title='bbox 1382 977 1657 1075; x_wconf 87' lang='lat' dir='ltr'>genuit</span> <span class='ocrx_word' id='word_1_54' title='bbox 1687 976 1996 1065; x_wconf 91' lang='lat' dir='ltr'>Filium,</span> <span class='ocrx_word' id='word_1_55' title='bbox 2045 985 2118 1050; x_wconf 91' lang='lat' dir='ltr'>et</span> <span class='ocrx_word' id='word_1_56' title='bbox 2158 974 2472 1074; x_wconf 89' lang='lat' dir='ltr'>sapiens</span> <span class='ocrx_word' id='word_1_57' title='bbox 2525 975 2819 1073; x_wconf 87' lang='lat' dir='ltr'>genuit,</span> <span class='ocrx_word' id='word_1_58' title='bbox 2879 984 2953 1051; x_wconf 86' lang='lat' dir='ltr'>et</span> <span class='ocrx_word' id='word_1_59' title='bbox 3011 975 3479 1073; x_wconf 91' lang='lat' dir='ltr'>hujusmodi.</span> <span class='ocrx_word' id='word_1_60' title='bbox 3546 976 3622 1052; x_wconf 87' lang='lat' dir='ltr'>Si</span> <span class='ocrx_word' id='word_1_61' title='bbox 3671 976 4141 1053; x_wconf 85' lang='lat' dir='ltr'>enim-Pater</span> <span class='ocrx_word' id='word_1_62' title='bbox 4179 998 4303 1049; x_wconf 88' lang='lat' dir='ltr'>sa-</span> 
     </span>
     <span class='ocr_line' id='line_1_7' title="bbox 1084 1108 4298 1213; baseline -0.001 -26"><span class='ocrx_word' id='word_1_63' title='bbox 1084 1113 1308 1213; x_wconf 83' lang='lat' dir='ltr'>piens</span> <span class='ocrx_word' id='word_1_64' title='bbox 1340 1121 1416 1188; x_wconf 86' lang='lat' dir='ltr'>et</span> <span class='ocrx_word' id='word_1_65' title='bbox 1444 1112 1703 1187; x_wconf 87' lang='lat' dir='ltr'>bonus</span> <span class='ocrx_word' id='word_1_66' title='bbox 1744 1110 2025 1185; x_wconf 89' lang='lat' dir='ltr'>dicitur</span> <span class='ocrx_word' id='word_1_67' title='bbox 2055 1109 2419 1208; x_wconf 84' lang='lat' dir='ltr'>genuisse</span> <span class='ocrx_word' id='word_1_68' title='bbox 2460 1108 2767 1203; x_wconf 87' lang='lat' dir='ltr'>Filium,</span> <span class='ocrx_word' id='word_1_69' title='bbox 2804 1133 2942 1186; x_wconf 91' lang='lat' dir='ltr'>cur</span> <span class='ocrx_word' id='word_1_70' title='bbox 2982 1135 3130 1185; x_wconf 92' lang='lat' dir='ltr'>non</span> <span class='ocrx_word' id='word_1_71' title='bbox 3185 1119 3259 1186; x_wconf 88' lang='lat' dir='ltr'>et</span> <span class='ocrx_word' id='word_1_72' title='bbox 3298 1111 3622 1187; x_wconf 84' lang='lat' dir='ltr'>volens?</span> <span class='ocrx_word' id='word_1_73' title='bbox 3652 1135 3826 1186; x_wconf 92' lang='lat' dir='ltr'>cum</span> <span class='ocrx_word' id='word_1_74' title='bbox 3861 1111 3966 1186; x_wconf 89' lang='lat' dir='ltr'>ita</span> <span class='ocrx_word' id='word_1_75' title='bbox 4004 1110 4096 1186; x_wconf 85' lang='lat' dir='ltr'>sit</span> <span class='ocrx_word' id='word_1_76' title='bbox 4140 1109 4298 1185; x_wconf 94' lang='lat' dir='ltr'>Deo</span> 
     </span>
     <span class='ocr_line' id='line_1_8' title="bbox 1083 1233 4298 1346; baseline -0.001 -24"><span class='ocrx_word' id='word_1_77' title='bbox 1083 1248 1290 1323; x_wconf 92' lang='lat' dir='ltr'>idem</span> <span class='ocrx_word' id='word_1_78' title='bbox 1323 1270 1497 1323; x_wconf 89' lang='lat' dir='ltr'>esse</span> <span class='ocrx_word' id='word_1_79' title='bbox 1529 1247 1951 1339; x_wconf 88' lang='lat' dir='ltr'>volentem,</span> <span class='ocrx_word' id='word_1_80' title='bbox 1998 1246 2203 1344; x_wconf 86' lang='lat' dir='ltr'>quod</span> <span class='ocrx_word' id='word_1_81' title='bbox 2242 1254 2358 1320; x_wconf 89' lang='lat' dir='ltr'>est</span> <span class='ocrx_word' id='word_1_82' title='bbox 2395 1268 2565 1320; x_wconf 91' lang='lat' dir='ltr'>esse</span> <span class='ocrx_word' id='word_1_83' title='bbox 2597 1246 2893 1321; x_wconf 91' lang='lat' dir='ltr'>Deum:</span> <span class='ocrx_word' id='word_1_84' title='bbox 2942 1246 3139 1321; x_wconf 90' lang='lat' dir='ltr'>sicut</span> <span class='ocrx_word' id='word_1_85' title='bbox 3184 1233 3384 1322; x_wconf 89' lang='lat' dir='ltr'>idem</span> <span class='ocrx_word' id='word_1_86' title='bbox 3450 1237 3565 1322; x_wconf 83' lang='lat' dir='ltr'>est</span> <span class='ocrx_word' id='word_1_87' title='bbox 3630 1270 3798 1322; x_wconf 90' lang='lat' dir='ltr'>esse</span> <span class='ocrx_word' id='word_1_88' title='bbox 3846 1242 4298 1346; x_wconf 77' lang='lat' dir='ltr'>sapientem,</span> 
     </span>
     <span class='ocr_line' id='line_1_9' title="bbox 1087 1383 4307 1483; baseline 0 -24"><span class='ocrx_word' id='word_1_89' title='bbox 1087 1385 1293 1483; x_wconf 88' lang='lat' dir='ltr'>quod</span> <span class='ocrx_word' id='word_1_90' title='bbox 1338 1394 1457 1460; x_wconf 91' lang='lat' dir='ltr'>est</span> <span class='ocrx_word' id='word_1_91' title='bbox 1487 1407 1657 1459; x_wconf 89' lang='lat' dir='ltr'>esse</span> <span class='ocrx_word' id='word_1_92' title='bbox 1700 1384 1978 1460; x_wconf 94' lang='lat' dir='ltr'>Deum.</span> <span class='ocrx_word' id='word_1_93' title='bbox 2015 1383 2383 1458; x_wconf 83' lang='lat' dir='ltr'>Dicamus</span> <span class='ocrx_word' id='word_1_94' title='bbox 2424 1407 2631 1481; x_wconf 87' lang='lat' dir='ltr'>ergo,</span> <span class='ocrx_word' id='word_1_95' title='bbox 2663 1383 2847 1481; x_wconf 89' lang='lat' dir='ltr'>quia</span> <span class='ocrx_word' id='word_1_96' title='bbox 2876 1384 3104 1460; x_wconf 89' lang='lat' dir='ltr'>Pater</span> <span class='ocrx_word' id='word_1_97' title='bbox 3141 1384 3342 1459; x_wconf 88' lang='lat' dir='ltr'>sicut</span> <span class='ocrx_word' id='word_1_98' title='bbox 3379 1385 3716 1483; x_wconf 80' lang='lat' dir='ltr'>sapienS,</span> <span class='ocrx_word' id='word_1_99' title='bbox 3751 1384 3858 1459; x_wconf 86' lang='lat' dir='ltr'>ita</span> <span class='ocrx_word' id='word_1_100' title='bbox 3885 1385 4157 1460; x_wconf 88' lang='lat' dir='ltr'>volens</span> <span class='ocrx_word' id='word_1_101' title='bbox 4183 1406 4307 1481; x_wconf 90' lang='lat' dir='ltr'>ge·</span> 
     </span>
     <span class='ocr_line' id='line_1_10' title="bbox 1087 1520 4300 1627; baseline -0.001 -31"><span class='ocrx_word' id='word_1_102' title='bbox 1087 1521 1260 1596; x_wconf 91' lang='lat' dir='ltr'>nuit</span> <span class='ocrx_word' id='word_1_103' title='bbox 1298 1521 1582 1627; x_wconf 82' lang='lat' dir='ltr'>Filium</span> <span class='ocrx_word' id='word_1_104' title='bbox 1623 1545 1638 1596; x_wconf 77' lang='grc' dir='ltr'>ε</span> <span class='ocrx_word' id='word_1_105' title='bbox 1676 1522 2001 1596; x_wconf 90' lang='lat' dir='ltr'>sednon</span> <span class='ocrx_word' id='word_1_106' title='bbox 2060 1521 2458 1595; x_wconf 85' lang='lat' dir='ltr'>voluntate</span> <span class='ocrx_word' id='word_1_107' title='bbox 2506 1521 2971 1619; x_wconf 85' lang='lat' dir='ltr'>praecedenti</span> <span class='ocrx_word' id='word_1_108' title='bbox 3026 1522 3148 1595; x_wconf 91' lang='lat' dir='ltr'>vel</span> <span class='ocrx_word' id='word_1_109' title='bbox 3202 1520 3623 1597; x_wconf 80' lang='lat' dir='ltr'>accedenti.</span> <span class='ocrx_word' id='word_1_110' title='bbox 3689 1521 3932 1609; x_wconf 86' lang='lat' dir='ltr'>Quem</span> <span class='ocrx_word' id='word_1_111' title='bbox 3985 1543 4300 1597; x_wconf 91' lang='lat' dir='ltr'>sensum</span> 
     </span>
     <span class='ocr_line' id='line_1_11' title="bbox 1079 1635 4295 1755; baseline -0.001 -24"><span class='ocrx_word' id='word_1_112' title='bbox 1079 1656 1329 1755; x_wconf 88' lang='lat' dir='ltr'>aperit</span> <span class='ocrx_word' id='word_1_113' title='bbox 1359 1655 1877 1754; x_wconf 82' lang='lat' dir='ltr'>AugustinuS‚</span> <span class='ocrx_word' id='word_1_114' title='bbox 1922 1665 1998 1730; x_wconf 90' lang='lat' dir='ltr'>et</span> <span class='ocrx_word' id='word_1_115' title='bbox 2030 1635 2463 1750; x_wconf 82' lang='lat' dir='ltr'>confirmat,</span> <span class='ocrx_word' id='word_1_116' title='bbox 2509 1654 2613 1730; x_wconf 87' lang='lat' dir='ltr'>ita</span> <span class='ocrx_word' id='word_1_117' title='bbox 2653 1654 2916 1730; x_wconf 90' lang='lat' dir='ltr'>dicens</span> <span class='ocrx_word' id='word_1_118' title='bbox 2956 1678 3189 1755; x_wconf 89' lang='lat' dir='ltr'>super</span> <span class='ocrx_word' id='word_1_119' title='bbox 3216 1655 3636 1754; x_wconf 90' lang='lat' dir='ltr'>Epistolam</span> <span class='ocrx_word' id='word_1_120' title='bbox 3680 1655 3774 1730; x_wconf 90' lang='lat' dir='ltr'>ad</span> <span class='ocrx_word' id='word_1_121' title='bbox 3807 1655 4183 1754; x_wconf 88' lang='lat' dir='ltr'>Ephesios</span> <span class='ocrx_word' id='word_1_122' title='bbox 4279 1679 4295 1729; x_wconf 90' lang='lat'><strong>:</strong></span> 
     </span>
    </p>
   </div>
   <div class='ocr_carea' id='block_1_3' title="bbox 1081 1784 4549 1890">
    <p class='ocr_par' dir='ltr' id='par_1_3' title="bbox 1081 1784 4549 1890">
     <span class='ocr_line' id='line_1_12' title="bbox 1081 1784 4549 1890; baseline -0.001 -22"><span class='ocrx_word' id='word_1_123' title='bbox 1081 1795 1195 1870; x_wconf 93' lang='lat' dir='ltr'>De</span> <span class='ocrx_word' id='word_1_124' title='bbox 1236 1793 1432 1869; x_wconf 90' lang='lat' dir='ltr'>Filio</span> <span class='ocrx_word' id='word_1_125' title='bbox 1466 1792 1637 1884; x_wconf 90' lang='lat' dir='ltr'>Dei,</span> <span class='ocrx_word' id='word_1_126' title='bbox 1692 1792 1767 1867; x_wconf 91' lang='lat' dir='ltr'>id</span> <span class='ocrx_word' id='word_1_127' title='bbox 1831 1802 1971 1886; x_wconf 87' lang='lat' dir='ltr'>est,</span> <span class='ocrx_word' id='word_1_128' title='bbox 2032 1792 2363 1867; x_wconf 91' lang='lat' dir='ltr'>Domino</span> <span class='ocrx_word' id='word_1_129' title='bbox 2423 1802 2686 1867; x_wconf 89' lang='lat' dir='ltr'>nostro</span> <span class='ocrx_word' id='word_1_130' title='bbox 2717 1791 2899 1866; x_wconf 91' lang='lat' dir='ltr'>Jesu</span> <span class='ocrx_word' id='word_1_131' title='bbox 2943 1791 3242 1866; x_wconf 89' lang='lat' dir='ltr'>Christo</span> <span class='ocrx_word' id='word_1_132' title='bbox 3310 1791 3679 1890; x_wconf 90' lang='lat' dir='ltr'>scriptum</span> <span class='ocrx_word' id='word_1_133' title='bbox 3719 1801 3861 1885; x_wconf 90' lang='lat' dir='ltr'>est,</span> <span class='ocrx_word' id='word_1_134' title='bbox 3907 1791 4091 1889; x_wconf 89' lang='lat' dir='ltr'>quia</span> <span class='ocrx_word' id='word_1_135' title='bbox 4120 1815 4294 1866; x_wconf 93' lang='lat' dir='ltr'>cum</span> <span class='ocrx_word' id='word_1_136' title='bbox 4416 1785 4421 1791; x_wconf 78' lang='grc'><strong>’</strong></span> <span class='ocrx_word' id='word_1_137' title='bbox 4484 1784 4491 1790; x_wconf 70' lang='grc'>’</span> <span class='ocrx_word' id='word_1_138' title='bbox 4544 1784 4549 1789; x_wconf 71' lang='grc'><em>’</em></span> 
     </span>
    </p>
   </div>
   <div class='ocr_carea' id='block_1_4' title="bbox 1091 1925 4288 2026">
    <p class='ocr_par' dir='ltr' id='par_1_4' title="bbox 1091 1925 4288 2026">
     <span class='ocr_line' id='line_1_13' title="bbox 1091 1925 4288 2026; baseline -0.001 -24"><span class='ocrx_word' id='word_1_139' title='bbox 1091 1928 1317 2005; x_wconf 87' lang='lat' dir='ltr'>Patre</span> <span class='ocrx_word' id='word_1_140' title='bbox 1359 1951 1670 2026; x_wconf 80' lang='lat' dir='ltr'>semper</span> <span class='ocrx_word' id='word_1_141' title='bbox 1700 1927 1867 2022; x_wconf 82' lang='lat' dir='ltr'>fuit,</span> <span class='ocrx_word' id='word_1_142' title='bbox 1905 1937 1980 2004; x_wconf 88' lang='lat' dir='ltr'>et</span> <span class='ocrx_word' id='word_1_143' title='bbox 2019 1949 2445 2024; x_wconf 87' lang='lat' dir='ltr'>numquam</span> <span class='ocrx_word' id='word_1_144' title='bbox 2482 1949 2661 2003; x_wconf 93' lang='lat' dir='ltr'>eum</span> <span class='ocrx_word' id='word_1_145' title='bbox 2697 1936 2780 2002; x_wconf 88' lang='lat' dir='ltr'>ut</span> <span class='ocrx_word' id='word_1_146' title='bbox 2808 1935 3036 2020; x_wconf 91' lang='lat' dir='ltr'>esset,</span> <span class='ocrx_word' id='word_1_147' title='bbox 3081 1935 3401 2026; x_wconf 86' lang='lat' dir='ltr'>paterna</span> <span class='ocrx_word' id='word_1_148' title='bbox 3436 1928 3796 2002; x_wconf 81' lang='lat' dir='ltr'>voluntas</span> <span class='ocrx_word' id='word_1_149' title='bbox 3837 1925 4229 2024; x_wconf 79' lang='lat' dir='ltr'>proecessit</span> <span class='ocrx_word' id='word_1_150' title='bbox 4272 1947 4288 1999; x_wconf 75' lang='grc' dir='ltr'>ε</span> 
     </span>
    </p>
   </div>
   <div class='ocr_carea' id='block_1_5' title="bbox 1089 2062 2444 2164">
    <p class='ocr_par' dir='ltr' id='par_1_5' title="bbox 1089 2062 2444 2164">
     <span class='ocr_line' id='line_1_14' title="bbox 1089 2062 2444 2164; baseline -0.003 -22"><span class='ocrx_word' id='word_1_151' title='bbox 1089 2073 1166 2142; x_wconf 89' lang='lat' dir='ltr'>et</span> <span class='ocrx_word' id='word_1_152' title='bbox 1193 2063 1321 2143; x_wconf 91' lang='lat' dir='ltr'>ille</span> <span class='ocrx_word' id='word_1_153' title='bbox 1356 2063 1670 2164; x_wconf 89' lang='lat' dir='ltr'>quidem</span> <span class='ocrx_word' id='word_1_154' title='bbox 1716 2073 1993 2139; x_wconf 88' lang='lat' dir='ltr'>natura</span> <span class='ocrx_word' id='word_1_155' title='bbox 2031 2062 2274 2138; x_wconf 91' lang='lat' dir='ltr'>Filius</span> <span class='ocrx_word' id='word_1_156' title='bbox 2303 2073 2444 2139; x_wconf 88' lang='lat' dir='ltr'>est.</span> 
     </span>
    </p>
   </div>
   <div class='ocr_carea' id='block_1_6' title="bbox 1517 2587 2186 2659">
    <p class='ocr_par' dir='ltr' id='par_1_6' title="bbox 1517 2587 2186 2659">
     <span class='ocr_line' id='line_1_15' title="bbox 1517 2587 2186 2659; baseline -0.001 -3"><span class='ocrx_word' id='word_1_157' title='bbox 1517 2587 2024 2659; x_wconf 81' lang='lat' dir='ltr'>ARTICULUS</span> <span class='ocrx_word' id='word_1_158' title='bbox 2068 2587 2186 2656; x_wconf 89' lang='lat'>111.</span> 
     </span>
    </p>
   </div>
   <div class='ocr_carea' id='block_1_7' title="bbox 1084 2807 2642 3090">
    <p class='ocr_par' dir='ltr' id='par_1_7' title="bbox 1084 2807 2642 3090">
     <span class='ocr_line' id='line_1_16' title="bbox 1084 2807 2642 2876; baseline 0 -3"><span class='ocrx_word' id='word_1_159' title='bbox 1084 2807 1193 2873; x_wconf 85' lang='lat' dir='ltr'>An</span> <span class='ocrx_word' id='word_1_160' title='bbox 1259 2807 1707 2874; x_wconf 75' lang='lat' dir='ltr'>auctoritates</span> <span class='ocrx_word' id='word_1_161' title='bbox 1784 2808 1926 2874; x_wconf 74' lang='lat' dir='ltr'>islae</span> <span class='ocrx_word' id='word_1_162' title='bbox 1983 2808 2398 2876; x_wconf 79' lang='lat' dir='ltr'>Sanctorum</span> <span class='ocrx_word' id='word_1_163' title='bbox 2479 2816 2642 2874; x_wconf 80' lang='lat' dir='ltr'>sunt</span> 
     </span>
     <span class='ocr_line' id='line_1_17' title="bbox 1176 2915 2639 3007; baseline 0.002 -26"><span class='ocrx_word' id='word_1_164' title='bbox 1176 2937 1368 2994; x_wconf 78' lang='lat' dir='ltr'>eerae,</span> <span class='ocrx_word' id='word_1_165' title='bbox 1426 2917 1551 3005; x_wconf 80' lang='lat' dir='ltr'>qui</span> <span class='ocrx_word' id='word_1_166' title='bbox 1589 2916 1826 2983; x_wconf 78' lang='lat' dir='ltr'>dicunt</span> <span class='ocrx_word' id='word_1_167' title='bbox 1873 2915 2063 3006; x_wconf 80' lang='lat' dir='ltr'>quod</span> <span class='ocrx_word' id='word_1_168' title='bbox 2110 2916 2463 2984; x_wconf 76' lang='lat' dir='ltr'>voluntale</span> <span class='ocrx_word' id='word_1_169' title='bbox 2522 2940 2639 3007; x_wconf 74' lang='lat' dir='ltr'>qe·-</span> 
     </span>
     <span class='ocr_line' id='line_1_18' title="bbox 1176 3021 1709 3090; baseline 0.004 -2"><span class='ocrx_word' id='word_1_170' title='bbox 1176 3022 1332 3089; x_wconf 78' lang='lat' dir='ltr'>meit</span> <span class='ocrx_word' id='word_1_171' title='bbox 1361 3021 1632 3090; x_wconf 77' lang='lat' dir='ltr'>Filium</span> <span class='ocrx_word' id='word_1_172' title='bbox 1669 3021 1709 3090; x_wconf 75' lang='lat' dir='ltr'><em>P</em></span> 
     </span>
    </p>
   </div>
   <div class='ocr_carea' id='block_1_8' title="bbox 1064 3356 2647 5398">
    <p class='ocr_par' dir='ltr' id='par_1_8' title="bbox 1083 3356 2642 3667">
     <span class='ocr_line' id='line_1_19' title="bbox 1173 3356 2640 3451; baseline 0.001 -22"><span class='ocrx_word' id='word_1_173' title='bbox 1173 3359 1435 3429; x_wconf 81' lang='lat' dir='ltr'>Deinde</span> <span class='ocrx_word' id='word_1_174' title='bbox 1469 3360 1793 3451; x_wconf 82' lang='lat' dir='ltr'>quaeritur</span> <span class='ocrx_word' id='word_1_175' title='bbox 1821 3358 1902 3426; x_wconf 89' lang='lat' dir='ltr'>de</span> <span class='ocrx_word' id='word_1_176' title='bbox 1949 3356 2077 3426; x_wconf 85' lang='lat' dir='ltr'>hoc</span> <span class='ocrx_word' id='word_1_177' title='bbox 2135 3359 2317 3450; x_wconf 88' lang='lat' dir='ltr'>quod</span> <span class='ocrx_word' id='word_1_178' title='bbox 2368 3359 2530 3430; x_wconf 88' lang='lat' dir='ltr'>dicit</span> <span class='ocrx_word' id='word_1_179' title='bbox 2572 3363 2640 3430; x_wconf 89' lang='lat' dir='ltr'>in</span> 
     </span>
     <span class='ocr_line' id='line_1_20' title="bbox 1083 3467 2642 3557; baseline 0.003 -22"><span class='ocrx_word' id='word_1_180' title='bbox 1083 3467 1383 3537; x_wconf 84' lang='lat' dir='ltr'>secunda</span> <span class='ocrx_word' id='word_1_181' title='bbox 1424 3476 1642 3557; x_wconf 87' lang='lat' dir='ltr'>parte,</span> <span class='ocrx_word' id='word_1_182' title='bbox 1679 3467 1760 3545; x_wconf 76' lang='grc' dir='ltr'>Β,</span> <span class='ocrx_word' id='word_1_183' title='bbox 1810 3493 1840 3529; x_wconf 74' lang='grc' dir='ltr'><strong>α</strong></span> <span class='ocrx_word' id='word_1_184' title='bbox 1872 3468 2017 3536; x_wconf 83' lang='lat' dir='ltr'>lloe</span> <span class='ocrx_word' id='word_1_185' title='bbox 2035 3475 2265 3535; x_wconf 77' lang='lat' dir='ltr'>aulem</span> <span class='ocrx_word' id='word_1_186' title='bbox 2302 3468 2518 3557; x_wconf 80' lang='lat' dir='ltr'>facile</span> <span class='ocrx_word' id='word_1_187' title='bbox 2545 3478 2642 3539; x_wconf 81' lang='lat' dir='ltr'>est</span> 
     </span>
     <span class='ocr_line' id='line_1_21' title="bbox 1083 3577 1651 3667; baseline -0.014 -23"><span class='ocrx_word' id='word_1_188' title='bbox 1083 3577 1428 3667; x_wconf 79' lang='lat' dir='ltr'>refellere,</span> <span class='ocrx_word' id='word_1_189' title='bbox 1465 3583 1592 3641; x_wconf 87' lang='lat' dir='ltr'>etc.</span> <span class='ocrx_word' id='word_1_190' title='bbox 1622 3603 1651 3635; x_wconf 69' lang='grc' dir='ltr'><strong>υ</strong></span> 
     </span>
    </p>

    <p class='ocr_par' dir='ltr' id='par_1_9' title="bbox 1078 3680 2647 4743">
     <span class='ocr_line' id='line_1_22' title="bbox 1182 3680 2642 3773; baseline 0.001 -24"><span class='ocrx_word' id='word_1_191' title='bbox 1182 3686 1248 3751; x_wconf 86' lang='lat' dir='ltr'>l.</span> <span class='ocrx_word' id='word_1_192' title='bbox 1286 3681 1630 3750; x_wconf 67' lang='lat' dir='ltr'>Videntur</span> <span class='ocrx_word' id='word_1_193' title='bbox 1682 3683 1863 3749; x_wconf 87' lang='lat' dir='ltr'>enim</span> <span class='ocrx_word' id='word_1_194' title='bbox 1915 3680 2190 3773; x_wconf 87' lang='lat' dir='ltr'>quidam</span> <span class='ocrx_word' id='word_1_195' title='bbox 2246 3681 2476 3750; x_wconf 76' lang='lat' dir='ltr'>Sancti</span> <span class='ocrx_word' id='word_1_196' title='bbox 2528 3707 2642 3750; x_wconf 87' lang='lat' dir='ltr'>ex-</span> 
     </span>
     <span class='ocr_line' id='line_1_23' title="bbox 1080 3788 2647 3881; baseline 0.002 -26"><span class='ocrx_word' id='word_1_197' title='bbox 1080 3812 1315 3881; x_wconf 87' lang='lat' dir='ltr'>presse</span> <span class='ocrx_word' id='word_1_198' title='bbox 1340 3788 1591 3872; x_wconf 81' lang='lat' dir='ltr'>dicere,</span> <span class='ocrx_word' id='word_1_199' title='bbox 1625 3788 1810 3880; x_wconf 90' lang='lat' dir='ltr'>quod</span> <span class='ocrx_word' id='word_1_200' title='bbox 1833 3789 2180 3857; x_wconf 78' lang='lat' dir='ltr'>voluntate</span> <span class='ocrx_word' id='word_1_201' title='bbox 2204 3791 2437 3879; x_wconf 81' lang='lat' dir='ltr'>genuit</span> <span class='ocrx_word' id='word_1_202' title='bbox 2472 3813 2487 3857; x_wconf 75' lang='grc' dir='ltr'><strong><em>ε</em></strong></span> <span class='ocrx_word' id='word_1_203' title='bbox 2517 3814 2647 3858; x_wconf 91' lang='lat' dir='ltr'>un-</span> 
     </span>
     <span class='ocr_line' id='line_1_24' title="bbox 1082 3895 2639 3967; baseline 0.003 -4"><span class='ocrx_word' id='word_1_204' title='bbox 1082 3897 1164 3966; x_wconf 88' lang='lat' dir='ltr'>de</span> <span class='ocrx_word' id='word_1_205' title='bbox 1196 3896 1503 3964; x_wconf 78' lang='lat' dir='ltr'>Hilarius</span> <span class='ocrx_word' id='word_1_206' title='bbox 1538 3898 1604 3964; x_wconf 90' lang='lat' dir='ltr'>in</span> <span class='ocrx_word' id='word_1_207' title='bbox 1639 3896 1813 3965; x_wconf 86' lang='lat' dir='ltr'>libro</span> <span class='ocrx_word' id='word_1_208' title='bbox 1849 3896 1936 3963; x_wconf 86' lang='grc' dir='ltr'>ΙΙΙ</span> <span class='ocrx_word' id='word_1_209' title='bbox 1972 3895 2054 3964; x_wconf 88' lang='lat' dir='ltr'>de</span> <span class='ocrx_word' id='word_1_210' title='bbox 2118 3899 2455 3966; x_wconf 80' lang='lat' dir='ltr'>Trinilale</span> <span class='ocrx_word' id='word_1_211' title='bbox 2485 3920 2511 3967; x_wconf 87' lang='lat'>.·</span> <span class='ocrx_word' id='word_1_212' title='bbox 2535 3899 2639 3967; x_wconf 91' lang='lat' dir='ltr'>ln·</span> 
     </span>
     <span class='ocr_line' id='line_1_25' title="bbox 1081 4004 2637 4095; baseline 0.003 -24"><span class='ocrx_word' id='word_1_213' title='bbox 1081 4004 1771 4095; x_wconf 82' lang='lat' dir='ltr'>comprehensibilem</span> <span class='ocrx_word' id='word_1_214' title='bbox 1796 4014 1857 4071; x_wconf 88' lang='lat' dir='ltr'>et</span> <span class='ocrx_word' id='word_1_215' title='bbox 1886 4005 2456 4074; x_wconf 85' lang='lat' dir='ltr'>inennarrabilem</span> <span class='ocrx_word' id='word_1_216' title='bbox 2480 4017 2637 4075; x_wconf 89' lang='lat' dir='ltr'>ante</span> 
     </span>
     <span class='ocr_line' id='line_1_26' title="bbox 1082 4112 2633 4205; baseline 0.004 -26"><span class='ocrx_word' id='word_1_217' title='bbox 1082 4133 1285 4181; x_wconf 87' lang='lat' dir='ltr'>omne</span> <span class='ocrx_word' id='word_1_218' title='bbox 1327 4121 1602 4204; x_wconf 86' lang='lat' dir='ltr'>tempus</span> <span class='ocrx_word' id='word_1_219' title='bbox 1652 4121 1718 4180; x_wconf 82' lang='lat' dir='ltr'>et</span> <span class='ocrx_word' id='word_1_220' title='bbox 1750 4123 1904 4180; x_wconf 86' lang='lat' dir='ltr'>ante</span> <span class='ocrx_word' id='word_1_221' title='bbox 1936 4112 2179 4181; x_wconf 67' lang='lat' dir='ltr'>saecula</span> <span class='ocrx_word' id='word_1_222' title='bbox 2201 4116 2633 4205; x_wconf 79' lang='lat' dir='ltr'>unigenitum</span> 
     </span>
     <span class='ocr_line' id='line_1_27' title="bbox 1078 4218 2637 4314; baseline 0.006 -29"><span class='ocrx_word' id='word_1_223' title='bbox 1078 4244 1164 4287; x_wconf 86' lang='lat' dir='ltr'>ex</span> <span class='ocrx_word' id='word_1_224' title='bbox 1187 4218 1292 4288; x_wconf 85' lang='lat' dir='ltr'>his</span> <span class='ocrx_word' id='word_1_225' title='bbox 1315 4243 1471 4312; x_wconf 78' lang='lat' dir='ltr'>quoe</span> <span class='ocrx_word' id='word_1_226' title='bbox 1497 4222 1565 4289; x_wconf 91' lang='lat' dir='ltr'>in</span> <span class='ocrx_word' id='word_1_227' title='bbox 1590 4244 1662 4288; x_wconf 90' lang='lat' dir='ltr'>se</span> <span class='ocrx_word' id='word_1_228' title='bbox 1687 4223 1984 4311; x_wconf 80' lang='lat' dir='ltr'>ingenita</span> <span class='ocrx_word' id='word_1_229' title='bbox 2007 4231 2224 4302; x_wconf 87' lang='lat' dir='ltr'>erant,</span> <span class='ocrx_word' id='word_1_230' title='bbox 2249 4228 2637 4314; x_wconf 82' lang='lat' dir='ltr'>procreavit</span> 
     </span>
     <span class='ocr_line' id='line_1_28' title="bbox 1080 4328 2636 4423; baseline 0.004 -29"><span class='ocrx_word' id='word_1_231' title='bbox 1080 4349 1285 4397; x_wconf 92' lang='lat' dir='ltr'>omne</span> <span class='ocrx_word' id='word_1_232' title='bbox 1328 4329 1515 4420; x_wconf 87' lang='lat' dir='ltr'>quod</span> <span class='ocrx_word' id='word_1_233' title='bbox 1560 4328 1738 4396; x_wconf 83' lang='lat' dir='ltr'>Deus</span> <span class='ocrx_word' id='word_1_234' title='bbox 1768 4338 1868 4397; x_wconf 88' lang='lat' dir='ltr'>est</span> <span class='ocrx_word' id='word_1_235' title='bbox 1910 4353 2030 4421; x_wconf 85' lang='lat' dir='ltr'>per</span> <span class='ocrx_word' id='word_1_236' title='bbox 2047 4329 2447 4401; x_wconf 84' lang='lat' dir='ltr'>charitatem</span> <span class='ocrx_word' id='word_1_237' title='bbox 2490 4335 2636 4423; x_wconf 89' lang='lat' dir='ltr'>ejus</span> 
     </span>
     <span class='ocr_line' id='line_1_29' title="bbox 1082 4438 2636 4528; baseline 0.004 -24"><span class='ocrx_word' id='word_1_238' title='bbox 1082 4444 1288 4528; x_wconf 89' lang='lat' dir='ltr'>atque</span> <span class='ocrx_word' id='word_1_239' title='bbox 1332 4438 1659 4504; x_wconf 80' lang='lat' dir='ltr'>virtutem</span> <span class='ocrx_word' id='word_1_240' title='bbox 1728 4438 1787 4503; x_wconf 89' lang='lat' dir='ltr'>ei</span> <span class='ocrx_word' id='word_1_241' title='bbox 1853 4438 2284 4527; x_wconf 82' lang='lat' dir='ltr'>impertiens:</span> <span class='ocrx_word' id='word_1_242' title='bbox 2338 4438 2636 4510; x_wconf 85' lang='lat' dir='ltr'>charitas</span> 
     </span>
     <span class='ocr_line' id='line_1_30' title="bbox 1082 4544 2637 4640; baseline 0.004 -29"><span class='ocrx_word' id='word_1_243' title='bbox 1082 4552 1306 4611; x_wconf 82' lang='lat' dir='ltr'>autem</span> <span class='ocrx_word' id='word_1_244' title='bbox 1341 4553 1442 4613; x_wconf 88' lang='lat' dir='ltr'>est</span> <span class='ocrx_word' id='word_1_245' title='bbox 1475 4544 1829 4635; x_wconf 79' lang='lat' dir='ltr'>dispositio</span> <span class='ocrx_word' id='word_1_246' title='bbox 1871 4544 2243 4613; x_wconf 78' lang='lat' dir='ltr'>voluntatis</span> <span class='ocrx_word' id='word_1_247' title='bbox 2280 4570 2475 4640; x_wconf 83' lang='lat' dir='ltr'>:ergo</span> <span class='ocrx_word' id='word_1_248' title='bbox 2506 4572 2637 4616; x_wconf 74' lang='lat' dir='ltr'>vo-</span> 
     </span>
     <span class='ocr_line' id='line_1_31' title="bbox 1081 4651 1622 4743; baseline 0.011 -26"><span class='ocrx_word' id='word_1_249' title='bbox 1081 4651 1340 4720; x_wconf 82' lang='lat' dir='ltr'>luntate</span> <span class='ocrx_word' id='word_1_250' title='bbox 1362 4655 1622 4743; x_wconf 79' lang='lat' dir='ltr'>genuit.</span> 
     </span>
    </p>

    <p class='ocr_par' dir='ltr' id='par_1_10' title="bbox 1064 4761 2632 5398">
     <span class='ocr_line' id='line_1_32' title="bbox 1166 4761 2632 4838; baseline 0.007 -12"><span class='ocrx_word' id='word_1_251' title='bbox 1166 4763 1233 4829; x_wconf 80' lang='lat'>2.</span> <span class='ocrx_word' id='word_1_252' title='bbox 1282 4761 1481 4838; x_wconf 79' lang='lat' dir='ltr'>Item,</span> <span class='ocrx_word' id='word_1_253' title='bbox 1531 4761 1828 4830; x_wconf 82' lang='lat' dir='ltr'>Hilarius</span> <span class='ocrx_word' id='word_1_254' title='bbox 1862 4785 1876 4829; x_wconf 89' lang='lat'>:</span> <span class='ocrx_word' id='word_1_255' title='bbox 1914 4763 2009 4830; x_wconf 79' lang='lat' dir='ltr'>Ex</span> <span class='ocrx_word' id='word_1_256' title='bbox 2052 4772 2194 4832; x_wconf 83' lang='lat' dir='ltr'>toto</span> <span class='ocrx_word' id='word_1_257' title='bbox 2232 4765 2427 4834; x_wconf 82' lang='lat' dir='ltr'>l’atre</span> <span class='ocrx_word' id='word_1_258' title='bbox 2451 4775 2632 4836; x_wconf 85' lang='lat' dir='ltr'>totus</span> 
     </span>
     <span class='ocr_line' id='line_1_33' title="bbox 1080 4869 2630 4963; baseline 0.005 -28"><span class='ocrx_word' id='word_1_259' title='bbox 1080 4869 1290 4937; x_wconf 82' lang='lat' dir='ltr'>Filius</span> <span class='ocrx_word' id='word_1_260' title='bbox 1322 4877 1420 4936; x_wconf 88' lang='lat' dir='ltr'>est</span> <span class='ocrx_word' id='word_1_261' title='bbox 1465 4878 1662 4937; x_wconf 86' lang='lat' dir='ltr'>natus</span> <span class='ocrx_word' id='word_1_262' title='bbox 1699 4892 1878 4938; x_wconf 85' lang='lat' dir='ltr'>:uon</span> <span class='ocrx_word' id='word_1_263' title='bbox 1910 4871 2207 4950; x_wconf 79' lang='lat' dir='ltr'>aliunde,</span> <span class='ocrx_word' id='word_1_264' title='bbox 2252 4876 2410 4963; x_wconf 83' lang='lat' dir='ltr'>quia</span> <span class='ocrx_word' id='word_1_265' title='bbox 2462 4874 2630 4943; x_wconf 86' lang='lat' dir='ltr'>nihil</span> 
     </span>
     <span class='ocr_line' id='line_1_34' title="bbox 1076 4977 2630 5074; baseline 0.006 -30"><span class='ocrx_word' id='word_1_266' title='bbox 1076 4982 1447 5068; x_wconf 82' lang='lat' dir='ltr'>antequam</span> <span class='ocrx_word' id='word_1_267' title='bbox 1484 4977 1694 5046; x_wconf 86' lang='lat' dir='ltr'>Filius</span> <span class='ocrx_word' id='word_1_268' title='bbox 1728 5002 1742 5047; x_wconf 92' lang='lat'><strong>:</strong></span> <span class='ocrx_word' id='word_1_269' title='bbox 1776 5002 1913 5046; x_wconf 88' lang='lat' dir='ltr'>non</span> <span class='ocrx_word' id='word_1_270' title='bbox 1958 4981 2024 5046; x_wconf 90' lang='lat' dir='ltr'>in</span> <span class='ocrx_word' id='word_1_271' title='bbox 2046 4989 2259 5071; x_wconf 89' lang='lat' dir='ltr'>parte,</span> <span class='ocrx_word' id='word_1_272' title='bbox 2296 4985 2453 5073; x_wconf 83' lang='lat' dir='ltr'>quia</span> <span class='ocrx_word' id='word_1_273' title='bbox 2482 4985 2630 5074; x_wconf 84' lang='lat' dir='ltr'>ple-</span> 
     </span>
     <span class='ocr_line' id='line_1_35' title="bbox 1075 5084 2631 5183; baseline 0.004 -30"><span class='ocrx_word' id='word_1_274' title='bbox 1075 5084 1315 5153; x_wconf 87' lang='lat' dir='ltr'>nitudo</span> <span class='ocrx_word' id='word_1_275' title='bbox 1375 5084 1647 5154; x_wconf 75' lang='lat' dir='ltr'>deitatis</span> <span class='ocrx_word' id='word_1_276' title='bbox 1691 5087 1759 5153; x_wconf 88' lang='lat' dir='ltr'>in</span> <span class='ocrx_word' id='word_1_277' title='bbox 1803 5087 1971 5155; x_wconf 84' lang='lat' dir='ltr'>Filio</span> <span class='ocrx_word' id='word_1_278' title='bbox 2010 5111 2024 5155; x_wconf 75' lang='grc' dir='ltr'><strong><em>ε</em></strong></span> <span class='ocrx_word' id='word_1_279' title='bbox 2089 5111 2213 5157; x_wconf 89' lang='lat' dir='ltr'>nec</span> <span class='ocrx_word' id='word_1_280' title='bbox 2253 5091 2320 5156; x_wconf 92' lang='lat' dir='ltr'>in</span> <span class='ocrx_word' id='word_1_281' title='bbox 2378 5090 2631 5183; x_wconf 85' lang='lat' dir='ltr'>aliqui-</span> 
     </span>
     <span class='ocr_line' id='line_1_36' title="bbox 1074 5192 2621 5292; baseline 0.006 -33"><span class='ocrx_word' id='word_1_282' title='bbox 1074 5192 1225 5271; x_wconf 86' lang='lat' dir='ltr'>bus,</span> <span class='ocrx_word' id='word_1_283' title='bbox 1263 5195 1425 5284; x_wconf 84' lang='lat' dir='ltr'>quia</span> <span class='ocrx_word' id='word_1_284' title='bbox 1460 5196 1528 5260; x_wconf 90' lang='lat' dir='ltr'>in</span> <span class='ocrx_word' id='word_1_285' title='bbox 1560 5195 1920 5264; x_wconf 86' lang='lat' dir='ltr'>omnibus:</span> <span class='ocrx_word' id='word_1_286' title='bbox 1969 5196 2086 5264; x_wconf 89' lang='lat' dir='ltr'>sed</span> <span class='ocrx_word' id='word_1_287' title='bbox 2136 5197 2451 5268; x_wconf 79' lang='lat' dir='ltr'>utvoluit</span> <span class='ocrx_word' id='word_1_288' title='bbox 2508 5203 2621 5292; x_wconf 90' lang='lat' dir='ltr'>qui</span> 
     </span>
     <span class='ocr_line' id='line_1_37' title="bbox 1064 5302 2260 5398; baseline 0.002 -28"><span class='ocrx_word' id='word_1_289' title='bbox 1064 5302 1313 5392; x_wconf 87' lang='lat' dir='ltr'>potuit,</span> <span class='ocrx_word' id='word_1_290' title='bbox 1359 5308 1425 5369; x_wconf 86' lang='lat' dir='ltr'>et</span> <span class='ocrx_word' id='word_1_291' title='bbox 1465 5311 1538 5370; x_wconf 89' lang='lat' dir='ltr'>ut</span> <span class='ocrx_word' id='word_1_292' title='bbox 1579 5304 1777 5372; x_wconf 85' lang='lat' dir='ltr'>scivit</span> <span class='ocrx_word' id='word_1_293' title='bbox 1825 5306 1940 5396; x_wconf 92' lang='lat' dir='ltr'>qui</span> <span class='ocrx_word' id='word_1_294' title='bbox 1998 5306 2260 5398; x_wconf 83' lang='lat' dir='ltr'>genuit.</span> 
     </span>
    </p>
   </div>
   <div class='ocr_carea' id='block_1_9' title="bbox 2736 2377 4306 5297">
    <p class='ocr_par' dir='ltr' id='par_1_11' title="bbox 2748 2377 4291 2559">
     <span class='ocr_line' id='line_1_38' title="bbox 2834 2377 4291 2474; baseline -0.004 -23"><span class='ocrx_word' id='word_1_295' title='bbox 2834 2383 2897 2451; x_wconf 88' lang='grc'>3.</span> <span class='ocrx_word' id='word_1_296' title='bbox 2930 2381 3125 2461; x_wconf 87' lang='lat' dir='ltr'>Item,</span> <span class='ocrx_word' id='word_1_297' title='bbox 3186 2381 3514 2474; x_wconf 83' lang='lat' dir='ltr'>Origenes</span> <span class='ocrx_word' id='word_1_298' title='bbox 3548 2405 3564 2450; x_wconf 73' lang='grc' dir='ltr'>ε</span> <span class='ocrx_word' id='word_1_299' title='bbox 3602 2380 3895 2450; x_wconf 88' lang='lat' dir='ltr'>Germen</span> <span class='ocrx_word' id='word_1_300' title='bbox 3942 2377 4291 2470; x_wconf 83' lang='lat' dir='ltr'>proferens</span> 
     </span>
     <span class='ocr_line' id='line_1_39' title="bbox 2748 2488 3990 2559; baseline -0.002 -2"><span class='ocrx_word' id='word_1_301' title='bbox 2748 2490 3118 2559; x_wconf 85' lang='lat' dir='ltr'>voluntatis</span> <span class='ocrx_word' id='word_1_302' title='bbox 3149 2489 3363 2558; x_wconf 83' lang='lat' dir='ltr'>factus</span> <span class='ocrx_word' id='word_1_303' title='bbox 3394 2498 3497 2557; x_wconf 84' lang='lat' dir='ltr'>est</span> <span class='ocrx_word' id='word_1_304' title='bbox 3530 2488 3730 2558; x_wconf 84' lang='lat' dir='ltr'>Verbi</span> <span class='ocrx_word' id='word_1_305' title='bbox 3765 2488 3990 2557; x_wconf 85' lang='lat' dir='ltr'>Pater.</span> 
     </span>
    </p>

    <p class='ocr_par' dir='ltr' id='par_1_12' title="bbox 2748 2594 4296 3428">
     <span class='ocr_line' id='line_1_40' title="bbox 2839 2594 4289 2676; baseline -0.004 -11"><span class='ocrx_word' id='word_1_306' title='bbox 2839 2600 2903 2667; x_wconf 71' lang='lat'>4.</span> <span class='ocrx_word' id='word_1_307' title='bbox 2943 2598 3138 2676; x_wconf 89' lang='lat' dir='ltr'>Item,</span> <span class='ocrx_word' id='word_1_308' title='bbox 3173 2598 3279 2665; x_wconf 82' lang='lat' dir='ltr'>Ad</span> <span class='ocrx_word' id='word_1_309' title='bbox 3307 2597 3489 2665; x_wconf 88' lang='lat' dir='ltr'>idem</span> <span class='ocrx_word' id='word_1_310' title='bbox 3520 2605 3620 2665; x_wconf 89' lang='lat' dir='ltr'>est</span> <span class='ocrx_word' id='word_1_311' title='bbox 3669 2597 3841 2665; x_wconf 86' lang='lat' dir='ltr'>ratio</span> <span class='ocrx_word' id='word_1_312' title='bbox 3876 2617 3893 2664; x_wconf 72' lang='grc' dir='ltr'>ε</span> <span class='ocrx_word' id='word_1_313' title='bbox 3927 2594 4086 2663; x_wconf 88' lang='lat' dir='ltr'>dicit</span> <span class='ocrx_word' id='word_1_314' title='bbox 4107 2595 4289 2662; x_wconf 88' lang='lat' dir='ltr'>enim</span> 
     </span>
     <span class='ocr_line' id='line_1_41' title="bbox 2748 2702 4287 2798; baseline -0.003 -24"><span class='ocrx_word' id='word_1_315' title='bbox 2748 2707 3173 2798; x_wconf 80' lang='lat' dir='ltr'>Augustinus</span> <span class='ocrx_word' id='word_1_316' title='bbox 3237 2706 3307 2772; x_wconf 93' lang='lat' dir='ltr'>in</span> <span class='ocrx_word' id='word_1_317' title='bbox 3378 2703 3552 2772; x_wconf 91' lang='lat' dir='ltr'>libro</span> <span class='ocrx_word' id='word_1_318' title='bbox 3606 2703 3700 2771; x_wconf 78' lang='lat' dir='ltr'>lx</span> <span class='ocrx_word' id='word_1_319' title='bbox 3765 2702 3848 2772; x_wconf 92' lang='lat' dir='ltr'>de</span> <span class='ocrx_word' id='word_1_320' title='bbox 3933 2703 4287 2785; x_wconf 80' lang='lat' dir='ltr'>Trinitate,</span> 
     </span>
     <span class='ocr_line' id='line_1_42' title="bbox 2751 2810 4293 2908; baseline -0.005 -25"><span class='ocrx_word' id='word_1_321' title='bbox 2751 2814 2933 2908; x_wconf 89' lang='lat' dir='ltr'>quod</span> <span class='ocrx_word' id='word_1_322' title='bbox 2964 2821 3236 2906; x_wconf 88' lang='lat' dir='ltr'>partum</span> <span class='ocrx_word' id='word_1_323' title='bbox 3280 2814 3527 2881; x_wconf 85' lang='lat' dir='ltr'>mentis</span> <span class='ocrx_word' id='word_1_324' title='bbox 3589 2810 3904 2904; x_wconf 86' lang='lat' dir='ltr'>praecedit</span> <span class='ocrx_word' id='word_1_325' title='bbox 3958 2812 4293 2901; x_wconf 83' lang='lat' dir='ltr'>appetitus</span> 
     </span>
     <span class='ocr_line' id='line_1_43' title="bbox 2752 2919 4296 3014; baseline -0.005 -22"><span class='ocrx_word' id='word_1_326' title='bbox 2752 2926 2847 2993; x_wconf 88' lang='lat' dir='ltr'>rei</span> <span class='ocrx_word' id='word_1_327' title='bbox 2879 2921 3414 3014; x_wconf 83' lang='lat' dir='ltr'>quaerendae,qui</span> <span class='ocrx_word' id='word_1_328' title='bbox 3439 2929 3672 3012; x_wconf 86' lang='lat' dir='ltr'>postea</span> <span class='ocrx_word' id='word_1_329' title='bbox 3711 2920 3787 2988; x_wconf 81' lang='lat' dir='ltr'>sit</span> <span class='ocrx_word' id='word_1_330' title='bbox 3816 2940 4012 2988; x_wconf 85' lang='lat' dir='ltr'>amor</span> <span class='ocrx_word' id='word_1_331' title='bbox 4054 2919 4296 3009; x_wconf 87' lang='lat' dir='ltr'>cogni-</span> 
     </span>
     <span class='ocr_line' id='line_1_44' title="bbox 2753 3024 4293 3120; baseline -0.003 -22"><span class='ocrx_word' id='word_1_332' title='bbox 2753 3038 2835 3098; x_wconf 78' lang='lat' dir='ltr'>1ae</span> <span class='ocrx_word' id='word_1_333' title='bbox 2867 3053 2882 3097; x_wconf 89' lang='lat'><strong>:</strong></span> <span class='ocrx_word' id='word_1_334' title='bbox 2917 3052 3079 3120; x_wconf 83' lang='lat' dir='ltr'>ergo</span> <span class='ocrx_word' id='word_1_335' title='bbox 3112 3052 3268 3096; x_wconf 91' lang='lat' dir='ltr'>cum</span> <span class='ocrx_word' id='word_1_336' title='bbox 3299 3036 3533 3119; x_wconf 87' lang='lat' dir='ltr'>partus</span> <span class='ocrx_word' id='word_1_337' title='bbox 3591 3024 3864 3094; x_wconf 82' lang='lat' dir='ltr'>divinus</span> <span class='ocrx_word' id='word_1_338' title='bbox 3920 3026 4007 3094; x_wconf 84' lang='lat' dir='ltr'>sit</span> <span class='ocrx_word' id='word_1_339' title='bbox 4061 3034 4293 3116; x_wconf 85' lang='lat' dir='ltr'>partus</span> 
     </span>
     <span class='ocr_line' id='line_1_45' title="bbox 2751 3136 4292 3233; baseline -0.004 -22"><span class='ocrx_word' id='word_1_340' title='bbox 2751 3141 3023 3220; x_wconf 73' lang='lat' dir='ltr'>mentiS,</span> <span class='ocrx_word' id='word_1_341' title='bbox 3055 3140 3213 3233; x_wconf 86' lang='lat' dir='ltr'>quia</span> <span class='ocrx_word' id='word_1_342' title='bbox 3241 3138 3555 3219; x_wconf 78' lang='lat' dir='ltr'>verbum,</span> <span class='ocrx_word' id='word_1_343' title='bbox 3596 3137 3866 3207; x_wconf 78' lang='lat' dir='ltr'>videtur</span> <span class='ocrx_word' id='word_1_344' title='bbox 3910 3136 4094 3229; x_wconf 91' lang='lat' dir='ltr'>quod</span> <span class='ocrx_word' id='word_1_345' title='bbox 4131 3159 4292 3229; x_wconf 86' lang='lat' dir='ltr'>par-</span> 
     </span>
     <span class='ocr_line' id='line_1_46' title="bbox 2750 3245 4294 3338; baseline -0.003 -19"><span class='ocrx_word' id='word_1_346' title='bbox 2750 3260 2896 3319; x_wconf 87' lang='lat' dir='ltr'>tum</span> <span class='ocrx_word' id='word_1_347' title='bbox 2975 3249 3123 3317; x_wconf 84' lang='lat' dir='ltr'>Filii</span> <span class='ocrx_word' id='word_1_348' title='bbox 3168 3246 3486 3316; x_wconf 81' lang='lat' dir='ltr'>voluntas</span> <span class='ocrx_word' id='word_1_349' title='bbox 3552 3245 3957 3316; x_wconf 86' lang='lat' dir='ltr'>antecedens</span> <span class='ocrx_word' id='word_1_350' title='bbox 4000 3268 4294 3338; x_wconf 60' lang='lat' dir='ltr'>praeces-</span> 
     </span>
     <span class='ocr_line' id='line_1_47' title="bbox 2748 3361 2936 3428; baseline -0.011 -2"><span class='ocrx_word' id='word_1_351' title='bbox 2748 3361 2936 3428; x_wconf 85' lang='lat' dir='ltr'>serit.</span> 
     </span>
    </p>

    <p class='ocr_par' dir='ltr' id='par_1_13' title="bbox 2747 3459 4298 4292">
     <span class='ocr_line' id='line_1_48' title="bbox 2837 3459 4289 3552; baseline -0.004 -19"><span class='ocrx_word' id='word_1_352' title='bbox 2837 3468 2901 3534; x_wconf 74' lang='grc' dir='ltr'>ὃ.</span> <span class='ocrx_word' id='word_1_353' title='bbox 2939 3462 3134 3546; x_wconf 89' lang='lat' dir='ltr'>Item,</span> <span class='ocrx_word' id='word_1_354' title='bbox 3169 3462 3245 3530; x_wconf 87' lang='lat' dir='ltr'>ln</span> <span class='ocrx_word' id='word_1_355' title='bbox 3269 3462 3589 3530; x_wconf 87' lang='lat' dir='ltr'>omnibus</span> <span class='ocrx_word' id='word_1_356' title='bbox 3621 3462 3690 3529; x_wconf 92' lang='lat' dir='ltr'>in</span> <span class='ocrx_word' id='word_1_357' title='bbox 3720 3461 3969 3552; x_wconf 87' lang='lat' dir='ltr'>quibus</span> <span class='ocrx_word' id='word_1_358' title='bbox 4001 3461 4069 3528; x_wconf 89' lang='lat' dir='ltr'>in</span> <span class='ocrx_word' id='word_1_359' title='bbox 4104 3459 4289 3528; x_wconf 90' lang='lat' dir='ltr'>idem</span> 
     </span>
     <span class='ocr_line' id='line_1_49' title="bbox 2748 3568 4298 3665; baseline -0.004 -24"><span class='ocrx_word' id='word_1_360' title='bbox 2748 3597 2921 3665; x_wconf 89' lang='lat' dir='ltr'>opus</span> <span class='ocrx_word' id='word_1_361' title='bbox 2958 3580 3372 3640; x_wconf 87' lang='lat' dir='ltr'>concurrunt</span> <span class='ocrx_word' id='word_1_362' title='bbox 3402 3578 3646 3638; x_wconf 83' lang='lat' dir='ltr'>natura</span> <span class='ocrx_word' id='word_1_363' title='bbox 3675 3577 3740 3637; x_wconf 90' lang='lat' dir='ltr'>et</span> <span class='ocrx_word' id='word_1_364' title='bbox 3782 3568 4128 3648; x_wconf 70' lang='lat' dir='ltr'>voluntas»,</span> <span class='ocrx_word' id='word_1_365' title='bbox 4177 3591 4298 3636; x_wconf 81' lang='lat' dir='ltr'>vo-</span> 
     </span>
     <span class='ocr_line' id='line_1_50' title="bbox 2747 3675 4294 3773; baseline -0.003 -25"><span class='ocrx_word' id='word_1_366' title='bbox 2747 3680 2973 3773; x_wconf 78' lang='lat' dir='ltr'>luntas</span> <span class='ocrx_word' id='word_1_367' title='bbox 3013 3677 3330 3769; x_wconf 79' lang='lat' dir='ltr'>proecedit</span> <span class='ocrx_word' id='word_1_368' title='bbox 3360 3700 3532 3768; x_wconf 89' lang='lat' dir='ltr'>opus</span> <span class='ocrx_word' id='word_1_369' title='bbox 3559 3685 3630 3744; x_wconf 87' lang='lat' dir='ltr'>ut</span> <span class='ocrx_word' id='word_1_370' title='bbox 3665 3675 4000 3746; x_wconf 85' lang='lat' dir='ltr'>inclinans</span> <span class='ocrx_word' id='word_1_371' title='bbox 4033 3684 4098 3744; x_wconf 85' lang='lat' dir='ltr'>et</span> <span class='ocrx_word' id='word_1_372' title='bbox 4138 3699 4294 3743; x_wconf 91' lang='lat' dir='ltr'>mo-</span> 
     </span>
     <span class='ocr_line' id='line_1_51' title="bbox 2747 3782 4289 3878; baseline -0.001 -24"><span class='ocrx_word' id='word_1_373' title='bbox 2747 3811 2913 3856; x_wconf 81' lang='lat' dir='ltr'>vens</span> <span class='ocrx_word' id='word_1_374' title='bbox 2951 3787 3291 3878; x_wconf 91' lang='lat' dir='ltr'>primum:</span> <span class='ocrx_word' id='word_1_375' title='bbox 3323 3794 3390 3853; x_wconf 86' lang='lat' dir='ltr'>et</span> <span class='ocrx_word' id='word_1_376' title='bbox 3429 3782 3560 3853; x_wconf 90' lang='lat' dir='ltr'>hoc</span> <span class='ocrx_word' id='word_1_377' title='bbox 3613 3784 3947 3875; x_wconf 83' lang='lat' dir='ltr'>contingit</span> <span class='ocrx_word' id='word_1_378' title='bbox 4011 3792 4289 3875; x_wconf 85' lang='lat' dir='ltr'>propter</span> 
     </span>
     <span class='ocr_line' id='line_1_52' title="bbox 2748 3892 4287 3985; baseline -0.003 -22"><span class='ocrx_word' id='word_1_379' title='bbox 2748 3895 3118 3964; x_wconf 80' lang='lat' dir='ltr'>voluntatis</span> <span class='ocrx_word' id='word_1_380' title='bbox 3139 3892 3514 3962; x_wconf 84' lang='lat' dir='ltr'>libertatem</span> <span class='ocrx_word' id='word_1_381' title='bbox 3543 3916 3558 3961; x_wconf 75' lang='grc' dir='ltr'><strong><em>ε</em></strong></span> <span class='ocrx_word' id='word_1_382' title='bbox 3586 3916 3747 3985; x_wconf 89' lang='lat' dir='ltr'>ergo</span> <span class='ocrx_word' id='word_1_383' title='bbox 3768 3892 4036 3960; x_wconf 81' lang='lat' dir='ltr'>videtur</span> <span class='ocrx_word' id='word_1_384' title='bbox 4055 3893 4287 3973; x_wconf 86' lang='lat' dir='ltr'>etiam,</span> 
     </span>
     <span class='ocr_line' id='line_1_53' title="bbox 2747 4000 4293 4095; baseline -0.002 -25"><span class='ocrx_word' id='word_1_385' title='bbox 2747 4003 2931 4095; x_wconf 89' lang='lat' dir='ltr'>quod</span> <span class='ocrx_word' id='word_1_386' title='bbox 2973 4005 3038 4070; x_wconf 92' lang='lat' dir='ltr'>in</span> <span class='ocrx_word' id='word_1_387' title='bbox 3080 4001 3223 4069; x_wconf 86' lang='lat' dir='ltr'>Deo</span> <span class='ocrx_word' id='word_1_388' title='bbox 3247 4023 3420 4091; x_wconf 87' lang='lat' dir='ltr'>opus</span> <span class='ocrx_word' id='word_1_389' title='bbox 3454 4010 3707 4070; x_wconf 85' lang='lat' dir='ltr'>naturae</span> <span class='ocrx_word' id='word_1_390' title='bbox 3739 4000 3926 4095; x_wconf 88' lang='lat' dir='ltr'>quod</span> <span class='ocrx_word' id='word_1_391' title='bbox 3955 4008 4054 4069; x_wconf 87' lang='lat' dir='ltr'>est</span> <span class='ocrx_word' id='word_1_392' title='bbox 4091 4022 4293 4090; x_wconf 83' lang='lat' dir='ltr'>gene-</span> 
     </span>
     <span class='ocr_line' id='line_1_54' title="bbox 2748 4110 4291 4201; baseline 0 -22"><span class='ocrx_word' id='word_1_393' title='bbox 2748 4112 2945 4191; x_wconf 88' lang='lat' dir='ltr'>ratio,</span> <span class='ocrx_word' id='word_1_394' title='bbox 2978 4110 3295 4178; x_wconf 81' lang='lat' dir='ltr'>voluntas</span> <span class='ocrx_word' id='word_1_395' title='bbox 3341 4111 3706 4201; x_wconf 68' lang='lat' dir='ltr'>praeveniat</span> <span class='ocrx_word' id='word_1_396' title='bbox 3751 4111 3837 4180; x_wconf 86' lang='lat' dir='ltr'>ad</span> <span class='ocrx_word' id='word_1_397' title='bbox 3897 4112 4123 4179; x_wconf 90' lang='lat' dir='ltr'>minus</span> <span class='ocrx_word' id='word_1_398' title='bbox 4179 4132 4291 4179; x_wconf 80' lang='lat' dir='ltr'>sc-</span> 
     </span>
     <span class='ocr_line' id='line_1_55' title="bbox 2747 4221 3438 4292; baseline -0.004 0"><span class='ocrx_word' id='word_1_399' title='bbox 2747 4221 3045 4292; x_wconf 89' lang='lat' dir='ltr'>cundum</span> <span class='ocrx_word' id='word_1_400' title='bbox 3079 4221 3438 4289; x_wconf 88' lang='lat' dir='ltr'>rationem.</span> 
     </span>
    </p>

    <p class='ocr_par' dir='ltr' id='par_1_14' title="bbox 2736 4327 4306 5297">
     <span class='ocr_line' id='line_1_56' title="bbox 2836 4327 4283 4410; baseline -0.007 -7"><span class='ocrx_word' id='word_1_401' title='bbox 2836 4335 2898 4403; x_wconf 79' lang='lat'>6.</span> <span class='ocrx_word' id='word_1_402' title='bbox 2938 4332 3294 4410; x_wconf 62' lang='lat' dir='ltr'>Praeterea,</span> <span class='ocrx_word' id='word_1_403' title='bbox 3328 4330 3516 4399; x_wconf 81' lang='lat' dir='ltr'>Sicut</span> <span class='ocrx_word' id='word_1_404' title='bbox 3548 4329 3866 4400; x_wconf 88' lang='lat' dir='ltr'>diss&#39;erunt</span> <span class='ocrx_word' id='word_1_405' title='bbox 3907 4327 4283 4406; x_wconf 80' lang='lat' dir='ltr'>moventia,</span> 
     </span>
     <span class='ocr_line' id='line_1_57' title="bbox 2743 4439 4286 4510; baseline -0.005 -3"><span class='ocrx_word' id='word_1_406' title='bbox 2743 4440 2836 4507; x_wconf 90' lang='lat' dir='ltr'>ita</span> <span class='ocrx_word' id='word_1_407' title='bbox 2867 4439 3181 4510; x_wconf 87' lang='lat' dir='ltr'>diss&#39;erunt</span> <span class='ocrx_word' id='word_1_408' title='bbox 3226 4449 3412 4510; x_wconf 84' lang='lat' dir='ltr'>mota</span> <span class='ocrx_word' id='word_1_409' title='bbox 3447 4461 3463 4509; x_wconf 73' lang='grc' dir='ltr'>ε</span> <span class='ocrx_word' id='word_1_410' title='bbox 3498 4447 3737 4506; x_wconf 89' lang='lat' dir='ltr'>natura</span> <span class='ocrx_word' id='word_1_411' title='bbox 3769 4445 3997 4504; x_wconf 87' lang='lat' dir='ltr'>autem</span> <span class='ocrx_word' id='word_1_412' title='bbox 4055 4443 4121 4502; x_wconf 87' lang='lat' dir='ltr'>et</span> <span class='ocrx_word' id='word_1_413' title='bbox 4158 4457 4286 4501; x_wconf 75' lang='lat' dir='ltr'>vo-</span> 
     </span>
     <span class='ocr_line' id='line_1_58' title="bbox 2743 4545 4286 4635; baseline -0.005 -20"><span class='ocrx_word' id='word_1_414' title='bbox 2743 4546 2967 4615; x_wconf 84' lang='lat' dir='ltr'>luntas</span> <span class='ocrx_word' id='word_1_415' title='bbox 3005 4558 3162 4616; x_wconf 84' lang='lat' dir='ltr'>sunt</span> <span class='ocrx_word' id='word_1_416' title='bbox 3210 4548 3345 4616; x_wconf 89' lang='lat' dir='ltr'>duo</span> <span class='ocrx_word' id='word_1_417' title='bbox 3404 4545 3789 4614; x_wconf 74' lang='lat' dir='ltr'>moventia:</span> <span class='ocrx_word' id='word_1_418' title='bbox 3841 4565 4005 4635; x_wconf 88' lang='lat' dir='ltr'>ergo</span> <span class='ocrx_word' id='word_1_419' title='bbox 4035 4564 4286 4610; x_wconf 89' lang='lat' dir='ltr'>secun-</span> 
     </span>
     <span class='ocr_line' id='line_1_59' title="bbox 2743 4649 4285 4726; baseline -0.005 -2"><span class='ocrx_word' id='word_1_420' title='bbox 2743 4656 2906 4725; x_wconf 90' lang='lat' dir='ltr'>dum</span> <span class='ocrx_word' id='word_1_421' title='bbox 2938 4656 3387 4726; x_wconf 79' lang='lat' dir='ltr'>differentiam</span> <span class='ocrx_word' id='word_1_422' title='bbox 3440 4676 3676 4721; x_wconf 88' lang='lat' dir='ltr'>eorum</span> <span class='ocrx_word' id='word_1_423' title='bbox 3744 4659 3845 4720; x_wconf 85' lang='lat' dir='ltr'>est</span> <span class='ocrx_word' id='word_1_424' title='bbox 3905 4649 4285 4718; x_wconf 73' lang='lat' dir='ltr'>differentia</span> 
     </span>
     <span class='ocr_line' id='line_1_60' title="bbox 2743 4753 4306 4861; baseline -0.007 -25"><span class='ocrx_word' id='word_1_425' title='bbox 2743 4775 3112 4861; x_wconf 90' lang='lat' dir='ltr'>operumet</span> <span class='ocrx_word' id='word_1_426' title='bbox 3145 4775 3503 4835; x_wconf 88' lang='lat' dir='ltr'>motuum:</span> <span class='ocrx_word' id='word_1_427' title='bbox 3548 4762 3662 4832; x_wconf 88' lang='lat' dir='ltr'>sed</span> <span class='ocrx_word' id='word_1_428' title='bbox 3713 4753 4030 4829; x_wconf 81' lang='lat' dir='ltr'>voluntas</span> <span class='ocrx_word' id='word_1_429' title='bbox 4079 4759 4306 4849; x_wconf 32' lang='lat' dir='ltr'>nobi--</span> 
     </span>
     <span class='ocr_line' id='line_1_61' title="bbox 2740 4872 4275 4967; baseline -0.007 -20"><span class='ocrx_word' id='word_1_430' title='bbox 2740 4879 2870 4947; x_wconf 88' lang='lat' dir='ltr'>lior</span> <span class='ocrx_word' id='word_1_431' title='bbox 2907 4888 3006 4947; x_wconf 90' lang='lat' dir='ltr'>est</span> <span class='ocrx_word' id='word_1_432' title='bbox 3044 4887 3319 4947; x_wconf 88' lang='lat' dir='ltr'>natura:</span> <span class='ocrx_word' id='word_1_433' title='bbox 3369 4899 3531 4967; x_wconf 82' lang='lat' dir='ltr'>ergo</span> <span class='ocrx_word' id='word_1_434' title='bbox 3581 4872 3875 4942; x_wconf 88' lang='lat' dir='ltr'>nobilius</span> <span class='ocrx_word' id='word_1_435' title='bbox 3947 4879 4048 4939; x_wconf 87' lang='lat' dir='ltr'>est</span> <span class='ocrx_word' id='word_1_436' title='bbox 4102 4892 4275 4961; x_wconf 88' lang='lat' dir='ltr'>opus</span> 
     </span>
     <span class='ocr_line' id='line_1_62' title="bbox 2739 4981 4280 5079; baseline -0.005 -24"><span class='ocrx_word' id='word_1_437' title='bbox 2739 4988 2932 5078; x_wconf 84' lang='lat' dir='ltr'>ejus:</span> <span class='ocrx_word' id='word_1_438' title='bbox 2981 5011 3141 5079; x_wconf 79' lang='lat' dir='ltr'>ergo</span> <span class='ocrx_word' id='word_1_439' title='bbox 3192 5010 3348 5056; x_wconf 90' lang='lat' dir='ltr'>cum</span> <span class='ocrx_word' id='word_1_440' title='bbox 3424 4982 3925 5052; x_wconf 88' lang='lat' dir='ltr'>nobilissimum</span> <span class='ocrx_word' id='word_1_441' title='bbox 3974 4981 4059 5047; x_wconf 90' lang='lat' dir='ltr'>sit</span> <span class='ocrx_word' id='word_1_442' title='bbox 4106 5001 4280 5070; x_wconf 86' lang='lat' dir='ltr'>opus</span> 
     </span>
     <span class='ocr_line' id='line_1_63' title="bbox 2737 5088 4280 5192; baseline -0.005 -26"><span class='ocrx_word' id='word_1_443' title='bbox 2737 5098 3193 5192; x_wconf 83' lang='lat' dir='ltr'>generationis</span> <span class='ocrx_word' id='word_1_444' title='bbox 3222 5095 3496 5176; x_wconf 73' lang='lat' dir='ltr'>divinae,</span> <span class='ocrx_word' id='word_1_445' title='bbox 3518 5093 3664 5183; x_wconf 76' lang='lat' dir='ltr'>ipsa</span> <span class='ocrx_word' id='word_1_446' title='bbox 3696 5088 3898 5158; x_wconf 85' lang='lat' dir='ltr'>debet</span> <span class='ocrx_word' id='word_1_447' title='bbox 3928 5110 4071 5156; x_wconf 89' lang='lat' dir='ltr'>esse</span> <span class='ocrx_word' id='word_1_448' title='bbox 4100 5110 4280 5181; x_wconf 71' lang='lat' dir='ltr'>prte-</span> 
     </span>
     <span class='ocr_line' id='line_1_64' title="bbox 2736 5207 3207 5297; baseline -0.011 -20"><span class='ocrx_word' id='word_1_449' title='bbox 2736 5207 2980 5277; x_wconf 89' lang='lat' dir='ltr'>cedens</span> <span class='ocrx_word' id='word_1_450' title='bbox 3013 5229 3207 5297; x_wconf 78' lang='lat' dir='ltr'>opuS.</span> 
     </span>
    </p>
   </div>
   <div class='ocr_carea' id='block_1_10' title="bbox 1142 5548 4018 5640">
    <p class='ocr_par' dir='ltr' id='par_1_15' title="bbox 1142 5548 4018 5640">
     <span class='ocr_line' id='line_1_65' title="bbox 1142 5548 4018 5640; baseline 0.005 -35"><span class='ocrx_word' id='word_1_451' title='bbox 1142 5549 1158 5585; x_wconf 89' lang='lat'>¹</span> <span class='ocrx_word' id='word_1_452' title='bbox 1192 5548 1280 5605; x_wconf 78' lang='lat' dir='ltr'>Ad</span> <span class='ocrx_word' id='word_1_453' title='bbox 1314 5550 1527 5623; x_wconf 68' lang='lat' dir='ltr'>ephes.</span> <span class='ocrx_word' id='word_1_454' title='bbox 1547 5567 1633 5621; x_wconf 84' lang='grc' dir='ltr'>ιιι,</span> <span class='ocrx_word' id='word_1_455' title='bbox 1668 5554 1734 5606; x_wconf 70' lang='lat'>¹4</span> <span class='ocrx_word' id='word_1_456' title='bbox 1760 5559 1818 5608; x_wconf 84' lang='lat' dir='ltr'>et</span> <span class='ocrx_word' id='word_1_457' title='bbox 1853 5557 1912 5608; x_wconf 75' lang='lat'>¹5</span> <span class='ocrx_word' id='word_1_458' title='bbox 1948 5571 1960 5609; x_wconf 92' lang='lat'>:</span> <span class='ocrx_word' id='word_1_459' title='bbox 1990 5557 2172 5613; x_wconf 74' lang='lat' dir='ltr'>Flecte</span> <span class='ocrx_word' id='word_1_460' title='bbox 2199 5575 2380 5629; x_wconf 72' lang='lat' dir='ltr'>yemaea</span> <span class='ocrx_word' id='word_1_461' title='bbox 2411 5577 2532 5617; x_wconf 83' lang='lat' dir='ltr'>mea</span> <span class='ocrx_word' id='word_1_462' title='bbox 2549 5563 2625 5618; x_wconf 78' lang='lat' dir='ltr'>ad</span> <span class='ocrx_word' id='word_1_463' title='bbox 2726 5565 3043 5640; x_wconf 73' lang='lat' dir='ltr'>paternitas</span> <span class='ocrx_word' id='word_1_464' title='bbox 3073 5567 3128 5619; x_wconf 80' lang='lat' dir='ltr'>in</span> <span class='ocrx_word' id='word_1_465' title='bbox 3158 5563 3306 5619; x_wconf 81' lang='lat' dir='ltr'>coelis</span> <span class='ocrx_word' id='word_1_466' title='bbox 3334 5560 3464 5619; x_wconf 78' lang='lat' dir='ltr'>etin</span> <span class='ocrx_word' id='word_1_467' title='bbox 3504 5567 3649 5617; x_wconf 74' lang='lat' dir='ltr'>terra</span> <span class='ocrx_word' id='word_1_468' title='bbox 3680 5560 4018 5615; x_wconf 78' lang='lat' dir='ltr'>nominatur·</span> 
     </span>
    </p>
   </div>
   <div class='ocr_carea' id='block_1_11' title="bbox 1070 5640 2624 5721">
    <p class='ocr_par' dir='ltr' id='par_1_16' title="bbox 1070 5640 2624 5721">
     <span class='ocr_line' id='line_1_66' title="bbox 1070 5640 2624 5721; baseline 0.01 -25"><span class='ocrx_word' id='word_1_469' title='bbox 1070 5642 1290 5696; x_wconf 75' lang='lat' dir='ltr'>Patrem</span> <span class='ocrx_word' id='word_1_470' title='bbox 1324 5640 1547 5695; x_wconf 80' lang='lat' dir='ltr'>Domini</span> <span class='ocrx_word' id='word_1_471' title='bbox 1576 5644 1752 5697; x_wconf 76' lang='lat' dir='ltr'>nostri</span> <span class='ocrx_word' id='word_1_472' title='bbox 1797 5645 1923 5700; x_wconf 77' lang='lat' dir='ltr'>Jesu</span> <span class='ocrx_word' id='word_1_473' title='bbox 1955 5645 2180 5718; x_wconf 78' lang='lat' dir='ltr'>Christi,</span> <span class='ocrx_word' id='word_1_474' title='bbox 2211 5665 2285 5704; x_wconf 66' lang='lat' dir='ltr'>ea:</span> <span class='ocrx_word' id='word_1_475' title='bbox 2313 5665 2420 5721; x_wconf 79' lang='lat' dir='ltr'>quo</span> <span class='ocrx_word' id='word_1_476' title='bbox 2450 5657 2624 5714; x_wconf 84' lang='lat' dir='ltr'>omnis</span> 
     </span>
    </p>
   </div>
  </div>
 </body>
</html>
