4897 6388
726 2074 925 2123 solutio.

744 2184 819 2231 Ad
854 2186 897 2234 1.

761 4867 842 4915 Ad
866 4869 909 4916 2.

1774 259 1865 325 ΙΝ
1914 257 1940 323 Ι
1991 249 2417 320 SENTENT.
2468 247 2697 317 DlsT.
2751 248 2902 323 Vll.
2957 252 3045 330 A,
3096 249 3298 341 ΛΒΤ.
3357 254 3415 319 1.

1014 432 1261 500 stantia
1338 455 1478 502 non
1555 431 1642 497 sit
1727 428 1856 494 nisi
1932 408 2174 502 forma,
2275 429 2558 510 oporte-

1018 549 1114 609 ret
1166 540 1350 631 quod
1420 545 1596 607 esset
1664 534 1797 602 alia
1861 542 2100 624 praeter
2158 530 2345 597 illam
2406 529 2564 595 sub-

1016 649 1335 715 stantiam
1365 648 1474 714 cui
1521 644 2047 734 imprimeretur,
2092 649 2156 708 et
2206 646 2382 706 esset
2429 638 2564 703 ite-

1017 779 1169 822 rum
1199 754 1428 821 divina
1467 752 1813 844 generatio
1854 748 2225 840 composita
2254 754 2321 813 et
2350 753 2564 811 mate·

1019 861 1227 938 rialis,
1283 857 1468 950 quod
1510 857 1831 927 frivolum
1873 864 1994 926 est.
2050 854 2122 921 Si
2177 861 2405 920 autem
2447 849 2563 916 dat

1018 978 1232 1036 totam
1262 967 1710 1036 substantiam
1748 991 1763 1035 ε
1806 989 1963 1034 cum
2003 972 2144 1032 tota
2181 960 2562 1029 substantia

1018 1078 1238 1145 Patris
1269 1080 1357 1145 sit
1385 1077 1768 1169 hypostasis
1800 1076 2043 1152 Patris,
2077 1073 2280 1140 Pater
2318 1071 2433 1138 dat
2455 1067 2563 1135 Fi-

1013 1184 1105 1252 lio
1169 1186 1483 1256 eamdem
1531 1183 1952 1277 hypostasim
2001 1204 2151 1272 quae
2209 1188 2309 1247 est
2357 1179 2554 1268 ipse:

1012 1317 1174 1386 ergo
1207 1295 1408 1364 Pater
1437 1303 1503 1362 et
1530 1292 1739 1360 Filius
1777 1299 1934 1359 sunt
1972 1312 2106 1357 una
2141 1288 2556 1379 hypostasis,

1012 1412 1079 1473 et
1109 1426 1242 1471 una
1272 1425 1378 1471 res
1416 1411 1698 1487 naturae,
1751 1409 1814 1468 ct
1848 1423 1983 1468 una
2018 1419 2337 1489 persona,
2373 1394 2559 1487 quod

1010 1510 1380 1580 absurdum
1421 1517 1567 1578 est:
1604 1530 1767 1600 ergo
1805 1507 2098 1589 videtur,
2142 1503 2327 1595 quod
2365 1501 2557 1570 nullo

1009 1618 1214 1688 modo
1245 1618 1459 1709 possit
1488 1616 1619 1685 dici
1647 1616 1892 1683 Pater:
1949 1636 2073 1683 nec
2120 1612 2234 1680 ille
2276 1612 2393 1702 qui
2432 1632 2560 1701 ge-

1010 1730 1192 1797 nitus
1218 1736 1344 1808 est,
1377 1725 1759 1819 potestdici
1800 1722 2009 1791 Filius
2042 1722 2552 1800 convenienter,

1010 1844 1088 1904 ut
1123 1834 1414 1904 videtur.

1105 2048 1412 2117 Somno.
1465 2046 1844 2116 Dicendum
1881 2045 1968 2115 ad
2005 2046 2328 2137 primum,
2373 2041 2558 2133 quod

1013 2155 1217 2225 Pater
1244 2165 1310 2225 et
1341 2157 1561 2248 potuit
1600 2164 1666 2224 et
1691 2153 1915 2223 voluit
1951 2174 2276 2244 generare
2305 2150 2557 2219 Filium

1011 2264 1123 2334 vel
1155 2267 1468 2357 gignere.

1105 2377 1205 2442 An
1253 2398 1380 2444 noc
1424 2373 1609 2467 quod
1666 2373 1984 2463 objicitur
2033 2372 2115 2441 de
2169 2370 2554 2456 voluntate,

1011 2481 1371 2551 dicendum
1403 2482 1586 2574 quod
1624 2504 1764 2551 non
1794 2490 1897 2550 est
1932 2478 2110 2548 idem
2150 2479 2397 2565 dicere,
2437 2501 2562 2547 vo-

1007 2593 1289 2662 luntatis
1318 2591 1554 2676 Filius,
1587 2601 1653 2661 et
1680 2591 2033 2660 voluntate
2072 2589 2307 2674 Filius,
2342 2596 2410 2658 et
2437 2612 2560 2658 vo·

1008 2699 1133 2768 luit
1160 2721 1485 2791 generare
1520 2721 1537 2767 τ
1580 2701 1800 2790 prima
1829 2699 2010 2767 enim
2042 2696 2349 2765 absolute
2385 2695 2559 2763 falsa

1004 2818 1147 2878 est:
1184 2807 1345 2898 quia
1391 2806 1762 2876 voluntatis
1801 2828 1973 2899 opus
2013 2813 2113 2874 est
2151 2804 2336 2894 quod
2384 2802 2558 2872 edu-

1004 2917 1180 2985 citur
1215 2941 1422 3010 super
1460 2917 1832 2986 materiam
1880 2916 2328 2984 extrinsecam
2387 2935 2558 3005 ope-

1006 3032 1206 3110 ranti,
1249 3037 1323 3098 ut
1360 3039 1518 3097 sunt
1558 3027 1950 3098 mechanica
1991 3049 2196 3117 opera
2231 3024 2559 3093 volunta-

1004 3136 1090 3205 tis
1120 3135 1445 3217 hominis,
1489 3146 1555 3205 et
1593 3143 1915 3206 creaturae
1945 3156 2150 3226 opera
2188 3131 2556 3201 voluntatis

1003 3243 1277 3314 divinae.
1314 3242 1398 3313 Et
1455 3246 1510 3312 si
1551 3243 1933 3332 objiciatur,
1995 3241 2178 3333 quod
2236 3241 2555 3309 voluntas

1005 3353 1076 3420 in
1124 3352 1269 3422 Deo
1316 3360 1419 3421 est
1466 3361 1705 3421 natura
1749 3350 2005 3430 divina,
2065 3358 2130 3417 et
2187 3359 2286 3418 est
2344 3348 2558 3417 Filius

1005 3467 1305 3527 naturae:
1342 3482 1505 3549 ergo
1552 3457 1784 3549 aliquo
1825 3456 2029 3524 modo
2077 3456 2401 3525 dicendus
2456 3464 2559 3524 est

1008 3566 1217 3635 Filius
1251 3567 1648 3636 voluntatis.
1695 3565 1932 3634 incidit
1963 3564 2225 3632 fallacia
2253 3564 2561 3634 acciden-

1004 3675 1092 3743 tis
1128 3700 1143 3743 ε
1188 3677 1349 3769 quia
1392 3674 1547 3744 licet
1606 3674 1784 3743 idem
1842 3698 1911 3741 re
1968 3675 2050 3741 sit
2095 3682 2334 3741 natura
2372 3673 2560 3764 quod

1001 3782 1350 3866 voluntas,
1422 3790 1649 3850 tamen
1706 3780 2075 3872 plurimum
2125 3778 2446 3847 differunt
2490 3780 2560 3849 in

1008 3890 1213 3960 modo
1272 3888 1699 3981 significandi
1767 3897 1834 3957 et
1889 3888 2323 3969 attribuendi,
2385 3890 2561 3958 sicut

1004 3998 1329 4091 Magister
1369 3997 1680 4091 probavit
1725 4020 1952 4088 supra.
2007 3996 2373 4066 voluntate
2429 4020 2560 4066 au-

1006 4115 1143 4175 tem
1200 4104 1410 4174 Filius
1456 4105 1686 4198 aliquo
1746 4103 1951 4172 modo
2016 4105 2410 4173 conceditur
2476 4104 2560 4174 de

1005 4215 1510 4286 concomitante
1551 4212 1659 4282 vel
1707 4222 2148 4283 concurrente
2198 4237 2353 4281 cum
2403 4224 2558 4282 actu

1005 4323 1383 4392 voluntate.
1431 4320 1566 4389 Sed
1593 4344 1749 4389 cum
1780 4319 2048 4401 dicitur,
2089 4319 2307 4390 voluit
2343 4343 2563 4411 gene-

1010 4455 1181 4516 rare,
1241 4428 1661 4521 significatur
1717 4428 2031 4499 voluntas
2096 4430 2270 4497 circa
2330 4438 2558 4498 actum

1009 4537 1511 4632 generationis:
1579 4542 1645 4605 et
1718 4534 1871 4605 ideo
1947 4559 2107 4605 vera
2172 4544 2316 4605 est:
2399 4538 2562 4628 quia

1012 4647 1197 4716 Deus
1226 4669 1380 4715 cum
1424 4654 1575 4714 actu
1631 4653 2071 4714 concurrente
2134 4644 2371 4713 habuit
2429 4668 2563 4715 vo-

1011 4755 1340 4824 luntatem
1374 4757 1442 4822 in
1470 4754 1902 4845 generatione
1943 4753 2192 4822 divina.

1101 4865 1208 4931 An
1246 4885 1443 4930 Anien
1507 4862 1890 4941 dicendum,
1971 4862 2152 4953 quod
2222 4861 2353 4931 hoc
2417 4885 2561 4931 non

1010 4971 1434 5064 significatur
1460 4993 1544 5039 ex
1576 4969 1778 5038 modo
1816 4968 2136 5062 loquendi
2169 4972 2237 5037 in
2277 4970 2557 5052 divinis,

1006 5091 1080 5150 ut
1111 5081 1342 5149 divina
1370 5088 1527 5148 sunt
1561 5101 1575 5146 ε
1626 5081 1783 5171 quia
1820 5079 1915 5147 sic
1952 5079 2234 5147 verbum
2290 5079 2561 5149 abstra-

1005 5188 1307 5258 hendum
1349 5197 1449 5257 est
1503 5211 1541 5256 a
1589 5196 1939 5278 tempore:
2000 5195 2064 5255 et
2122 5190 2177 5255 si
2220 5188 2350 5257 hoc
2408 5189 2553 5268 liat,

1002 5305 1166 5366 tunc
1204 5295 1522 5364 voluntas
1568 5303 1634 5363 et
1671 5304 1860 5363 actus
1907 5296 2366 5386 generationis
2396 5306 2558 5366 sunt

1003 5408 1261 5478 similes
1291 5429 1308 5477 ε
1344 5415 1408 5477 et
1447 5407 1543 5476 sic
1573 5406 1826 5476 locutio
1855 5430 2018 5476 vera
2036 5416 2136 5476 est
2171 5430 2186 5475 ε
2223 5408 2383 5500 quia
2414 5431 2555 5478 non

1001 5519 1209 5589 habet
1247 5528 1474 5589 actum
1510 5519 1973 5611 generationis
2002 5518 2206 5588 Pater
2234 5518 2364 5588 nisi
2395 5543 2557 5589 con·

1004 5635 1387 5721 currentem
1416 5649 1572 5697 cum
1609 5625 1982 5714 voluntate,
2018 5636 2081 5696 et
2120 5649 2155 5696 e
2187 5650 2547 5698 converso,

4092 253 4220 320 205

2759 421 2865 487 An
2913 444 2979 489 ω
3022 422 3207 512 quod
3245 423 3564 512 objicitur
3612 421 3694 489 de
3732 422 4033 512 potentia
4071 397 4220 510 quae

2666 528 3093 619 significatur
3141 531 3211 597 in
3260 529 3495 610 verbo,
3549 530 3802 620 potuit,
3856 527 4215 596 dicendum

2668 634 2854 725 quod
2875 659 2959 704 ex
2988 659 3200 726 prava
3226 635 3673 727 intelligentia
3695 635 4065 727 procedunt
4094 633 4221 702 hu-

2656 745 2963 833 jusmodi
2996 757 3424 838 argumenta,
3459 747 3711 815 scilicet
3761 770 3843 815 ex
3873 746 4002 815 hoc
4039 744 4223 837 quod

2667 853 2735 919 id
2766 855 2953 945 quod
2984 863 3087 924 est
3117 858 3187 923 in
3227 855 3371 924 Deo
3405 855 3802 946 intelligitur
3822 855 3905 922 ad
3938 852 4214 922 modum

2666 969 3158 1043 creaturarum,
3217 966 3287 1031 in
3336 964 3584 1054 quibus
3643 985 3842 1053 posse
3906 960 4222 1052 praecedit

2664 1090 2889 1158 agere.
2934 1069 3133 1138 Unde
3167 1072 3233 1138 in
3265 1069 3516 1139 divinis
3558 1071 3719 1139 talia
3764 1065 4217 1138 abstrahenda

2665 1186 2827 1245 sunt
2854 1201 2894 1246 a
2923 1186 3233 1271 tempore
3275 1189 3341 1248 et
3370 1181 3866 1270 compositione
3893 1201 3909 1248 2
3945 1188 4011 1246 et
4055 1186 4217 1246 tunc

2663 1284 3032 1368 videbitur,
3077 1287 3261 1378 quod
3309 1289 3615 1377 potentia
3656 1286 4022 1378 generandi
4074 1307 4214 1353 non

2663 1395 3000 1484 praecedat
3048 1404 3276 1465 actum
3315 1396 3794 1487 generationiS,
3836 1417 3959 1464 nec
4024 1416 4218 1463 com-

2663 1503 3078 1593 positionem
3110 1505 3268 1574 facit
3304 1529 3460 1574 cum
3493 1507 3662 1596 ipso,
3697 1506 3855 1596 quia
3895 1505 4074 1574 idem
4112 1510 4216 1572 est
4279 1485 4298 1513 ⁸

2664 1612 2810 1682 Deo
2842 1637 3044 1706 agere
3083 1625 3149 1684 et
3189 1639 3411 1707 posse.

2750 1721 2857 1789 An
2903 1747 3106 1793 amun
3162 1724 3545 1802 dicendum,
3593 1724 3775 1815 quod
3822 1746 4056 1793 verum
4111 1732 4214 1793 est

2664 1833 2849 1924 quod
2887 1835 2958 1902 in
2991 1834 3192 1904 Patre
3223 1836 3478 1906 coelesti
3527 1858 3665 1904 non
3703 1844 3859 1904 sunt
3886 1835 4208 1928 potentiae

2663 1938 3000 2009 distinctae
3033 1964 3049 2010 ε
3085 1943 3247 2032 quia
3284 1941 3479 2010 aliter
3507 1942 3651 2033 ipse
3680 1950 3853 2010 esset
3879 1940 4217 2032 composi·

2664 2056 2795 2116 tus,
2846 2048 2986 2118 Sed
3043 2049 3203 2118 licet
3253 2073 3391 2118 non
3448 2049 3776 2119 distinctae
3840 2049 4214 2118 secundum

2667 2181 2811 2226 rem
2852 2166 2919 2227 et
2978 2159 3576 2250 compositionem,
3621 2168 3849 2228 tamen
3893 2165 4050 2227 sunt
4107 2155 4218 2224 di-

2665 2269 2930 2336 stinctae
2989 2268 3060 2335 in
3128 2268 3332 2336 modo
3400 2267 3824 2360 significandi
3894 2276 3960 2335 et
4026 2267 4217 2335 attri-

2664 2375 2944 2456 buendi,
2978 2399 3060 2446 eo
3092 2376 3277 2468 quod
3308 2376 3524 2445 multa
3553 2375 3842 2445 subsunt
3896 2376 4215 2469 potentiae

2663 2506 2815 2576 quae
2895 2506 3036 2552 non
3101 2484 3388 2552 subsunt
3432 2483 3820 2553 voluntati:
3893 2492 3961 2552 et
4031 2483 4218 2552 Deus

2662 2592 2881 2661 multa
2917 2600 3145 2684 potest
3173 2615 3322 2685 quae
3352 2614 3492 2661 non
3529 2592 3679 2660 vult
3709 2613 3726 2662 z
3761 2598 3828 2660 et
3863 2592 3960 2660 sic
3996 2600 4097 2660 est
4134 2590 4217 2659 de

2662 2700 2967 2792 potentia
3019 2700 3418 2792 generandi,
3486 2711 3552 2769 et
3613 2697 3962 2769 voluntate
4007 2721 4214 2790 gene·

2665 2807 2887 2877 randi.

2751 2920 2856 2986 An
2904 2941 3105 2988 amun
3151 2917 3541 2997 dicendum,
3590 2915 3771 3010 quod
3809 2918 3866 2986 si
3923 2916 4212 2986 velimus

2664 3027 3045 3097 maximam
3085 3027 3224 3095 vim
3276 3025 3495 3096 facere
3561 3028 3630 3095 in
3686 3048 3883 3118 agere
3924 3035 3989 3095 et
4041 3027 4209 3117 pati,

2664 3144 2826 3206 tunc
2855 3134 2926 3203 in
2957 3132 3106 3204 Deo
3147 3155 3269 3204 nec
3299 3143 3401 3203 est
3446 3135 3748 3226 potentia
3808 3136 4049 3221 activa,
4090 3154 4216 3204 nec

2663 3244 2982 3336 passiva:
3023 3242 3145 3312 sed
3207 3244 3436 3334 potius
3501 3252 3602 3312 est
3656 3244 3725 3311 in
3782 3265 3864 3312 eo
3917 3241 4220 3335 potentia

2666 3354 3123 3446 superactiva.
3169 3352 3291 3421 llla
3342 3361 3569 3421 autem
3606 3352 3852 3421 divisio
3904 3351 4223 3420 Philoso-

2663 3461 2782 3555 phi
2815 3470 3002 3532 tenet
3042 3463 3112 3530 in
3164 3463 3484 3552 potentiis
3522 3460 3797 3553 physice
3865 3458 4220 3552 agentibus

2665 3571 2776 3641 vel
2844 3571 3284 3663 patientibuS.
3381 3569 3572 3639 Unde
3659 3568 3839 3661 quod
3917 3569 4221 3662 potentia

2666 3682 2891 3750 activa
2957 3680 3237 3773 physice
3290 3681 3530 3773 quoerit
3589 3679 3966 3771 subjectum
4035 3676 4220 3771 quod

2668 3789 3010 3859 actionem
3054 3789 3201 3877 ejus
3237 3789 3538 3879 recipiat.
3570 3784 3698 3856 hoc
3735 3796 3834 3856 est
3863 3809 3946 3856 ex
3976 3787 4225 3878 imper-

2666 3902 2962 3970 fectione
3028 3900 3243 3989 ejus:
3316 3899 3371 3967 si
3414 3898 3598 3967 enim
3683 3905 3857 3966 esset
3928 3896 4223 3989 perfecta

2668 4010 2844 4079 actio
2873 4032 3025 4088 sua,
3071 4008 3471 4101 produceret
3514 4016 3732 4077 totum
3762 4006 3964 4076 simul
4000 4029 4017 4076 :
4059 4015 4128 4076 et
4164 4007 4223 4074 si

2670 4126 2849 4187 esset
2908 4114 3203 4209 perfecte
3269 4114 3544 4199 nobilis,
3626 4115 4022 4208 produceret
4076 4115 4224 4184 sine

2669 4224 3170 4316 compositione
3211 4223 3643 4292 simillimum
3706 4225 3957 4314 agenti.
4034 4221 4224 4292 Unde

2670 4341 2969 4424 tempus,
3025 4339 3277 4415 motuS,
3338 4333 3770 4423 compositio,
3812 4329 4219 4420 subjectum,

2669 4439 2908 4509 omnia
2937 4440 3350 4531 proveniunt
3380 4462 3461 4507 ex
3493 4438 3999 4531 imperfectione
4021 4460 4223 4529 agen·

2667 4549 2754 4617 tis
2791 4547 2902 4617 vel
2962 4548 3374 4638 recipientis.
3453 4545 3645 4614 Unde
3702 4546 3771 4614 in
3827 4545 4074 4614 divinis
4123 4553 4226 4614 est

2667 4654 2975 4746 potentia
3014 4655 3441 4745 superactiva
3471 4651 3694 4721 l’atris
3719 4653 3802 4721 ad
3850 4661 4065 4721 totum
4107 4651 4222 4720 Fi-

2670 4763 2838 4831 lium
2899 4765 2970 4832 in
3044 4761 3284 4831 eadem
3342 4764 3631 4831 essentia
3686 4772 4096 4831 coaeternum
4154 4769 4223 4830 et

2667 4872 3051 4966 simplicem
3090 4872 3630 4965 producendum.

4324 421 4396 488 Aa
4428 443 4464 489 1.

4327 1734 4408 1781 Ad
4433 1735 4473 1780 2.

4334 2916 4413 2964 Ad
4439 2917 4482 2964 8.

2755 5087 2862 5156 An
2909 5108 2975 5156 10
3025 5086 3211 5179 quod
3249 5085 3530 5155 ulterius
3577 5086 3918 5177 quaeritur,
3968 5084 4209 5155 Utrum
4239 5106 4561 5169 naqa-at.

2664 5195 2749 5263 ad
2798 5194 2931 5264 hoc
3002 5198 3229 5287 potius
3286 5192 3525 5262 debeat
3563 5193 3691 5263 dici
3750 5204 3961 5286 pater,
4003 5218 4210 5287 quam

2664 5307 2942 5373 mater?
2990 5302 3395 5382 Dicendum,
3451 5302 3635 5395 quod
3681 5306 3798 5382 sic,
3845 5305 3911 5372 in
3950 5311 4214 5372 tantum

2664 5413 2851 5505 quod
2903 5412 3075 5481 nihil
3121 5413 3218 5481 ita
3272 5434 3431 5481 vere
3502 5412 3743 5481 dicitur
3797 5422 3988 5505 pater
4042 5413 4218 5482 sicut

2662 5520 2834 5611 ipse,
2885 5520 3060 5590 sicut
3117 5518 3478 5610 probatum
3536 5527 3638 5588 est
3704 5542 3933 5611 supra.
4001 5518 4217 5588 Mater

2663 5639 2895 5699 autem
2936 5626 3127 5697 nullo
3169 5626 3374 5696 modo
3405 5627 3538 5696 dici
3565 5635 3789 5719 potest
3821 5651 3837 5696 ε
3874 5630 4033 5721 quia
4063 5650 4217 5696 ina-
