4897 6388
581 388 713 457 378

1573 384 1661 454 D.
1711 386 1911 454 ALB.
1957 383 2181 500 MAG.
2231 383 2441 455 ORD.
2493 384 2797 453 PRAED.

583 555 797 630 deret
827 544 1084 629 flando
1126 555 1330 652 quod
1391 555 1756 654 spirando
1821 555 2049 629 dabat
2104 555 2428 629 occulte.
2479 553 2679 641 Quia
2735 535 2921 650 ergo
2988 535 3055 626 si
3123 557 3594 635 nasceretur,
3636 572 3792 622 non

587 699 882 765 tantum
922 691 1014 766 de
1047 691 1297 784 Patre,
1332 714 1473 766 nec
1505 700 1802 764 tantum
1843 690 1935 764 de
1976 687 2197 781 Filio,
2260 689 2392 763 sed
2455 688 2549 763 de
2592 688 2975 763 ambobus
3008 686 3277 784 utique
3312 692 3783 812 nasceretur,

585 826 750 908 sine
791 827 1024 901 dubio
1065 826 1305 900 Filius
1345 826 1729 899 diceretur
1787 822 2217 898 amborum.
2274 825 2380 895 Ac
2447 846 2586 921 per
2638 824 2817 916 hoc,
2895 822 3085 920 quia
3135 820 3343 934 filius
3384 820 3785 894 amborum

513 1000 517 1003 ⁴
587 964 801 1036 nullo
832 961 1054 1035 modo
1089 971 1315 1053 esset,
1349 984 1496 1034 non
1531 958 1867 1057 oportuit
1897 957 2107 1031 nasci
2140 979 2319 1030 eum
2360 957 2456 1032 de
2498 957 2905 1032 ambobus.
2968 956 3395 1031 Amborum
3448 966 3562 1030 est
3609 978 3790 1051 ergo

587 1096 916 1194 Spiritus
957 1104 1294 1188 sanctus,
1334 1093 1818 1190 procedendo
1849 1092 1942 1167 de
1972 1090 2375 1166 ambobus.
2862 1105 2865 1106 ’

1026 1706 1529 1777 ARTICULUS
1594 1707 1684 1776 V.

584 1931 691 1999 An
721 1927 1078 1995 duodecim
1107 1926 1296 1993 modi
1323 1925 1784 2016 qenerationis
1799 1926 2016 2017 positi
2045 1923 2130 1992 ab

667 2034 838 2104 Ario
876 2034 1187 2100 haeretico
1226 2033 1368 2099 sint
1402 2031 1834 2121 sufficienter
1854 2031 2070 2122 positi
2106 2054 2130 2098 .·

677 2165 768 2211 an
804 2142 1014 2209 etiam
1061 2140 1194 2207 alii
1225 2141 1366 2207 sint
1403 2139 1708 2207 addendi
1748 2138 1788 2207 ?

677 2458 934 2528 Deinde
977 2461 1298 2550 quaeritur
1317 2460 1398 2529 de
1428 2459 1559 2530 hoc
1579 2463 1764 2554 quod
1791 2464 1973 2544 dicit,
2007 2464 2127 2545 ibi,

599 2592 633 2632 ι
666 2568 852 2636 Inter
899 2591 1051 2635 vero
1104 2571 1611 2658 qenerationem
1662 2571 1853 2650 Filii,
1909 2581 2036 2640 etc.
2092 2600 2124 2634 »ι

684 2673 900 2741 Sumo
961 2673 1318 2743 duodecim
1375 2676 1617 2744 modos
1679 2678 2131 2768 generationis

592 2803 765 2872 quos
797 2782 997 2848 Arius
1026 2790 1259 2849 contra
1291 2781 1719 2851 Victorinum
1751 2784 2126 2875 disputans,

592 2889 884 2965 induxit.
915 2891 1030 2982 qui
1066 2892 1216 2959 licet
1247 2891 1607 2961 haereticus
1646 2895 1866 2972 tuerit,
1903 2904 2130 2965 tamen

591 2998 776 3067 modi
807 2996 1140 3068 notabiles
1165 3009 1324 3067 sunt
1356 3008 1423 3068 et
1449 2999 1638 3068 boni.

681 3105 953 3174 Primus
1037 3113 1136 3174 est
1198 3127 1410 3197 penes
1494 3107 1759 3176 ssuxum
1822 3109 2015 3178 linem
2089 3133 2129 3179 a

589 3221 867 3306 puncto,
919 3213 974 3281 si
1016 3223 1206 3282 motu
1251 3236 1378 3282 suo
1427 3214 1678 3283 lineam
1723 3214 1935 3286 tacere
1965 3239 2131 3309 pos—

589 3330 715 3390 set.

676 3427 1028 3497 Secundus
1077 3437 1175 3497 est
1225 3452 1436 3520 penes
1481 3431 1919 3501 emissionem
1959 3433 2126 3503 radii

584 3558 624 3604 a
652 3535 797 3605 sole
834 3535 942 3605 vel
971 3536 1106 3606 alio
1134 3561 1419 3629 corpore
1448 3536 1816 3609 luminoso.

670 3644 936 3713 Tertius
1009 3655 1111 3714 est
1164 3669 1371 3736 penes
1428 3644 1909 3737 sigillationem
1964 3649 2130 3720 cha-

585 3752 884 3833 racteris,
943 3753 1117 3823 sicut
1189 3754 1408 3845 figura
1473 3754 1547 3821 tit
1603 3755 1672 3823 in
1729 3779 1879 3825 cera
1942 3781 1982 3826 a
2042 3760 2131 3827 si-

585 3861 775 3954 gitto.

675 3968 973 4050 Quartus
1036 3978 1140 4038 est
1211 3991 1423 4061 penes
1478 3970 2004 4054 immissionem,
2055 3983 2133 4043 ut

591 4079 862 4173 quando
900 4103 942 4148 a
988 4078 1132 4148 Deo
1178 4081 1569 4150 immittitur
1631 4080 1891 4153 bomini
1948 4084 2131 4156 bona

589 4187 931 4257 voluntas.

681 4293 973 4374 Quintus
1029 4301 1126 4361 est
1169 4317 1375 4385 penes
1418 4296 1639 4364 exitus
1706 4300 2131 4391 proprietatis

591 4401 695 4471 vel
745 4400 1108 4469 accidentis
1157 4423 1197 4468 a
1246 4402 1595 4494 principiis
1644 4404 1949 4495 subjecti.

685 4511 933 4578 Sextus
961 4518 1062 4578 est
1098 4531 1305 4600 penes
1342 4510 1865 4582 abstractionem
1906 4517 2133 4584 inten-

593 4619 796 4687 tionis
823 4616 909 4685 ab
947 4615 1077 4685 hoc
1108 4616 1522 4708 particulari,
1554 4621 1730 4690 sicut
1757 4624 2013 4714 species
2033 4646 2133 4691 re·

593 4750 745 4794 rum
773 4732 1188 4818 generantur
1225 4727 1294 4794 in
1333 4728 1588 4799 anima.

685 4833 1029 4925 Septimus
1094 4841 1195 4901 est
1278 4858 1484 4924 penes
1563 4837 2038 4907 excitationem
2109 4860 2126 4909 ε

593 4944 762 5012 sicut
836 4941 1126 5011 liberum
1203 4942 1558 5012 arbitrium
1649 4948 2007 5017 cxcitatum
2092 4973 2133 5016 a

591 5052 807 5143 gratia
842 5050 952 5118 vel
990 5050 1124 5118 alio
1162 5051 1465 5142 procedit
1505 5055 1573 5119 in
1624 5057 2130 5144 generationem

593 5168 891 5229 actuum.

682 5265 977 5335 Octavus
1070 5294 1277 5362 penes
1356 5269 2019 5361 transfigurationem
2109 5295 2124 5340 :

595 5375 766 5444 sicut
804 5399 888 5444 ex
911 5399 1042 5446 aere
1084 5380 1157 5446 tit
1187 5387 1431 5456 statua,
1477 5388 1540 5445 et
1590 5380 1762 5447 sicut
1812 5380 2025 5469 ligura
2062 5382 2130 5449 in

595 5486 810 5576 ligura
839 5486 1212 5556 incisionis.

681 5590 918 5661 Nonus
949 5601 1050 5661 est
1096 5616 1304 5685 penes
1351 5593 1869 5684 productionem
1913 5595 2135 5664 :sicut

596 5705 821 5766 motus
845 5698 1150 5791 procedit
1178 5699 1262 5768 ab
1303 5698 1642 5769 immobili
1679 5702 1924 5791 primo.

2327 1481 2653 1552 Decimus
2709 1473 2812 1552 est
2859 1471 3078 1575 'penes
3145 1485 3411 1553 exitum
3462 1484 3709 1574 speciei
3757 1506 3798 1551 a
3859 1472 3871 1480 ⁸

2241 1593 2680 1682 generatione
2744 1616 2868 1684 per
2940 1593 3202 1661 exitum
3259 1591 3793 1683 differentiarum

2242 1697 2694 1767 dividentium
2767 1723 2986 1792 genus
3069 1708 3136 1769 et
3234 1702 3793 1771 constituentium

2241 1808 2561 1897 speciem.

2331 1915 2750 1985 Undecimus
2823 1925 2931 1986 est.
3002 1939 3213 2008 penes
3280 1905 3691 1987 idea'tionem
3771 1942 3787 1985 :

2241 2025 2416 2092 sicut
2454 2046 2609 2092 arca
2637 2026 2935 2110 exterior
2963 2035 3067 2093 est
3091 2025 3179 2094 ab
3217 2048 3378 2094 arca
3405 2048 3558 2117 quae
3585 2036 3689 2095 est
3724 2027 3797 2095 in

2244 2140 2471 2200 mente
2528 2134 2795 2213 arcarii,
2849 2142 2919 2201 et
2999 2134 3258 2203 sanitas
3314 2134 3509 2203 istius
3584 2136 3796 2204 curati

2244 2248 2345 2307 cst
2381 2262 2422 2306 a
2450 2241 2740 2309 sanitate
2780 2262 2935 2332 quae
2986 2249 3089 2309 est
3128 2242 3199 2308 in
3243 2242 3476 2310 anima
3521 2242 3790 2314 medici.

2332 2347 2796 2417 Duodecimus
2847 2356 2948 2419 est
2986 2373 3196 2440 penes
3236 2352 3683 2436 nascentiam,
3717 2359 3797 2419 ut

2242 2453 2452 2525 homo
2484 2456 2664 2525 filius
2703 2457 3004 2526 nascitur
3031 2458 3119 2525 ab
3166 2455 3446 2527 homine
3489 2467 3699 2550 patre.

2329 2563 2529 2631 Patet
2558 2571 2814 2643 autem,
2850 2564 3033 2657 quod
3081 2563 3194 2633 ille
3240 2562 3596 2633 haereticus
3654 2589 3788 2634 non

2242 2695 2483 2740 omnes
2548 2672 2789 2741 modos
2842 2674 3307 2765 generationis
3364 2685 3717 2743 enumerat
3766 2698 3783 2745 ε

2241 2782 2400 2871 quia
2437 2792 2814 2851 nascuntur
2838 2804 2925 2850 ex
2952 2782 3446 2875 putrefactione
3468 2783 3704 2864 multa,
3725 2792 3792 2853 et

2240 2911 2323 2956 ex
2380 2888 2902 2979 vegetabilibus,
2977 2891 3318 2981 praecipue
3383 2913 3470 2958 ex
3544 2892 3790 2960 virtute

2238 2995 2587 3064 stellarum
2627 3019 2778 3089 quoe
2809 3019 2949 3065 non
2989 2998 3210 3089 tetigit
3244 3021 3261 3066 ε
3296 3006 3364 3066 et
3390 2998 3543 3067 ideo
3575 2999 3792 3067 insut-

2241 3103 2470 3170 ficiens
2498 3102 2625 3171 fuit
2659 3124 2676 3171 :
2711 3111 2778 3171 et
2798 3101 2952 3172 ideo
2979 3124 3019 3171 a
3049 3101 3405 3172 Victorino
3437 3104 3797 3196 reprehen-

2238 3211 2440 3288 ditur,
2485 3218 2553 3279 et
2597 3210 2978 3280 ostenditur
3025 3212 3213 3304 quod
3253 3211 3509 3280 nullius
3547 3211 3789 3281 harum

2237 3320 2756 3409 generationum
2814 3319 3047 3388 divina
3107 3322 3459 3411 generatio
3517 3320 3787 3413 plenam

2238 3426 2441 3495 habet
2465 3418 3026 3499 similitudinem.

2682 3861 3191 3936 ARTICULUS
3237 3864 3362 3938 vl.

2246 4090 2494 4158 Utrum
2543 4089 2677 4158 illa
2728 4088 2823 4157 sit
2875 4081 3329 4172 concedenda,
3362 4090 3552 4181 quod
3586 4092 3795 4160 Pater

2327 4198 2418 4263 sit
2446 4208 2691 4267 auctor
2714 4197 2907 4290 quod
2932 4199 3243 4291 Spiritus
3266 4207 3547 4267 sanctus
3566 4222 3794 4289 proce·

2331 4301 2434 4368 die
2474 4326 2518 4370 a
2568 4302 2782 4379 Filio,
2824 4309 2890 4369 et
2932 4301 3127 4394 quod
3176 4304 3391 4370 Pater
3417 4302 3509 4371 sit
3556 4312 3795 4369 auctor

2328 4408 2698 4497 filiationis
2726 4408 2924 4486 Filii,
2958 4418 3023 4476 e!
3050 4408 3242 4499 quod
3279 4410 3372 4476 si!
3419 4419 3658 4477 auctor
3700 4432 3794 4477 es·

2327 4518 2565 4585 sentia!
2605 4518 2674 4583 in
2708 4515 2897 4585 Filio
2941 4517 2983 4583 :²

2331 4837 2591 4906 Deinde
2623 4839 2950 4930 quaeritur
2973 4840 3055 4908 de
3087 4838 3218 4909 hoc
3247 4841 3431 4933 quod
3457 4841 3641 4926 dicit,
3676 4842 3793 4928 ibi,

2247 4971 2278 5009 ι
2328 4947 2672 5029 Quoniam
2724 4948 2940 5015 Pater
2975 4948 3431 5040 processionis
3478 4947 3633 5037 ejus
3668 4971 3795 5016 au-

2242 5064 2518 5133 ctorem,
2569 5057 2693 5148 qui
2746 5055 2957 5123 talem
2993 5057 3235 5146 qenai!
3274 5057 3537 5145 filium.
3584 5069 3710 5128 etc.
3757 5084 3792 5127 s

2339 5164 2395 5229 t.
2433 5161 2614 5253 Ergo
2644 5162 2831 5256 quod
2861 5161 3157 5253 Spiritus
3180 5162 3484 5253 procedit
3519 5187 3559 5232 a
3598 5164 3795 5245 Filio,

2244 5280 2482 5338 auctor
2513 5280 2612 5339 cst
2649 5271 2903 5340 Pater:
2959 5292 3099 5338 non
3147 5278 3380 5339 autem
3428 5281 3531 5340 est
3568 5283 3801 5344 auctor

2244 5381 2371 5447 nisi
2413 5379 2811 5471 generando
2847 5401 2862 5447 ε
2904 5402 3068 5470 ergo
3107 5378 3404 5467 videtur,
3438 5383 3624 5474 quod
3662 5384 3801 5452 I‘a-

2242 5501 2345 5559 ter
2426 5487 2818 5580 generando
2896 5488 2982 5554 sit
3048 5495 3287 5557 auctor
3349 5493 3800 5581 processionis

2245 5598 2542 5688 Spiritus
2572 5595 2787 5662 sancti
2831 5617 2848 5663 ε
2882 5595 3376 5688 cujuscumque
3416 5605 3643 5667 autem
3669 5599 3799 5688 Pa-

2244 5713 2343 5773 ter
2380 5711 2482 5771 est
2534 5710 2771 5771 auctor
2821 5700 3244 5793 generando,
3285 5702 3401 5774 ille
3429 5714 3533 5775 est
3568 5706 3787 5777 filius:
