4897 6388
621 359 750 427 366
868 393 880 402 ·

1603 358 1681 427 D.
1733 359 1930 428 ALB.
1982 360 2198 430 MAG.
2252 360 2461 433 ORD.
2510 362 2814 451 PRAED.

624 529 873 610 radius,
917 529 1237 596 etlumen
1288 552 1303 595 :
1341 537 1407 596 et
1436 529 1530 596 ita
1570 530 1701 597 duo
1732 539 1892 598 sunt
1919 532 2166 600 distin-
2268 556 2443 601 unus
2476 543 2666 602 actus
2704 538 3068 612 univocuS‚
3116 555 3240 623 per
3285 555 3487 623 quem
3528 513 3830 599 una'na-

619 646 724 715 cta
777 661 791 705 :
854 645 1018 705 tunc
1058 636 1279 705 adhuc
1334 661 1474 705 non
1528 638 1709 705 valet
1764 638 2157 716 similitudo,

619 746 776 835 quia
799 745 1028 811 lumen
1052 753 1152 812 est
1174 745 1463 834 qualitas
1485 745 1849 833 disponens
1873 745 2157 829 radium,

619 863 681 922 et
713 856 953 933 solem,
981 863 1046 923 et
1078 878 1214 921 non
1248 863 1348 921 est
1379 855 1657 921 diversae
1693 855 2113 943 proprietatis
2142 878 2156 922 ι

622 987 783 1056 ergo
813 964 1078 1031 videtur
1117 962 1489 1031 secundum
1529 961 1681 1043 hoe,
1725 962 1906 1051 quod
1944 962 2162 1030 adhuc

618 1095 757 1141 non
794 1073 1009 1162 possit
1063 1070 1387 1161 distingui
1428 1072 1602 1137 inter
1658 1072 2160 1159 generationem

620 1179 797 1258 Filii,
832 1186 897 1246 et
924 1181 1428 1268 processionem
1464 1177 1751 1267 Spiritus
1780 1181 2013 1247 sancti.

711 1284 784 1353 Si
817 1294 1042 1354 autem
1067 1285 1271 1364 dicaS‚
1310 1284 1489 1375 quod
1530 1283 1599 1352 in
1633 1285 1784 1374 igne
1817 1286 2158 1354 invenitur

617 1393 989 1461 similitudo
1039 1415 1197 1461 vera
1262 1393 1714 1460 distinctionis
1780 1417 1794 1460 ε
1846 1395 2015 1483 ‘quia
2071 1393 2154 1460 ab

615 1502 773 1592 igne
809 1501 1112 1592 procedit
1140 1501 1397 1580 lumen,
1432 1508 1499 1568 et
1545 1499 1750 1583 calor,
1796 1509 1860 1567 et
1890 1509 2157 1568 utrum-

616 1631 748 1701 que
778 1609 915 1677 exit
969 1608 1053 1674 ab
1093 1608 1274 1699 igne.
1326 1608 1579 1675 Iterum
1620 1607 1749 1676 hoc
1793 1630 1933 1675 non
1977 1607 2157 1676 valet

615 1719 879 1787 duabus
910 1718 1322 1786 rationibus:
1353 1740 1638 1808 quarum
1663 1741 1796 1786 una
1827 1727 1948 1797 est,
1971 1717 2149 1809 quod

611 1829 731 1896 lux
759 1848 896 1896 non
954 1834 1055 1895 est
1103 1826 1432 1894 naturalis
1471 1828 1636 1918 igni,
1670 1836 1745 1894 ut
1785 1826 1942 1894 dicit
1986 1826 2155 1893 Ale-

612 1933 871 2003 xander
909 1929 1367 2024 Philosophus
1413 1955 1429 2001 :
1471 1935 1632 2025 quia
1672 1956 1807 2001 non
1863 1933 2036 2002 lucet
2083 1934 2152 2000 in

608 2042 871 2134 sphaera
909 2064 1030 2108 sua
1063 2063 1079 2107 :
1127 2041 1323 2108 aliter
1360 2042 1543 2108 enim
1583 2049 1836 2132 tegeret
1875 2064 1914 2108 a
1958 2040 2153 2109 nobis

611 2150 863 2229 stellaS‚
896 2151 1056 2242 quia
1109 2169 1396 2240 corpora
1434 2148 1773 2216 luminosa
1812 2157 2042 2242 tegunt
2074 2173 2165 2231 ea,

613 2279 763 2349 quae
795 2264 954 2325 sunt
994 2263 1145 2347 post
1180 2277 1254 2323 so
1305 2273 1323 2324 ε
1367 2256 1540 2323 sicut
1585 2277 1720 2323 una
1758 2255 1952 2325 stella
1987 2256 2154 2325 ecli-

611 2371 760 2456 psat
814 2362 1041 2442 aliam,
1111 2362 1384 2454 quando
1443 2362 1797 2451 subjicitur
1862 2364 1923 2432 ei
1980 2364 2154 2433 inter

610 2478 921 2539 nostrum
957 2471 1208 2554 visum,
1249 2480 1327 2538 et·
1375 2469 1561 2537 illam
1607 2493 1755 2561 quae
1796 2479 1898 2539 est
1948 2492 2152 2563 supe-

610 2583 768 2649 rior.
805 2580 954 2648 Alia
993 2580 1165 2647 ratio
1223 2590 1325 2647 est
1377 2601 1393 2645 τ
1457 2582 1616 2670 quia
1647 2583 1767 2647 etsi
1811 2579 2146 2664 dabimus,

608 2688 791 2782 quod
819 2689 998 2780 iguis
1026 2687 1108 2756 do
1140 2698 1379 2755 natura
1423 2709 1544 2755 sua
1588 2687 1694 2755 luc
1713 2697 1804 2768 et,
1871 2710 2009 2756 non
2044 2697 2150 2756 ta-

611 2816 771 2864 men
799 2795 1007 2877 calor,
1050 2803 1113 2863 et
1147 2794 1374 2862 lumen
1418 2793 1830 2862 reducuntur
1856 2795 1941 2862 ad
1970 2817 2150 2863 eam·

609 2904 762 2974 dem
802 2915 1110 2973 naturam
1153 2905 1221 2971 in
1261 2904 1464 2994 igne:
1501 2904 1618 2972 sed
1667 2926 1878 2971 unum
1916 2904 2000 2971 ad
2039 2904 2149 2972 lu-

609 3037 785 3099 cem,
826 3021 892 3084 et
920 3013 1203 3082 alterum
1237 3012 1324 3081 ad
1361 3011 1654 3081 calorem
1689 3035 1703 3080 :
1739 3036 1820 3082 ex
1859 3011 1988 3083 hoc
2018 3015 2149 3106 igi-

608 3130 719 3191 tur
753 3130 914 3192 tunc
938 3124 1267 3216 sequitur,
1303 3122 1487 3214 quod
1517 3121 1722 3190 Filius
1760 3132 1821 3190 et
1857 3122 2147 3215 Spiritus

607 3241 876 3301 sanctus
906 3253 1043 3299 non
1082 3240 1304 3299 essent
1337 3251 1420 3297 ex
1453 3230 1688 3299 eadem
1734 3241 1971 3299 natura
2015 3231 2148 3299 l'a-

606 3337 750 3415 tris,
792 3337 973 3430 quod
1006 3334 1278 3404 haeresis
1317 3342 1441 3405 est.

699 3447 800 3514 13.
839 3443 1193 3522 Fra-terea,
1231 3444 1305 3512 Si
1338 3443 1486 3512 liaec
1514 3445 2023 3536 distinguuntur
2059 3445 2144 3513 ab

605 3551 921 3629 invicem,
962 3554 1132 3620 sicut
1170 3574 1242 3618 se
1286 3550 1560 3619 habebit
1599 3552 2023 3641 distinguens
2058 3552 2143 3620 ad

603 3659 1047 3751 distinguens,
1088 3660 1183 3727 sic
1231 3659 1575 3727 distinctio
1631 3658 1712 3725 ad
1765 3659 2143 3728 distinctio·

603 3787 786 3847 nem,
827 3773 891 3833 et
948 3765 1337 3833 distinctum
1394 3764 1478 3832 ad
1524 3763 1913 3832 distinctum
1965 3785 1982 3835 ε
2024 3769 2141 3835 sed

601 3872 1023 3965 distinguens
1070 3894 1109 3939 a
1165 3872 1620 3964 distinguente
1692 3872 1912 3940 differt
1975 3872 2140 3941 sub-

601 3978 1025 4056 nuntianter,
1066 3999 1148 4046 eo
1197 3978 1381 4068 quod
1431 3977 1860 4045 accidentalis
1895 3978 2138 4046 distin·-

601 4086 734 4154 ctio
766 4088 833 4153 in
863 4086 1109 4154 divinis
1138 4084 1324 4153 nulla
1355 4094 1456 4153 est
1492 4108 1507 4153 :
1540 4107 1701 4177 ergo
1732 4086 2068 4154 distinctio
2097 4109 2136 4155 a

600 4195 1053 4267 distinctione.
1121 4203 1186 4264 et
1251 4196 1643 4264 distinctum
1730 4222 1767 4262 a
1824 4196 2134 4263 distincto

600 4303 917 4372 differunt
972 4302 1504 4370 substantialiter
1563 4326 1577 4368 :
1653 4301 1769 4369 sed
1842 4302 2134 4370 distincti

599 4417 755 4478 sunt
790 4409 997 4477 Filius
1025 4419 1088 4478 et
1130 4410 1425 4500 Spiritus
1462 4419 1731 4477 sanetus
1768 4431 1783 4478 ε
1820 4434 1982 4499 ergo
2026 4410 2136 4478 Fi-

600 4519 729 4586 lius
766 4527 829 4587 et
864 4519 1154 4611 Spiritus
1185 4529 1458 4586 sanctus
1485 4519 1798 4586 differunt
1829 4519 2135 4586 substan·

594 4625 845 4693 tialiter
908 4645 925 4693 τ
995 4647 1442 4717 quincumque
1507 4636 1730 4694 autem
1817 4625 2134 4694 differunt

597 4733 1148 4812 substantialiter,
1201 4756 1414 4801 unum
1465 4757 1699 4802 eorum
1761 4733 1959 4802 habet
2006 4735 2135 4802 ali-

598 4862 802 4933 quam
876 4842 1322 4910 substantiam
1426 4865 1629 4932 quam
1723 4864 1862 4909 non
1930 4841 2129 4909 habet

598 4946 780 5015 aliud
815 4971 830 5016 ε
865 4970 1026 5040 ergo
1056 4948 1283 5040 aliqua
1313 4949 1684 5016 substantia
1716 4959 1812 5016 est
1844 4950 1912 5016 in
1941 4949 2126 5029 Filio,

596 5075 746 5147 quoe
785 5079 921 5124 non
953 5063 1053 5126 est
1084 5058 1151 5124 in
1179 5057 1441 5148 Spiritu
1472 5068 1730 5134 sancto,
1782 5057 1963 5148 qnod
2015 5057 2132 5124 sat-

593 5183 745 5229 sum
796 5172 858 5231 et
901 5163 1295 5232 haereticum
1337 5173 1438 5231 est
1491 5187 1505 5231 :
1557 5188 1718 5255 ergo
1758 5187 1894 5231 non
1934 5165 2130 5232 ‹titre-

595 5277 751 5338 runt
780 5273 1242 5340 emanationes
1272 5271 1421 5339 duae
1453 5272 1626 5339 inter
1663 5296 1754 5339 se.

690 5378 789 5444 lt.
856 5378 1046 5457 ltem,
1108 5379 1185 5445 ln
1241 5377 1560 5447 omnibus
1619 5380 1685 5445 in
1739 5377 1984 5469 quilius
2030 5388 2129 5446 est

596 5488 986 5588 univocatio
1035 5490 1236 5555 unius
1279 5487 1661 5554 communis
1709 5495 1988 5564 naturae,
2031 5500 2130 5558 est

664 5719 678 5754 ¹
709 5717 792 5777 Ct'.
828 5716 1035 5791 Supra,
1069 5717 1214 5775 Dist.
1249 5718 1340 5774 tv.

2267 648 2416 709 tura
2454 652 2874 733 propagatur
2940 665 3024 709 ex
3078 664 3245 709 uno.
3294 639 3447 709 Hoc
3500 640 3827 731 probatur

2267 748 2335 813 in
2383 749 2696 839 singulis.
2762 749 2943 838 Ergo
3003 749 3059 815 si
3112 750 3503 816 univocatio
3567 756 3825 815 naturae

2261 853 2509 921 divinoe
2543 863 2642 922 est
2686 856 2752 921 in
2784 855 2955 922 Filio
2989 864 3056 922 et
3099 854 3357 944 Spiritu
3390 864 3651 934 sancto,
3696 858 3824 922 erit

2263 968 2451 1026 actus
2490 961 2843 1042 ⁶univocus
2901 983 3037 1051 quo
3099 961 3214 1028 illa
3253 972 3495 1029 natura
3553 985 3633 1030 ex
3683 984 3821 1028 uno

2263 1066 2464 1136 Patre
2503 1077 2607 1134 est
2636 1078 2909 1158 accepta
2945 1091 2959 1133 ε
2998 1091 3160 1159 ergo
3202 1070 3256 1135 si
3288 1091 3408 1158 per
3435 1070 3826 1159 generatio-

2262 1193 2420 1243 nem
2462 1177 2708 1265 accipit
2735 1175 2975 1254 Filius,
3012 1199 3133 1266 per
3162 1177 3676 1267 generationem
3720 1198 3825 1244 ac·

2261 1283 2423 1372 cipit
2451 1292 2519 1350 et
2576 1282 2871 1372 Spiritus
2912 1291 3189 1351 sanctus
3230 1305 3248 1351 ε
3305 1283 3416 1351 vel
3455 1287 3511 1351 si
3580 1305 3826 1374 proce-

2259 1390 2481 1458 dendo
2523 1393 2769 1481 accipit
2817 1390 3115 1481 Spiritus
3155 1401 3456 1471 sanctus,
3490 1414 3571 1460 eo
3610 1392 3817 1459 modo

2260 1500 2547 1588 accipiet
2582 1506 2650 1567 et
2688 1499 2927 1567 Filius.

2351 1603 2424 1671 Si
2489 1605 2664 1674 forte
2720 1606 2969 1698 aliquis
3034 1605 3202 1675 velit
3274 1606 3527 1675 instare
3582 1605 3821 1696 primae

2259 1712 2645 1802 probationi
2678 1711 2747 1780 iri
2785 1714 3025 1797 stellis,
3070 1716 3140 1781 in
3190 1713 3440 1805 quibus
3480 1722 3581 1782 est
3618 1722 3819 1781 natu·

2257 1843 2329 1888 ra
2385 1841 2549 1902 una,
2609 1831 2678 1891 et
2714 1830 2944 1891 tamen
3016 1846 3154 1891 non
3211 1830 3679 1914 propagantur
3740 1845 3824 1891 ex

2256 1949 2387 1996 una
2428 1930 2628 1998 stella
2660 1953 2678 1999 z
2722 1932 3047 1999 instantia
3077 1930 3442 2000 ridiculosa
3471 1938 3573 1999 est
3612 1953 3628 1997 ε
3665 1931 3825 2022 quia

2256 2035 2468 2104 stellae
2516 2046 2659 2105 non
2713 2047 2874 2106 sunt
2930 2039 3133 2106 unius
3199 2045 3459 2107 naturae
3516 2060 3668 2129 quae
3733 2039 3822 2107 sit

2255 2140 2474 2210 forma
2510 2145 2760 2235 speciei
2795 2167 2812 2212 2
2856 2148 3020 2236 quia
3066 2146 3125 2213 si
3174 2143 3308 2213 hoc
3343 2153 3522 2213 esset
3546 2167 3815 2230 verum,

2255 2274 2409 2320 cum
2464 2253 2994 2322 determinatum
3034 2254 3118 2322 sit
3177 2252 3364 2344 quod
3421 2253 3626 2321 etiam
3683 2255 3820 2320 sint

2256 2360 2459 2428 unius
2491 2360 2794 2428 materiae
2846 2383 2984 2428 non
3023 2361 3493 2429 diversificatoe
3522 2382 3646 2451 per
3687 2359 3817 2426 im·

2257 2470 2641 2558 pressiones
2699 2469 3119 2560 peregrinas,
3189 2467 3310 2536 sed
3368 2476 3633 2535 tantum
3690 2465 3815 2534 ha-

2258 2578 2481 2647 bentis
2518 2579 2895 2669 potentiam
2936 2578 3023 2646 ad
3064 2587 3332 2646 motum
3389 2577 3811 2655 circularem,

2255 2687 2480 2756 omnis
2504 2685 2701 2756 stella
2747 2709 2903 2754 cum
2938 2687 3130 2754 omni
3160 2685 3357 2754 stella
3404 2693 3583 2753 esset
3620 2684 3808 2773 ejus-

2248 2795 2402 2863 dcm
2459 2794 2765 2878 effectus,
2824 2794 3013 2886 quod
3077 2801 3182 2862 est
3256 2792 3654 2871 absurdum,
3741 2797 3810 2860 et

2250 2907 2488 2967 contra
2525 2901 2783 2989 peritos
2812 2909 3182 2967 astrorum.

2343 3020 2415 3088 Si
2446 3028 2681 3089 autem
2719 3019 2894 3088 forte
2915 3018 3101 3087 volet
3133 3017 3383 3111 aliquis
3415 3019 3665 3085 instare
3691 3036 3816 3108 per

2253 3127 2555 3220 Angelos
2600 3149 2617 3196 z
2652 3126 2874 3197 adhuc
2914 3127 3144 3194 minus
3182 3124 3388 3192 dubia
3429 3134 3532 3193 est
3562 3125 3815 3191 instan-

2250 3239 2341 3305 tia
2378 3258 2395 3305 ε
2428 3238 2590 3330 quia
2631 3259 2772 3306 non
2798 3244 2899 3305 est
2940 3235 3333 3328 probatum,
3367 3235 3552 3327 quod
3590 3235 3813 3325 Ange·

2251 3342 2293 3410 li
2334 3343 2471 3411 sint
2508 3342 2815 3433 ejusdem
2868 3342 3118 3433 speciei
3177 3362 3195 3409 τ
3250 3339 3361 3409 vel
3418 3342 3472 3408 si
3523 3348 3707 3420 sunt,
3739 3347 3809 3405 ut

2254 3450 2531 3541 quidam
2570 3449 2829 3528 dicunt,
2891 3472 3030 3517 non
3069 3457 3176 3517 est
3213 3449 3530 3516 instantia
3593 3469 3609 3514 ε
3652 3446 3812 3539 quia

2250 3560 2317 3625 in
2348 3559 2445 3627 eis
2474 3579 2615 3628 non
2654 3567 2759 3627 est
2800 3567 3041 3625 natura
3081 3555 3701 3632 communicabilis,
3735 3564 3806 3621 ut

2247 3687 2451 3756 supra
2489 3665 2855 3757 probatum
2900 3670 3004 3732 est
3041 3670 3059 3706 ¹
3095 3684 3113 3732 ε
3147 3664 3371 3755 prima
3397 3671 3623 3731 autem
3656 3684 3810 3753 pro·

2248 3774 2494 3863 positio
2534 3781 2638 3841 est
2667 3772 2751 3840 de
2803 3770 2911 3839 liis
2943 3772 3011 3838 in
3043 3770 3298 3862 quibus
3337 3781 3580 3838 natura
3617 3792 3812 3838 com·

2246 3879 2680 3949 manicabilis
2733 3887 2835 3947 est
2889 3901 3014 3968 per
3069 3877 3358 3970 originis
3416 3876 3807 3947 actum·vel

2244 3985 2749 4078 proprietatem.

2335 4096 2438 4163 ¹5.
2487 4093 2684 4170 ltem,
2721 4092 2875 4161 Non
2915 4092 3190 4162 videtur
3238 4114 3386 4161 esse
3423 4091 3806 4161 differentia

2241 4222 2445 4290 quam
2504 4200 2786 4291 quidam
2826 4199 2909 4266 de
2967 4221 3151 4268 novo
3211 4197 3323 4267 hic
3373 4200 3804 4274 invenerunt,

2240 4309 2494 4378 scilicet
2530 4308 2718 4399 quod
2764 4309 2901 4376 duo
2951 4310 3089 4376 sint
3140 4309 3210 4376 in
3260 4306 3493 4374 divina
3533 4314 3798 4387 natura,

2240 4416 2494 4485 scilicet
2522 4438 2672 4485 esse
2703 4416 2847 4483 sivo
2886 4415 3209 4492 essentia,
3250 4424 3315 4481 et
3365 4413 3800 4504 spiritualitas

2243 4525 2450 4616 ipsius
2495 4546 2512 4592 ε
2555 4532 2625 4593 et
2666 4522 2819 4591 ideo
2867 4545 3079 4613 penes
3120 4523 3245 4590 ista
3292 4521 3429 4588 duo
3477 4529 3638 4588 sunt
3666 4519 3801 4588 duo

2239 4643 2428 4703 actus
2484 4632 3131 4701 communicationis
3184 4642 3478 4713 naturae,
3544 4628 3800 4698 scilicet

2239 4740 2586 4828 generatio
2645 4760 2798 4831 quae
2856 4740 3322 4807 communicat
3380 4759 3528 4804 esse
3586 4746 3653 4804 et
3688 4757 3802 4802 es·-

2237 4849 2552 4921 sentiam‚
2605 4853 2673 4915 et
2737 4849 3085 4937 processio
3141 4867 3294 4938 quae
3339 4845 3800 4914 communicat

2238 4953 2809 5046 spiritualitatem.
2901 4955 3041 5021 Aut
3106 4953 3292 5021 enim
3358 4949 3800 5042 spiritualitas

2237 5070 2524 5129 vocatur
2577 5060 2979 5127 attributum
3049 5059 3389 5139 divinum,
3461 5079 3599 5148 quo
3656 5058 3800 5148 ipsa

2239 5178 2479 5237 natura
2516 5168 2752 5236 divina
2790 5167 3236 5258 distinguitur
3278 5190 3319 5234 a
3368 5176 3609 5234 natura
3656 5187 3802 5233 cor-

2238 5275 2450 5368 porali
2498 5296 2515 5347 z
2549 5283 2665 5343 aut
2694 5274 3137 5366 spiritualitas
3188 5283 3474 5340 vocatur
3508 5273 3615 5341 vis
3652 5273 3799 5363 spi-

2239 5383 2478 5463 rativa‚
2525 5381 2608 5449 de
2658 5403 2794 5472 qua
2844 5379 3157 5447 habitum
3207 5388 3309 5446 est
3360 5402 3565 5470 supra
3600 5392 3645 5446 ².
3717 5378 3790 5445 Si

2237 5494 2457 5583 primo
2491 5490 2699 5559 modo
2736 5512 2752 5557 :
2785 5498 2945 5557 tunc
2977 5487 3145 5556 nihil
3178 5497 3280 5556 est
3300 5487 3494 5581 quod
3513 5488 3789 5557 dicunt:

2311 5719 2333 5755 ²
2362 5718 2447 5775 Cf.
2482 5718 2692 5791 Supra,
2725 5715 2869 5773 nzst.
2905 5716 2974 5772 Χ.
