4897 6388
573 365 580 371 .
692 312 821 379 568

690 503 876 566 nem,
912 480 1095 570 quod
1125 483 1268 570 ipse
1294 449 1689 571 symbolum
1728 486 1948 557 vocat,
1985 478 2066 545 de
2094 476 2237 544 Deo

693 588 1036 670 dicuntur,
1098 596 1164 654 et
1219 589 1302 655 de
1369 587 1500 656 hoc
1581 588 1736 655 fecit
1796 584 2238 676 symbolicam

595 753 604 762 .
694 695 1114 786 theologiam
1154 718 1168 761 z
1206 719 1381 786 quos
1414 695 1584 762 duos
1615 695 1824 761 libros
1856 715 1993 760 non
2028 690 2240 758 habe-

693 827 872 871 mus.
918 804 1066 871 Alia
1109 812 1269 871 sunt
1309 805 1590 871 nomina
1650 804 2068 890 majestatem
2134 798 2242 865 di-

692 912 998 978 vinitatis
1065 911 1518 1000 exprimentia
1591 918 1717 977 :et
1779 907 1922 975 haec
1988 905 2236 973 attendi

694 1026 983 1108 possunt
1007 1017 1273 1084 duobus
1305 1016 1550 1099 modis,
1584 1016 1839 1082 scilicet
1869 1012 2238 1082 secundum

694 1123 1076 1214 significata
1107 1147 1146 1190 a
1177 1123 1424 1212 quibus
1464 1123 1932 1212 imponuntur,
2002 1130 2068 1187 et
2131 1141 2240 1186 se-

693 1232 996 1300 cundum
1063 1231 1344 1298 modum
1400 1229 1805 1321 praedicandi
1874 1252 2075 1319 quem
2127 1227 2239 1294 ha-

696 1324 860 1406 bent
891 1339 961 1405 in
1001 1338 1249 1405 divinis
1294 1361 1308 1404 ε
1347 1346 1412 1404 et
1453 1337 1533 1405 de
1573 1336 1965 1428 significatis
2005 1358 2236 1403 eorum

589 1455 594 1459 ’
696 1447 840 1536 agit
866 1444 1237 1536 Dionysius
1267 1447 1338 1512 in
1388 1445 1560 1512 libro
1593 1445 1675 1512 de
1714 1446 1984 1512 Divinis
2020 1444 2240 1510 nomi-

362 2890 655 2946 Qun-suane.

400 3444 608 3493 Solunte.

693 1551 901 1619 nibus
939 1575 1059 1643 per
1088 1552 1410 1620 tredecim
1444 1550 1764 1641 capitula,
1824 1552 1891 1616 in
1948 1572 2237 1639 quorum

693 1659 912 1725 tribus
944 1657 1350 1725 determinat
1392 1657 1673 1725 modum
1714 1655 2116 1746 procedendi
2173 1662 2234 1722 et

692 1768 929 1857 accipit
966 1767 1318 1833 materiam
1363 1789 1380 1833 ε
1427 1768 1493 1832 in
1527 1766 1758 1833 decem
1793 1774 2015 1832 autem
2077 1764 2234 1831 resi-

693 1874 845 1940 duis
876 1876 1094 1964 tangit
1135 1875 1280 1964 ipsa
1320 1876 1624 1941 nomina.
1671 1874 1947 1941 Modum
2014 1882 2235 1939 autem

689 1979 1103 2071 praedicandi
1142 1981 1475 2070 ipsorum,
1510 1980 1883 2048 secundum
1917 1979 2095 2070 quod
2135 2001 2241 2047 so-

689 2085 860 2154 nant
896 2087 968 2154 in
1000 2086 1628 2178 ipsisnominibus,
1694 2086 2096 2156 determinat
2168 2087 2236 2154 in

687 2193 866 2262 libro
918 2216 1124 2283 quem
1163 2203 1364 2263 vocat
1427 2196 1787 2285 mysticam
1826 2193 2236 2282 tleeoloqiam

693 2324 732 2368 a
765 2305 961 2380 μύστκ
1000 2300 1185 2391 quod
1214 2310 1315 2369 est
1352 2312 1707 2384 secretum,
1768 2324 1848 2370 eo
1890 2301 2065 2391 quod
2136 2323 2237 2368 res

692 2409 840 2499 ipsa
904 2416 1163 2475 secreta
1219 2417 1473 2487 manet,
1517 2417 1584 2477 et
1637 2431 1776 2475 non
1826 2417 1964 2476 tota
2011 2418 2084 2475 ut
2141 2417 2239 2475 est

690 2526 918 2607 potest
967 2517 1304 2585 nominari
1350 2540 1367 2585 ε
1416 2525 1481 2586 et
1534 2517 1741 2605 hujus
1798 2539 1998 2585 causa
2062 2516 2234 2585 dicta

693 2635 795 2695 est
835 2625 996 2693 alibi
1022 2629 1065 2693 ⁸.
1516 2618 1524 2625 ⁸

789 2843 866 2909 St
886 2864 1105 2909 Atreu
1136 2842 1491 2934 quaeritur,
1517 2841 1734 2909 Penes
1768 2839 1928 2929 quid
1949 2838 2239 2905 sumitur

696 2971 1023 3017 numerus
1066 2971 1269 3039 quem
1309 2950 1528 3041 tangit
1567 2948 1935 3037 Dionysius
1993 2946 2061 3013 in
2117 2945 2240 3014 de-

653 3079 842 3125 cem
900 3054 1217 3148 capitulis
1272 3055 1426 3146 libri
1487 3056 1568 3125 de
1613 3056 1879 3126 Divinis
1935 3055 2238 3121 :contini-

697 3151 878 3234 bias?

790 3373 1174 3453 naseos-sno,
1208 3373 1392 3465 quod
1434 3375 1577 3465 ipse
1616 3376 1828 3464 tangit
1880 3395 1958 3441 ca
1995 3396 2239 3441 secun-

694 3480 860 3549 dum
892 3480 1076 3572 quod
1106 3480 1625 3549 manifestantur
1654 3480 1719 3546 in
1751 3503 1951 3547 causa
1977 3489 2049 3547 ut
2076 3503 2240 3548 cau-

696 3611 770 3656 sa
802 3585 1038 3655 talium
1059 3586 1423 3656 effectuum
1450 3588 1517 3655 in
1537 3587 1885 3664 creaturis,
1907 3588 2239 3679 praecipue

696 3694 1168 3764 rationalibus.
1227 3697 1364 3763 Aut
1409 3696 1615 3786 igitur
1659 3704 1817 3762 sunt
1870 3694 2237 3763 secundum

697 3826 974 3871 causam
1007 3802 1474 3892 respicientem
1506 3824 1679 3879 esse,
1713 3811 1829 3868 aut
1868 3800 2037 3870 bene
2067 3826 2237 3886 esse,

699 3921 816 3978 aut
855 3907 1335 4000 perfectionem
1369 3910 1438 3974 in
1471 3916 1782 3998 utroque.
1823 3907 1895 3975 Si
1926 3920 2078 3975 sunt
2111 3912 2242 4000 pri·

699 4043 815 4087 mo
857 4015 1092 4095 modo,
1128 4025 1243 4083 aut
1287 4026 1387 4084 est
1419 4017 1793 4084 secundum
1849 4017 2240 4109 dispositio-

697 4152 854 4197 nem
888 4151 1110 4198 causae
1143 4127 1482 4195 inclinata!
1511 4126 1596 4193 ad
1626 4126 2023 4194 effusionem
2077 4151 2240 4195 cau-

696 4241 821 4307 sati
870 4260 886 4305 ε
955 4245 1075 4305 aut
1132 4233 1507 4303 secundum
1585 4258 1662 4303 ea
1730 4259 1877 4327 quae
1930 4235 2239 4304 diffundit

693 4342 1063 4413 causando,
1102 4341 1174 4408 Si
1208 4341 1429 4432 primo
1464 4340 1696 4423 modo,
1739 4351 1900 4410 ωηο
1955 4352 2054 4411 est
2119 4340 2238 4410 bo-

696 4475 860 4519 num
906 4475 922 4519 :
966 4448 1146 4517 unde
1178 4451 1321 4541 ipse
1361 4449 1548 4528 dicit,
1591 4450 1774 4540 quod
1824 4449 2075 4518 bonum
2137 4461 2236 4518 est

692 4559 1086 4627 diffusimm
1146 4558 1248 4624 sui
1308 4567 1373 4625 et
1438 4579 1607 4633 esse,
1670 4559 1777 4625 cui
1857 4560 2230 4627 necessario

691 4668 1202 4759 conjunguntur
1229 4675 1523 4757 quatuor
1542 4666 1698 4741 alia,
1733 4666 1978 4734 scilicet
2013 4689 2225 4743 amor,

693 4775 951 4851 lumen,
993 4772 1201 4850 zelus,
1235 4782 1302 4841 et
1340 4770 1423 4839 ad
1466 4772 1724 4840 bonum
1769 4771 2047 4840 ulterius
2077 4797 2232 4841 con·

680 4882 999 4972 jungitur
1072 4879 1431 4971 pulchrum
1478 4902 1492 4945 ε
1569 4882 1693 4946 ista
1760 4879 1937 4946 enim
2006 4880 2234 4949 dicunt

690 4987 885 5079 quasi
916 4986 1396 5077 dispositiones
1435 4985 1596 5053 boni
1632 4986 1696 5053 in
1730 5009 1927 5053 causa
1968 4986 2228 5075 prima:

689 5096 862 5163 sicut
893 5094 1077 5161 enim
1107 5092 1288 5160 zelus
1318 5093 1624 5183 sequitur
1654 5090 1737 5159 ad
1775 5114 2100 5169 artiorem,
2147 5094 2235 5160 ita

689 5199 1048 5291 pulchrum
1107 5198 1417 5290 sequitur
1481 5197 1560 5264 ad
1620 5197 1849 5265 lumen
1911 5221 1926 5267 :
2007 5197 2232 5266 lumen

691 5308 872 5375 enim
917 5306 1078 5375 dicit
1136 5303 1607 5373 irradiationes
1673 5314 2077 5373 aeternarum
2135 5328 2235 5373 ra-

692 5414 985 5493 tionum,
1021 5411 1267 5503 quibus
1322 5411 1860 5502 unumquodque
1937 5421 2231 5479 creatum

766 5654 906 5713 2cr.
943 5657 1155 5726 supra,
1187 5656 1332 5713 nist.
1368 5657 1442 5711 n.

1718 306 1804 374 D.
1853 306 2054 373 ΑΕΒ.
2106 304 2321 373 MAG.
2374 302 2579 374 ORD.
2631 304 2927 373 PRAED.

2351 483 2474 554 est,
2512 478 2580 543 in
2618 461 2821 546 causa
2848 485 3114 544 creante
3168 497 3182 541 ε

2346 582 2507 650 dicit
2535 581 2933 650 descensum
2973 581 3230 651 ordinis
3296 578 3643 668 sapientiae
3701 576 3891 645 ordi-

2346 690 2593 768 nantiS,
2635 692 2807 757 sicut
2830 691 2990 758 dicit
3020 690 3298 758 Boetius
3335 709 3349 753 ε

2344 911 2625 968 Mundum
2658 914 2859 965 mente
2880 924 3094 981 gerens
3114 908 3426 979 pulchrum
3446 907 3887 981 pulcherrimus

3713 995 3883 1068 [ipse.

2343 1219 2553 1284 Amor
2575 1224 2800 1283 autem
2834 1222 2901 1282 et
2929 1214 3108 1282 zelus
3147 1214 3477 1282 inclinant
3529 1191 3634 1281 'ex
3696 1222 3887 1305 parte

2343 1319 2712 1389 voluntatis
2748 1342 2764 1386 ε
2802 1342 2997 1387 amor
3034 1320 3118 1387 ad
3148 1319 3427 1388 effectus
3456 1318 3884 1410 generaliter,

2344 1428 2524 1497 zelus
2581 1436 2808 1496 autem
2883 1428 2968 1496 ad
3008 1427 3284 1495 effectus
3339 1427 3887 1518 propinquioreS,

2346 1539 2504 1627 quia
2561 1535 2741 1604 zelus
2800 1545 2902 1605 est
2968 1536 3222 1627 ignitus
3261 1557 3458 1603 amor
3502 1536 3576 1602 in
3615 1534 3889 1625 aliquod

2347 1642 2633 1733 speciale
2695 1665 2711 1713 t
2782 1650 2849 1710 et
2885 1642 3038 1711 ideo
3100 1642 3182 1710 de
3240 1641 3561 1711 omnibus
3600 1641 3890 1709 hiscum

2344 1772 2468 1818 suo
2503 1751 2831 1843 privative
2864 1751 3177 1841 opposito
3209 1749 3396 1817 malo
3426 1750 3645 1840 tangit
3675 1751 3743 1815 in
3774 1771 3888 1817 ca-

2341 1858 2557 1948 pitulo
2598 1880 2760 1925 uno.
2800 1856 2873 1925 Si
2906 1865 3132 1925 autem
3165 1857 3400 1925 dicunt
3428 1856 3745 1925 ess'ectum
3786 1855 3891 1925 ef-

2343 1966 2601 2033 ssuxum
2632 1964 2714 2033 ad
2746 1986 2917 2044 esse,
2957 1973 3076 2032 aut
3115 1972 3420 2056 respectu
3461 1986 3607 2033 esse
3646 1966 3719 2032 in
3768 1986 3890 2056 ge-

2342 2095 2501 2141 nere
2542 2072 2726 2165 quod
2758 2073 3276 2142 fundamentum
3308 2081 3410 2141 est
3433 2073 3720 2155 entium,
3772 2079 3890 2139 aut

2342 2183 2410 2249 in
2451 2183 2700 2273 specie.
2736 2173 2809 2249 Si
2850 2181 2921 2249 in
2951 2204 3196 2273 genere
3231 2204 3248 2249 ε
3282 2190 3445 2250 ωηο
3474 2188 3575 2249 est
3602 2203 3748 2249 enS.
3812 2177 3888 2247 Si

2340 2293 2410 2358 in
2440 2291 2661 2381 specie
2706 2313 2721 2358 :
2764 2297 2927 2360 tunc
2966 2298 3066 2358 est
3104 2291 3291 2358 vita:
3355 2288 3540 2380 quia,
3600 2297 3677 2356 ut
3728 2286 3889 2355 dicit

2342 2398 2823 2490 Philosophus,
2867 2400 3086 2488 prima
3117 2420 3340 2465 rerum
3382 2405 3760 2466 creatarum
3791 2405 3892 2464 est

2341 2530 2512 2586 esse,
2590 2515 2656 2575 et
2732 2530 2870 2575 non
2926 2515 3031 2576 est
3085 2516 3241 2575 ante
3311 2507 3529 2598 ipsam
3580 2513 3890 2574 creatura

2341 2615 2524 2684 alia:
2557 2624 2625 2685 et
2656 2615 2738 2684 de
2766 2616 2907 2684 vita
2947 2616 3130 2694 dicit,
3175 2615 3359 2706 quod
3415 2615 3557 2682 vita
3603 2613 3884 2682 viventi-

2341 2723 2469 2791 bus
2524 2733 2625 2793 est
2661 2747 2810 2793 esse
2852 2747 2869 2794 ε
2915 2732 2980 2793 et
3043 2724 3172 2792 hoc
3202 2744 3443 2790 verum
3484 2731 3584 2792 est
3622 2722 3705 2791 de
3742 2744 3889 2791 esse

2341 2830 2749 2922 specificato.
2793 2829 2878 2898 Et
2919 2831 3247 2921 accipitur
3286 2838 3651 2920 utrumque
3689 2851 3892 2920 gene-

2344 2939 2618 3007 ratiter:
2663 2938 2823 3029 quia
2851 2960 2991 3007 non
3042 2938 3168 3005 nisi
3243 2937 3651 3029 generaliter
3710 2937 3889 3006 cadit

2345 3047 2412 3113 in
2469 3045 2768 3114 divinam
2836 3045 3382 3137 praedicationem
3441 3066 3456 3113 :
3527 3067 3648 3113 ens
3704 3045 3886 3112 enim

2342 3156 2657 3226 elementi
2698 3153 2807 3224 vel
2837 3155 3221 3226 elementati
3274 3177 3414 3224 non
3483 3154 3890 3247 praedicatur

2342 3266 2424 3334 de
2482 3264 2649 3334 De0.
2711 3264 3039 3333 Similiter
3110 3266 3250 3332 vita
3312 3262 3737 3357 vegetabilis,
3777 3264 3887 3333 vel

2342 3371 2704 3457 sensibilis,
2745 3370 2853 3440 vel
2896 3369 3266 3451 rationalis,
3310 3395 3447 3440 non
3489 3370 3889 3463 praedicatur

2345 3480 2426 3549 de
2460 3478 2600 3548 Deo
2642 3500 2658 3548 ε
2721 3478 2839 3548 sed
2905 3481 3130 3570 potius
3194 3502 3316 3547 ens
3359 3490 3426 3547 et
3465 3480 3603 3547 vita
3632 3479 3891 3547 abstra-

2346 3586 2514 3655 hens
2541 3586 2627 3654 ab
2657 3587 2842 3654 omni
2874 3597 3125 3655 creato,
3174 3585 3246 3653 Si
3281 3596 3509 3654 autem
3567 3595 3669 3655 est
3723 3586 3885 3655 ess'e·

2342 3706 2491 3763 ctus
2545 3693 2916 3763 secundum
2959 3693 3127 3762 bene
3163 3718 3337 3772 esse,
3401 3705 3515 3762 aut
3547 3705 3644 3762 est
3681 3694 3888 3763 abso-

2344 3803 2482 3872 lute
2515 3803 2580 3870 in
2639 3810 2945 3871 creatura
3011 3800 3349 3882 rationali,
3391 3811 3508 3870 aut
3536 3803 3604 3871 in
3638 3826 3775 3871 uno
3816 3804 3884 3873 in

2343 3913 2849 4003 comparatione
2916 3911 2998 3977 ad
3040 3911 3249 3980 aliud.
3311 3911 3382 3979 Si
3441 3910 3750 3981 absolute
3814 3914 3885 3982 in

2343 4040 2533 4086 uno:
2602 4026 2761 4086 tunc
2814 4017 3043 4086 dicunt
3106 4018 3586 4109 perfectionem
3628 4028 3884 4089 natura!

2345 4123 2689 4193 rationalis
2727 4123 3098 4193 secundum
3133 4134 3471 4203 naturam,
3505 4135 3622 4193 aut
3651 4149 3888 4195 secun·

2342 4231 2505 4299 dum
2545 4240 2796 4299 statum
2853 4231 2922 4298 in
2981 4254 3183 4322 quem
3241 4230 3511 4299 decidit.
3548 4231 3622 4299 si
3660 4234 3884 4325 primo

2346 4338 2575 4417 modo,
2607 4346 2723 4405 aut
2758 4337 3131 4407 secundum
3177 4336 3617 4418 intellectum,
3659 4348 3727 4408 et
3788 4344 3885 4409 sic

2341 4454 2441 4514 est
2471 4447 2800 4538 sapientia
2835 4467 2852 4515 ε
2887 4454 3001 4513 aut
3031 4446 3408 4514 secundum
3440 4446 3783 4523 effectum.
3818 4457 3886 4517 et

2344 4554 2439 4623 sic
2480 4563 2577 4623 est
2618 4554 2834 4622 virtus
2878 4578 2893 4622 :
2935 4564 3051 4623 aut
3116 4556 3490 4624 secundum
3549 4557 3882 4626 rationem

2342 4659 2483 4725 sive
2525 4656 2938 4726 intellectum
2979 4659 3407 4728 ordinantem
3439 4659 3506 4727 id
3564 4659 3746 4750 quod
3785 4669 3886 4729 est

2341 4768 2408 4834 in
2448 4764 2689 4834 affectu
2755 4765 2839 4834 ad
2905 4765 3222 4848 alterum,
3268 4775 3333 4835 et
3362 4768 3458 4835 sic
3499 4776 3598 4835 est
3620 4768 3884 4857 justitia

2339 4896 2487 4965 quae
2524 4874 3016 4943 considerativa
3053 4883 3152 4942 est
3191 4874 3475 4944 ordinis.
3520 4874 3593 4942 Si
3652 4884 3882 4945 autem

2341 4983 2699 5073 respiciant
2729 4991 2982 5051 statum
3015 4980 3293 5073 periculi
3328 4983 3396 5050 in
3427 4982 3609 5073 quod
3640 4982 3886 5052 decidi·

2339 5112 2518 5170 n1u3‚
2599 5101 2710 5160 aut
2770 5090 3084 5182 generale
3141 5088 3322 5182 quod
3390 5090 3712 5159 omnibus
3784 5101 3882 5160 est

2340 5194 2744 5277 exhibitum,
2816 5206 2881 5265 et
2938 5206 3097 5265 tunc
3152 5206 3254 5264 est
3299 5194 3484 5264 salus
3514 5221 3552 5265 a
3591 5196 3788 5289 culpa
3816 5209 3880 5268 et

2339 5327 2536 5395 poena
2570 5325 2586 5372 ε
2622 5315 2732 5373 aut
2777 5304 3125 5395 personale
3158 5312 3224 5370 et
3269 5301 3559 5394 speciale
3614 5307 3883 5396 pericu-

2340 5412 2507 5489 lum,
2551 5422 2617 5480 et
2657 5414 2723 5479 in
2759 5412 2873 5480 illo
2906 5421 3178 5479 notatur
3209 5411 3551 5482 liberator.
3624 5413 3697 5480 Si
3751 5438 3880 5483 au-

3245 471 3603 562 pulchrum
3661 449 3941 572 autemA
4017 564 4025 569 Β
4092 561 4097 566 ᾗ
