4897 6388
639 357 768 429 286
1526 379 1555 432 A:
1640 357 1740 462 OD.
1790 358 1990 426 ALB.
2025 357 2254 450 MAG.
2282 355 2522 440 om).
2562 356 2859 441 PRAED.

485 514 496 525 ⁹
567 553 585 565 ⁴
637 548 722 594 ex
753 533 939 616 parte
976 527 1217 597 formae
1246 506 2191 621 individuisspropter,diuersi·
2300 534 2521 612 mae-et
2546 508 3023 596 materiae³nori
3052 533 3153 594 est
3180 525 3502 593 coaevitas
3546 545 3560 589 :
3596 522 3681 590 ad
3715 546 3848 614 po-

636 615 847 702 ta'tem
878 635 1391 706 universalis'et
1412 636 1877 728 particularis,
1908 644 1979 704 et
2007 636 2189 724 quod
2294 636 2608 703 sitionem
2640 637 2821 703 enim
2854 635 3159 702 materiae
3205 656 3345 701 non
3381 633 3661 723 ponitur
3696 630 3842 699 for-‘-

633 750 737 808 est
766 750 832 810 et
861 766 1047 811 esse:
1091 743 1209 811 sed
1240 744 1358 812 lux
1380 753 1446 811 et
1472 742 1791 833 splendor
1818 749 1976 809 sunt
2004 742 2187 829 ejus-
2293 765 2427 820 ma,
2488 765 2611 810 nec
2666 741 2750 809 ad
2788 742 3203 832 positionem
3240 741 3509 832 generis
3564 740 3842 834 ponitur

631 851 789 919 dem
855 851 1116 930 formae,
1150 854 1309 920 licet
1365 875 1450 920 ex
1488 859 1676 943 parte
1717 851 2179 942 recipientium
2290 850 2569 938 specieS‚
2603 871 2728 917 nec
2753 847 2840 915 ad
2876 849 3286 937 positionem
3346 848 3595 937 speciei
3635 847 3835 937 poni-

627 961 715 1027 sit
744 959 973 1049 aliqua
1003 961 1359 1029 diversitas
1390 983 1406 1028 ε
1442 968 1507 1028 et
1555 959 1705 1028 ideo
1746 959 1973 1051 quoad
2010 981 2180 1027 coae-
2285 965 2396 1024 tur
2425 954 2895 1026 individuum:
2929 956 3052 1024 sed
3089 955 3175 1025 ad
3203 958 3613 1046 positionem
3642 954 3841 1022 lumi-

627 1069 1015 1136 ternitatem
1078 1070 1423 1159 praecipue
1486 1069 2001 1139 convenientius
2081 1076 2181 1137 est
2285 1071 2435 1136 nosi
2500 1068 2745 1157 objecti
2810 1069 3091 1160 ponitur
3118 1066 3463 1159 splendor,
3499 1074 3564 1132 et
3594 1086 3628 1131 e
3667 1088 3837 1133 con-

628 1176 1020 1267 exemplum
1057 1199 1073 1246 t
1109 1179 1272 1268 quia
1300 1180 1370 1246 in
1419 1178 1591 1247 aliis.
1617 1178 1996 1247 unitatibus
2034 1178 2177 1246 for·
2283 1200 2507 1250 verso·
3033 1201 3036 1206 ·

1343 1757 1426 1829 Ε.
1456 1753 1871 1888 ,ἱθρροείτίο
1905 1755 2322 1853 Auqustini
2343 1760 2609 1830 contra
2642 1754 3101 1830 haereticum.

630 2053 932 2193 item,
978 2086 1042 2163 si
1077 2088 1218 2202 Dei
1234 2061 1533 2216 Filius,
1548 2053 1839 2212 inquit
1850 2079 2351 2198 Augustinus,
2382 2084 2632 2197 virtus
2661 2094 2736 2162 et
2778 2064 3166 2202 sapientia
3229 2084 3369 2161 Dei
3450 2092 3593 2178 est,
3676 2103 3818 2157 nec

611 2201 985 2324 umquam
1018 2209 1397 2322 suitDeus
1435 2209 1604 2304 sine
1643 2225 1925 2329 virtute
1963 2236 2040 2318 et
2076 2224 2476 2325 sapientia,
2519 2207 2954 2300 cooeternus
2995 2232 3109 2299 est
3160 2246 3343 2320 ergo
3402 2220 3566 2297 Deo
3610 2216 3815 2294 Patri

606 2359 877 2436 Filius.
914 2360 1119 2436 Dicit
1153 2370 1416 2437 autem
1442 2362 1885 2459 Apostolus,
1934 2361 2326 2436 Christum
2347 2381 2517 2437 esse
2554 2358 2713 2434 Dei
2737 2356 3130 2452 viz-cutem,
3175 2363 3250 2432 et
3296 2356 3457 2431 Dei
3498 2354 3812 2454 sapien-

600 2474 866 2572 tiam&
923 2499 1292 2620 Autergo
1332 2500 1490 2571 non
1526 2483 2650 2596 ru1tquandononfu1tF111us,
2694 2501 2829 2569 aut
2865 2491 3340 2591 aliquando
3365 2491 3579 2566 Deus
3654 2513 3807 2565 non

597 2606 1267 2754 habuitxirtutem
1300 2641 1376 2708 et
1413 2632 1919 2734 sapientiam
1957 2632 2160 2733 quod
2200 2626 2578 2718 dementis
2632 2636 2747 2705 est
2812 2626 3135 2703 dicere:
3202 2634 3500 2701 constat
3566 2623 3801 2719 enim,

592 2769 782 2868 quia
817 2792 1124 2867 semper
1161 2745 1437 2849 hahuit
1465 2768 1976 2868 sapientiam:
2011 2791 2313 2868 sempei
2340 2790 2524 2866 ergo
2566 2763 2842 2841 habuit
2874 2763 3187 2840 Filium.

1131 3325 1219 3400 F.
1260 3325 1683 3424 Responsio
1711 3326 2110 3403 Ambrosii
2132 3325 2239 3402 ad
2261 3324 2489 3411 idem,
2530 3320 2982 3405 auctoritate
3015 3318 3245 3420 sulla.

686 3659 953 3737 Eidem
986 3684 1299 3761 quoque
1337 3661 1717 3737 Arianicaee
1757 3661 2166 3761 quaeestioni
2204 3659 2656 3739 Ambrosius
2696 3658 2774 3735 in
2822 3660 3033 3736 hunc
3074 3659 3390 3736 modum
3460 3684 3784 3759 respon·

578 3791 755 3869 det¹
797 3818 814 3871 :
865 3796 1052 3892 Ege,
1083 3794 1433 3894 inquam,
1478 3796 1755 3871 Filium
1799 3820 1966 3873 esse
1999 3806 2261 3871 natum
2296 3794 2670 3871 confiteor
2710 3817 2728 3869 :
2775 3793 2983 3893 quod
3017 3794 3403 3894 reliquum
3455 3805 3571 3870 est
3640 3793 3788 3868 im-

578 3927 914 4030 pietatis,
952 3931 1344 4009 horresco.
1381 3930 1765 4034 Scriptum
1799 3941 1914 4008 est
1951 3931 2154 4008 enim
2188 3931 2265 4006 in
2301 3928 2554 4007 Veteri
2592 3928 3106 4019 TestamentO,
3153 3939 3236 4004 ut
3282 3930 3405 4005 vel
3453 3954 3693 4004 ιιιιιιιιι
3736 3952 3777 4004 e

579 4065 939 4165 pluribus
976 4067 1227 4143 dicam
1265 4091 1283 4143 ε
1327 4070 1523 4145 Ante
1566 4092 1685 4145 me
1716 4092 1873 4144 non
1906 4068 2046 4144 suit
2080 4068 2279 4144 alius
2316 4068 2553 4162 DeuS,
2596 4077 2672 4143 et
2709 4076 2882 4166 post
2923 4091 3044 4142 me
3075 4090 3228 4141 non
3310 4066 3451 4142 erit
3480 4060 3528 4141 ³.
3593 4065 3782 4155 Quis

580 4223 767 4298 ergo
801 4203 946 4276 hoc
984 4200 1223 4277 dicit?
1254 4201 1507 4297 Pater,
1542 4227 1639 4276 an
1684 4201 1982 4277 Filius?
2019 4200 2098 4277 Si
2134 4201 2421 4279 Filius:
2468 4207 2660 4278 Ante
2719 4226 2868 4298 me,
2915 4200 3194 4302 inquit,
3230 4226 3385 4276 non
3419 4200 3785 4279 rainutius

577 4335 817 4412 Deus.
856 4335 938 4412 Si
973 4337 1252 4413 Pater:
1301 4337 1485 4412 Post
1518 4361 1664 4432 me,
1710 4337 1986 4437 inquit,
2030 4361 2183 4413 non
2219 4337 2384 4412 erit.
2427 4337 2567 4412 liic
2597 4336 2962 4437 priorem,
2997 4347 3074 4412 et
3115 4337 3241 4413 itte
3273 4336 3775 4436 posteriorem

574 4498 730 4549 non
791 4473 1047 4550 habet.
1084 4471 1423 4550 Invicem
1458 4474 1665 4550 enim
1698 4474 1774 4549 in
1816 4499 1928 4571 se,
1971 4487 2040 4551 et
2075 4475 2299 4550 Pater
2337 4474 2412 4549 in
2448 4473 2662 4561 Filio,
2703 4485 2774 4550 et
2809 4473 3052 4550 Filius
3092 4473 3169 4547 in
3216 4473 3442 4549 Patre
3484 4496 3777 4570 cogno-

576 4607 821 4685 scitur
839 4602 888 4684 ⁴.
933 4610 1128 4685 Cum
1170 4608 1381 4685 enim
1433 4609 1739 4687 Patrem
1779 4610 2084 4697 dixeris,
2122 4609 2291 4707 ejus
2328 4609 2557 4686 etiam
2599 4608 2877 4686 Filium
2910 4608 3330 4708 designasti
3378 4633 3395 4687 :
3433 4608 3619 4710 quia
3658 4633 3783 4686 ne·

577 4768 703 4819 mo
772 4744 938 4846 ipse
977 4754 1195 4844 pater
1259 4751 1378 4820 est
1413 4744 1558 4820 sibi
1607 4767 1625 4821 ε
1689 4768 1863 4821 cum
1906 4744 2176 4819 Filium
2219 4744 2600 4839 nominem,
2643 4743 2874 4821 etiam
2914 4744 3218 4821 Patrem
3278 4744 3561 4838 fateris,
3595 4741 3779 4842 quia

576 4858 809 4959 nemo
843 4881 1004 4981 ipse
1035 4879 1180 4956 sibi
1251 4879 1459 4958 filius
1499 4890 1638 4958 est.
1675 4882 1938 4984 Itaque
1971 4905 2109 4957 nec
2155 4880 2386 4956 Filius
2416 4881 2582 4958 sine
2614 4882 2862 4968 Patre,
2897 4906 3038 4958 nec
3071 4883 3299 4957 Pater
3332 4890 3575 4980 praest
3608 4904 3776 4956 esse

576 5015 747 5094 sine
790 5015 980 5092 Filio
1018 5040 1034 5092 :
1071 5040 1381 5116 semper
1406 5042 1590 5115 ergo
1632 5017 1884 5113 Pater,
1927 5039 2228 5117 semper
2256 5025 2332 5093 et
2371 5015 2611 5093 Filius
2639 5026 2778 5094 est.

653 5334 670 5369 ⁸
701 5334 819 5392 lad
845 5334 1114 5397 Corinth.
1149 5356 1189 5409 ι,
1218 5342 1308 5396 24.

648 5425 673 5461 ¹
700 5428 761 5483 8.
794 5430 1135 5501 Αιιιιιιοειεε,
1157 5430 1283 5487 Lib.
1314 5429 1428 5486 lde
1456 5427 1597 5485 Fide
1627 5428 1700 5485 ad
1731 5427 2093 5500 Gratianum,
2125 5448 2253 5504 cap.
2286 5434 2340 5486 5.

638 5512 664 5551 ⁸
694 5514 862 5590 Vulg.
895 5517 1096 5587 habet,
1119 5519 1230 5577 Iso.
1253 5536 1411 5592 xmn,
1444 5521 1511 5574 ¹0
1535 5534 1548 5573 ε
1581 5519 1728 5574 Ante
1754 5534 1839 5574 me
1865 5534 1974 5574 non
2002 5526 2078 5576 est
2103 5523 2375 5590 formatus
2404 5521 2561 5589 Deus,
2593 5527 2646 5576 et
2673 5526 2799 5593 post
2828 5537 2916 5577 me
2942 5538 3057 5579 non
3079 5525 3206 5580 erit.

637 5605 661 5640 ⁴
687 5605 855 5662 Joan.
889 5623 1016 5676 xm,
1067 5610 1128 5665 3¹
1165 5614 1225 5664 et
1255 5611 1325 5665 32
1365 5625 1379 5666 ε
1431 5610 1585 5665 Nunc
1627 5606 1965 5679 clarificatus
2007 5616 2083 5666 est
2127 5612 2296 5667 Pilius
2354 5610 2612 5679 hominis,
2657 5617 2708 5667 et
2764 5612 2904 5667 Deus
2962 5614 3298 5683 clarificatus
3352 5621 3430 5669 est
3476 5616 3532 5669 in
3584 5629 3664 5669 eo.
3711 5613 3772 5667 Si

569 5696 707 5755 Deus
738 5698 1076 5768 clarificatus
1104 5705 1184 5756 est
1212 5702 1273 5756 in
1303 5716 1386 5769 eo,
1415 5705 1468 5755 et
1498 5699 1634 5755 Deus
1660 5697 1984 5769 clarificabit
2011 5717 2132 5757 eum
2161 5703 2217 5758 in
2250 5704 2534 5775 semetipso
2553 5719 2576 5758 .·
2604 5708 2655 5759 et
2691 5704 2954 5760 continuo
2984 5703 3312 5774 clm-incaluit
3344 5721 3490 5762 eum.
