4897 6388
410 3242 479 3287 Ad
504 3242 548 3290 ².

298 4415 369 4461 Ad
394 4426 550 4474 quaest
576 4416 618 4462 1.

546 5662 550 5669 ’
635 5654 734 5714 est
768 5666 978 5711 unum
1035 5663 1050 5707 :

683 317 812 384 240

681 482 837 579 po‘st
884 479 952 556 i‘n
991 500 1168 569 ante,
1221 488 1330 557 vel
1377 489 1458 554 de
1524 487 1746 576 primo
1796 487 1866 550 in
1908 485 2224 551 ultinium

680 600 752 666 in
772 602 1015 689 spatio,
1050 600 1177 687 ipsi
1215 620 1399 663 nunc
1444 592 1890 662 essentialiter
1938 593 2229 680 conjun-

679 717 878 798 getur
945 710 1130 798 prius
1188 715 1256 773 et
1320 706 1653 794 posterius
1722 705 1791 769 in
1852 702 1999 792 ipso
2058 709 2226 768 tem-

679 838 845 904 pore
899 838 912 881 :
966 823 1033 881 et
1091 814 1183 879 sic
1244 813 1433 901 prius
1478 819 1542 878 et
1596 810 1931 900 posterius
1988 831 2224 875 essen-

678 922 873 988 tiales
922 928 1118 988 erunt
1155 919 1549 985 differentiae
1596 918 1806 1006 ipsius
1863 939 2044 982 nunc
2099 941 2113 982 ε
2159 925 2225 982 et

680 1030 777 1096 sic
805 1028 1304 1096 consideratum
1363 1025 1589 1095 differt
1640 1049 1676 1092 a
1719 1048 1899 1092 nunc
1948 1024 2224 1090 aeterni-

679 1138 834 1204 tatis
874 1145 939 1205 et
965 1139 1115 1204 aevi.
1156 1136 1292 1204 Sed
1312 1136 1580 1203 videtur
1608 1134 1802 1202 aliter
1830 1133 2216 1212 dicendum,

679 1246 861 1335 quod
892 1269 1015 1313 nec
1053 1254 1127 1312 ut
1165 1245 1571 1333 subjectum,
1614 1265 1738 1309 nec
1776 1250 1852 1307 ut
1897 1240 2221 1307 substan-

675 1353 768 1419 tia
799 1360 897 1418 est
935 1351 1112 1419 idem
1161 1372 1345 1417 nunc
1383 1348 1775 1417 aeternitatis
1832 1356 1900 1413 et
1963 1346 2088 1413 aevi
2155 1354 2221 1412 et

674 1459 1023 1549 temporis,
1076 1456 1252 1535 Quia
1318 1478 1499 1524 nunc
1538 1455 1930 1524 aeternitatis
1969 1454 2222 1520 increa-

673 1574 818 1634 tum
878 1576 999 1643 est,
1084 1588 1263 1633 nunc
1320 1574 1548 1633 autem
1626 1564 1988 1631 aevi'stans
2042 1585 2056 1628 ε
2100 1560 2218 1628 sed

671 1675 995 1764 temporis
1033 1697 1172 1741 non
1219 1680 1322 1741 est
1366 1682 1574 1748 stanS,
1645 1670 1762 1738 sed
1829 1670 2072 1746 ssuen3‚
2143 1675 2218 1733 ut

670 1780 924 1849 dictum
980 1789 1137 1848 est:
1200 1779 1665 1847 consideratur
1720 1777 1901 1844 enim
1947 1777 2014 1841 in
2071 1782 2215 1841 toto

667 1896 972 1979 tempore
1002 1911 1121 1978 per
1157 1888 1345 1976 prius
1366 1895 1433 1954 et
1459 1885 1794 1975 posterius
1834 1885 2157 1951 continuo
2196 1903 2211 1947 ε

668 1995 844 2063 sicut
887 1996 1096 2063 etiam
1156 1995 1224 2061 id
1253 1993 1438 2084 quod
1469 1993 1703 2066 fertur,
1753 1998 2121 2059 renovatur
2150 1998 2218 2056 et

668 2100 951 2169 iteratur
980 2102 1421 2168 renovatione
1461 2099 1629 2166 situs
1660 2099 1729 2164 in
1759 2105 1903 2164 toto
1947 2104 2162 2163 motu.

756 2209 861 2275 An
888 2231 1211 2276 omno-rum
1249 2206 1636 2284 dicendum,
1671 2204 1851 2295 quod
1893 2226 2048 2271 cum
2105 2202 2217 2269 di-

669 2319 865 2396 citur,
908 2316 1090 2384 Deus
1130 2324 1232 2383 est
1274 2337 1479 2392 nutzc,
1533 2321 1600 2381 et
1650 2311 1981 2402 Angelus,
2040 2319 2106 2378 et
2144 2310 2212 2378 id

666 2417 849 2515 quod
885 2423 1118 2504 fertur,
1196 2444 1379 2489 mmc
1405 2420 1563 2488 dicit
1602 2419 1692 2487 ibi
1724 2442 1908 2486 nunc
1940 2419 2216 2485 aeterni-

661 2532 817 2598 tatis
870 2538 1137 2598 tantum
1191 2551 1207 2595 ε
1262 2527 1382 2596 sed
1438 2528 1661 2618 ipsum
1717 2535 1818 2594 est
1893 2546 2214 2592 mensura

661 2637 994 2706 excellens
1023 2636 1293 2728 Angeli,
1357 2643 1423 2703 et
1467 2634 1649 2702 illius
1698 2632 1881 2724 quod
1938 2633 2148 2700 fertur
2189 2654 2206 2698 z

658 2754 724 2812 et
752 2745 927 2814 sicut
957 2744 1304 2835 exemplar
1334 2751 1678 2811 mensurat
1716 2739 2204 2829 exemplatum,

659 2855 751 2920 ita
781 2860 1127 2920 mensurat
1170 2873 1315 2919 esse
1385 2848 1652 2940 Angeli‚
1713 2853 1783 2916 et
1829 2849 1977 2938 ejus
2025 2845 2209 2937 quod

659 2968 977 3028 movetur
1032 2981 1047 3025 :
1111 2967 1174 3026 et
1227 2967 1391 3026 tunc
1445 2977 1583 3023 non
1638 2955 1967 3044 sequitur,
2022 2954 2209 3045 quod

657 3067 745 3135 sit
771 3066 949 3135 idem
982 3088 1162 3133 nunc
1198 3066 1324 3133 aevi
1367 3072 1433 3132 et
1464 3064 1809 3153 temporis,
2071 3127 2077 3133 .

747 3175 851 3243 An
888 3197 1085 3242 Αιιυι)
1114 3171 1505 3248 dicendum,
1556 3169 1739 3262 quod
1782 3191 1965 3237 nunc
2011 3176 2207 3237 aeter-

658 3283 890 3351 nitatis
942 3292 1006 3350 et
1064 3282 1192 3348 aevi
1259 3288 1324 3348 et
1384 3280 1710 3369 temporis
1757 3300 1896 3344 non
1936 3286 2201 3345 tantum

656 3389 974 3458 differunt
1004 3388 1402 3457 differentiis
1445 3384 1988 3477 speciticantibus
2029 3387 2200 3475 ipsa,

654 3500 792 3565 imo
823 3497 1140 3566 diss'erunt
1161 3496 1400 3587 seipsis
1433 3513 1450 3563 ε
1477 3495 1633 3586 quia
1667 3516 1845 3560 nunc
1875 3493 2204 3584 temporis

651 3614 753 3674 est
791 3604 1167 3673 substantia
1219 3603 1544 3693 temporis
1583 3600 2088 3684 destructibilis‚
2136 3608 2199 3668 et

648 3709 964 3779 similiter
1026 3717 1126 3778 cst
1188 3731 1370 3777 nunc
1427 3709 1580 3787 aevi,
1645 3707 1794 3774 licet
1855 3729 1993 3774 non
2077 3706 2204 3773 de-

645 3826 946 3887 struatur
995 3840 1012 3887 :
1066 3818 1181 3886 sed
1233 3839 1415 3884 nunc
1451 3816 1845 3883 aeternitatis
1905 3837 2041 3881 non
2100 3823 2199 3880 est

644 3925 1103 3995 destructibile
1163 3948 1181 3993 ε
1233 3934 1297 3993 et
1369 3924 1520 3992 ideo
1587 3946 1707 4014 per
1778 3923 2194 3991 intellectum

646 4035 927 4102 remotis
957 4032 1382 4111 differentiis,
1407 4030 1626 4098 adbuc
1657 4030 1980 4097 ditl'erunt
2027 4028 2197 4096 sub-

642 4141 1070 4210 stantialiter.

735 4355 841 4421 An
876 4376 942 4420 11)
998 4351 1180 4443 quod
1228 4352 1510 4419 ulterius
1555 4351 1901 4439 quau-itur,
1950 4349 2191 4416 {fn-um

647 4460 962 4530 diss'erant
1009 4482 1190 4527 nunc
1247 4457 1645 4526 aeternitatis
1693 4466 1756 4523 et
1810 4458 2194 4524 a·ternitas?

644 4569 1047 4646 Dicendum,
1082 4566 1264 4657 quod
1312 4566 1378 4631 in
1409 4563 1597 4632 nullo
1637 4564 1764 4629 nisi
1815 4563 2189 4631 secundum

645 4681 1002 4748 rationem.

732 4789 835 4854 An
874 4810 937 4854 m
976 4785 1157 4876 quod
1189 4792 1421 4852 contra
1454 4782 1790 4872 omit-itur,
1826 4782 2187 4850 «licendum

642 4894 823 4986 quod
845 4902 1058 4962 status
1108 4893 1320 4982 ipsius
1374 4914 1579 4971 nunc,
1638 4898 1735 4956 est
1792 4912 1973 4956 nunc·
2000 4898 2186 4957 stans

639 5001 870 5092 aliquo
899 4998 1104 5066 modo
1142 4999 1597 5088 significatum
1635 5018 1650 5062 t
1695 4997 1851 5086 quia
1906 4997 1972 5062 in
2010 4997 2181 5063 ‹livi-

638 5108 744 5174 nis
771 5128 909 5173 non
940 5112 1041 5172 est
1096 5103 1502 5192 compositio
1577 5102 1826 5191 aliqua.
1891 5101 2028 5169 Nec
2083 5111 2183 5169 est

636 5212 857 5282 simile
896 5211 978 5278 de
1016 5220 1323 5299 tempore
1369 5232 1383 5275 :
1444 5209 1601 5300 quia
1654 5207 1780 5275 linc
1845 5231 1927 5276 ex
1997 5219 2182 5298 parte

638 5320 910 5390 mobilis
976 5327 1292 5387 causatur
1357 5317 1621 5385 realiter
1670 5318 1734 5383 in
1784 5317 2182 5384 differentiis

635 5431 775 5497 suis
828 5452 842 5496 :
886 5429 1058 5496 sicut
1104 5428 1287 5494 enim
1346 5447 1581 5492 verum
1625 5433 1748 5501 est,
1792 5424 1974 5513 quod
2022 5448 2182 5492 mo-

635 5536 767 5605 bile
802 5557 1013 5602 unum
1046 5542 1144 5601 est
1178 5533 1412 5598 intuto
1442 5540 1657 5609 motu,
1693 5539 1758 5598 et
1807 5531 1957 5598 ideo
1998 5554 2179 5599 nunc

1095 5642 1186 5708 ita
1227 5662 1463 5706 verum
1505 5649 1603 5706 est
1660 5638 1948 5714 realiter,
1995 5640 2178 5729 quod

1678 316 1762 381 D.
1814 315 2014 381 ALB.
2068 314 2287 380 MAG.

2340 315 2546 381 ΟΜ).
2602 319 2899 385 PRAED.
2947 276 2955 329 ³

2342 485 2593 552 mobile
2626 489 2981 585 reiteratur
3012 494 3080 558 in
3111 496 3268 571 situ,
3306 504 3374 563 ct
3413 506 3774 577 renovatur
3803 501 3885 567 ab

2341 600 2496 657 ante
2537 593 2604 657 in
2645 603 2820 681 post,
2880 596 2992 663 vel
3050 620 3086 664 e
3142 622 3472 670 converso
3543 627 3557 672 :
3613 618 3680 673 et
3737 606 3886 674 ideo

2342 699 2611 766 realiter
2674 700 2992 770 differunt
3047 708 3235 795 prius
3294 719 3360 776 et
3405 716 3740 800 posterius
3806 714 3889 782 ab

2340 803 2485 890 ipso
2522 826 2723 872 nunc.
2761 804 2898 873 Sed
2938 815 3153 876 status
3192 815 3424 879 aeterni
3491 832 3629 882 'non
3670 818 3889 885 differt

2337 909 2591 999 abipso
2623 921 2901 993 aeterno,
2946 917 3077 983 nisi
3128 920 3500 988 secundum
3558 925 3884 993 rationem

2336 1015 2762 1104 significandi
2814 1043 2831 1087 ε
2893 1030 2961 1089 et
3007 1023 3162 1092 ideo
3202 1030 3540 1096 aeternitas
3581 1040 3645 1097 et
3683 1054 3881 1097 suum

2335 1143 2517 1189 nunc
2547 1147 2686 1192 non
2718 1126 3038 1198 differunt
3074 1134 3205 1199 nisi
3240 1137 3521 1204 ratione.

2422 1231 2528 1297 An
2560 1255 2624 1297 ιυ
2655 1235 2837 1324 quod
2869 1236 3210 1324 objicitur,
3240 1244 3424 1332 quod
3452 1246 3702 1312 factum
3737 1270 3877 1315 non

2335 1346 2435 1404 est
2472 1338 2744 1418 faciens,
2780 1343 3140 1413 dicendum
3173 1350 3357 1438 quod
3401 1374 3535 1418 non
3566 1362 3667 1420 est
3709 1353 3882 1422 facta

2334 1446 2673 1514 aeternitas
2712 1448 2797 1515 ab
2855 1450 3002 1539 ipso
3070 1476 3277 1535 nunc,
3320 1457 3448 1524 nisi
3506 1461 3878 1528 secundum

2336 1556 2667 1623 rationem
2700 1557 3125 1650 intelligendi
3156 1571 3421 1632 tantum
3458 1589 3473 1632 ε
3511 1569 3880 1637 secundum

2333 1661 2515 1727 enim
2548 1663 2733 1752 quod
2779 1669 3120 1736 aeternitas
3167 1679 3245 1737 ut
3318 1682 3507 1740 extra
3574 1675 3883 1762 adjacens

2334 1770 2757 1862 intelligitur,
2819 1777 2916 1843 sic
2979 1800 3162 1846 nunc
3235 1781 3519 1850 refertur
3581 1785 3665 1851 ad
3728 1786 3884 1852 sub·

2330 1881 2652 1947 stantiam
2694 1886 2953 1962 aeterni,
3005 1896 3073 1954 et
3111 1890 3450 1957 aeternitas
3507 1892 3592 1958 ad
3639 1902 3882 1982 poten-

2330 1985 2494 2051 tiam
2534 1985 3009 2058 indeficientiae
3042 1993 3280 2081 ipsiuS,
3315 2003 3382 2062 et
3410 1995 3554 2064 haec
3583 1999 3882 2086 potentia

2330 2113 2483 2157 cum
2533 2091 2672 2161 Deo
2716 2095 2781 2161 in
2824 2095 2968 2164 Deo
3016 2099 3195 2166 idem
3238 2109 3362 2178 est,
3399 2111 3463 2169 et
3502 2107 3707 2171 etiam
3739 2105 3882 2193 ipsa

2329 2197 2642 2266 duratio:
2680 2201 2858 2270 unde
2887 2202 3034 2272 haec
3066 2208 3297 2273 omnia
3337 2206 3522 2276 Deus
3551 2219 3705 2277 sunt
3751 2233 3766 2277 ε
3815 2220 3882 2278 et

2330 2327 2468 2371 non
2498 2307 2922 2397 significatur
2970 2334 3183 2380 unum
3234 2314 3448 2383 facere
3494 2316 3703 2398 aliud,
3749 2319 3878 2386 nisi

2328 2410 2397 2478 in
2464 2412 2672 2481 modo
2742 2416 3160 2508 intelligendi
3219 2422 3334 2511 qui
3420 2425 3744 2513 accipitur
3807 2425 3877 2491 in

2328 2521 2633 2592 nomine.
2673 2521 2745 2589 Si
2813 2533 3042 2592 autem
3110 2527 3236 2594 ista
3275 2531 3560 2618 quaestio
3614 2530 3729 2598 ssat
3793 2530 3874 2599 de

2326 2649 2500 2711 aev0‚
2580 2627 2821 2697 fortior
2871 2632 3022 2712 erit,
3085 2643 3314 2701 utrum
3384 2636 3638 2705 scilicet
3697 2660 3875 2706 nunc

2324 2734 2453 2799 aevi
2497 2733 2581 2800 sit
2631 2758 2853 2802 aevum
2908 2759 2924 2803 ε
2969 2749 3034 2806 et
3073 2740 3446 2808 secundum
3489 2742 3670 2832 quod
3709 2767 3874 2834 pos-

2324 2863 2476 2906 sum
2518 2839 2629 2910 hic
2667 2843 3071 2936 intelligere,
3125 2847 3192 2914 in
3262 2851 3533 2917 aeternis
3581 2874 3719 2919 non
3775 2862 3876 2921 est

2326 2947 2502 3015 idem
2544 2949 2921 3019 substantia
2962 2953 3241 3039 durans,
3294 2966 3360 3024 et
3406 2960 3548 3047 ipsa
3587 2982 3709 3026 sua
3746 2958 3872 3025 du·

2325 3058 2494 3123 ratio
2530 3079 2546 3122 :
2581 3057 2699 3125 sed
2732 3081 2942 3127 unum
2978 3071 3080 3129 est
3118 3085 3273 3131 cum
3325 3065 3458 3131 alio
3496 3073 3559 3132 et
3603 3067 3667 3133 in
3708 3065 3865 3134 alio.

2327 3161 2394 3229 ln
2428 3163 2772 3232 aeviternis
2795 3166 3005 3251 enim,
3029 3177 3327 3260 utsupra
3351 3169 3675 3251 diximuS,
3700 3170 3869 3240 nihil

2320 3272 2502 3339 aliud
2561 3284 2664 3342 est
2730 3275 2873 3366 ipsa
2932 3276 3224 3358 duratio,
3278 3303 3481 3370 quam
3545 3283 3686 3370 ipsa
3731 3304 3867 3349 suae

2319 3382 2889 3470 impermutabilis
2936 3389 3422 3474 permanentia}
3480 3391 3864 3472 necessitas,

2317 3497 2380 3554 et
2423 3488 2536 3556 illa
2568 3500 2670 3557 est
2709 3500 2850 3558 tota
2888 3492 3072 3560 intus
3102 3496 3169 3561 in
3202 3494 3514 3577 durante,
3550 3496 3867 3565 differens

2317 3605 2541 3663 tanton
2601 3598 2894 3689 abipso.
2961 3600 3063 3668 lta
3113 3602 3405 3681 videtur,
3451 3605 3632 3694 quod
3691 3628 3868 3673 nunc

2314 3709 2439 3773 :evi
2508 3708 2959 3778 differentiam
3037 3711 3284 3780 habeat
3337 3714 3422 3781 ab
3497 3737 3645 3782 awo
3713 3738 3728 3783 ε
3798 3725 3865 3784 et

2313 3814 2492 3905 quod
2568 3838 2796 3884 {evum
2845 3826 3076 3886 tamen
3115 3827 3336 3887 totum
3399 3822 3463 3887 in
3508 3822 3653 3912 ipso
3711 3824 3794 3891 sit
3840 3846 3856 3890 ε

2312 3932 2373 3989 et
2437 3922 2588 3990 ideo
2655 3933 2756 3991 est
2797 3924 3234 4007 indivisibile,
3276 3927 3451 3994 sicut
3516 3938 3583 3994 et
3638 3931 3859 4019 ipsum

2313 4050 2494 4095 nunc
2522 4050 2692 4118 ejus.

2406 4134 2482 4201 131
2524 4137 2579 4202 si
2613 4144 2981 4225 quaeratur,
3015 4135 3325 4216 Qualiter
3350 4160 3564 4205 unum
3609 4138 3860 4206 indivi-

2308 4243 2502 4310 sibile
2540 4247 2752 4335 possit
2799 4246 3083 4336 intelligi
3119 4249 3187 4314 in
3221 4246 3404 4314 alio?
3456 4248 3853 4327 Dicendum,

2308 4353 2490 4444 quod
2550 4351 2789 4419 eodem
2868 4354 3075 4420 modo
3118 4356 3408 4445 acceptis
3451 4355 3711 4422 duobus·
3762 4359 3859 4424 in-

2305 4458 2784 4536 divisibitibus.
2832 4457 2960 4528 boc
3024 4483 3162 4527 non
3238 4469 3338 4528 est
3382 4461 3847 4553 intelligibile:

2304 4568 2420 4634 sed
2445 4568 2501 4633 si
2536 4589 2748 4633 unum
2782 4566 3154 4656 accipiatur
3198 4576 3274 4634 ut
3311 4568 3710 4649 substantia,
3743 4570 3851 4637 vel

2303 4674 2710 4764 subjectum,
2753 4675 2940 4743 aliud
2976 4685 3205 4744 autem
3238 4678 3409 4744 sieut
3467 4677 3710 4753 forma,
3743 4676 3848 4744 vel

2302 4782 2684 4849 differentia
2738 4781 3134 4872 specificans
3203 4783 3453 4873 ipsum,
3514 4794 3672 4851 tunc
3726 4786 3851 4851 erit

2302 4890 2473 4957 ‘tiene
2495 4887 2917 4978 intelligibile
2944 4911 2959 4955 :
2990 4892 3162 4957 sicut
3191 4890 3391 4957 etiam
3420 4891 3486 4956 in
3510 4892 3848 4958 aeviternis

2299 5000 2625 5089 accipitur
2679 4998 3048 5065 necessitas
3104 4998 3634 5083 continuationis
3703 5021 3845 5066 esse

2299 5101 2868 5193 impermutabilis
2896 5102 2966 5168 in
2999 5101 3146 5192 ipso
3177 5108 3397 5167 stante
3437 5110 3499 5168 et
3532 5101 3840 5170 durante.

2384 5322 2486 5385 An
2540 5343 2601 5386 ιο
2669 5321 2854 5411 quod
2906 5321 3190 5388 ulterius
3221 5325 3566 5411 quaeritur,
3605 5323 3839 5392 Uti-um

2297 5449 2476 5494 nunc
2533 5431 2858 5518 temporis
2922 5429 3009 5495 sit.
3076 5437 3353 5497 aevum?
3435 5430 3838 5511 Dicendum,

2294 5533 2477 5621 quod
2508 5533 2695 5601 nullo
2728 5534 2937 5603 modo
2990 5557 3006 5602 t
3066 5558 3247 5604 nunc
3288 5540 3470 5604 enim
3521 5538 3840 5628 temporis

2296 5666 2434 5712 non
2459 5646 2714 5733 adjacet
2748 5648 3121 5715 existentiae
3152 5650 3242 5716 rei
3280 5649 3548 5717 mobilis
3596 5672 3840 5716 secun-

3983 1284 4060 1330 Ad
4087 1285 4128 1332 2.

3870 5381 3939 5427 Ad
3951 5388 4104 5440 quast
4148 5385 4189 5427 2.

3959 5465 4026 5506 ΑιΙ
4058 5466 4095 5509 Ι.
