4897 6388
806 2067 886 2113 Aa
915 2066 955 2108 2.

821 3567 889 3613 Ad
915 3568 961 3617 ³.

1904 316 2000 385 IN
2048 314 2079 384 1
2128 292 2567 384 SENTENT-.'
2610 300 2841 376 nlsT.
2894 302 2949 379 1,
3002 283 3330 380 C,'ART.
3375 294 3482 361 17.
3913 328 3918 333 -
3964 359 3978 385 ,ι
4167 273 4279 369 ,39

1071 502 1263 592 quod
1329 499 1414 568 ad
1477 495 1735 587 aliquid
1774 491 2124 563 referenda
2179 493 2362 557 sunt.
2426 477 2628 561 Quod

1075 609 1367 701 qualiter
1423 607 1562 683 fiat,
1634 606 1730 674 sic
1803 611 2009 696 patet.
2085 599 2257 668 Cum
2351 591 2626 671 dicitur,

1071 735 1111 778 ⁴«
1146 716 1262 784 Uti
1293 720 1397 782 est
1427 713 1496 781 id
1526 713 1712 804 quod
1742 715 1809 780 in
1849 732 2049 778 usum
2079 701 2366 781 venerit,
2392 703 2552 773 etc.,
2593 719 2624 759 »

1075 822 1480 914 intelligitur
1525 823 1611 890 ad
1641 821 1807 889 illud
1866 816 2098 887 referri
2138 812 2313 879 sicut
2351 805 2438 875 ad
2485 813 2630 872 ter-

1076 932 1341 997 minum
1371 932 1594 1020 operis
1638 951 1651 995 :
1691 938 1757 995 et
1784 928 1879 993 sic
1910 921 2095 991 ducit
2123 917 2207 987 ad
2256 916 2465 983 tinem
2518 914 2632 978 in-

982 1050 987 1054 ’
1074 1039 1400 1106 tentionis
1427 1038 1544 1129 qui
1582 1059 1744 1104 vere
1774 1033 1928 1100 finis
1959 1037 2084 1098 est.
2118 1028 2256 1095 Ista
2296 1030 2528 1092 autem
2559 1019 2630 1084 in

1077 1148 1327 1238 quibus
1351 1147 1505 1214 talis
1533 1166 1700 1211 usus
1731 1149 1833 1208 est
1868 1147 1943 1207 ut
1981 1137 2093 1206 hic
2129 1132 2483 1208 diffinitur,
2521 1147 2631 1192 re-

1073 1254 1386 1321 feruntur
1424 1250 1699 1342 quidem
1732 1248 1817 1316 ad
1856 1245 2042 1314 aliud
2081 1240 2266 1333 quod
2317 1244 2419 1305 est
2475 1233 2630 1299 finis

1074 1360 1526 1430 intentionis:
1566 1359 1683 1447 qui
1742 1366 1968 1424 tamen
2039 1350 2193 1418 finis
2249 1340 2629 1414 secundum

1073 1477 1353 1559 gustum
1421 1467 1718 1556 aliquem
1789 1473 1890 1529 est
1947 1462 2014 1526 in
2078 1457 2293 1548 ipsis:
2338 1450 2628 1519 sednon

1076 1574 1461 1643 referuntur
1525 1571 1611 1639 ad
1669 1568 1853 1637 aliud
1911 1563 2096 1656 quod
2152 1562 2237 1630 sit
2292 1558 2630 1627 terminus

1074 1682 1330 1772 operis,
1401 1679 1532 1748 hoc
1587 1685 1712 1753 est,
1786 1676 1854 1740 in
1930 1693 2065 1762 quo
2140 1674 2356 1737 cesset
2425 1683 2626 1752 opuS,

1077 1811 1158 1856 eo
1211 1786 1395 1877 quod
1463 1783 1798 1851 habeatur
1862 1774 2195 1870 quidquid
2256 1770 2407 1840 vult
2466 1787 2630 1858 ope·

1077 1917 1262 1964 rans·

1172 2003 1277 2069 An
1306 2024 1433 2069 noc
1460 2007 1691 2067 autem
1725 1996 1908 2088 quod
1940 1992 2289 2084 quaeritur,
2322 1984 2506 2066 Quid
2543 1983 2629 2050 sit

1076 2110 1362 2178 facultas
1464 2103 1891 2174 voluntatis?
1944 2097 2353 2173 Dicendum,
2442 2090 2628 2183 quod

1075 2218 1252 2286 sicut
1289 2223 1390 2284 est
1418 2215 1487 2282 in
1528 2237 1656 2281 usu
1689 2208 2036 2301 loquendi,
2068 2203 2353 2274 facultas
2382 2199 2632 2268 dicitur

1077 2327 1146 2394 id
1185 2324 1370 2416 quod
1398 2322 1557 2391 facit
1595 2322 1945 2390 hominem
1986 2316 2238 2384 habere
2294 2331 2498 2402 posse
2546 2306 2634 2376 ad

1074 2442 1322 2501 nutum
1363 2452 1379 2498 ε
1414 2431 1588 2498 sicut
1626 2428 1921 2496 scientim
1961 2424 2280 2493 dicuntur
2315 2416 2637 2509 jaculta-

1076 2553 1199 2622 les,
1235 2541 1397 2630 quia
1428 2538 1511 2606 ad
1554 2546 1799 2604 nutum
1830 2532 2121 2601 habetur
2157 2535 2461 2619 potestas
2526 2523 2636 2589 in-

1077 2651 1388 2719 tellectus
1443 2671 1568 2740 per
1619 2670 1732 2715 cas
1775 2668 1790 2713 ε
1863 2653 1930 2711 et
1984 2641 2167 2709 bona
2195 2637 2487 2705 fortunae
2527 2630 2637 2698 di-

1077 2768 1326 2827 cuntur
1359 2757 1759 2847 luculenter,
1803 2751 1962 2842 quia
1993 2748 2247 2816 faciunt
2276 2740 2634 2810 hominem

1078 2865 1389 2934 sufficere
1426 2862 1555 2931 sibi
1587 2871 1653 2930 et
1681 2861 1823 2926 suis
1859 2878 1875 2925 ε
1920 2857 2015 2925 ita
2049 2852 2334 2922 facultas
2379 2846 2637 2915 volun-

1080 2976 1239 3043 tatis
1270 2971 1467 3041 estid
1506 2992 1642 3061 quo
1721 2966 2041 3035 voluntas
2088 2959 2297 3030 habet
2331 2956 2510 3027 velle
2549 2953 2636 3022 ad

1080 3090 1325 3149 nutum
1361 3077 1625 3147 facilem
1659 3081 2062 3166 potestatem
2117 3091 2132 3136 ε
2176 3075 2243 3135 et
2280 3064 2414 3133 hoc
2453 3084 2636 3154 prae-

1082 3189 1278 3279 cipue
1320 3194 1420 3255 cst
1480 3183 1546 3252 id
1603 3181 1783 3274 quod
1845 3179 2101 3271 quietat
2140 3174 2225 3243 ab
2257 3191 2465 3264 opere
2510 3191 2526 3238 ε
2570 3176 2639 3236 et

985 3335 993 3342 ·
1084 3306 1185 3364 est
1223 3294 1387 3364 utile
1449 3296 1518 3362 in
1576 3314 1711 3382 quo
1756 3297 2020 3358 tenetur
2057 3293 2124 3353 et
2160 3289 2476 3375 gustatur
2504 3276 2640 3346 ali-

1088 3427 1226 3495 quo
1267 3401 1474 3470 modo
1506 3398 1660 3470 finis
1692 3400 2013 3471 intentus,
2047 3399 2123 3459 ut
2160 3389 2416 3457 dictum
2459 3393 2584 3453 est.

1181 3512 1284 3578 An
1316 3531 1612 3577 υιτυιωι
1661 3513 1840 3597 patet
1891 3501 2142 3569 solutio
2178 3520 2193 3565 :
2230 3498 2392 3589 quia
2431 3495 2636 3562 unius

1088 3619 1181 3685 rei
1218 3618 1492 3685 unicum
1520 3623 1619 3682 cst
1651 3635 1794 3680 csse
1836 3631 2041 3701 penes
2081 3627 2288 3673 unam
2345 3610 2412 3670 et
2453 3623 2640 3670 eam-

1084 3727 1242 3796 dem
1284 3745 1557 3792 causam
1588 3728 1935 3809 sumptum
1975 3738 1990 3783 ε
2035 3723 2102 3783 et
2138 3733 2348 3803 penes
2405 3706 2639 3775 diver-

1085 3856 1196 3901 sas
1224 3854 1460 3900 causas
1500 3834 1779 3920 possunt
1812 3824 1987 3891 sumi
2033 3820 2317 3888 diversa·
2374 3813 2639 3882 diffini-

1082 3944 1327 4008 tiones·
1361 3935 1551 4005 Unde
1584 3935 1803 4025 prima
1833 3930 2259 4017 daturpeues
2279 3922 2635 4014 proprium

1083 4053 1313 4116 actum
1346 4041 1530 4110 utilis
1566 4065 1580 4108 ε
1615 4040 1757 4107 lunc
1798 4044 2025 4104 autem
2054 4032 2254 4099 datur
2282 4051 2491 4120 penes
2532 4024 2635 4092 ef-

1085 4155 1334 4222 fectum
1368 4149 1550 4218 utilis
1581 4143 2037 4236 contingentis
2070 4142 2299 4207 tinem.

1469 4564 1974 4636 ARTlleLl'S
2020 4561 2244 4632 xvn.

1174 4792 1279 4857 An
1312 4785 1609 4853 secunda
1642 4781 1984 4871 diffinitio
2027 4779 2154 4845 frui
2182 4778 2272 4843 si!
2306 4775 2482 4842 bona
2509 4772 2551 4842 ἶ)

1180 5108 1436 5178 Deinde
1505 5106 1833 5198 quaeritur
1887 5102 1970 5170 de
2009 5101 2140 5168 hoc
2197 5096 2382 5189 quod
2422 5093 2585 5162 dicit
2623 5117 2638 5162 ε

1093 5245 1125 5283 α
1164 5217 1339 5286 Frui
1385 5223 1481 5282 est
1512 5215 1616 5280 uti
1654 5235 1805 5279 cum
1843 5209 2132 5302 qaudio,
2178 5216 2305 5274 etc.
2350 5231 2378 5266 n

1187 5331 1243 5395 1.
1270 5326 1460 5394 Sicut
1483 5323 1664 5391 enim
1687 5346 1758 5389 se
1781 5321 2031 5389 habent
2054 5317 2217 5385 utile
2244 5325 2305 5383 et
2325 5313 2597 5382 fruibile
2625 5332 2641 5380 :

2731 474 2831 542 uti
2865 480 2931 540 et
2959 470 3089 537 frui
3126 491 3141 536 ε
3177 465 3294 535 sed
3327 461 3590 532 nullum
3632 456 3797 526 utile
3827 462 3925 523 est
3954 447 4223 519 fruibile
4260 467 4274 512 ε

2735 601 2898 671 ergo
2938 575 3207 645 nullum
3237 573 3337 640 uti
3369 577 3472 639 est
3500 567 3656 635 frui.

2826 692 2889 756 2.
2928 687 3291 762 Praeterea,
3326 681 3406 748 In
3434 679 3694 747 Littera
3729 669 3911 749 dicit,
3939 664 4117 757 quod
4140 684 4285 730 om-

2735 798 2840 864 nis
2882 794 2998 884 qui
3037 790 3283 857 fruitur
3311 786 3541 862 utitur,
3586 780 3704 849 sed
3749 799 3892 844 non
3947 769 4282 842 converti-

2736 910 2846 967 tur
2888 920 2903 964 :
2939 917 3103 986 ergo
3136 894 3235 960 uti
3275 897 3379 958 est
3419 887 3727 978 superius
3756 881 3841 948 ad
3869 878 3999 945 frui
4037 900 4051 943 :
4087 872 4205 941 sed
4241 894 4280 938 a

2737 1030 2872 1097 quo
2919 1010 3308 1072 removetur
3362 996 3698 1087 superiuS,
3766 993 4154 1056 removetur
4214 989 4282 1047 et

2736 1113 3015 1181 inferius
3055 1133 3069 1177 ε
3111 1129 3273 1198 ergo
3306 1105 3414 1174 cui
3453 1124 3593 1170 non
3631 1096 3951 1167 convenit
3979 1091 4104 1168 uti,
4139 1109 4278 1156 non

2736 1221 3055 1291 convenit
3113 1217 3245 1284 frui
3301 1236 3316 1281 ε
3388 1210 3506 1279 sed
3579 1200 4084 1276 irrationalibus
4140 1217 4280 1262 non

2735 1329 3060 1398 convenit
3123 1324 3219 1391 uti
3283 1343 3298 1389 ε
3344 1340 3506 1409 ergo
3546 1336 3674 1383 nec
3713 1311 3867 1394 frui,
3927 1306 4112 1399 quod
4151 1304 4282 1371 fal-

2735 1459 2889 1504 sum
2921 1441 3048 1512 est,
3082 1452 3238 1499 cum
3268 1424 3692 1517 Augustinus
3722 1418 3923 1494 dicat,
3959 1411 4141 1504 quod
4171 1432 4281 1501 pe·

2736 1565 2895 1612 cora
2934 1540 3251 1607 fruuntur
3280 1533 3468 1602 cibis.

2832 1763 2892 1826 1.
2936 1760 3337 1830 PaAE‘rssaEA,
3383 1749 3723 1829 Quaeritur
3754 1764 3962 1834 quare
3998 1739 4129 1806 frui
4166 1758 4276 1804 se·
4332 1774 4523 1823 quast.
4556 1772 4596 1815 ι,

2734 1868 3036 1938 cundum
3069 1861 3404 1932 rationem
3441 1856 3739 1925 nominis
3767 1847 4151 1920 extenditur
4191 1843 4276 1911 ad

2738 1971 3183 2050 irrationalia,
3218 1977 3284 2038 et
3311 1989 3453 2035 non
3480 1964 3629 2031 uti?

2830 2085 2894 2150 2.
2930 2081 3329 2160 ramnum,
3356 2071 3696 2152 Quaeritur
3728 2065 3811 2133 de
3841 2061 4275 2131 distinctione
4344 2096 4526 2148 Qum„
4554 2095 4583 2141 2

2737 2186 3046 2280 Magistri
3106 2208 3121 2254 ε
3194 2181 3422 2262 Quare
3460 2175 3620 2245 dicit
3687 2169 3868 2263 quod
3936 2169 4008 2235 in
4060 2165 4277 2256 patria

2734 2297 3024 2364 fruimur
3061 2312 3218 2360 vere
3256 2295 3324 2357 et
3351 2283 3644 2376 proprie,
3687 2285 3754 2348 et
3816 2276 4014 2368 plene
4080 2295 4096 2341 :
4167 2270 4278 2338 hic

2732 2413 2963 2472 autem
2992 2422 3153 2469 vere
3184 2406 3251 2465 et
3287 2392 3582 2487 proprie,
3624 2387 3745 2457 sed
3782 2407 3920 2454 non
3958 2380 4178 2473 plene.

2823 2512 2886 2579 3.
2929 2507 3222 2577 Ulterius
3254 2503 3458 2571 etiam
3498 2497 3844 2588 quaeritur,
3875 2490 4095 2557 Penes
4112 2484 4274 2577 quid
4329 2538 4492 2588 ouum
4536 2535 4564 2578 3

2731 2619 3053 2687 differunt
3119 2624 3257 2681 tres
3322 2605 3759 2677 diffinitiones
3813 2598 3986 2667 datae
4052 2594 4132 2662 de
4190 2614 4270 2659 eo
4497 2570 4509 2580 ’
4569 2568 4583 2582 ’

2734 2727 2916 2818 quod
2956 2731 3057 2792 est
3081 2721 3238 2789 frui.

2827 2941 3135 3009 Somno.
3177 2928 3555 3002 Dicendum
3585 2925 3668 2993 ad
3713 2924 4035 3014 primum,
4095 2913 4279 3006 quod
4362 2968 4559 3016 solutu>

2737 3052 2832 3117 uti
2865 3042 3241 3116 secundum
3299 3039 3586 3129 primam
3627 3028 4102 3098 diffinitionem
4172 3044 4281 3089 re-

2741 3164 3055 3225 movetur
3083 3148 3169 3219 ab
3201 3170 3283 3217 eo
3323 3141 3502 3236 quod
3549 3146 3647 3209 est
3715 3135 3844 3205 frui
3909 3128 4279 3219 secundum

2739 3264 3086 3358 propriam
3128 3257 3459 3327 rationem
3498 3255 3847 3337 acceptum
3882 3262 3898 3310 t
3961 3238 4079 3308 sed
4143 3259 4281 3305 non

2742 3373 2839 3442 uti
2869 3366 3242 3439 secundum
3275 3357 3639 3429 secundam
3678 3348 4176 3423 diffinitionem,
4207 3354 4282 3411 ut

2743 3490 2923 3573 patet
2948 3499 3033 3544 ex
3073 3470 3430 3566 praedictis,

2832 3590 2937 3656 An
2976 3604 3172 3652 Αιιυυ
3202 3574 3590 3649 dicendum,
3624 3566 3811 3661 quod
3841 3565 3936 3633 uti
3981 3564 4047 3629 in
4082 3558 4283 3627 intel·
4330 3585 4410 3634 Μ
4436 3592 4609 3684 ‘1⁰⁸⁸‘

2742 3701 2918 3768 lcctu
2959 3692 3062 3759 sui
3105 3684 3403 3756 nominis
3448 3676 3699 3748 claudit
3730 3671 4008 3741 rationis
4054 3676 4278 3736 actum
4470 3668 4484 3682 ⁶

2744 3804 2862 3897 qui
2923 3808 3024 3869 est
3090 3793 3329 3864 relatio
3396 3788 3480 3857 ad
3527 3783 3709 3853 aliud
3745 3803 3763 3846 ι
3795 3789 3861 3849 et
3889 3777 4040 3846 idco
4071 3774 4286 3842 brutis

2743 3934 2882 3980 non
2916 3913 3141 4000 potest
3177 3898 3544 3970 convenire
3579 3915 3594 3959 ε
3632 3890 3727 3958 sic
3753 3895 3980 3956 autem
4008 3905 4146 3951 non
4186 3889 4285 3949 est

2747 4021 2828 4088 dc
2854 4042 2936 4087 eo
2969 4011 3152 4107 quod
3193 4018 3292 4078 est
3331 4006 3483 4082 frui,
3544 3998 3727 4093 quod
3766 3995 3927 4065 dicit
3990 3991 4288 4060 delecta-

2749 4128 3003 4193 tionem
3028 4127 3266 4211 gustus
3298 4113 3711 4204 quietantem
3745 4099 4178 4172 desiderium,
4220 4102 4287 4161 et

2747 4232 2898 4299 idco
2931 4228 2996 4295 id
3030 4248 3150 4317 per
3180 4214 3824 4306 transsumptionem
3867 4213 4087 4299 potest
4118 4224 4285 4270 con-

2742 4338 2977 4406 venire
3016 4332 3257 4401 brutis.

2836 4445 2940 4512 An
2964 4462 3163 4510 annun
3194 4433 3582 4507 dicendum,
3626 4423 3809 4519 quod
3839 4424 3969 4492 tria
3989 4421 4285 4508 exigun-
4329 4446 4409 4491 Ad
4435 4448 4607 4498 mm

2745 4564 2856 4622 tur
2885 4550 2968 4619 ad
2998 4545 3574 4637 complementum
3633 4534 3788 4610 frui,
3845 4529 4101 4598 scilicet
4166 4548 4285 4592 vo·
4441 4504 4486 4546 ²·

2745 4660 3026 4732 luntatis
3083 4664 3273 4724 actus
3346 4650 3429 4717 ad
3497 4645 3825 4714 rationem
3877 4637 4152 4713 relatus,
4219 4640 4287 4701 et

2745 4767 2972 4863 quoad
3016 4764 3146 4832 hoc
3184 4759 3340 4828 dicit
3391 4751 3710 4847 proprie:
3777 4746 3936 4838 quia
3988 4742 4288 4834 expertia

2747 4877 3029 4948 rationis
3060 4894 3199 4941 non
3229 4865 3497 4960 proprie
3525 4861 3859 4929 fruuntur.
3896 4851 4287 4923 Secundum

2748 4996 2850 5055 est
2907 4981 3090 5075 quod
3149 4979 3236 5046 sit
3295 4975 3464 5042 ratio
3506 4968 3824 5037 ordinans
3865 4961 4288 5049 voluntatem

2753 5104 3031 5172 rectam,
3086 5077 3678 5164 determinansid
3734 5072 3916 5165 quod
3971 5092 4131 5138 vere
4190 5077 4291 5135 est

2753 5202 2879 5270 frui
2918 5207 2981 5268 et
3011 5192 3303 5271 fruibile,
3346 5197 3411 5258 et
3457 5188 3552 5255 sic
3591 5183 3835 5252 dicitur
3888 5201 4072 5258 vere,
4132 5173 4290 5266 quia

2749 5314 3059 5378 creatura
3128 5296 3413 5369 fruentia
3471 5315 3605 5360 nou
3674 5309 3831 5357 vere
3893 5285 4208 5352 fruuntur
4269 5303 4283 5346 ε

1094 5438 1191 5504 sic
1231 5458 1301 5503 se
1331 5433 1586 5501 habent
1616 5431 1711 5497 uti
1755 5437 1817 5496 et
1850 5428 2003 5495 frui.
2050 5426 2428 5492 raom-10:
2467 5419 2648 5499 Quia
2750 5438 2908 5484 cum
2949 5435 3085 5479 non
3135 5410 3220 5475 sit
3273 5425 3431 5471 vere
3469 5400 3722 5467 bonum
3781 5403 3848 5462 et
3902 5389 4096 5459 dulce
4154 5410 4287 5478 quo

1091 5549 1281 5610 actus
1318 5562 1441 5629 per
1478 5537 1743 5625 objecta
1782 5533 2261 5600 diffiniuntur:
2323 5528 2437 5596 sed
2481 5525 2647 5593 utile
2749 5523 3090 5589 fruuntur.
3123 5513 3423 5582 Tertium
3473 5505 3655 5598 quod
3711 5500 4002 5592 exigitur
4060 5503 4161 5564 est
4217 5502 4291 5561 ut

1095 5658 1158 5716 et
1198 5646 1466 5717 fruibile
1535 5652 1691 5712 sunt
1749 5640 2012 5729 objecta
2066 5638 2314 5710 horum
2364 5645 2645 5704 actuum
2755 5651 2877 5720 per
2904 5625 3197 5717 speciem
3230 5627 3297 5687 et
3325 5617 3410 5686 ad
3457 5614 3722 5704 copiam
3762 5605 4089 5675 habeatur
4126 5599 4289 5667 frui-
