4897 6388
1769 328 1896 396 VIN
1941 326 1972 397 1
2023 326 2450 395 SENTENT.
2501 325 2726 395 DIST.
2779 327 3004 407 XXV,
3060 328 3368 408 C,ART.
3412 332 3490 407 -.1·
3614 385 3619 392 .

1060 484 1288 558 turam
1345 496 1540 584 cujus
1596 503 1720 574 est,
1771 498 1911 563 sive
1959 494 2085 562 sub
2159 517 2296 585 qua
2360 503 2484 562 est.
2520 493 2599 559 In

1057 595 1307 666 divinis
1349 609 1573 667 autem
1652 609 1750 669 est
1804 602 2154 669 diversitas
2221 600 2599 669 secundum

1054 706 1340 774 modum
1449 708 1888 799 intelligendi,
1992 732 2128 776 non
2223 709 2597 776 secundum

975 865 976 868 η
1054 835 1251 880 rem:
1328 823 1392 882 et
1486 818 1681 882 istam
1743 818 2195 884 diversitatem
2278 819 2601 916 importat

717 1047 795 1091 Ad
823 1043 849 1089 8
873 1051 923 1089 et.
950 1045 991 1089 ⁴.

777 1934 864 2011 Ad*
883 1935 925 1978 b.

693 2794 765 2839 Ad
787 2799 960 2852 qun-st.
976 2800 1019 2842 2.

1058 921 1379 1013 obliquus
1411 926 1525 1014 qui
1564 926 1954 992 transitivus
1983 931 2104 992 est.

1145 1031 1248 1097 An
1282 1055 1480 1099 Amen
1519 1033 1901 1119 dicendum,
1953 1032 2136 1124 quod
2180 1040 2424 1099 natura
2480 1054 2599 1121 po-

1056 1139 1157 1205 nit
1207 1149 1583 1229 respectum
1632 1141 1716 1209 ad
1750 1163 1886 1208 rem
1917 1149 2172 1208 naturae
2215 1163 2254 1206 :1
2295 1140 2453 1230 quia
2493 1162 2597 1207 res

1056 1257 1318 1314 naturae
1352 1253 1451 1316 est
1480 1249 1834 1339 dupliciter
1864 1272 1881 1316 z
1916 1237 2174 1317 naturae
2223 1248 2477 1316 scilicet
2525 1256 2598 1314 ut

1051 1355 1355 1446 subjecta
1405 1360 1520 1433 rei.
1559 1368 1625 1426 et
1664 1368 1739 1427 ut
1782 1340 2146 1428 constituta
2188 1380 2306 1448 per
2347 1359 2588 1448 ipsam.

1051 1462 1360 1532 Persona
1400 1474 1624 1533 autem
1669 1489 1772 1534 res
1803 1476 2055 1534 naturae
2102 1474 2226 1548 est,
2288 1465 2595 1532 substan-

1053 1571 1149 1637 tia
1176 1593 1340 1638 vero
1373 1579 1438 1638 et
1477 1574 1766 1640 essentia
1802 1596 1939 1641 non
1977 1574 2350 1663 important
2385 1569 2592 1639 talem

1058 1689 1439 1770 respectum
1486 1702 1500 1746 :
1536 1688 1598 1748 et
1637 1679 1786 1748 hoec
1815 1702 2108 1771 congrue
2144 1687 2495 1769 ponuntur
2526 1681 2592 1746 in

1050 1786 1480 1857 diffinitione.
2558 1855 2562 1860 ,

1140 1898 1248 1964 Au
1285 1919 1485 1965 Amen
1514 1896 1685 1966 bene
1713 1896 2030 1980 concede,
2064 1895 2244 1988 quod
2297 1905 2435 1964 non
2491 1904 2592 1963 est

1046 2003 1271 2072 simile
1329 2004 1410 2072 de
1467 2004 1866 2073 diffinitione
1954 2002 2367 2072 accidentis:
2431 2005 2590 2092 quia

1045 2113 1413 2183 accidentis
1443 2114 1626 2182 nulla
1673 2122 1778 2183 est
1821 2113 2130 2181 diffinitio
2178 2114 2307 2181 nisi
2352 2137 2591 2182 secun-

1044 2220 1208 2289 dum
1253 2221 1412 2313 quid
1439 2245 1455 2289 ε
1491 2220 1606 2289 sed
1636 2243 1922 2311 persona
1947 2241 2087 2288 non
2114 2222 2211 2288 sic
2231 2220 2583 2298 diffinitur,

1045 2328 1167 2397 sed
1195 2331 1425 2421 potius
1480 2338 1722 2396 natura
1776 2329 2120 2396 rationalis
2175 2318 2432 2418 aliquid
2491 2337 2591 2396 est

1048 2459 1362 2527 personae
1395 2436 1502 2504 vel
1560 2459 1655 2514 re,
1698 2444 1774 2503 ut
1818 2438 1883 2503 in
1933 2435 2411 2503 interioribus:
2479 2434 2588 2503 vel

1047 2546 1255 2614 modo
1287 2546 1727 2638 intelligendi,
1774 2555 1848 2613 ut
1893 2547 1961 2613 in
2006 2545 2493 2637 superioribus.

1139 2766 1244 2832 An
1276 2790 1339 2834 ιι)
1378 2767 1560 2857 quod
1593 2768 1870 2836 ulterius
1921 2770 2244 2860 quaeritur
2297 2771 2379 2838 de
2431 2767 2590 2837 sub-

1043 2874 1332 2955 stantia,
1444 2875 1607 2964 quid
1698 2875 2028 2966 significet
2061 2881 2095 2944 ⁸?
2182 2876 2585 2955 Dicendum,

1044 2978 1233 3069 quod
1281 2979 1669 3048 substantia
1715 2981 1958 3049 dicitur
2002 2991 2296 3072 quatuor
2339 2980 2584 3051 modis.

1047 3086 1483 3179 Quandoque
1544 3090 1725 3156 enim
1783 3088 2026 3157 dicitur
2067 3089 2446 3158 substantia
2484 3088 2591 3157 di-

1042 3193 1190 3260 visa
1237 3203 1473 3262 contra
1519 3193 1867 3263 accidens:
1921 3203 1990 3263 et
2032 3193 2405 3263 secundum
2459 3192 2591 3263 hoc

1046 3301 1359 3369 nominat
1415 3311 1724 3370 naturam
1782 3304 1977 3394 primi
2051 3303 2584 3393 praedicamenti,

1045 3407 1157 3475 vel
1193 3431 1333 3477 rem
1366 3431 1518 3501 qua‘
1558 3412 1941 3478 communis
1992 3419 2092 3479 est
2136 3411 2375 3501 prima!
2421 3409 2590 3479 sub-

1047 3516 1315 3584 stantiae
1345 3525 1408 3583 et
1441 3515 1751 3584 secundm
1779 3518 2104 3586 salvatam
2155 3520 2223 3585 in
2253 3525 2539 3609 utraque
2566 3540 2582 3585 ε

1045 3622 1189 3692 haec
1249 3633 1473 3692 autem
1550 3625 1922 3692 substantia
1998 3623 2166 3694 nihil
2230 3624 2414 3693 aliud
2485 3633 2586 3692 est

1044 3751 1253 3821 quam
1310 3750 1431 3796 ens
1478 3751 1598 3818 per
1637 3753 1710 3797 se
1765 3732 2083 3812 existens,
2147 3733 2368 3822 gratia
2437 3730 2586 3818 ejus

1049 3836 1232 3927 quod
1274 3845 1375 3904 est
1406 3860 1525 3928 per
1560 3861 1631 3905 se
1677 3839 1960 3907 existere
2009 3839 2302 3908 divisum
2348 3846 2586 3908 centra

1042 3944 1384 4024 accidens,
1422 3945 1606 4037 quod
1632 3957 1733 4014 est
1785 3969 1904 4014 ens
1956 3948 2022 4014 in
2067 3944 2202 4015 alio
2260 3947 2581 4025 existens,

1038 4049 1212 4117 sicut
1270 4050 1474 4140 ncipit
1528 4050 1922 4119 Aristoteles
2019 4052 2466 4121 substantiam
2514 4054 2582 4120 in

1035 4158 1274 4248 prima
1290 4156 1728 4249 philosophia
1760 4158 1827 4225 in
1868 4157 2036 4225 libro
2075 4157 2198 4243 lx,
2233 4160 2301 4227 in
2341 4161 2588 4252 princi·

1041 4265 1182 4355 pie,
1221 4263 1331 4331 uhi
1362 4263 1519 4332 dicit
1555 4286 1569 4331 ε
1611 4266 1875 4333 Dictum
1899 4275 1997 4333 est
2027 4266 2107 4334 «le
2146 4275 2301 4335 ente
2330 4269 2433 4337 cui
2477 4276 2588 4335 at-

1044 4372 1435 4442 tribuuntur
1488 4374 1617 4441 alia
1664 4377 1836 4441 entis
1893 4375 2434 4465 prxedicamenta,
2467 4377 2605 4446 ubi·

1045 4481 1301 4549 dictum
1341 4491 1442 4548 est
1473 4482 1553 4550 de
1601 4481 1973 4550 substantia
2005 4505 2021 4549 ε
2057 4484 2373 4553 dicuntur
2399 4486 2584 4554 enim

1044 4587 1261 4656 multa
1325 4590 1507 4656 entia
1554 4590 1923 4656 secundum
1979 4589 2158 4680 quod
2254 4593 2584 4683 recipiunt

1050 4695 1526 4764 diffinitionem
1567 4697 1983 4775 substantia),
2052 4708 2127 4765 ut
2163 4699 2480 4790 qualitas,
2521 4708 2589 4769 et

1047 4804 1415 4892 quantitas,
1449 4813 1513 4871 et
1558 4804 1686 4871 alia
1734 4827 1882 4894 quae
1922 4804 2237 4873 dicuntur
2274 4805 2404 4877 hoc
2434 4832 2589 4877 nio·

1047 4909 1161 4978 do.
1199 4911 1514 4979 Secundo
1545 4921 1608 4979 et
1661 4914 1857 4979 tertie
1907 4913 2148 4980 dicitur
2197 4915 2589 4986 substantia

1051 5041 1176 5108 per
1205 5026 1430 5109 partes
1459 5019 1742 5087 divisive
1782 5021 1995 5100 istius,
2045 5021 2298 5091 scilicet
2340 5026 2586 5114 prima,

1049 5134 1115 5192 et
1149 5124 1470 5201 secunda,
1514 5127 1881 5194 secundum
1923 5127 2106 5218 quod
2153 5131 2444 5220 primam
2496 5131 2593 5199 di-

1044 5234 1265 5300 cimus
1305 5232 1388 5300 ab
1411 5244 1562 5301 actu
1602 5234 1946 5302 substandi
1975 5236 2289 5305 secundae
2328 5247 2397 5307 et
2424 5241 2591 5307 acci·

1045 5342 1230 5409 denti
1266 5365 1282 5408 :
1319 5342 1681 5410 secundam
1713 5352 1938 5412 autem
1960 5344 2043 5412 ab
2064 5355 2217 5415 actu
2237 5346 2590 5415 substandi

1051 5450 1288 5539 primae
1308 5460 1377 5518 et
1421 5452 1774 5537 accidenti,
1800 5452 1977 5543 quod
2002 5455 2205 5522 etiam
2225 5454 2592 5524 subsistere

1046 5559 1372 5624 convenit
1430 5558 1489 5626 ei
1555 5560 1773 5648 gratia
1839 5561 2071 5650 primae
2129 5563 2198 5630 in
2273 5570 2408 5655 qua
2464 5562 2595 5631 ha-

1047 5660 1159 5731 bet
1200 5685 1371 5747 esse,
1404 5674 1468 5733 et
1500 5688 1636 5734 non
1695 5669 1910 5756 gratia
1947 5668 2266 5759 suiipsius
2307 5693 2323 5737 :
2363 5680 2435 5740 ut
2474 5694 2588 5761 pa-

4132 319 4260 389 627

2709 503 2828 578 tet,
2862 519 3017 584 cum
3059 496 3327 577 dicitur,
3380 482 3593 564 homo
3653 481 3871 580 albus,
3933 494 4005 583 ly
4061 481 4266 562 a‘lbzia

2706 603 2991 671 refertur
3047 605 3131 672 ad
3188 603 3543 672 hominem
3626 604 3843 694 gratia
3928 603 4257 691 suppositi

2706 712 2891 800 quod
2929 722 3031 779 est
3076 712 3454 779 substantia
3485 712 3728 802 prima,
3774 719 3839 777 et
3866 732 4004 777 non
4044 703 4273 800 gratia*

2705 818 3068 908 significati
3099 819 3283 909 quod
3340 827 3443 887 est
3472 818 3793 886 secunda.
3833 813 4090 896 Quarto
4119 824 4263 914 m'o-

2704 926 2791 993 do
2825 926 3072 995 dicitur
3097 916 3488 1010 substantia
3520 926 3691 1017 quid·
3724 925 4263 1021 uniuscujusque

2703 1035 3211 1125 praedicamenti
3250 1058 3264 1101 :
3308 1043 3375 1103 et
3424 1033 3603 1102 hanc
3667 1041 3914 1100 vocant
3979 1016 4257 1123 quidam

2708 1129 3159 1209 substantiam
3185 1129 3478 1232 logicam
3515 1163 3530 1208 :
3578 1142 3752 1207 sicut
3798 1139 3960 1206 dicit
3999 1126 4254 1205 Aristo-

2707 1237 2871 1317 teies
2915 1271 2929 1317 ε
2990 1248 3064 1316 Si
3104 1251 3256 1341 quis
3304 1233 3586 1317 cubitali
3645 1237 4112 1339 magnitudine
4142 1269 4257 1337 po·

2700 1359 2827 1424 sita
2858 1357 3129 1436 dixerit,
3168 1358 3352 1448 quod
3382 1358 3681 1447 positum
3728 1365 3851 1433 est,
3915 1346 4260 1423 bicubita-

2699 1464 2836 1532 lem
2868 1466 3413 1556 magnitudinem
3443 1464 3554 1533 vel
3596 1465 4042 1555 quantitatem
4083 1456 4266 1544 esse,

2700 1573 2864 1663 quid
2894 1581 2995 1641 est
3026 1575 3210 1652 dicit,
3245 1583 3312 1641 et
3343 1583 3678 1664 quantum
3709 1573 3893 1652 dic-it,
3929 1583 3996 1640 et
4047 1562 4264 1663 quan-⁴

2698 1670 2845 1747 tum
2875 1671 3263 1772 significat:
3311 1689 3379 1749 et
3416 1684 3472 1749 si
3525 1681 3838 1750 albedine
3888 1681 4118 1770 ‘posita
4164 1678 4258 1746 di-

2700 1789 2900 1867 xerit,
2945 1785 3132 1879 quod
3169 1790 3472 1879 positum
3523 1797 3649 1875 est,
3727 1788 4029 1856 colorem
4078 1799 4260 1865 esse,

2700 1895 2865 1985 quid
2903 1903 3004 1963 est
3050 1896 3236 1975 dicit,
3298 1904 3369 1964 et
3423 1897 3822 1988 qualitatem
3887 1894 4251 1987 significat.

2698 2002 3075 2070 Possumus
3098 2025 3261 2095 ergo
3283 2003 3533 2084 dicere,
3559 2004 3745 2095 quod
3765 2003 4145 2071 substantia
4164 2001 4253 2069 si·

2694 2111 2970 2200 gnificet
2989 2111 3441 2179 substantiam
3466 2114 3536 2179 in
3555 2112 4047 2195 communi,vel
4071 2117 4255 2201 quod

2693 2225 2989 2308 ponatur
3027 2241 3151 2309 pro
3172 2217 3545 2310 hypostasi.
3578 2219 3653 2288 Si
3675 2221 3892 2311 primo
3917 2219 4121 2287 modo
4145 2219 4255 2285 di-

2695 2351 2845 2397 cere
2874 2329 3198 2398 volumus
3240 2351 3255 2397 :
3293 2339 3457 2398 tunc
3504 2329 3835 2409 dicemus,
3880 2328 4257 2421 quodlicet

2692 2436 3143 2506 substantiam
3228 2438 3591 2530 significet,
3653 2445 4052 2506 nontamen
4091 2459 4254 2528 sup-

2691 2545 2886 2635 ponit
2923 2567 3099 2623 eam,
3132 2543 3252 2612 sed
3278 2545 3605 2636 supponit
3642 2566 3765 2635 pro
3807 2544 4182 2635 hypostasi.

2782 2652 2889 2719 An
2937 2673 3066 2720 noc
3107 2659 3338 2720 autem
3392 2652 3749 2743 quaeritur,
3830 2650 4010 2731 Quid
4053 2657 4253 2743 cegat

2691 2781 2842 2828 eam
2911 2767 3089 2828 stare
3142 2781 3266 2852 pro
3342 2755 3757 2852 hypostasi?
3839 2759 4245 2839 Dicendum,

2692 2866 2876 2957 quod
2919 2866 3002 2934 de
3059 2890 3132 2936 se
3196 2875 3420 2957 potest
3501 2873 3681 2936 stare
3739 2889 3860 2957 pro
3929 2875 4245 2958 utroque,

2690 2974 2945 3043 scilicet
2976 2996 3098 3065 pro
3131 2982 3376 3042 natura
3411 2975 3766 3043 communi
3798 2996 3949 3064 quae
4007 2981 4110 3041 est
4175 2982 4252 3041 ut

2690 3079 2987 3149 secunda
3031 3100 3049 3148 ε
3092 3088 3158 3149 et
3189 3078 3540 3172 hypostasi
3572 3100 3727 3171 quae
3758 3087 3859 3148 est
3905 3088 3979 3147 ut
4029 3080 4245 3171 prima

2690 3187 3095 3269 substantia,
3138 3197 3206 3256 et
3270 3211 3393 3279 per
3438 3187 3833 3277 adjunctum
3915 3186 4248 3255 individui

2690 3298 2893 3365 stabit
2930 3319 3054 3389 pro
3088 3296 3463 3388 hypostasi,
3497 3288 3654 3365 licet
3688 3297 4027 3387 signiticet
4081 3297 4250 3364 sub-

2689 3407 3008 3476 stantiam
3054 3427 3071 3474 t
3106 3415 3173 3476 et
3204 3406 3337 3476 hoc
3364 3406 3638 3475 videtur
3678 3427 3825 3474 esse
3882 3406 3965 3474 de
4023 3407 4250 3475 inten-

2691 3515 2873 3584 tione
2908 3514 3155 3597 Boetii,
3188 3516 3350 3607 quia
3389 3512 3522 3583 hoc
3551 3514 3758 3583 modo
3797 3524 4087 3584 venatur
4114 3514 4248 3583 dit-

2693 3625 3100 3693 tinitionem.
3524 3638 3528 3642 *

2705 3806 2717 3815 ⁸
2778 3837 2883 3904 Au
2922 3858 3048 3905 noc
3076 3842 3304 3904 autem
3346 3834 3531 3925 quod
3563 3832 3844 3902 ulterius
3892 3832 4233 3922 objicitur,
4268 3859 4519 3917 Ααψειι
4549 3863 4577 3905 ³

2691 3943 2872 4034 quod
2912 3943 3287 4011 secundum
3338 3940 3470 4010 hoc
3507 3942 3797 4009 essentia
3826 3942 3951 4009 erit
3994 3940 4243 4008 indivi-

2690 4051 2830 4119 dua
2862 4075 2884 4118 .·
2924 4048 3313 4134 dicendum,
3355 4047 3543 4139 quod
3583 4071 3719 4116 non
3763 4069 3779 4117 t
3834 4050 3990 4139 quia
4049 4047 4245 4135 adje-

2690 4162 2945 4227 ctivum
2978 4158 3115 4225 duo
3148 4157 3302 4224 iacit
3341 4157 3521 4223 circa
3572 4155 4076 4224 substantivum
4134 4156 4241 4222 cui

2692 4243 3087 4354 adjungitur
3148 4285 3164 4329 ε
3231 4262 3579 4352 restringit
3641 4263 3823 4329 enim
3867 4264 4117 4353 ipsum,
4179 4271 4245 4328 et

2693 4372 2888 4460 ponit
2930 4393 3073 4437 rem
3112 4391 3307 4437 suam
3347 4369 3526 4436 circa
3566 4369 3789 4460 ipsum
3833 4391 3849 4434 :
3906 4379 3981 4436 ut
4029 4376 4240 4460 patet,

2690 4502 2847 4547 cum
2880 4479 3149 4556 dicitur,
3187 4476 3394 4545 homo
3426 4476 3624 4544 albus
3657 4498 3673 4546 ε
3709 4476 3998 4545 dicimus
4031 4478 4239 4559 euim,

2691 4587 2876 4679 quod
2915 4585 3127 4656 homo
3157 4586 3362 4655 habet
3401 4587 3859 4677 significatum
3892 4594 3960 4655 et
3988 4610 4244 4678 suppo·

2691 4698 2897 4762 situm
2937 4718 2952 4763 ε
2997 4704 3065 4764 et
3093 4716 3231 4763 non
3272 4702 3566 4785 oportet,
3613 4692 3795 4784 quod
3835 4694 4244 4783 adjectivum

2691 4812 2898 4895 ponat
2920 4803 3454 4893 implicationem
3492 4802 3674 4870 circa
3700 4810 4093 4892 utrumque,
4126 4800 4246 4869 sed

2693 4913 2868 4980 circa
2908 4912 3074 4980 illud
3112 4913 3306 5002 cujus
3363 4911 3588 5001 primo
3625 4919 3730 4980 est
3783 4911 4116 4990 accidenS,
4181 4918 4248 4979 et

2696 5020 2827 5090 hoc
2859 5031 2958 5090 est
2996 5021 3427 5112 suppositum
3474 5041 3489 5086 ε
3536 5027 3604 5089 et
3656 5043 3777 5111 per
3823 5019 4247 5111 consequens

2695 5152 2835 5197 non
2877 5129 3303 5219 restringitur
3343 5126 3412 5217 ty
3450 5126 3653 5194 Immo
3704 5128 3773 5194 iu
3835 5129 4242 5218 significate,

2694 5237 2812 5305 sed
2865 5238 3091 5327 potius
3158 5236 3228 5303 in
3284 5235 3677 5325 suppositis.
3741 5234 3841 5303 lta
3898 5235 4049 5304 dico
4109 5234 4244 5315 hic,

2696 5346 2882 5435 quod
2908 5344 3290 5413 substantia
3326 5343 3668 5435 significat
3694 5343 4144 5412 substantiam
4179 5345 4248 5413 in

2695 5455 3073 5533 communi,
3117 5462 3182 5522 et
3229 5452 3653 5541 adjectivum,
3702 5454 3973 5544 respicit
4028 5455 4248 5544 ipsam

2698 5563 3073 5631 secundum
3117 5561 3183 5629 id
3222 5564 3330 5630 cui
3388 5562 3713 5629 convenit
3750 5584 3868 5652 per
3903 5584 3975 5630 se
4019 5560 4253 5628 distin·

2702 5673 2836 5739 ctio
2873 5694 3024 5761 quae
3056 5673 3464 5761 importatur
3492 5690 3615 5759 per
3638 5667 3708 5760 ly
3736 5669 4103 5737 individua
4135 5690 4151 5736 ε
4189 5677 4257 5737 et
