4897 6388
702 367 831 435 174
1015 452 1049 474 1

693 538 766 604 in
806 520 1093 629 quarum
1126 497 1343 629 prima
1385 558 1506 625 per
1560 537 1857 602 rationes
1887 534 2243 600 veritatem

694 647 1100 714 manifestat.
1136 646 1215 712 In
1254 643 1574 720 secunda,
1620 642 1853 731 objicit
1882 649 2148 719 contra,
2179 646 2244 706 et

693 755 921 836 solvit,
965 757 1081 834 ibi,
1119 754 1201 836 D,
1241 777 1273 818 a
1318 755 1497 820 Huic
1525 764 1755 820 autem
1785 752 2056 819 videtur
2082 772 2243 816 con-

590 952 594 956 ·
691 866 1013 940 starium,
1050 871 1179 928 etc.
1231 885 1264 925 »

781 971 1016 1039 Primo
1063 992 1225 1060 ergo
1281 969 1366 1036 ad
1424 969 1555 1037 hoc
1612 969 1795 1059 quod
1858 968 2059 1033 Pater
2102 986 2242 1030 non

690 1079 1001 1168 genuerit
1076 1078 1465 1155 essentiam,
1527 1076 1800 1143 adducit
1838 1083 1972 1141 tres
2032 1073 2244 1138 ratio-

690 1206 852 1252 nes:
890 1207 1179 1273 quarum
1207 1185 1429 1274 prima
1479 1191 1605 1260 est,
1642 1183 1801 1272 quia
1844 1182 1899 1247 si
1951 1177 2241 1246 essentia

689 1299 867 1359 esset
894 1294 1146 1381 genita,
1183 1293 1330 1381 ipsa
1363 1289 1642 1356 relative
1675 1288 2032 1365 diceretur,
2059 1282 2242 1374 quod

689 1406 958 1465 non-est
994 1420 1263 1464 verum.
1312 1394 1628 1463 Secunda
1659 1402 1782 1471 est,
1819 1396 1979 1484 quia
2007 1412 2244 1459 secun-

689 1503 853 1571 dum
885 1504 1015 1571 hoc
1066 1504 1269 1570 Pater
1324 1503 1674 1593 genuisset
1720 1500 1902 1591 quod
1941 1508 2042 1568 est
2071 1500 2237 1588 ipse,

690 1612 875 1701 quod
940 1613 1189 1678 iterum
1249 1633 1390 1678 non
1430 1618 1534 1678 est
1595 1632 1863 1687 verum,
1907 1616 1973 1675 et
2010 1607 2246 1696 incipit

688 1717 809 1798 ibi,
855 1718 936 1798 B,
976 1746 1009 1782 α
1045 1722 1239 1803 Item,
1279 1719 1455 1787 Cum
1488 1721 1671 1785 Deus
1698 1720 1910 1785 Pater
1935 1717 2027 1782 sit
2064 1714 2246 1780 divi-

687 1849 779 1894 na
808 1828 1123 1908 essentia,
1184 1834 1311 1892 etc.
1355 1849 1386 1889 a
1454 1825 1682 1892 Tertia
1729 1830 1853 1906 est,
1888 1824 2048 1912 quia
2086 1842 2240 1889 cum

688 1933 875 2002 Deus
915 1933 1122 2001 Pater
1187 1934 1383 2023 quasi
1444 1931 1820 1999 formaliter
1864 1931 1952 1997 sit
2013 1929 2244 1995 divina

693 2041 1011 2119 essentia,
1047 2041 1191 2130 ipsa
1235 2040 1427 2129 quasi
1486 2059 1692 2105 causa
1739 2045 1839 2104 est
1878 2036 1937 2103 ei
1978 2044 2054 2103 ut
2102 2036 2239 2102 sit:

698 2170 863 2239 ergo
905 2150 960 2215 si
1001 2147 1347 2238 genuisset
1376 2139 1558 2229 eam,
1604 2147 1748 2235 ipse
1798 2166 1879 2212 eo
1912 2143 2096 2234 quod
2126 2164 2245 2233 ge-

699 2259 850 2325 nuit
914 2246 1116 2339 esset,
1176 2263 1244 2323 et
1299 2256 1486 2323 Deus
1541 2263 1742 2339 esset,
1785 2251 2242 2344 quodfalsum

699 2373 824 2432 est.
889 2364 971 2431 Et
1029 2363 1277 2454 probat
1340 2360 1526 2430 hun'c
1579 2384 1975 2453 processum
2017 2359 2242 2428 valere

690 2496 812 2565 per
837 2474 1327 2564 Augustinum,
1361 2470 1479 2550 ibi,
1516 2469 1594 2552 C,
1641 2499 1671 2534 α
1697 2472 1895 2552 Item,
1926 2471 2009 2539 Si
2038 2472 2247 2537 Pater

693 2590 789 2648 est
811 2582 1103 2670 qenitor,
1136 2588 1264 2649 etc.
1312 2603 1346 2645 ι
1530 2575 1536 2580 ”

782 2687 861 2755 ln
910 2686 1059 2755 aliis
1097 2694 1328 2754 antem
1358 2686 1620 2754 Littera
1668 2686 1860 2753 istius
1888 2685 2104 2776 partis
2143 2694 2244 2752 est

695 2794 1075 2863 manifesta.

1164 3112 1669 3183 ARTlCULUS
1711 3112 1762 3180 1.

697 3330 1015 3416 Qualiter
1041 3332 1328 3398 essentia
1363 3354 1436 3398 se
1469 3330 1672 3398 habet
1711 3329 1808 3397 ad
1833 3330 2006 3398 Filii
2034 3353 2241 3420 qene-

781 3441 1141 3517 ralae‘onem,
1178 3448 1412 3507 utrum
1450 3461 1580 3530 per
1616 3439 1898 3505 modum
1926 3460 2240 3505 commu·

779 3543 1101 3613 nicolaitis
1131 3568 1258 3637 per
1281 3547 1817 3635 qeneratae‘onem,
1852 3556 1915 3612 e!
1965 3569 2241 3637 proces-

775 3654 1034 3722 sionem
1062 3652 1104 3720 ‘l

771 3965 950 4033 Ante
1009 3969 1344 4034 Litteram
1410 3974 1638 4032 autem
1678 3964 1909 4033 incidit
1961 3964 2070 4034 hic
2106 3965 2239 4033 du-

683 4071 901 4148 bium,
945 4070 1255 4150 Qualiter
1291 4071 1586 4138 essentia
1615 4094 1688 4138 se
1728 4069 1972 4138 habeat
2011 4071 2093 4139 ad
2125 4094 2240 4162 ge-

684 4179 1110 4249 nerationem
1136 4178 1285 4247 Filii
1314 4183 1351 4246 ‘I

776 4289 837 4354 ί.
866 4285 942 4353 ld
959 4287 1141 4355 enim
1159 4287 1343 4378 quod
1367 4287 1737 4355 nobilitatis
1756 4296 1881 4369 est,
1910 4309 2239 4378 reponen-

682 4390 847 4459 dum
878 4398 979 4458 est
1006 4391 1432 4480 generationi
1474 4392 1723 4459 divinoe
1761 4414 1777 4460 ε
1845 4391 2235 4459 communi-

681 4497 990 4567 cabilitas
1017 4506 1246 4566 autem
1265 4499 1585 4566 essentiae
1621 4497 1994 4566 nobilitatis
2032 4507 2134 4565 est
2168 4499 2233 4565 in

683 4604 872 4672 omni
903 4613 1188 4673 natura:
1220 4627 1382 4695 ergo
1420 4604 1537 4672 illa
1593 4603 1815 4671 danda
1870 4613 1973 4672 est
2001 4604 2240 4695 praeci-

683 4733 816 4802 pue
864 4713 1171 4780 essentiae
1228 4711 1476 4780 divinae
1513 4733 1530 4782 ε
1593 4735 1756 4803 ergo
1802 4709 2001 4779 habet
2040 4734 2112 4780 se
2152 4712 2235 4780 ad

682 4819 1191 4909 generationem
1273 4821 1447 4915 sicut
1513 4843 1636 4910 per
1724 4821 2231 4911 generationem

684 4926 1304 4994 communicabilis.

773 5036 838 5101 2.
885 5034 1079 5115 ltem,
1141 5033 1613 5125 lntelligamus
1681 5036 1750 5103 in
1807 5034 2057 5103 divinis
2097 5057 2234 5102 non

685 5162 831 5208 esse
901 5142 1439 5230 generationem,
1510 5163 1637 5210 nec
1727 5141 2232 5232 processionem

685 5246 985 5338 aliquam
1021 5270 1036 5315 :
1081 5257 1373 5327 constat,
1435 5248 1622 5339 quod
1650 5250 1945 5317 essentia
2006 5247 2233 5315 divina

687 5380 825 5425 non
856 5358 983 5424 erit
1022 5361 1525 5427 communicata
1562 5358 1870 5450 pluribus
1926 5358 2234 5448 personis

686 5467 831 5535 sive
906 5469 1300 5558 suppositis.
1366 5467 1439 5536 Si
1497 5478 1728 5538 autem
1786 5467 2233 5558 intelligimus

682 5578 1190 5667 generationem
1217 5586 1282 5645 et
1302 5581 1832 5668 processionem,
1866 5580 2091 5645 statim
2124 5602 2236 5647 se-

685 5687 920 5791 quitur
947 5688 1253 5754 essentiae
1282 5690 1818 5756 communicatio
1854 5711 1869 5757 ε
1914 5709 2079 5778 ergo
2119 5710 2229 5778 ge>

1699 364 1783 430 D.
1828 337 2035 428 ALB.
2089 323 2307 425 MAG.

2360 357 2568 423 ono.
2591 447 2594 449 ‚
2620 357 2915 428 enAEu.

2330 527 2618 593 'nei-atio
2651 535 2715 592 et
2752 532 3094 617 processio
3141 538 3299 596 sunt
3337 550 3542 596 causa
3584 544 3899 593 commu-

2358 636 2714 703 nicationis
2772 635 3081 707 ess'entiae
3117 661 3132 704 :
3180 641 3339 728 quia
3405 659 3610 705 causa
3639 642 3738 702 est
3768 653 3902 722 qua

2358 745 2576 833 posita
2632 747 2909 834 ponitur
2966 743 3176 826 aliud,
3240 754 3306 811 et
3376 767 3509 833 qua
3566 743 3900 809 destructa

2356 850 2749 918 destruitur.

2447 958 2511 1023 3.
2548 956 2739 1036 Item,
2790 960 2936 1030 lloc
2991 962 3318 1052 accipitur
3360 981 3443 1026 ex
3489 956 3752 1023 ratione
3782 975 3899 1043 ge-

2356 1067 2767 1135 nerationis:
2834 1073 3018 1162 quia-
3053 1072 3401 1161 generatio
3434 1067 3591 1135 dicit
3639 1065 3897 1132 {luxum

2354 1174 2987 1246 communicationis
3015 1186 3308 1245 naturae:
3366 1198 3525 1266 ergo
3555 1172 3900 1263 generatio

2356 1281 2513 1346 facit
2578 1279 2764 1349 illam
2822 1285 3536 1360 communicationem,
3580 1289 3656 1346 ut
3709 1277 3893 1346 vide·

2356 1397 2492 1457 tur.
3103 1375 3106 1378 Ι

2450 1496 2582 1564 San
2617 1521 2866 1570 cosrna
2894 1525 2910 1572 t

2451 1608 2509 1671 1.
2542 1604 2782 1674 Omnis
2811 1613 3102 1680 essentia
3129 1633 3285 1701 quae
3334 1609 3712 1678 secundum
3754 1627 3897 1673 esse

2356 1720 2458 1778 est
2487 1713 2553 1779 in
2585 1712 2929 1804 hypostasi
2963 1717 3254 1786 habente
3288 1720 3527 1809 ipsam,
3588 1716 3642 1782 si
3676 1713 3900 1805 hypo-

2355 1821 2552 1887 stasis
2584 1819 2725 1910 ipsa
2770 1822 3026 1894 habens
3065 1833 3167 1893 est
3215 1820 3895 1898 incommunicabilis,

2355 1927 2500 2015 ipsa
2557 1932 2847 1999 essentia
2877 1955 2997 2022 per
3044 1933 3222 2000 idem
3276 1955 3420 2001 esse
3471 1930 3654 2023 quod
3702 1936 3800 1997 est
3830 1928 3900 1994 in

2355 2034 2472 2102 illa
2531 2037 3190 2109 incommunicabilis
3229 2050 3354 2109 est.
3388 2039 3658 2108 Veritas
3696 2036 3897 2125 hujus

2352 2152 2536 2233 patet
2576 2145 2644 2210 in
2676 2146 2985 2240 singulis.
3042 2148 3178 2216 Sed
3218 2150 3508 2216 essentia
3538 2147 3764 2214 divina
3798 2153 3899 2211 est

2356 2251 2424 2317 in
2456 2249 2799 2341 hypostasi
2845 2256 3063 2324 Patris
3099 2278 3113 2322 ε
3164 2279 3327 2347 ergo
3368 2279 3487 2345 per
3534 2277 3680 2323 esse
3712 2251 3897 2344 quod

2353 2367 2455 2425 est
2486 2359 2552 2424 in
2586 2358 2806 2442 Patre,
2838 2371 3114 2455 propter
3161 2359 3897 2432 incommunicabilita-

2353 2474 2489 2534 tem
2520 2464 2902 2556 hypostasis
2935 2471 3155 2539 Patris
3183 2472 3471 2541 eflicitur
3515 2472 3901 2539 incommu-

2352 2573 2658 2641 nicabilis
2692 2597 2707 2643 :
2743 2600 2904 2668 ergo
2938 2578 3139 2646 Pater
3176 2587 3246 2647 et
3274 2578 3482 2646 Filius
3524 2601 3646 2669 per
3681 2599 3896 2667 gene-

2353 2684 2683 2749 rationem
2726 2707 2860 2753 non
2893 2686 3144 2755 habent
3174 2686 3354 2756 idem
3378 2710 3524 2755 esse
3553 2685 3890 2767 essentiae,

2350 2789 2463 2858 sed
2537 2791 2814 2861 rationis
2869 2795 3140 2863 solum:
3213 2795 3343 2864 hoc
3389 2803 3616 2864 autem
3648 2792 3890 2861 falsum

2350 2906 2510 2965 cst:
2581 2921 2742 2990 ergo
2798 2905 3145 2993 generatio
3208 2927 3346 2972 non
3437 2901 3895 2971 communicat

2349 3004 2741 3074 essentiam.

2438 3113 2503 3179 2.
2561 3108 2752 3189 ltem,
2816 3114 2888 3183 ln
2929 3118 3250 3185 omnibus
3305 3116 3455 3184 aliis
3493 3116 3690 3184 video
3732 3114 3884 3192 hoc,

2348 3218 2531 3309 quod
2608 3221 2659 3285 si
2699 3222 2923 3315 aliqua
2981 3250 3101 3317 per
3158 3225 3324 3294 nihil
3366 3250 3402 3292 a
3470 3250 3540 3294 se
3600 3226 3887 3292 invicem

2350 3325 2881 3416 distinguuntur,
2944 3333 3126 3425 quod
3196 3333 3525 3423 quidquid
3576 3331 3890 3399 convenit

2350 3434 2467 3498 uni
2534 3435 2899 3505 secundum
2944 3461 3115 3517 rem,
3166 3441 3486 3508 convenit
3525 3447 3589 3505 et
3642 3438 3830 3505 alteri
3869 3460 3884 3505 ε

2347 3538 2465 3606 sed
2497 3542 2782 3609 essentia
2812 3554 2878 3611 et
2907 3569 3197 3635 persona
3232 3569 3349 3636 per
3390 3544 3552 3613 nihil
3597 3568 3636 3612 a
3677 3569 3749 3612 se
3782 3546 3890 3611 in-

2348 3647 2566 3714 vicem
2596 3645 3150 3740 distinguuntur:
3185 3676 3348 3744 ergo
3408 3652 3737 3744 quidquid
3777 3675 3889 3718 es-

2345 3758 2583 3822 sentiae
2650 3763 2961 3831 convenit
3007 3762 3380 3831 secundum
3432 3784 3598 3839 rem,
3632 3783 3887 3828 conve-

2349 3864 2445 3930 nit
2493 3872 2559 3930 et
2607 3885 2928 3952 persona».
2976 3869 3208 3938 Prima
3257 3879 3438 3963 patet
3483 3892 3604 3960 per
3630 3868 3883 3936 dictum

2347 3968 2743 4061 Philosophi
2776 3974 3083 4055 «licentis,
3120 3978 3303 4067 quod
3345 3978 3519 4045 idem
3553 3985 3650 4044 est
3679 4000 3717 4043 a
3748 3997 3884 4065 quo

2347 4102 2483 4145 non
2535 4078 2755 4149 dill'ert
2835 4084 3238 4155 differentia.
3311 4086 3620 4154 Secunda
3707 4093 3885 4175 patet

2346 4208 2465 4276 per
2494 4184 2622 4253 hoc
2651 4191 2828 4276 quod
2864 4191 3224 4260 relationes
3272 4215 3408 4260 non
3459 4192 3886 4281 distinguunt

2344 4315 2703 4383 personam
2754 4297 2836 4363 al»
2882 4299 3196 4376 essentia,
3230 4308 3295 4366 et
3328 4298 3494 4367 nihil
3521 4298 3704 4366 aliud
3734 4298 3880 4366 dis-

2344 4401 2590 4489 tinguit
2623 4401 2687 4465 in
2717 4401 3006 4474 divinis:
3071 4429 3236 4498 ergo
3286 4406 3452 4474 nihil
3499 4407 3878 4497 distinguit.

2348 4504 2507 4572 lnde
2539 4510 2826 4596 procedo
2855 4516 2952 4581 sic
2986 4537 3002 4582 ε
3049 4513 3393 4606 Quidquid
3430 4514 3697 4583 realiter
3725 4538 3884 4583 cou-

2342 4614 2524 4680 venit
2565 4620 3247 4700 essentioe,convenil
3313 4646 3621 4715 personae
3689 4647 3704 4689 :
3766 4620 3884 4689 sed

2346 4722 2613 4791 realiter
2658 4731 2975 4799 convenit
3029 4732 3341 4799 essentiae
3394 4733 3883 4798 communicari

2342 4827 2649 4919 pluribus
2684 4854 2699 4898 ε
2743 4858 2904 4925 ergo
2946 4836 3111 4905 illud
3147 4838 3324 4906 idem
3364 4839 3679 4905 convenit
3727 4860 3885 4928 per-

2340 4960 2525 5005 sonae
2559 4959 2578 5007 ε
2612 4940 2728 5033 sed
2758 4941 2883 5013 hoc
2914 4944 3159 5013 falsum
3217 4954 3318 5013 est
3361 4966 3378 5015 t
3431 4968 3594 5035 ergo
3641 4946 3882 5013 salsum

2340 5053 2466 5122 est,
2509 5045 2690 5135 quod
2720 5053 3007 5119 essentia
3040 5054 3127 5119 sit
3157 5052 3768 5122 communicabilis·

2430 5154 2492 5221 3.
2553 5153 2856 5233 lten1,ln
2908 5163 3097 5229 omni
3146 5169 3388 5229 natura
3426 5162 3652 5241 video,
3700 5163 3880 5253 quod

2338 5257 2826 5331 determinatur
2853 5275 2917 5333 et
2950 5266 3414 5335 individuatur
3454 5291 3574 5358 per
3612 5270 3881 5337 incom-

2337 5369 2942 5443 municabilitatem
2972 5376 3187 5465 ipsius
3219 5377 3287 5443 in
3330 5398 3464 5466 quo
3497 5385 3599 5445 est
3654 5401 3669 5444 ε
3719 5401 3879 5468 ergo

2337 5474 2650 5543 similiter
2678 5482 2801 5547 erit
2825 5483 2893 5549 in
2925 5489 3166 5550 natura
3196 5483 3424 5550 divina
3461 5505 3476 5551 ε
3529 5483 3645 5551 sed
3697 5484 3880 5552 nulla

2337 5591 2578 5650 natura
2636 5585 3050 5657 individuata
3110 5591 3177 5657 in
3238 5613 3402 5674 un0,
3438 5614 3593 5658 cum
3655 5591 3768 5659 illo
3811 5594 3876 5660 iu

2336 5691 2471 5781 alio
2514 5690 2691 5760 idem
2729 5693 2932 5766 habet
2986 5721 3131 5767 esse
3187 5690 3466 5787 naturae,
3520 5700 3638 5768 sed
3696 5702 3875 5770 idem

3926 1533 4021 1579 Snd
4054 1537 4238 1580 eontra.
4325 1575 4330 1580 .
