4897 6388
1867 195 1963 262 lN
2012 194 2039 261 1
2090 191 2508 261 SENTENT.
2565 186 2787 293 ms‘r.
2838 181 3064 266 xxm,
3117 182 3195 266 c,
3245 181 3446 253 ΛΒΤ.
3489 185 3552 253 3.

1540 572 2044 642 ARTtCULUS
2104 572 2221 639 Ill.

1119 794 1364 859 Utrum
1409 792 1480 856 in
1530 790 1784 856 divinis
1835 791 1960 857 laeoc
2012 813 2280 875 nomen,
2335 790 2651 871 TrinitaS,

1199 898 1383 964 dicat
1415 895 1904 987 pluralitatem
1941 918 2414 988 personarum,
2462 906 2523 962 et
2566 897 2656 962 sit

1192 1027 1437 1072 nonaen
1469 1004 1782 1070 divinum
1811 1001 1853 1070 ?

1183 1321 1447 1389 Deinde
1499 1321 1826 1412 quaeritur
1880 1319 1964 1388 de
2024 1320 2153 1388 hoc
2215 1320 2398 1412 quod
2445 1322 2645 1391 dicit:

1096 1459 1130 1494 α
1170 1433 1509 1497 Praeterea
1540 1438 1637 1496 est
1659 1451 1874 1496 amem
1904 1451 2148 1496 nomen
2175 1430 2364 1521 quod
2384 1429 2468 1497 de
2494 1430 2652 1498 nul·

1099 1538 1168 1604 la
1194 1560 1493 1629 persona
1519 1536 1898 1628 siqillalim
1938 1536 2215 1621 dicitur,
2249 1546 2374 1606 etc.
2425 1567 2458 1599 »

1191 1649 1253 1716 1.
1312 1644 1597 1713 Videtur
1650 1643 1832 1712 enim
1887 1644 2130 1713 falsum
2188 1645 2370 1736 quod
2429 1645 2640 1715 dicit:

1098 1749 1426 1843 quiahoc
1466 1773 1749 1830 nomen,
1805 1752 2127 1830 Trinitas,
2183 1755 2374 1842 quasi
2431 1747 2648 1820 colle-

1096 1862 1350 1927 ctivam
1419 1857 1881 1948 pluralitatem
1955 1857 2264 1949 designat
2322 1876 2649 1948 persona·-

1093 1992 1244 2036 rum
1275 1992 1289 2036 :
1330 1967 1684 2037 collectiva
1715 1977 1944 2036 autem
1983 1965 2331 2059 pluralitas
2360 1975 2462 2034 est
2489 1969 2649 2035 sim-

1092 2074 1360 2164 pliciter
1390 2073 1609 2165 plura,
1643 2083 1712 2143 et
1766 2075 2139 2143 secundum
2194 2073 2354 2165 quid
2398 2093 2644 2158 unum,

1088 2181 1348 2250 scilicet
1401 2182 1778 2251 sec-undum
1864 2181 2152 2250 formam
2226 2181 2645 2250 collectionis

1078 2311 1238 2380 quae
1274 2290 1632 2357 minimam
1673 2288 1880 2358 habet
1919 2288 2246 2357 unitatem
2293 2310 2308 2355 :
2348 2288 2642 2356 Trinitas

1083 2406 1315 2466 autem
1355 2404 1459 2467 est
1497 2397 1726 2465 unitas
1778 2400 2088 2465 essentioe
2137 2395 2640 2486 simplicissima

1084 2513 1151 2573 et
1183 2507 1543 2574 verissima
1576 2525 1784 2596 :ergo
1822 2524 1963 2573 non
1995 2503 2156 2572 dicit
2181 2501 2635 2595 pluralitatem

1087 2632 1542 2701 personarum
1579 2609 2032 2680 collectivam.

1177 2724 1242 2790 2.
1289 2720 1657 2801 Praeterea,
1726 2719 2113 2789 Bernartius
2153 2721 2220 2788 in
2253 2719 2423 2787 libro
2458 2718 2517 2786 V
2557 2718 2640 2787 de

1084 2829 1626 2897 emesideratione
1652 2828 1738 2895 ad
1772 2827 2153 2920 Eugenium
2177 2847 2421 2918 papam
2450 2826 2633 2908 dicit,

1089 2937 1269 3029 quod
1324 2939 1501 3006 inter
1545 2959 1787 3006 omnes
1831 2939 2125 3004 unitates
2179 2959 2401 3003 arcem
2452 2944 2636 3004 tenet

1085 3049 1311 3117 unitas
1337 3047 1689 3115 Trinitatis
1735 3070 1751 3117 :
1793 3047 1910 3114 sed
1944 3047 2116 3115 inter
2134 3066 2372 3115 omnes
2403 3046 2634 3115 nnita-

1080 3167 1183 3225 tes
1246 3156 1526 3226 inferior
1579 3164 1682 3225 est
1711 3156 1937 3226 unitas
2000 3154 2404 3225 collectiva:
2464 3175 2628 3247 ergo

1070 3263 1368 3333 Trinitas
1416 3285 1557 3332 non
1595 3264 1755 3339 dicit
1794 3265 2128 3333 unitatem
2167 3261 2618 3332 collectivam.

1164 3375 1228 3441 3.
1265 3371 1464 3451 item,
1499 3372 1573 3439 Si
1611 3372 1771 3440 dicit
1809 3371 2265 3463 pluralitatem
2304 3392 2623 3464 persona·

1074 3504 1224 3548 rum
1257 3478 1385 3549 lioc
1417 3501 1697 3559 nomen,
1739 3480 2060 3558 Trinitas,
2094 3488 2209 3548 aut
2240 3501 2394 3548 cnm
2427 3479 2622 3549 ordi-

1070 3610 1180 3663 ne,
1226 3594 1343 3655 aut
1371 3587 1521 3656 sine
1551 3585 1813 3655 ordine.
1852 3586 1926 3653 Si
1954 3587 2101 3654 sine
2131 3587 2366 3654 ordine
2410 3610 2426 3656 2
2461 3596 2622 3657 tunc

1073 3695 1342 3763 videtur
1369 3719 1517 3764 esse
1547 3694 1856 3763 conlusio
1876 3716 2322 3787 personarum
2358 3718 2374 3764 τ
2406 3694 2624 3787 pluri-

1074 3802 1198 3869 bus
1227 3804 1412 3870 enim
1441 3802 1743 3870 collectis
1797 3804 1947 3870 sine
1992 3801 2231 3870 ordine
2273 3801 2357 3870 ad
2404 3824 2618 3873 unum

1069 3920 1439 3999 generatur
1466 3912 1802 3992 conlusio,
1833 3919 1902 3979 et
1956 3932 2093 3979 non
2145 3913 2333 3981 unio.
2379 3912 2450 3979 Si
2492 3934 2622 3981 au-

1069 4030 1205 4087 tem
1238 4022 1399 4090 dicit
1429 4044 1586 4090 cum
1615 4020 1850 4088 ordine
1886 4042 1902 4089 τ
1950 4027 2108 4088 tunc
2156 4022 2279 4088 erit
2318 4023 2506 4113 prius
2553 4030 2620 4090 et

1068 4130 1410 4218 posterius
1479 4130 1545 4195 in
1615 4128 1947 4196 ordinatis
1981 4150 1999 4197 ε
2041 4133 2106 4195 et
2164 4128 2254 4195 ita
2320 4129 2612 4209 videtur,

1065 4236 1248 4327 quod
1282 4236 1471 4304 nullo
1512 4235 1720 4304 modo
1760 4236 1920 4305 dicit
1948 4234 2417 4305 collectionem
2458 4236 2618 4329 plu-

1067 4348 1269 4414 rium.

1152 4459 1214 4527 4.
1263 4457 1463 4538 ltem,
1524 4457 1695 4525 Cum
1773 4457 2019 4525 dicitur
2078 4457 2367 4527 Trinitas
2407 4459 2612 4527 trium

1060 4566 1307 4642 unitas,
1341 4563 1613 4632 videtur
1641 4564 1866 4631 unitas
1889 4566 2231 4632 numerari
2265 4565 2607 4635 intribus:

1055 4671 1172 4739 sed
1206 4673 1432 4740 unitas
1471 4682 1580 4739 ant
1636 4678 1736 4738 est
1785 4672 2101 4747 essentia,
2158 4680 2274 4740 aut
2332 4696 2493 4741 non.
2536 4675 2609 4742 Si

1055 4804 1193 4848 non
1240 4800 1257 4849 ε
1302 4803 1467 4868 ergo
1507 4789 1607 4848 est
1653 4779 1881 4870 aliqua
1922 4780 2146 4848 unitas
2185 4781 2253 4848 in
2285 4801 2416 4872 qna
2447 4804 2609 4851 con·

1054 4890 1334 4956 veniunt
1365 4896 1608 4979 praeter
1627 4888 2013 4955 essentiam.
2052 4889 2120 4954 Si
2147 4899 2244 4957 est
2268 4891 2558 4958 essentia
2585 4915 2602 4959 :

1052 5006 1213 5065 tunc
1230 4998 1523 5063 essentia
1547 5005 1901 5064 numerata
1929 5004 2030 5063 est
2063 4998 2128 5063 in
2163 4998 2398 5076 tribuS,
2421 5000 2604 5089 quod

1055 5104 1298 5172 falsum
1341 5114 1465 5173 est.

4184 175 4312 246 571

2765 378 2928 445 ergo
2960 355 3161 424 debet
3198 356 3544 446 sigillatim
3577 355 3657 421 de
3698 351 4002 442 personis
4059 337 4318 439 praedi-

2762 464 2902 529 cari
2945 483 2961 530 t
3008 470 3075 529 et
3111 461 3241 530 hoc
3299 461 3543 528 falsum
3573 469 3674 528 est
3715 482 3731 529 z
3770 458 3928 548 quia
3981 456 4131 524 haec
4171 473 4315 522 non

2764 578 2866 638 est
2894 589 3079 653 vera,
3129 570 3328 638 Pater
3367 576 3467 638 est
3493 569 3806 635 Trinitas.
3847 565 3922 634 Si
3952 572 4181 632 autem
4211 569 4317 629 est

2764 676 2848 744 ad
2877 676 3061 744 aliud
3098 699 3113 745 ε
3149 684 3310 745 tunc
3338 676 3578 767 quaerit
3616 673 4049 743 determinari
4090 677 4309 751 extra,

2762 785 2946 876 quod
2977 788 3181 855 etiam
3211 808 3351 853 non
3400 786 3718 852 convenit
3765 783 3825 851 ei
3861 804 3876 850 t
3912 802 4073 871 ergo
4124 777 4315 844 vide-

2762 902 2892 975 tur,
2938 894 3121 984 quod
3159 909 3295 961 non
3338 895 3425 961 sit
3452 912 3703 960 nomen
3734 891 4068 958 divinum.

2850 1004 2912 1072 6.
2945 1002 3305 1078 Proeterea‚
3341 1000 3630 1068 Videtur
3655 998 3945 1067 Trinitas
3966 1012 4314 1088 repugna-

2761 1134 2828 1180 re
2858 1113 3274 1203 simplicitati
3294 1111 3562 1180 divinoe.
3600 1110 3776 1178 Dicit
3796 1110 3978 1177 enim
4001 1107 4308 1182 BoetiuS,

2758 1220 2944 1310 quod
2974 1221 3251 1288 unitatis
3292 1218 3592 1309 ejusdem
3633 1218 3704 1284 in
3744 1240 3813 1285 re
3854 1216 4117 1284 iteratio
4168 1229 4312 1279 non

2757 1327 2957 1395 infert
2985 1343 3347 1394 numerum
3384 1348 3399 1392 ε
3437 1333 3510 1393 ut
3538 1344 3693 1393 cum
3733 1323 4003 1404 dicitur,
4034 1318 4303 1388 Tullius

2755 1443 2857 1503 est
2894 1451 3097 1518 unus,
3164 1434 3432 1502 Marcus
3500 1441 3598 1501 est
3651 1451 3850 1515 unus,
3912 1430 4148 1499 Cicero
4206 1433 4311 1495 est

2754 1559 2955 1624 unus,
2984 1565 3125 1611 non
3176 1558 3456 1633 possum
3500 1537 3740 1609 inferre
3774 1564 3789 1608 :
3835 1557 3995 1631 ergo
4036 1537 4310 1605 Marcus

2750 1650 3012 1718 Tullius
3045 1649 3279 1720 Cicero
3318 1658 3475 1718 sunt
3531 1658 3664 1717 tres
3698 1666 3714 1717 t
3760 1669 3922 1739 crgo
3961 1669 3999 1714 a
4031 1645 4310 1714 destru—

2752 1760 2977 1826 ctione
3008 1759 3511 1848 consequentis,
3561 1755 3677 1823 ubi
3727 1756 4006 1823 infertur
4055 1769 4307 1820 nume·

2755 1880 2892 1944 rus,
2946 1863 3040 1931 ibi
3083 1871 3186 1932 ost
3240 1863 3593 1931 diversitas
3639 1888 3653 1930 ε
3707 1861 3825 1930 sed
3864 1861 3934 1927 in
3972 1857 4305 1925 Trinitate

2752 1972 3173 2064 significatur
3223 1994 3545 2039 numerus
3606 1995 3622 2040 τ
3676 1990 3837 2062 ergo
3890 1966 4301 2037 diversitas:

2750 2079 2868 2148 sed
2906 2081 2974 2147 in
3006 2098 3146 2148 uno
3186 2085 3255 2148 et
3272 2078 3515 2148 eodem
3539 2076 4039 2170 simplicissimo
4069 2070 4305 2142 nullus

2751 2198 2852 2259 est
2881 2206 3207 2259 numerus
3242 2211 3257 2256 ε
3289 2211 3457 2280 ergo
3489 2208 3641 2256 cum
3674 2189 3859 2256 Deus
3898 2187 3985 2253 sit
4014 2180 4302 2252 omnino

2751 2297 3066 2389 simplex,
3101 2315 3240 2365 non
3268 2295 3471 2366 debet
3517 2295 3877 2388 significari
3909 2293 4041 2362 hoc
4069 2289 4306 2360 nomi-

2751 2425 2862 2486 ne,
2918 2407 3241 2488 Trinitas,
3301 2405 3487 2496 quod
3544 2405 3865 2495 importat
3900 2419 4298 2470 numerum.

2836 2513 2902 2580 7.
2938 2511 3138 2591 Item,
3171 2511 3357 2580 Nihil
3392 2510 3646 2580 habens
3675 2507 3929 2601 aliquid
3973 2504 4306 2596 intelligi-

2746 2617 2880 2688 bile
2910 2627 3065 2688 ante
3119 2640 3192 2688 se
3222 2629 3324 2689 est
3377 2619 3663 2711 simplex
3711 2618 4021 2701 omnino,
4069 2613 4179 2683 vel
4211 2610 4300 2681 ad

2746 2729 2973 2796 minus
3010 2728 3237 2818 ipsum
3287 2750 3425 2796 non
3482 2734 3584 2796 est
3646 2725 4229 2817 simplicissimum
4274 2742 4292 2789 ε
4364 2769 4375 2778 ·

2743 2833 2875 2903 hoc
2911 2853 3193 2915 nomen,
3234 2835 3552 2911 Trinitas,
3587 2833 3779 2925 ponit
3807 2840 3962 2900 ante
3992 2852 4064 2900 se
4096 2838 4164 2899 et
4194 2830 4299 2897 in·

2744 2939 3087 3010 tellectum
3119 2962 3424 3033 personae
3462 2948 3858 3021 numeratas,
3902 2947 3969 3008 et
4004 2936 4294 3006 unitatis

2739 3049 3049 3117 essentioe
3082 3067 3101 3116 t
3134 3069 3298 3140 ergo
3314 3048 3605 3116 Trinitas
3636 3069 3771 3116 non
3798 3056 3897 3115 est
3927 3044 4291 3137 simplicis-

2733 3156 2987 3224 simum
3032 3176 3247 3248 :ergo
3285 3176 3425 3225 non
3472 3164 3574 3225 est
3629 3177 3877 3224 nomen
3939 3153 4279 3230 divinum,

2731 3273 2806 3334 ut
2841 3265 3138 3336 videtur.

2817 3478 3127 3547 Somno.
3223 3477 3596 3547 Dicendum
3671 3500 3827 3546 cum
3908 3476 4265 3569 Magistro,
4299 3491 4558 3595 “831th
4579 3547 4624 3594 a·

2727 3586 2909 3678 quod
2947 3586 3241 3655 Trinitas
3267 3586 3425 3655 dicit
3464 3584 3651 3676 quasi
3683 3584 4030 3653 collective
4059 3579 4270 3652 simul

2726 3716 2967 3763 omnes
3021 3715 3347 3786 personas
3378 3714 3394 3762 ε
3456 3715 3591 3762 non
3624 3698 3846 3761 autem
3905 3691 4066 3759 dicit
4120 3686 4273 3759 col·

2725 3804 3116 3885 lectionem,
3141 3804 3259 3873 sed
3288 3806 3481 3895 quasi
3499 3803 3963 3872 collectionem
3992 3824 4008 3871 ε
4041 3801 4272 3869 ditl'ert

2724 3916 2908 3982 enim
2955 3914 3022 3982 in
3054 3912 3322 3981 duobus
3361 3935 3400 3979 a
3429 3912 3646 3979 forma
3674 3910 4001 3980 collectivi
4037 3908 4272 3978 nomi-

2725 4023 2853 4100 nis,
2887 4042 3183 4113 quorum
3222 4041 3436 4089 unum
3467 4029 3590 4102 est,
3614 4019 3796 4111 quod
3822 4020 3969 4087 unit
4008 4021 4074 4086 in
4106 4016 4273 4085 sim·

2720 4128 2988 4220 pliciter
3024 4147 3162 4196 uno
3192 4134 3256 4197 et
3284 4126 3782 4219 simplicissimo
3822 4148 3899 4195 ea
3930 4145 4081 4218 quie
4120 4123 4273 4192 col-

2723 4235 2896 4328 ligit,
2937 4237 3098 4327 quia
3128 4237 3197 4304 in
3227 4234 3486 4303 unitate
3515 4236 3821 4302 essentiae
3849 4233 4270 4324 simplicissi-

2721 4367 2874 4425 mae,
2900 4369 2940 4414 a
2970 4346 3165 4434 cujus
3204 4346 3459 4413 unitate
3502 4353 3727 4412 tamen
3790 4366 3924 4412 non
3967 4343 4268 4433 imponi·

2719 4462 2832 4521 tur
2883 4473 3186 4524 nomen:
3247 4453 3367 4522 sed
3414 4452 3840 4522 collectivum
3904 4471 4044 4521 non
4103 4448 4269 4519 dicit

2720 4562 3041 4630 unionem
3075 4562 3201 4629 nisi
3238 4561 3304 4629 in
3362 4560 3578 4629 forma
3626 4559 4066 4639 collectionis,
4110 4579 4266 4650 quae

2717 4669 3092 4739 secundum
3123 4669 3287 4761 quid
3336 4669 3533 4737 habet
3583 4671 3937 4751 unitatem,
3986 4676 4052 4737 et
4091 4668 4269 4734 sim-

2720 4776 2984 4869 pliciter
3010 4777 3490 4869 pluralitatem.
3523 4777 3673 4845 Alia
3702 4777 4078 4845 differentia
4107 4782 4211 4844 est
4242 4797 4258 4842 ε

2722 4888 2882 4977 quia
2909 4908 2990 4955 ea
3018 4908 3172 4979 qum
3203 4886 3555 4976 colligunt,
3588 4885 3836 4954 liabent
3864 4884 4268 4977 simpliciter

2718 4996 3224 5065 multitudinem
3263 4998 3407 5063 sine
3457 4996 3713 5078 ordine,
3747 4999 3914 5065 sicut
3945 5017 4257 5073 acervuS,

2711 5105 2820 5172 vel
2860 5102 3179 5196 populus,
3222 5103 3328 5171 vel
3370 5103 3586 5172 turba.
3632 5103 3829 5184 Quod
3858 5112 4084 5173 autem
4117 5125 4261 5171 non

1139 5216 1204 5280 3.
1255 5212 1450 5292 Item,
1499 5210 1641 5280 lloc
1674 5235 1951 5293 nomen,
2001 5214 2317 5296 Trinitas,
2361 5222 2603 5284 autest
2711 5209 3008 5279 habeant
3037 5207 3984 5301 simplicitermultitudinem,
4015 5208 4263 5301 proba-

1050 5319 1471 5398 absolutum,
1495 5329 1612 5388 aut
1645 5318 2027 5388 relativum.
2065 5322 2135 5388 Si
2164 5319 2592 5391 absolutum:

1122 5552 1139 5586 ¹
1167 5550 1252 5604 Cf.
1280 5550 1491 5620 Supra,
1525 5548 1668 5605 Dist.
1693 5548 1829 5606 XIX.

2711 5327 2855 5387 tum
2890 5327 2992 5388 est
3021 5341 3225 5409 supra
3257 5319 3300 5386 ¹.
3336 5317 3531 5398 Quod
3561 5342 3722 5387 vero
3769 5341 3902 5386 non
3934 5321 4069 5387 sint
4102 5340 4261 5385 om-
