4897 6388
546 375 709 471 268³
1561 397 1645 466 D
1697 396 1896 464 ALB.
1949 375 2169 466 MAG.
2173 359 2429 519 ono.
2480 391 2778 462 PRAED

546 573 727 653 θεῖ’.
764 563 1038 686 Super
1058 571 1310 682 illurn
1331 561 1589 646 loeum
1621 558 1852 672 etiam
1893 532 2244 692 Psalmi
2264 530 2459 666 Eyo
2489 564 2712 642 hodie
2747 565 2987 665 qenai
3019 569 3090 640 te
3116 590 3165 637 ι.
3196 562 3308 640 De
3347 565 3493 638 hac
3524 525 3765 661 gene-

544 689 842 790 ratione
875 691 1056 788 Filii
1087 708 1196 783 ita
1222 663 1570 805 loquitur
1608 704 2145 804 Augustinus:
2183 689 2662 801 Quamquam
2696 725 2834 801 per
2863 704 3009 777 hoe
3049 699 3253 799 quod
3296 698 3479 774 dicit
3505 696 3758 792 hodie,

543 849 788 949 possit
825 847 1069 926 etiam
1109 842 1440 940 intelligi
1479 842 1645 917 dies
1677 842 1835 916 ille
1832 865 2001 940 quo
2042 840 2404 916 Christus
2428 838 2855 915 secundum
2900 835 3291 912 hominem
3323 843 3550 909 natus
3582 843 3756 909 est.

546 993 805 1060 tamen
849 980 1041 1081 quia
1078 975 1313 1054 hodie
1345 977 1842 1100 praesentiam
1871 959 2295 1074 significat,
2303 959 2559 1102 atque
2591 974 2668 1047 in
2701 971 3124 1049 aeternitate
3165 993 3416 1069 neque
3457 977 3771 1069 proeterf

548 1116 739 1238 itum
774 1106 1216 1216 quidquam
1256 1120 1398 1236 est,
1468 1108 1693 1230 quasi
1731 1133 1901 1226 esse
1941 1095 2312 1220 desierit:
2358 1093 2649 1207 neque
2690 1107 3057 1197 futui-,um
3130 1103 3348 1202 quasi
3418 1102 3765 1178 nondum

546 1252 704 1330 sit:
737 1252 873 1330 sed
912 1272 1273 1351 praesens
1314 1257 1647 1340 tantum,
1694 1246 1881 1344 quia
1923 1213 2297 1343 quidquid
2340 1253 2720 1356 aeternum
2751 1252 2889 1334 est,
2932 1263 3238 1338 semper
3274 1248 3449 1315 est:
3495 1237 3648 1311 du
3631 1261 3769 1312 1n1·

544 1401 672 1466 tus
710 1399 976 1468 tamen
1011 1383 1400 1483 accipitur
1451 1382 1546 1458 de
1587 1380 2061 1480 sempiterna
2084 1353 2582 1478 generatione
2620 1376 3025 1477 sapientise
3091 1367 3305 1450 Dei³.
3374 1375 3569 1449 Eece
3647 1371 3766 1446 his

546 1523 806 1604 verbis
847 1503 1197 1600 ostendit
1221 1518 1711 1617 Augustinus
1751 1517 1960 1614 quo‘d
1999 1538 2239 1617 gene1
2242 1515 2393 1592 atio
2420 1515 2594 1590 Filii
2633 1535 2938 1613 semper
2976 1519 3117 1606 est,
3158 1531 3300 1586 nee
3364 1507 3762 1608 praeteriit,

552 1687 695 1745 nee
724 1661 989 1741 futura
1018 1661 1166 1757 est,
1213 1654 1401 1755 quia
1430 1641 1727 1752 aeterna
1749 1641 1904 1730 est.
1951 1649 2130 1729 Ideo
2170 1654 2359 1729 dixit
2392 1653 2652 1752 qenai,
2690 1676 2784 1728 ne
2827 1675 2978 1728 nov
2986 1674 3117 1726 um
3148 1657 3576 1749 putaretur,
3633 1645 3771 1721 sci-

551 1801 860 1879 licetne
899 1798 1308 1876 videretur
1346 1793 1757 1892 incepisse.
1800 1772 2059 1868 Hodie
2088 1791 2303 1886 dixit,
2347 1815 2446 1868 ne
2477 1791 2865 1891 praeterita
2903 1788 3297 1888 generatio
3346 1787 3762 1862 videretur.

552 1939 665 2016 Ex
692 1938 816 2015 his
854 1959 1047 2036 ergo
1077 1932 1342 2010 verbis
1375 1931 1816 2029 Prophetae,
1854 1936 1938 2003 ut
1964 1927 2072 2002 ait
2096 1926 2437 2003 Joannes
2467 1928 2669 2027 Chry
2672 1936 3085 2020 sostomuS,
3129 1923 3324 1999 nihil
3355 1922 3564 1997 aliud
3607 1944 3770 1995 ma-

554 2064 1182 2182 nifestaturj'nqis'i
1224 2066 1411 2167 quia
1443 2089 1536 2143 ex
1575 2066 1746 2165 ipsa
1783 2063 2121 2141 essentia
2146 2063 2399 2166 Patris
2427 2087 2732 2163 semper
2758 2062 3069 2161 genitus
3098 2069 3213 2135 est
3251 2058 3518 2133 Filius.

1058 2752 1303 2801 mvtsto
1365 2748 1635 2796 ‘mxi-us.
2593 2711 3095 2782 ARTICULUS
3162 2711 3418 2780 xvnl.

2238 2933 2346 2999 An
2419 2930 2767 3019 qeneratio
2825 2927 3001 2996 Filii
3027 2951 3070 2994 a
3142 2929 3354 2995 Patre
3386 2926 3480 2992 sit
3544 2924 3774 3014 finita,

660 2981 696 3021 ι
721 2954 854 3023 Hic
882 2949 1114 3044 queri
1134 2954 1386 3039 potest,
1423 2943 1600 3013 Cum
1636 2936 1988 3030 qens-ratio
2006 2933 2075 3002 F
2070 2933 2137 3000 ί-

2761 3035 2871 3103 vel
2916 3034 3190 3123 infinita
3216 3031 3257 3100 ?

566 3063 652 3130 lia·
684 3086 728 3129 α
756 3063 1000 3140 Patre,
1030 3062 1163 3125 ete.
1191 3078 1227 3116 n

650 3168 781 3238 llio
816 3164 1062 3261 incipit
1109 3157 1411 3231 secunda
1463 3176 1622 3249 pars
1678 3118 2131 3223 distinotionis

566 3241 772 3358 illius,
805 3276 878 3343 in
915 3294 1059 3366 qna
1090 3269 1294 3338 docet
1320 3266 1651 3357 Magister
1677 3259 1928 3354 quibus
1980 3276 2133 3325 ver-

564 3384 666 3453 bis
736 3380 1076 3453 utendum
1126 3383 1230 3445 est
1296 3375 1366 3442 in
1432 3372 1806 3441 aeternitate
1879 3364 2127 3433 divinae

562 3489 1026 3585 generationis
1054 3479 1532 3577 exprimenda.

648 3601 737 3671 Et
786 3595 1124 3669 dividitur
1198 3592 1271 3659 in
1335 3596 1566 3682 partes
1631 3592 1985 3678 quatuor.
2057 3580 2126 3649 in

562 3730 850 3802 quarum
878 3706 1112 3801 prima
1147 3699 1426 3793 probat,
1460 3694 1646 3790 quod
1718 3690 2127 3764 convenien-

561 3818 695 3887 tius
723 3813 1144 3916 exprimitur
1171 3805 1412 3877 verbis
1467 3802 1788 3897 praeteriti
1853 3807 1921 3868 et
1948 3820 2126 3892 prae·

560 3926 769 3995 sentis
805 3917 1146 4013 temporis
1174 3909 1383 3985 simul
1412 3910 1729 4003 acceptis.
1770 3906 1851 3976 ln
1889 3927 2127 3975 seeun-

558 4032 671 4118 da,
703 4028 938 4124 objicit
961 4033 1210 4099 contra
1230 4020 1365 4093 hoc
1386 4043 1507 4116 per
1535 4018 1747 4090 verba
1776 4013 2121 4109 origenis,

562 4141 682 4222 ibi,
712 4138 864 4226 L,‹
909 4136 1245 4227 Oriqenes
1317 4152 1472 4200 vero
1500 4149 1710 4221 super
1751 4123 2126 4197 Jeremiam

563 4249 754 4330 dicit,
776 4255 908 4318 ete.
944 4274 983 4311 n
1018 4242 1101 4312 ln
1123 4240 1347 4321 tertia,
1388 4237 1619 4316 solsit,
1642 4233 1763 4318 ibi,
1799 4231 1893 4313 M,
1927 4227 2129 4301 «Sed

559 4357 853 4428 uetanti
877 4358 1242 4431 Auctore-5,
1279 4372 1314 4413 ι
1358 4345 1436 4415 In
1481 4352 1747 4436 quarta,
1797 4363 1882 4409 ex
1930 4336 2125 4407 solu-

564 4468 747 4535 tione
776 4461 989 4545 elieit,
1022 4454 1322 4551 qualiter
1350 4462 1417 4523 et
1447 4451 1695 4545 quibus
1752 4445 1979 4517 verbis
2041 4443 2122 4513 de

562 4573 1004 4664 generatione
1055 4566 1294 4636 divina
1347 4557 1772 4652 loquendum
1825 4563 1952 4632 est,
2001 4552 2119 4630 ibi,

565 4685 647 4762 Ο,
683 4707 718 4750 ι
760 4682 1103 4752 Dicamus
1149 4696 1313 4766 erqo
1345 4671 1639 4746 Filium,
1695 4674 1824 4737 etc.
1862 4693 1895 4729 ιο

635 5695 652 5729 ¹
686 5688 891 5747 matth.
924 5704 983 5757 v,
1012 5686 1111 5742 48.

634 5784 657 5820 ⁸
685 5780 840 5841 psal.
872 5796 943 5849 n,
972 5781 1034 5835 7.

2328 3349 2568 3420 Incidit
2626 3360 2851 3419 autem
2928 3347 3037 3418 hic
3109 3347 3397 3440 quaestio
3458 3346 3529 3413 in
3585 3348 3779 3437 prin-

2235 3460 2439 3551 cipio,
2476 3457 2714 3528 Utrum
2755 3458 3105 3549 generatio
3146 3454 3296 3524 Filii
3335 3476 3374 3523 a
3428 3454 3629 3523 Patre
3692 3455 3780 3521 sit

2235 3569 2453 3650 finita,
2484 3565 2592 3635 vel
2628 3565 2894 3635 infinita
2928 3568 2962 3633 ’ἒ

2331 3681 2391 3748 ¹.
2436 3676 2724 3747 Videtur
2752 3683 3007 3759 autem,
3052 3672 3234 3767 quod
3272 3672 3535 3742 infinita
3567 3693 3585 3741 ε
3620 3671 3780 3762 quia

2236 3789 2306 3857 in
2334 3785 2707 3858 aeternitate
2748 3780 2915 3853 nihil
2954 3780 3152 3851 aliter
3177 3805 3249 3850 se
3300 3778 3506 3850 habet
3539 3803 3557 3847 :
3611 3802 3775 3872 ergo

2233 3898 2290 3966 si
2340 3893 2543 3964 Pater
2569 3893 2828 3986 genuit,
2871 3911 3111 3961 verum
3160 3898 3261 3959 est
3305 3887 3489 3982 quod
3554 3883 3777 3955 adhuc

2232 4013 2597 4098 generatur
2636 4025 2652 4072 ε
2697 4001 3044 4094 generatio
3086 4006 3311 4067 autem
3374 4017 3529 4088 quae
3596 4018 3780 4064 sem-

2232 4138 2354 4206 per
2379 4120 2484 4183 est
2533 4113 2602 4180 in
2649 4118 2802 4180 actu
2858 4105 3338 4200 generationis,
3400 4124 3777 4196 numquam

2236 4223 2512 4292 linitur:
2563 4242 2725 4310 ergo
2783 4216 3075 4298 videtur,
3145 4213 3329 4306 quod
3429 4210 3776 4303 generatio

2233 4325 2383 4397 Filii
2424 4351 2465 4396 a
2496 4326 2693 4395 Patre
2724 4324 2990 4392 inlinita
3038 4320 3148 4390 sit.

2322 4438 2386 4506 2.
2429 4434 2627 4519 Item,
2661 4430 3002 4524 Quidquid
3036 4437 3133 4500 est
3165 4430 3231 4497 in
3263 4428 3436 4515 Deo,
3469 4449 3607 4496 non
3635 4424 3781 4494 lini·

2230 4554 2344 4614 tur
2381 4544 2764 4626 duratione,
2819 4540 2926 4609 vel
2980 4539 3155 4615 loeo,
3204 4537 3312 4605 vel
3370 4534 3709 4605 intellectu
3756 4559 3773 4605 ε

2232 4653 2581 4746 generatio
2612 4650 2844 4719 divina
2871 4656 2976 4719 est
3005 4648 3070 4716 in
3108 4646 3257 4715 Deo
3293 4668 3310 4713 ε
3356 4667 3520 4737 ergo
3586 4643 3775 4713 nullo

2234 4761 2483 4831 horum
2512 4759 2744 4829 finitur
2776 4779 2791 4826 ε
2826 4780 2988 4848 ergo
3026 4755 3319 4836 videtur,
3351 4752 3531 4842 quod
3593 4774 3777 4820 sem-

2235 4897 2357 4966 per
2392 4879 2775 4963 generatur.

2327 4976 2462 5049 San
2490 5002 2740 5049 comm
2776 5000 2792 5046 :

2332 5092 2392 5159 l.
2443 5086 2788 5180 Quidquid
2844 5105 3116 5176 semper
3164 5090 3264 5151 est
3319 5081 3388 5148 in
3436 5080 3768 5172 generari,

2240 5219 2614 5289 numquam
2647 5203 2748 5264 est
2784 5194 2854 5261 in
2892 5192 3201 5284 genitum
3267 5210 3411 5257 esse
3447 5209 3465 5255 ε
3524 5210 3688 5277 ergo
3717 5186 3772 5254 si

2242 5305 2293 5372 F
2297 5306 2450 5372 ilius
2489 5324 2756 5393 semper
2784 5309 2885 5368 est
2922 5301 2990 5367 in
3031 5296 3364 5387 generari,
3397 5315 3773 5385 numquam

2240 5419 2344 5481 est
2399 5412 2468 5478 in
2522 5409 2826 5500 genitum
2874 5426 3046 5483 esse,
3107 5401 3290 5494 quod
3345 5398 3589 5468 salsum
3647 5408 3770 5476 est,

2246 5627 2250 5630 .
2310 5658 2334 5697 ⁸
2360 5660 2416 5716 S.
2450 5662 2828 5728 Auousrmus,
2860 5656 2926 5712 ln
2957 5671 3162 5729 expos.
3197 5669 3329 5727 sup.
3386 5652 3542 5709 Psal.
3573 5666 3635 5710 n.

3803 5009 3893 5057 8οά
3934 5016 4117 5058 eontra.
