4897 6388
1092 300 1127 319 Δ*

1834 339 1929 406 IN
1977 339 2005 405 Ι
2056 337 2480 412 SENTENT.
2532 331 2760 400 DIST.
2814 330 2932 408 lv,
2986 332 3066 408 B,
3121 331 3323 401 ART.
3379 333 3444 401 Ἰ.
3487 334 3497 344 “

1033 529 1245 579 vera:
1290 518 1357 578 et
1383 510 1524 579 haec
1554 519 1652 578 est
1681 510 1963 578 intentio
2012 509 2367 578 solutionis
2431 506 2570 575 Ma-

1029 614 1248 704 gistri.

2683 505 3013 572 Trinitate
3047 526 3063 574 ε
3101 505 3418 596 Seipsum
3452 506 3706 586 dicenS,
3756 507 3960 574 Pater
4013 505 4250 596 genuit

2678 611 2924 679 Filium
2972 636 2988 680 :
3023 635 3163 680 non
3195 614 3376 679 enim
3413 616 3714 703 seipsum
3774 616 4033 706 integre
4089 636 4248 704 per-

1117 719 1421 788 Fuerunt
1448 727 1677 788 tamen
1721 722 1995 811 quidam
2046 724 2304 812 antiqui
2373 722 2568 789 aliter
2677 721 2980 810 fecteque
3020 720 3324 799 dixisset,
3370 722 3488 788 sed
3519 731 3636 788 aut
3673 721 3824 812 plus
3863 730 3980 789 aut
4018 724 4245 790 minus

1029 823 1351 906 dicenteS‚
1385 847 1465 893 eo
1499 826 1681 916 quod
1713 828 1837 918 ipsi
1868 828 2181 896 dixerunt
2253 827 2436 917 quod
2492 827 2562 892 in

1018 932 1445 1000 affirmativis
1486 955 1737 1003 nomen
1768 935 2145 1015 articulare,
2181 937 2327 1026 qui,
2371 934 2564 1001 aliter

1020 1037 1227 1106 habet
1256 1039 1503 1110 referre
1545 1043 1947 1112 antecedens
1985 1066 2190 1134 quam
2235 1045 2301 1110 in
2359 1066 2564 1134 nega-

1018 1144 1198 1213 tivis.
1235 1146 1312 1214 In
1340 1148 1763 1218 affirmativis
1793 1152 1974 1218 enim
1998 1150 2335 1234 dixerunt,
2371 1152 2553 1242 quod

1013 1254 1216 1323 refert
1243 1258 1462 1348 gratia
1495 1281 1823 1348 personae,
1851 1259 2023 1328 sicut
2065 1261 2322 1328 invenit
2361 1282 2560 1351 prop-

1008 1369 1114 1430 ter
1166 1373 1392 1432 actum
1460 1366 1878 1435 notionalem
1920 1369 2026 1436 cui
2093 1370 2551 1459 conjungitur,

1009 1472 1182 1539 sicut
1221 1474 1504 1542 materia
1544 1485 1732 1544 actus
1763 1500 1966 1567 super
1999 1501 2203 1569 quam
2269 1487 2369 1545 est
2413 1500 2426 1544 :
2491 1488 2556 1546 et

1008 1577 1161 1647 ideo
1193 1579 1541 1667 dixerunt,
1577 1583 1761 1675 quod
1791 1583 1934 1653 haec
1984 1593 2085 1653 est
2141 1584 2327 1668 falsa,
2373 1586 2555 1653 Deus

1009 1690 1246 1779 genuit
1285 1690 1506 1759 Deum
1537 1696 1651 1785 qui
1690 1701 1791 1762 est
1818 1693 2001 1762 Deus
2027 1695 2251 1763 Pater.
2288 1695 2361 1762 ln
2429 1719 2555 1765 ne-

1004 1798 1255 1885 gativis
1291 1808 1517 1868 autem
1559 1801 1628 1892 ty
1699 1804 1823 1893 qui
1884 1826 2023 1871 non
2088 1803 2368 1872 refertur
2426 1805 2548 1883 sic,

1002 1903 1123 1972 sed
1148 1907 1369 1993 gratia
1397 1910 1755 1999 suppositi,
1788 1918 1856 1978 et
1908 1912 2125 2001 gratia
2180 1914 2488 1980 essentiae
2531 1937 2546 1981 ε

1000 2020 1069 2079 et
1109 2011 1260 2081 ideo
1300 2016 1502 2083 etiam
1534 2016 1734 2085 istam
1767 2016 2081 2087 dixerunt
2108 2042 2252 2088 esse
2283 2019 2548 2100 falsam,

1001 2121 1238 2209 genuit
1275 2121 1493 2189 Deum
1554 2125 1668 2213 qui
1710 2147 1845 2192 non
1885 2133 1985 2193 est
2040 2125 2220 2206 Deus
2287 2127 2489 2195 Pater
2531 2151 2548 2196 :

1000 2235 1067 2296 et
1091 2228 1220 2299 hoc
1254 2233 1587 2325 contingit
1625 2257 1763 2303 non
1812 2244 1949 2303 tam
2007 2259 2090 2305 ex
2142 2237 2207 2304 vi
2252 2240 2550 2305 nominis

997 2357 1204 2426 quam
1235 2338 1438 2408 aliam
1470 2340 1671 2409 habet
1703 2343 1769 2410 iu
1800 2343 2219 2412 affirmativis
2250 2354 2317 2413 et
2346 2369 2548 2437 nega·

994 2445 1178 2525 tivis,
1215 2468 1420 2536 quam
1457 2451 1661 2516 etiam
1692 2473 1774 2518 ex
1825 2453 2180 2541 negatione
2247 2476 2394 2544 quae
2438 2475 2548 2521 re-

993 2553 1192 2642 spicit
1232 2556 1559 2623 terminos
1597 2567 1954 2647 sequentes
1982 2581 2053 2627 se
2119 2560 2494 2629 formaliter
2527 2585 2542 2629 :

996 2665 1062 2726 et
1102 2658 1251 2727 ideo
1283 2660 1440 2729 licet
1467 2661 1536 2753 ly
1564 2666 1686 2753 qui
1717 2664 1956 2732 referat
2019 2667 2239 2755 gratia
2302 2691 2546 2759 suppo·

995 2766 1133 2852 siti,
1168 2775 1393 2837 tamen
1437 2773 1707 2862 negatio
1740 2782 1937 2863 negat
1968 2774 2054 2842 ab
2103 2775 2231 2844 hoc
2286 2799 2547 2867 suppo-

996 2876 1129 2944 sito
1161 2884 1298 2944 tam
1341 2877 1629 2947 formam
1661 2903 1865 2970 quam
1931 2885 2353 2974 suppositum
2391 2905 2407 2953 :
2477 2893 2546 2952 et

995 2981 1148 3049 ideo
1180 2982 1431 3051 locutio
1471 2995 1570 3053 est
1600 2986 1761 3055 falsa
1798 3012 1813 3056 :
1848 2997 1913 3057 et
1952 2988 2093 3058 haec
2133 2992 2253 3059 fuit
2292 2993 2542 3060 solutio

993 3088 1416 3181 Praepositivi
1475 3102 1537 3160 et
1599 3095 1792 3162 ratio,
1847 3096 1976 3162 Alii
2044 3098 2298 3180 dicunt,
2360 3100 2539 3191 quod

987 3197 1193 3266 etiam
1252 3199 1307 3265 si
1350 3199 1419 3266 in
1478 3202 1787 3292 negativa
1862 3205 1968 3271 isti
2037 3204 2171 3272 duo
2238 3210 2536 3286 termini,

986 3304 1195 3388 Deus,
1254 3308 1490 3385 Pater,
1593 3320 2073 3379 construantur
2156 3314 2541 3383 immediate

983 3413 1174 3504 quasi
1207 3436 1329 3505 per
1357 3416 1879 3506 appositionem,
1912 3429 2071 3488 tunc
2110 3420 2361 3489 locutio
2421 3448 2538 3491 ne·

984 3520 1216 3608 gatim
1244 3530 1345 3588 est
1378 3544 1586 3591 vera:
1650 3524 1825 3591 unde
1900 3527 2272 3596 concedunt
2338 3528 2534 3606 hanc.

986 3627 1221 3718 genuit
1256 3628 1470 3697 Deum
1503 3633 1616 3721 qui
1650 3655 1785 3700 non
1817 3644 1918 3701 est
1952 3634 2130 3702 Deus
2165 3636 2386 3712 Pater,
2414 3638 2540 3705 sic·

987 3739 1061 3800 ut
1093 3731 1292 3811 hanc,
1325 3739 1562 3826 genuit
1595 3738 1808 3806 Deum
1843 3741 1955 3830 qui
2024 3764 2160 3809 non
2237 3751 2336 3810 est
2396 3745 2538 3834 ipse

987 3838 1191 3907 l‘ater
1233 3864 1248 3908 :
1292 3849 1357 3908 et
1386 3840 1516 3911 lioc
1546 3843 1790 3912 faciunt
1849 3857 2124 3937 propter
2175 3848 2534 3918 articulum

985 3944 1189 4035 hujus
1230 3949 1525 4017 nominis
1552 3954 1698 4042 qui,
1733 3955 1845 4042 qui
1879 3952 2280 4025 determinat
2318 3967 2383 4026 et
2427 3981 2537 4025 re-

983 4038 1111 4121 fert
1151 4054 1217 4145 ty
1282 4059 1503 4125 Deum
1559 4059 1773 4148 gratia
1838 4063 2194 4151 suppositi,
2256 4074 2321 4132 et
2396 4088 2536 4135 non

978 4164 1199 4253 gratia
1230 4164 1492 4248 forma»,
1527 4177 1597 4234 ut
1628 4167 1880 4237 dictum
1914 4180 2039 4239 est.

1065 4375 1198 4447 San
1237 4402 1543 4466 women,
1587 4383 1766 4475 quod
1797 4385 2199 4457 affirmativa
2231 4392 2314 4459 sit
2355 4414 2530 4460 con-

971 4485 1294 4564 cedenda,
1327 4487 1579 4558 scilicet
1619 4490 1788 4569 haec,
1831 4496 2067 4584 genuit
2132 4497 2351 4566 Deum
2410 4502 2525 4592 qui

972 4601 1075 4660 est
1106 4592 1307 4661 Pater
1329 4594 1438 4664 vel
1479 4595 1657 4664 Deus
1691 4597 1890 4666 Pater
1930 4624 1946 4667 ε
1980 4603 2139 4691 quia

1069 4704 1127 4771 t.
1167 4702 1343 4772 Dicit
1382 4705 1768 4783 Anselmus,
1813 4709 1995 4799 quod
2052 4713 2287 4800 genuit
2320 4738 2525 4782 eum-

975 4806 1128 4876 dem
1161 4808 1243 4877 de
1275 4809 1515 4880 eodem
1558 4814 1727 4905 ipso.

1061 4917 1125 4982 2.
1172 4916 1367 4995 Item,
1413 4920 1884 5011 Augustinus:
1931 4923 2111 4993 Deus
2141 4927 2222 4994 de
2281 4951 2352 4996 se
2400 4952 2518 5021 ge·

969 5025 1119 5093 nuit
1144 5023 1434 5095 alterum
1463 5050 1558 5096 se.

1058 5132 1121 5199 3.
1185 5132 1381 5214 Item,
1427 5137 1848 5228 Augustinus
1888 5143 1955 5209 in
2014 5141 2185 5211 libro
2245 5144 2373 5212 XV
2432 5147 2517 5215 de

2673 837 2850 895 esset
2881 828 2950 894 in
2983 827 3191 895 verbo
3235 852 3440 919 quam
3474 831 3540 896 in
3572 831 3822 918 seipso.

2763 938 2828 1004 4.
2875 936 3072 1019 Item,
3117 936 3448 1028 Origenes
3493 962 3507 1005 :
3554 938 3758 1006 Pater
3797 939 4070 1007 mittens
4121 929 4270 1004 Fi-'

2671 1046 2868 1131 lium,
2911 1070 2984 1115 se
3023 1046 3315 1116 alterum
3367 1049 3574 1114 misit.

2758 1262 2860 1329 An
2908 1287 3252 1332 sscuquM
3308 1266 3781 1333 auctoritatem
3835 1266 4223 1349 dicendum,

2668 1368 2852 1458 quod
2921 1370 2975 1436 si
3018 1369 3085 1461 ly
3121 1394 3192 1437 se
3231 1372 3414 1461 quod
3472 1381 3573 1440 est
3611 1395 3649 1440 a
3690 1381 3878 1463 parte
3944 1383 4110 1462 post,
4155 1375 4225 1441 in

2664 1473 3036 1556 locutione,
3072 1479 3160 1545 sit
3189 1478 3469 1547 ablativi
3499 1502 3719 1558 casuS,
3775 1488 3935 1548 tunc
3972 1479 4228 1549 locutio

2664 1580 2863 1672 plane
2904 1592 3003 1651 est
3042 1607 3206 1652 vera
3251 1608 3264 1651 :
3312 1588 3470 1675 quia
3505 1595 3662 1655 tunc
3695 1595 3794 1654 est
3832 1608 4096 1672 sensus,
4147 1588 4231 1657 de

2663 1712 2734 1758 se
2764 1694 3002 1782 genuit
3041 1693 3345 1762 alterum
3400 1719 3493 1775 se,
3554 1693 3625 1762 id
3680 1702 3804 1776 est,
3847 1695 4135 1763 alterum
4192 1719 4233 1764 a

2661 1820 2757 1866 se.
2823 1797 2895 1866 Si
2935 1808 3166 1868 autem
3207 1802 3295 1868 sit
3357 1803 3725 1869 accusativi
3789 1825 4010 1882 casuS,
4067 1812 4233 1873 tunc

2661 1907 2960 1974 alterum
2983 1930 3078 1988 se,
3122 1906 3327 1977 habet
3356 1912 3495 1976 vim
3537 1911 3740 1978 unius
3806 1912 4103 1989 termini,
4163 1919 4231 1979 et

2659 2037 2800 2081 non
2840 2015 3134 2084 duorum
3173 2038 3189 2084 ε
3236 2026 3302 2085 et
3340 2025 3501 2085 tunc
3554 2016 3623 2109 ly
3658 2041 3729 2085 se
3790 2016 3993 2087 habet
4031 2021 4225 2109 quasi

2659 2128 2924 2210 partem
2964 2121 3483 2212 significationis
3515 2146 3749 2207 unam,
3812 2130 3878 2190 et
3933 2123 4222 2192 alterum

2659 2226 2862 2295 aliam
2895 2237 3157 2319 partem
3195 2253 3211 2298 ε
3246 2237 3322 2297 ut
3356 2230 3646 2299 alterum
3686 2239 3923 2322 tangat
3957 2230 4226 2321 disjun-

2657 2338 2954 2406 ctionem
2998 2338 3067 2404 in
3097 2360 3414 2429 persona,
3458 2349 3525 2407 et
3566 2339 3636 2430 ty
3688 2362 3761 2407 se
3804 2339 4224 2408 convenien-

2657 2447 2821 2512 tiam
2866 2448 2933 2512 in
2964 2448 3287 2514 essentia:
3319 2446 3610 2525 Quidam
3653 2456 3877 2516 tamen
3918 2447 4225 2539 glossant

2656 2553 2956 2620 alterum
2992 2576 3088 2631 se,
3135 2553 3203 2622 id
3231 2562 3356 2631 est,
3393 2553 3819 2622 simillimum
3871 2557 4000 2623 sibi
4032 2577 4050 2625 t
4125 2558 4220 2625 ita

2658 2661 2842 2753 quod
2874 2661 2942 2753 ly
2978 2686 3049 2729 se
3077 2664 3272 2754 quasi
3302 2663 3681 2754 simplicem
3711 2664 3912 2733 faciat
3940 2664 4223 2735 relatio-

2655 2796 2840 2841 nem.
2879 2772 3071 2840 Sicut
3102 2772 3309 2840 etiam
3342 2773 3754 2864 quandoque
3784 2774 3871 2842 sit
3924 2773 4218 2866 simplex

2653 2879 2738 2947 de
2776 2889 3020 2947 natura
3058 2880 3306 2947 similis
3337 2890 3402 2948 et
3441 2903 3579 2949 non
3620 2880 3861 2950 eodem
3902 2903 4234 2963 numero,-

2652 3010 2857 3078 super
2886 2987 3068 3078 quod
3104 2989 3280 3056 cadit
3327 2997 3533 3056 nutus
3588 2990 4217 3075 demonstrationis,

2652 3103 2723 3161 ut
2765 3117 2920 3162 cum
2978 3095 3276 3163 dicitur:
3359 3097 3522 3166 lta-c
3591 3097 3799 3167 herba
3854 3101 4092 3168 crescit
4148 3101 4218 3168 in

2653 3202 2852 3271 horto
2894 3226 3076 3273 meo·

2737 3311 2844 3379 An
2888 3334 3095 3380 Λιιωι
3129 3335 3280 3403 quae
3311 3313 3495 3389 dicit,
3531 3314 3712 3404 quod
3743 3315 4057 3384 eumdem
4088 3339 4216 3407 ge·-

2652 3416 2795 3483 nuit
2829 3415 2911 3483 «le
2951 3415 3196 3484 eodeni
3231 3418 3403 3508 ipso,
3466 3441 3602 3485 non
3668 3429 3764 3486 est
3826 3418 4214 3512 intelligen-

2649 3521 2812 3590 dum
2847 3546 3004 3590 cum
3033 3526 3455 3614 praecisione,
3498 3525 3613 3592 sed
3648 3526 3958 3594 addendo
4015 3551 4215 3595 eum·-

2648 3629 2803 3697 dem
2836 3632 2902 3697 in
2934 3632 3230 3698 essentia
3258 3632 3344 3696 de
3379 3632 3607 3699 eodem
3657 3635 3803 3724 ipso
3852 3633 3919 3701 in
3978 3657 4217 3704 essen-

2650 3738 2767 3805 tin.

2739 3842 2842 3909 Au
2906 3864 3194 3909 marim
3255 3842 3643 3927 dicendum,
3724 3845 3909 3936 quod
3991 3845 4214 3917 dicere

2650 3974 2789 4018 non
2846 3951 3146 4020 sumitur
3211 3951 3300 4019 ibi
3371 3978 3492 4044 pro
3533 3964 3684 4024 actu
3753 3958 4212 4047 generationis

2646 4058 3048 4149 simpliciter
3087 4078 3105 4129 t
3140 4060 3257 4128 sed
3291 4060 3510 4129 dicere
3551 4072 3652 4130 est
3684 4062 3771 4131 ibi
3816 4065 4211 4135 manifesta-

2647 4188 2717 4233 re
2749 4167 2816 4233 in
2849 4167 3053 4235 simiii
3092 4190 3107 4235 ε
3153 4168 3333 4235 unde
3372 4193 3612 4237 sensus
3650 4181 3776 4251 est,
3851 4172 4050 4242 Pater
4105 4174 4216 4243 di-

2644 4294 2806 4341 cens
2829 4296 2928 4351 se,
2974 4274 3039 4342 id
3070 4284 3196 4357 est,
3231 4275 3673 4345 manifestans
3700 4280 4025 4369 seipsum,
4084 4305 4215 4373 ge-

2644 4382 2791 4448 nuit
2826 4381 3073 4450 Filium
3110 4406 3126 4452 :
3163 4407 3299 4451 non
3333 4386 3543 4467 enim,
3576 4395 3737 4466 etc..
3800 4388 3866 4457 id
3904 4398 4032 4475 est,
4072 4414 4212 4459 non

2642 4488 2932 4580 perfecte
2972 4491 3469 4562 manifestasset
3501 4517 3598 4572 se,
3633 4503 3760 4564 etc.
3798 4518 3815 4566 ε
3853 4494 3996 4566 haec
4023 4499 4208 4568 euim

2640 4596 2812 4666 hene
2843 4600 3266 4681 conceditur,
3313 4602 3516 4670 Pater
3560 4604 3946 4674 manifestat
3999 4630 4072 4675 se
4133 4609 4203 4676 in

2642 4706 2836 4775 Filio·

4122 337 4246 402 167

4338 1289 4425 1339 Ad.
4451 1293 4477 1333 2

4319 3363 4404 3413 Ad
4431 3368 4473 3414 1.

4321 3904 4392 3951 Ad
4420 3904 4470 3954 ⁸.

2727 4816 2830 4882 An
2903 4839 3203 4885 uarium
3261 4819 3622 4887 dicendum
3689 4823 3927 4891 eodem
3988 4824 4196 4895 modo
4303 4872 4454 4923 Ad&

2633 4923 2806 4990 sicut
2829 4924 2914 4990 ad
2943 4925 3315 4994 secundam
3352 4950 3368 4995 ε
3404 4929 3563 5018 quia
3588 4952 3660 4997 se
3687 4930 3983 5000 alterum
4016 4933 4195 5002 idem

2632 5038 2732 5096 est
2774 5053 2851 5099 ac
2880 5030 3174 5100 alterum
3205 5034 3332 5100 sibi
3368 5036 3433 5101 in
3473 5040 3765 5105 essentia
3804 5039 4123 5114 similem.
