4897 6388
645 286 774 398 iod
1651 297 1736 396 ti.
1773 296 1986 412 Am,
2035 300 2256 397 ism.
2307 304 2512 397 om).
2566 308 2871 398 PRAED'L
2910 308 2922 364 f

1061 1052 1145 1125 E.
1199 1047 1424 1150 Quod
1456 1075 1616 1124 non
1639 1058 1963 1148 possunt
1996 1052 2178 1127 dare
2212 1052 2591 1151 Spiritum
2624 1061 2971 1130 sanctum
3022 1052 3146 1128 liic
3179 1054 3272 1128 do
3286 1062 3427 1128 cel.

736 1490 834 1566 Et
873 1490 1077 1588 quod
1122 1495 1297 1590 plus
1338 1504 1479 1587 est,
1525 1518 1682 1568 non
1738 1519 1962 1592 posse
1997 1495 2223 1571 etiam
2263 1496 2443 1570 dare
2512 1491 2692 1569 dicit
2747 1494 2825 1569 in
2869 1495 3133 1594 eodem
3201 1491 3397 1568 lil)·ro
3432 1476 3779 1588 'subdens
3808 1511 3851 1605 ,τ’

644 1623 755 1698 De
788 1623 1095 1700 Christo
1137 1629 1511 1726 scripturn
1546 1639 1688 1723 est,
1724 1631 1928 1726 quod
1960 1630 2337 1728 acceperit
2360 1654 2406 1705 a
2436 1631 2661 1706 Patre
2694 1629 3288 1730 promissionem
3316 1625 3850 1726 Spiritusqsanr

643 1759 770 1852 cti,
819 1768 893 1833 et
933 1758 1334 1835 effuderit:
1384 1762 1462 1835 iu
1506 1784 1661 1860 quo
1696 1773 2319 1862 utraqueuatura
2359 1772 2779 1839 monstrata
2816 1773 2959 1859 est,
3005 1765 3351 1837 humana
3389 1757 3712 1847 scilicet,
3774 1766 3851 1833 et
3934 1863 3944 1873 ο

645 1891 936 1968 diviua.
974 1896 1288 1994 Accepit
1328 1897 1617 1995 quippe
1663 1908 1741 1971 ut
1776 1900 2028 1993 homo,
2073 1898 2337 1974 effudit
2378 1909 2458 1973 ut
2497 1899 2732 1974 DeuS.
2794 1898 2955 1974 Nos
2995 1906 3255 1973 autem
3286 1885 3634 1994 accipere
3675 1885 3856 1990 qui-

648 2028 822 2102 dem
854 2029 1001 2104 hoc
1041 2028 1331 2106 donum
1368 2056 1785 2131 possumus
1816 2059 1952 2133 pro
1997 2035 2304 2109 modulo
2342 2044 2605 2109 nostro
2648 2058 2665 2110 ε
2712 2032 3109 2110 effundere
3149 2056 3333 2108 vero
3385 2051 3622 2128 super
3662 2026 3858 2103 alios

652 2180 804 2229 nou
853 2157 1120 2257 utique
1159 2181 1628 2256 possumus:
1666 2157 1798 2232 sed
1836 2169 1915 2232 ut
1957 2161 2098 2234 hoc
2123 2159 2278 2255 ssat,
2319 2160 2565 2236 Deum
2595 2184 2831 2259 super
2882 2182 3017 2235 eos
3081 2183 3128 2235 a
3183 2182 3340 2257 quo
3375 2158 3448 2231 id
3490 2156 3851 2251 efficitur,

650 2284 1134 2361 invocamus.
1183 2285 1322 2360 His
1355 2285 1612 2360 verbis
1651 2307 2006 2383 expresse
2038 2287 2218 2361 dicit
2248 2312 2389 2362 nos
2418 2288 2788 2387 Spiritum
2829 2296 3181 2363 sanctum
3237 2310 3390 2361 non
3443 2279 3671 2385 posse
3714 2307 3857 2359 su-

654 2442 792 2517 per
821 2419 1014 2495 alios
1055 2418 1483 2513 effundere,
1532 2418 1601 2491 id
1646 2428 1788 2512 est,
1824 2421 1995 2495 aliis
2021 2421 2227 2496 dare.

1633 3075 1713 3151 F.
1763 3075 1985 3168 Quod
2017 3079 2325 3156 videtur
2357 3083 2862 3158 contrarium.

731 3524 881 3604 Sed
919 3527 1098 3603 buic
1141 3524 1445 3603 videtur
1483 3528 1952 3603 contrarium
1994 3529 2197 3629 quod
2253 3528 2664 3629 Apostolus
2694 3528 2789 3604 ad
2849 3528 3158 3605 Galatas
3213 3528 3307 3604 de
3355 3551 3439 3605 se
3481 3527 3841 3628 loquenS,

637 3662 740 3738 ait
776 3686 793 3737 ε
835 3658 990 3752 Qut
1011 3661 1285 3738 tribuit
1323 3660 1538 3737 vobis
1572 3660 1986 3761 Spiritum,
2047 3671 2121 3739 el
2184 3671 2545 3764 operatur
2592 3663 2904 3739 uirtutes
2959 3662 3039 3738 iu
3105 3661 3321 3738 coms
3351 3666 3400 3737 ¹.
3450 3663 3638 3738 Ecce
3688 3662 3845 3738 evi-

638 3793 910 3871 denter
947 3795 1126 3870 «licit
1169 3823 1251 3870 se
1278 3791 1638 3870 tribuisse
1679 3796 2074 3895 Spiritum.
2111 3797 2259 3872 Sed
2311 3796 2895 3892 intelligendum
2950 3805 3067 3873 est
3117 3799 3261 3872 boc
3312 3793 3596 3873 dixisse
3635 3801 3845 3897 Apo-

641 3933 953 4023 stolum,
1001 3956 1153 4005 non
1188 3930 1372 4029 quia
1406 3932 1724 4006 baberet
1754 3941 2197 4031 potestatem
2239 3941 2315 4007 et
2352 3930 2879 4008 auctoritatem
2922 3929 3153 4006 danili
3224 3930 3598 4032 Spiritum
3660 3955 3849 4007 san-

642 4077 874 4150 etum,
907 4065 1038 4141 secl
1082 4065 1266 4164 quia
1301 4065 1812 4140 ministerium
1859 4066 2236 4160 babuerit,
2281 4066 2353 4141 in
2415 4089 2570 4165 quo
2623 4065 2949 4141 «labatur
2986 4089 3030 4140 a
3088 4063 3250 4139 Deo
3292 4063 3628 4166 Spiritus
3665 4090 3848 4141 san-

641 4212 835 4276 ctus.
876 4199 965 4274 l’t
994 4200 1202 4276 enitn
1235 4198 1847 4296 aitAngustinus
1877 4228 2112 4301 super
2139 4201 2494 4278 eunnletn
2528 4204 2811 4296 locunt,
2845 4222 3245 4301 exponens
3286 4200 3472 4276 illud
3501 4201 3840 4301 Apostoli

643 4338 964 4412 verbum
1012 4362 1028 4414 :
1089 4335 1203 4414 At»
1235 4337 1601 4436 Apostolo
1633 4337 2043 4437 praubcata
2082 4347 2196 4412 est
2234 4337 2346 4413 eis
2378 4334 2565 4410 litles
2601 4360 2617 4411 :
2666 4332 2738 4411 in
2783 4358 2936 4436 qua
2974 4334 3522 4435 pra=tlicatione
3553 4335 3849 4411 adven-

644 4487 802 4549 tum
836 4474 1426 4572 ellim-sentiam
1471 4469 1805 4571 Spiritus
1843 4471 2083 4546 sancti
2114 4481 2539 4567 senserant,
2575 4467 2768 4545 sicut
2804 4469 2934 4545 illo
2976 4480 3323 4569 tempore
3376 4469 3451 4545 in
3506 4469 3846 4547 novitate

643 4606 1120 4683 invitationis
1150 4606 1245 4683 ail
1281 4605 1541 4694 tidem,
1577 4605 1805 4680 etiarn
1866 4604 2361 4681 sensibilibus
2413 4588 2800 4679 nummulis
2852 4604 3265 4704 priescntia
3305 4601 3639 4703 Spiritus
3676 4628 3849 4680 san·

642 4741 737 4817 cti
771 4742 1220 4841 apparebat,
1270 4751 1349 4814 ut
1392 4740 1467 4813 in
1503 4738 1818 4815 Actibus
1848 4740 2384 4837 Apostolorum
2428 4738 2733 4832 legitur.
2768 4742 3046 4837 Aperte
3106 4736 3226 4814 bic
3260 4737 3595 4813 ostendit
3647 4762 3852 4837 quo-

648 4875 1051 4952 niodoillis
1092 4873 1465 4974 Spiritum
1501 4882 1853 4947 sanctuni
1900 4874 2308 4971 Apostolus
2374 4870 2771 4947 tribuerit:
2824 4895 2976 4946 non
3036 4870 3299 4969 utique
3367 4870 3615 4971 ipsum
3669 4873 3851 4947 mit-

645 5011 873 5085 teudo
907 5009 1172 5101 ineos,
1216 5006 1348 5081 scil
1388 5005 1879 5106 pra-«licando
1922 5005 2033 5081 eis
2088 5004 2311 5080 tidem
2367 5003 2645 5079 Christi
2693 5026 2709 5080 :
2773 5027 3005 5105 quam
3072 5004 3223 5079 illis
3259 5004 3839 5104 recipientibus,

642 5145 846 5243 quoil
872 5143 1206 5242 Spiritus
1227 5150 1543 5215 sauctus
1579 5139 1651 5214 in
1688 5139 1799 5216 eis
1831 5150 2056 5233 esset,
2080 5139 2473 5238 aliquibus
2505 5139 2748 5235 siguis
2772 5138 3212 5212 visibilibus
3248 5141 3849 5216 monstrabatur.

643 5280 811 5354 Nou
856 5303 1039 5370 ergo
1084 5276 1437 5350 homines
1468 5284 2179 5373 ‹piantuincuntque
2210 5273 2451 5348 sancti
2483 5273 2665 5347 dare
2699 5280 3023 5370 possunt
3057 5271 3434 5370 Spiritum
3465 5286 3848 5350 sanctum.

719 5614 735 5647 ¹
773 5612 857 5668 Ad
890 5609 1078 5667 Galat.
1115 5629 1197 5680 nt,
1221 5616 1274 5669 4.
