4897 6388
655 338 783 405 320

656 500 964 568 omnium
993 512 1636 586 personarumsnon
1677 489 1941 555 videtur
1980 487 2199 576 Spiri-

656 615 761 671 tus
818 611 1089 671 sanctus
1143 597 1522 689 specialiter
1561 619 1703 664 esse
1745 594 2034 662 charitas
2085 592 2197 659 illa

523 728 534 732 ’
655 735 787 801 qua
819 712 1001 778 Deus
1033 708 1253 797 diligit
1292 730 1361 774 se
1394 715 1460 773 et
1500 728 1647 772 nos,

367 1824 563 1870 solutio.

361 4956 441 5003 Ad
469 4958 510 5004 l.

740 821 803 885 4.
851 819 1046 895 Item,
1085 818 1232 884 lloc
1283 816 1552 882 videtur
1590 836 1730 881 esse
1772 819 2004 878 contra
2047 810 2191 875 Au-

647 930 997 1018 gustinum
1048 927 1158 994 hic
1216 926 1284 991 in
1351 926 1589 991 ultimo
1644 920 1933 1011 capitulo
2002 922 2192 986 istius

648 1037 1100 1105 distinctionis
1135 1037 1178 1113 ¹,
1216 1034 1330 1101 ubi
1371 1032 1631 1099 inducit
1678 1030 1838 1096 illud
1886 1026 2189 1117 Apostoli

647 1145 732 1211 ad
770 1143 1031 1211 Coloss.
1070 1168 1117 1217 ι,
1176 1142 1253 1208 13
1299 1162 1312 1206 z
1366 1138 1743 1207 Transtulit
1787 1160 1905 1203 nos
1938 1138 2006 1201 in
2037 1157 2191 1222 req-

642 1253 840 1317 mcmi
862 1249 1041 1317 Filii
1079 1248 1461 1314 dilectionis
1489 1245 1754 1322 seeoe‚sie
1785 1243 2009 1310 dicens
2054 1262 2069 1307 :
2116 1239 2187 1308 Si

644 1380 806 1447 ergo
839 1380 978 1424 non
1019 1363 1120 1424 est
1153 1357 1219 1421 in
1253 1353 1366 1421 illa
1392 1353 1716 1419 Trinitate
1746 1349 2034 1417 charitas
2063 1348 2187 1415 Dei

644 1466 773 1531 nisi
835 1462 1130 1553 Spiritus
1188 1469 1483 1538 sanctuS,
1555 1459 1762 1525 Filius
1827 1467 1926 1525 est
1985 1457 2188 1522 ctiam

648 1569 939 1660 Spiritus
979 1577 1273 1636 sanctus.

739 1782 1044 1848 Somno.
1128 1778 1528 1859 Dicendum,
1602 1778 1774 1845 sicut
1828 1795 2030 1863 supra
2093 1771 2189 1839 di·

647 1896 857 1966 ctum,
885 1887 1069 1977 quod
1091 1886 1335 1976 triplex
1364 1895 1465 1954 est
1495 1887 1564 1952 in
1598 1884 1842 1952 divinis
1871 1881 2183 1961 charita8‚

645 2003 713 2064 et
739 1995 851 2063 illa
883 1995 1128 2086 triplex
1175 1993 1465 2062 charitas
1495 1991 2018 2083 quadrupliciter
2045 1990 2189 2078 sig-

644 2103 982 2186 nificatur,
1053 2113 1117 2172 et
1168 2103 1575 2193 quandoque
1631 2101 1832 2169 etiam
1890 2099 2187 2188 quinque

643 2212 891 2280 modis,
967 2211 1407 2303 Significatur
1480 2210 1663 2279 enim
1745 2205 2190 2277 essentialiter

640 2320 958 2405 charitaS,
1016 2321 1424 2411 quandoque
1464 2342 1583 2409 per
1637 2339 1708 2386 se
1764 2316 1978 2384 solam
2036 2333 2052 2382 ε
2115 2321 2188 2380 ut

640 2449 796 2495 cum
828 2428 1096 2505 dicitur,
1148 2430 1333 2495 Deus
1374 2426 1673 2493 charitas
1719 2433 1812 2491 est
1852 2422 1897 2489 ².
1951 2420 2187 2500 Quan-

641 2533 864 2625 doque
896 2537 1102 2603 etiam
1133 2533 1552 2624 significatur
1596 2529 2029 2600 notionaliter
2067 2548 2185 2594 so·-

641 2643 783 2710 lum
820 2666 836 2709 ε
866 2651 938 2709 ut
965 2663 1121 2709 cum
1152 2639 1396 2708 dicitur
1426 2639 1628 2707 Pater
1656 2637 1872 2728 diligit
1907 2633 2177 2709 Filium,

639 2749 708 2815 in
741 2756 1073 2837 quantum
1115 2768 1420 2837 personae
1451 2744 1779 2812 distinctae
1817 2741 2182 2810 existentes

638 2856 1052 2922 conveniunt
1092 2856 1160 2921 in
1193 2852 1534 2944 spirando.
1582 2849 1931 2942 Significat
1976 2848 2178 2916 etiam

633 2963 1083 3053 personaliter
1133 2961 1360 3030 solum
1403 2986 1419 3029 :
1480 2964 1652 3029 sicut
1707 2982 1858 3028 cum
1909 2959 2173 3041 dicitur,

635 3068 927 3138 charitas
957 3079 1055 3137 est
1101 3069 1278 3136 Deus
1318 3090 1398 3136 ex
1432 3068 1573 3135 Deo
1633 3091 1647 3134 :
1710 3067 1880 3133 sicut
1937 3068 2178 3155 Augu-

634 3179 849 3246 stinus
900 3176 1010 3246 hic
1057 3177 1213 3246 dicit
1263 3179 1328 3244 in
1370 3174 1768 3267 praecedenti
1800 3171 2095 3264 capitulo
2123 3187 2171 3250 ³,

633 3309 751 3376 per
779 3285 1283 3352 contextionem
1307 3292 1371 3351 et
1393 3284 1942 3373 consequentiam
1967 3302 2173 3372 quam

632 3394 872 3482 accipit
910 3415 993 3460 ex
1041 3390 1326 3481 epistola
1374 3391 1682 3459 Joannis.
1745 3388 2178 3480 Significatur

631 3500 833 3566 etiam
893 3496 1302 3589 quandoque
1355 3496 1556 3564 simul
1614 3493 2056 3563 essentialiter
2109 3503 2175 3561 et

632 3604 1115 3673 notionaliter:
1173 3613 1430 3671 uicum
1473 3604 1736 3679 dicitur,
1800 3601 2175 3670 Transtulit

628 3737 749 3780 nos
778 3713 846 3779 in
889 3735 1171 3802 requiem
1224 3711 1397 3778 Filii
1437 3709 1816 3777 dilectionis
1860 3732 2002 3777 sua.»
2043 3732 2057 3775 :
2108 3719 2168 3777 et

627 3818 759 3886 hoc
815 3841 1019 3909 supra
1088 3816 1447 3908 probatum
1509 3825 1608 3883 est
1642 3837 1683 3882 ⁸.
1739 3817 2172 3905 Signiticatur

627 3927 866 4016 quinto
899 3924 1106 3993 modo
1157 3925 1562 4016 quandoque
1618 3923 2060 3991 essentialiter
2104 3934 2168 3991 et

627 4032 1061 4101 notionaliter
1116 4042 1178 4099 et
1243 4030 1682 4121 personaliter
1745 4028 1942 4097 simul
2019 4054 2032 4097 :
2100 4042 2172 4101 ut

625 4164 779 4208 cum
821 4140 1093 4222 dicitur,
1131 4139 1330 4206 l’atcr
1358 4148 1423 4206 et
1465 4138 1669 4206 Filius
1715 4139 2013 4215 mittunt,
2062 4136 2166 4206 vel

626 4247 785 4315 dant
845 4246 1178 4338 Spiritum
1245 4256 1549 4314 sancium
1623 4268 1638 4310 :
1713 4245 1800 4312 ibi
1863 4246 2043 4313 enim
2104 4247 2170 4313 in

625 4357 868 4424 ellectu
915 4362 1286 4422 connotato
1343 4355 1669 4444 accipitur
1714 4353 2003 4421 ebaritas
2061 4378 2171 4421 es-

624 4465 950 4548 sentialis,
984 4474 1047 4532 et
1093 4466 1159 4531 in
1194 4466 1451 4532 ratione
1485 4466 1824 4532 missionis
1866 4465 2172 4531 notiona·

626 4573 732 4652 lis,
777 4582 841 4641 et
885 4574 951 4641 in
990 4573 1173 4640 dono
1216 4574 1360 4662 ipso
1411 4571 1592 4662 quod
1633 4572 1828 4639 datur
1877 4572 2169 4639 ebaritas

626 4679 1002 4772 personalis
1037 4679 1476 4769 intelligitur:
1510 4690 1572 4745 et
1605 4678 1728 4745 linc
1763 4678 1998 4744 ultimo
2032 4702 2170 4745 mn·

628 4789 714 4856 do
756 4788 993 4877 accipit
1027 4786 1347 4877 Magister
1375 4784 1507 4852 hic.

719 4897 1066 4964 Diei-:sumi
1106 4917 1267 4986 crgo
1317 4892 1398 4961 ad
1448 4894 1739 4984 primuni
1789 4892 1968 4982 quod
2020 4893 2169 4960 licet

630 5032 749 5100 per
794 5006 1108 5075 ell'ectum
1157 5011 1594 5072 connotatum
1645 5004 2008 5092 accipiatur
2061 5028 2172 5070 es-

622 5114 927 5184 sentialis
967 5111 1285 5190 charitas,
1323 5120 1547 5178 tamen
1580 5133 1715 5177 non
1772 5109 1956 5177 solus
2001 5112 2165 5178 etl'e-

620 5232 766 5291 ctus
823 5234 919 5290 est
963 5221 1053 5289 ibi
1090 5242 1105 5289 ε
1143 5222 1279 5288 imo
1322 5219 1388 5286 in
1447 5218 1682 5286 ell'ectu
1743 5217 1856 5283 illu
1915 5220 2028 5307 qui
2068 5227 2167 5286 est

693 5484 828 5542 ¹Cs.
887 5503 1014 5557 cap.
1068 5486 1108 5540 ll
1172 5487 1416 5558 hujusce
1476 5485 1872 5540 ‹listina-tinnis
1930 5486 1995 5550 X,
2053 5485 2159 5539 sub

621 5576 821 5633 finem.

687 5666 958 5722 ²110a11.
993 5680 1066 5733 iv,
1114 5665 1198 5719 16.

1651 329 1730 394 Ι).
1785 326 1979 392 ALB.
2034 321 2249 392 MAG.

2301 322 2508 392 ORD.
2559 322 2833 391 PRAED

2305 461 2825 577 appropriabilis
2886 485 3171 576 Spiritui
3222 494 3481 567 sancte,
3536 485 3933 580 intelligi-s
3976 534 3992 564 ,ι

2303 601 2413 659 tur
2444 593 2617 659 mitti
2651 582 2947 682 Spiritus
2988 601 3263 658 sanctus
3318 613 3331 657 ε
3384 599 3464 677 et·
3499 592 3589 656 ita
3629 592 3864 658 notio-

2301 700 2473 768 nalis
2520 725 2674 768 cum
2734 702 2878 786 illo,
2933 710 2997 769 et
3045 699 3425 792 personalis
3466 699 3792 788 accipitur
3842 720 3856 762 :

2300 808 2478 875 unde
2537 810 2913 876 essentialis
2969 810 3299 898 accipitur
3367 810 3433 874 in
3492 805 3742 874 talibus
3792 806 3861 870 in

2297 925 2504 999 rect0‚
2542 924 2607 983 et
2637 917 3032 993 notionalis‚
3068 925 3134 983 et
3164 913 3540 1004 personalis
3573 915 3642 979 in
3682 913 3863 981 obli-

2298 1045 2432 1110 quo
2496 1045 2511 1086 ε
2566 1033 2630 1091 et
2688 1023 2820 1092 hoc
2885 1022 3110 1112 magis
3178 1020 3629 1089 declarabitur
3686 1019 3859 1086 infra

2294 1152 2447 1197 cum
2490 1131 2571 1199 de
2619 1132 2945 1199 missione
3003 1129 3460 1221 disputabitur
3488 1129 3533 1199 ⁸.

2384 1241 2486 1306 An
2524 1263 2722 1307 Αιιυι)
2754 1240 3145 1318 dicendum,
3181 1231 3365 1328 quod
3396 1259 3533 1303 una
3563 1244 3663 1303 est
3692 1258 3850 1325 ope-

2295 1348 2467 1413 ratio
2496 1348 2704 1414 trium
2741 1369 2755 1412 :
2791 1346 2909 1414 sed
2951 1345 3132 1413 illius
3173 1346 3433 1434 operati
3466 1345 3852 1435 appropria-

2292 1455 2388 1522 tio
2454 1478 2591 1522 non
2651 1454 3006 1546 aequaliter
3063 1453 3385 1521 convenit
3438 1453 3679 1535 tribuS,
3736 1450 3854 1518 sed

2294 1573 2396 1631 est
2453 1565 2863 1654 quandoque
2930 1571 3291 1653 operatum
3351 1559 3856 1652 appropriabile

2293 1673 2411 1740 uni
2451 1696 2784 1764 personae,
2830 1673 2949 1741 sed
3006 1670 3392 1762 separabile
3432 1692 3472 1737 a
3528 1653 3854 1737 missione

2293 1779 2473 1848 illius
2528 1804 2839 1871 personae
2877 1804 2892 1848 :
2955 1783 3133 1848 sicut
3170 1781 3388 1847 virtus
3442 1777 3718 1867 politica
3744 1775 3855 1844 vel

2291 1887 2559 1957 bonitas
2596 1892 2833 1980 gratiae
2871 1889 3084 1980 gratis
3123 1887 3298 1955 datae
3336 1884 3855 1977 appropriabilis

2291 2007 2392 2064 est
2436 1996 2719 2088 Spiritui
2760 2006 3023 2078 sancto,
3078 2019 3217 2063 non
3266 2004 3498 2063 tamen
3536 2016 3854 2062 necessa-

2293 2103 2393 2170 rio
2425 2113 2525 2172 est
2562 2105 2815 2172 missus
2864 2102 3162 2194 Spiritus
3201 2109 3476 2170 sanctus
3515 2101 3586 2169 in
3640 2100 3855 2169 colla-

2290 2210 2476 2278 tione
2526 2211 2730 2301 liujus
2797 2212 3060 2302 gratiae.
3123 2208 3554 2299 Quandoque
3620 2217 3853 2277 autem

2291 2327 2643 2408 operatum
2684 2320 2893 2387 trium
2951 2340 3404 2409 personarum
3450 2325 3551 2386 est
3598 2340 3854 2407 appro-

2289 2424 2570 2513 priabile
2611 2428 2732 2493 uni
2763 2427 2939 2493 inter
2985 2447 3341 2515 personaS,
3387 2432 3454 2492 et
3503 2427 3853 2515 insepara-

2288 2532 2422 2602 bile
2482 2558 2520 2602 a
2585 2536 2914 2603 missione
2972 2536 3179 2602 unius
3215 2555 3529 2624 personae
3600 2555 3616 2601 ι
3678 2534 3855 2602 sicut

2287 2639 2577 2709 charitas
2619 2650 2845 2710 creata
2904 2641 3059 2709 data
3127 2639 3442 2707 rationali
3498 2645 3845 2717 creaturae,

2287 2769 2438 2837 quae
2479 2747 3003 2839 appropriabilis
3032 2756 3133 2816 est
3167 2745 3452 2837 Spiritui
3492 2755 3751 2823 sanctO,
3786 2752 3853 2813 et

2286 2857 2757 2948 inseparabilis
2815 2880 2855 2925 a
2893 2856 3223 2924 missione
3283 2854 3578 2946 Spiritus
3632 2853 3846 2922 sancti

2281 2965 2357 3031 in
2391 2987 2545 3031 eum
2590 2964 2697 3032 cui
2750 2963 3098 3031 confertur
3142 2962 3405 3029 donum
3443 2960 3841 3030 charitatis:

2283 3081 2348 3139 et
2379 3081 2538 3140 tunc
2567 3072 2831 3140 ratione
2868 3070 3449 3161 appropriationis
3478 3075 3543 3137 et
3574 3070 3851 3159 insepa-

2282 3179 2636 3249 rabilitatis
2668 3182 2737 3247 in
2768 3180 3019 3249 talibus
3050 3179 3380 3270 accipitur
3398 3176 3747 3246 notionale
3779 3184 3845 3245 et

2282 3285 2634 3377 personale
2666 3287 2737 3353 in
2766 3285 3137 3354 essentiali.

2373 3398 2474 3464 Au
2519 3418 2717 3463 Αιιυυ
2784 3393 3147 3463 dicendum
3219 3393 3401 3484 quod
3478 3392 3844 3483 Dionysius

2280 3505 2524 3572 dillinit
2554 3527 2861 3573 amorem
2898 3504 2968 3570 in
3025 3501 3427 3582 universali,
3463 3524 3599 3569 non
3644 3511 3845 3591 prout

2280 3618 2380 3677 est
2427 3610 2629 3699 liujus
2657 3609 2768 3678 vel
2800 3609 3007 3678 illius.
3064 3609 3139 3676 In
3187 3607 3557 3676 universali
3616 3615 3842 3675 autem

2279 3716 2454 3797 dico,
2490 3726 2686 3809 prout
2730 3740 2814 3785 ex
2847 3719 3070 3809 primo
3101 3716 3288 3784 bono
3332 3714 3705 3807 procedens
3744 3714 3848 3783 el'-

2279 3824 2566 3895 ficiendo
2600 3827 2667 3893 in
2721 3825 3048 3893 omnibus
3107 3824 3381 3892 entibus
3429 3823 3689 3914 aliquid
3737 3819 3847 3890 vel

2277 3956 2421 4001 esse
2455 3933 2559 4002 vel
2601 3933 2834 4002 vivere
2873 3931 2986 4001 vel
3041 3932 3292 4001 sentire
3321 3930 3433 4001 vel
3463 3928 3846 4022 intelligere

2277 4041 2383 4108 vel
2415 4042 2674 4133 aliquid
2702 4042 2867 4111 boni
2902 4040 3234 4109 naturalis
3265 4040 3371 4108 vel
3403 4038 3841 4131 superadditi,

2278 4159 2342 4217 et
2386 4152 2744 4219 revertitur
2803 4151 2871 4218 in
2924 4149 3181 4217 fontem
3233 4148 3415 4217 unde
3466 4147 3842 4225 emanavit,

2283 4258 2737 4326 reordinando
2761 4259 2994 4326 omnia
3029 4258 3208 4325 entia
3245 4257 3312 4323 in
3347 4257 3566 4348 ipsum
3600 4277 3849 4323 secun-

2284 4364 2444 4433 dum
2513 4366 2680 4432 boni
2739 4367 3150 4456 appetitum,
3222 4362 3598 4431 secundum
3662 4359 3847 4454 quod

2282 4472 2595 4555 «licinius,
2659 4472 2844 4562 quod
2886 4471 3145 4539 bonum
3207 4478 3307 4538 est
3367 4469 3549 4562 quod
3612 4469 3845 4535 omnia

2281 4585 2608 4669 appetunt
2644 4602 2660 4646 :
2705 4589 2773 4646 et
2813 4601 2953 4646 non
2994 4575 3302 4668 loquitur
3360 4578 3427 4643 in
3459 4574 3732 4666 speciali
3764 4574 3847 4642 de

2280 4709 2512 4754 amore
2544 4687 2659 4777 qui
2702 4695 2805 4755 est
2835 4686 3135 4754 charitas
3178 4708 3193 4752 :
3230 4693 3463 4753 tamen
3494 4685 3699 4753 etiam
3731 4681 3846 4752 ille

2280 4817 2476 4861 annor
2512 4794 3040 4885 appropriabilis
3097 4802 3201 4861 cst
3252 4791 3538 4883 Spiritui
3577 4799 3838 4869 sancto,

2280 4901 2431 4970 licet
2470 4902 2703 4970 missio
2752 4902 3049 4994 Spiritus
3078 4902 3292 4970 sancti
3324 4899 3718 4991 separabilis
3756 4899 3845 4966 sit

2278 5008 2362 5076 ab
2391 5011 2561 5100 ipso,

2367 5119 2466 5182 An
2506 5139 3002 5184 Acc'romuren
3047 5123 3278 5182 autem
3315 5114 3677 5205 Augustini
3711 5136 3836 5205 pa-

2277 5230 2367 5290 tet
2395 5222 2647 5291 solutio
2687 5246 2809 5315 per
2847 5230 3004 5289 ante
3037 5220 3241 5289 dicta.

2342 5481 2366 5513 ³
2393 5481 2477 5535 Cl'.
2507 5498 2636 5551 cap.
2670 5482 2712 5534 C
2742 5479 2996 5551 hujusce
3028 5478 3167 5533 «list.
3205 5481 3269 5534 X.

2342 5570 2362 5603 ⁴
2391 5572 2476 5627 Cf.
2510 5570 2720 5642 Supra,
2754 5568 2899 5625 nist.
2947 5570 3010 5623 V.

2337 5662 2458 5719 ⁸Cs.
2489 5663 2668 5731 Infra,
2703 5662 2848 5719 bist.
2883 5663 3006 5718 xlv
3034 5669 3093 5718 et
3132 5664 3245 5719 XV.

3974 1247 4121 1306 Ad‘2.

3962 3431 4032 3474 Ad
4061 3434 4102 3477 3.

3957 5143 4026 5188 Λᾶ
4057 5144 4099 5190 4.
