4897 6388
693 300 824 366 488
1665 293 1750 361 D.
1804 292 2000 396 ALB.
2054 271 2288 361 MAG(
2326 292 2531 364 ono.
2586 295 2885 364 PRAED.

697 457 1188 544 catut-motus
1223 467 1543 541 mentis:
1575 488 1749 540 cum
1767 442 1995 539 etiam
2041 465 2113 538 in
2163 466 2354 540 libro
2397 466 2818 565 Sapientiae
2846 467 3153 543 dicatur
3189 470 3285 547 de
3303 471 3591 570 'spiritu
3618 476 3917 574 sapien-

695 604 845 692 tiae.
876 604 1012 701 qui
1043 601 1344 700 attingit
1383 627 1428 677 a
1469 601 1620 678 {ine
1666 625 1908 701 usque
1951 602 2040 676 ad
2090 601 2323 678 finem
2368 603 2413 698 ¹,
2451 605 2582 701 qui
2625 613 2742 680 est
2779 615 2998 680 actus
3033 608 3371 704 mobilis,
3435 621 3717 706 certus,
3790 614 3913 685 in-

695 739 1265 837 coinquinatus.
1334 737 1551 826 Quod
1590 761 1746 811 non
1790 737 1960 812 ideo
1994 736 2301 831 dicitur,
2338 739 2546 835 quod
2579 738 2964 837 sapientia
2994 741 3094 816 sit
3136 741 3418 819 mobile
3451 746 3741 843 aliquid
3784 748 3905 822 vel

698 886 914 950 actus
945 875 1251 972 aliquis,
1298 874 1432 947 sed
1474 873 1657 971 quia
1686 872 1804 946 sui
1848 872 2380 947 immobilitate
2422 873 2685 948 omnia
2742 875 3077 973 attingit,
3151 900 3309 951 non
3367 880 3589 954 locali
3668 892 3906 975 motu,

699 1010 833 1085 sed
879 1020 959 1083 ut
991 1009 1275 1105 ubique
1316 1031 1620 1105 semper
1658 1007 1779 1096 sit,
1825 1016 1896 1080 et
1938 1030 2321 1104 nusquam
2365 1007 2668 1082 inclusa
2699 1019 3079 1086 teneatur.
3146 1011 3276 1087 Sic
3335 1036 3518 1112 ergo
3580 1016 3911 1091 charitas

699 1143 979 1217 (licitur
1022 1153 1270 1216 motus
1303 1141 1564 1228 animi,
1605 1165 1758 1214 non
1800 1141 2006 1238 quod
2038 1141 2205 1239 ipsa
2244 1141 2342 1217 sit
2375 1152 2627 1218 motus
2656 1146 2779 1219 vel
2821 1143 3125 1221 affectio
3155 1148 3285 1223 vel
3336 1148 3586 1224 virtus
3645 1150 3908 1243 animi,

698 1279 833 1355 sed
876 1279 1058 1377 quia
1095 1301 1434 1377 peream
1503 1276 1724 1375 quasi
1801 1286 2003 1351 esset
2066 1276 2338 1370 virtuS,
2408 1275 2742 1353 afficitur
2780 1302 3005 1355 mens
3073 1291 3149 1356 et
3228 1291 3608 1358 movetur.
3655 1283 3802 1359 Sed
3848 1284 3911 1359 si

698 1413 1032 1488 charitas
1064 1412 1395 1510 Spiritus
1435 1420 1745 1487 sanctus
1786 1420 1926 1505 est,
1962 1411 2094 1508 qui
2135 1421 2501 1509 operatur
2531 1411 2608 1486 in
2652 1413 2984 1511 singulis
3023 1424 3258 1512 prout
3285 1418 3456 1490 vult
3482 1414 3532 1503 ²,
3568 1440 3743 1491 cum
3776 1440 3917 1516 per

705 1573 879 1625 eum
927 1571 1144 1623 mens
1185 1547 1523 1621 hominis
1553 1546 1933 1622 alliciatur
1972 1557 2047 1621 et
2088 1557 2493 1622 moveatur
2521 1548 2618 1622 ad
2646 1548 3153 1645 credendum,
3216 1551 3341 1626 vel
3410 1553 3910 1651 sperandum,

703 1690 777 1756 et
816 1681 1287 1779 hujusmodi,
1324 1682 1520 1757 sicut
1561 1681 1651 1755 ad
1695 1681 2170 1776 diligendum
2207 1679 2502 1781 :Jqu'are
2534 1705 2688 1756 non
2733 1682 2845 1757 sic
2910 1682 3200 1758 dicitur
3273 1685 3916 1761 cha'ritas‘motus

701 1817 820 1891 vel
863 1814 1158 1892 affectio
1193 1814 1470 1889 mentis
1510 1815 1599 1888 ad
1635 1814 2131 1909 credendum,
2166 1817 2288 1889 vel
2331 1816 2829 1914 sperandum,
2864 1817 3068 1892 sicut
3091 1817 3188 1891 ad
3221 1816 3765 1915 diligendum?
3798 1819 3914 1893 Ad

700 1950 905 2047 quod
947 1974 1130 2026 sane
1162 1950 1309 2024 dici
1353 1960 1626 2048 potest,
1671 1951 1854 2047 quia
1893 1950 2195 2047 aliquos
2234 1961 2452 2025 actus
2492 1961 2720 2049 atque
2763 1960 3021 2027 motus
3096 1951 3476 2026 virtutum
3553 1963 3915 2052 operatur

700 2084 1060 2179 chorium,
1098 2084 1169 2158 id
1210 2096 1351 2173 est,
1384 2083 1715 2182 Spiritus
1753 2075 2066 2159 sanc'tus
2098 2080 2616 2160 mediantibus
2645 2085 3063 2161 virtutibus
3089 2107 3425 2184 quarum
3453 2096 3671 2161 actus
3701 2096 3908 2181 sunt,

704 2228 962 2318 utpote
994 2229 1243 2294 actum
1279 2219 1485 2314 fidei,
1515 2220 1584 2293 id
1618 2229 1757 2308 est,
1788 2219 2099 2297 credere
2131 2217 2279 2296 tide
2313 2220 2593 2314 media,
2619 2232 2695 2296 et
2717 2232 2741 2269 ⁸
2769 2230 3028 2296 actum
3069 2219 3268 2320 spei,
3305 2219 3379 2295 id
3409 2231 3556 2315 est,
3599 2244 3909 2320 sperare

709 2356 959 2431 media
996 2380 1156 2455 spe.
1205 2357 1352 2429 Per
1401 2353 1627 2431 tidem
1692 2355 1895 2431 enim
1948 2365 2023 2431 et
2082 2378 2296 2454 spem
2359 2355 2768 2455 przedictos
2829 2364 3200 2455 operatur
3238 2364 3459 2430 actus
3492 2379 3509 2430 ε
3546 2354 3911 2452 diligendi

702 2502 1167 2568 veruactum
1213 2517 1350 2590 per
1379 2517 1460 2568 se
1504 2503 1828 2587 tantum,
1863 2492 2032 2568 sine
2072 2491 2404 2589 alicujus
2444 2491 2755 2567 virtutis
2794 2490 3050 2567 medio
3092 2497 3490 2592 operat-ur,
3528 2489 3599 2563 id
3641 2499 3781 2583 est,
3817 2488 3921 2562 di-

705 2627 968 2724 ligere.
998 2626 1239 2702 Aliter
1275 2651 1459 2722 ergo
1502 2630 1708 2701 hunc
1739 2636 1991 2700 actum
2035 2635 2398 2724 operatur
2429 2648 2664 2724 quam
2712 2625 2908 2701 alios
2946 2623 3323 2700 virtutum
3391 2633 3638 2699 actus.
3711 2623 3916 2698 Ideo·

706 2787 857 2862 que
897 2761 1334 2838 differenter
1360 2763 1453 2838 ‹le
1498 2765 1641 2836 hoc
1671 2773 1745 2836 et
1782 2761 1876 2837 de
1916 2760 2088 2836 aliis
2118 2760 2463 2860 loquitur
2519 2760 2940 2860 Scriptura,
2972 2782 3153 2859 qure
3210 2759 3446 2836 istum
3478 2757 3913 2859 specialiter

709 2897 1059 2972 charitati
1104 2897 1389 2972 tribuit.
1441 2899 1563 2973 list
1595 2920 1779 2993 ergo
1810 2895 2143 2971 charitas
2171 2919 2353 2971 vere
2385 2895 2720 2995 Spiritus
2749 2905 3092 2971 sanctus,
3157 2893 3380 2970 Unde
3435 2891 3920 2992 Augustinus

711 3031 1192 3132 prremissum
1223 3033 1545 3108 verbum
1576 3030 1915 3130 Apostoli
1964 3039 2295 3106 tractans
2336 3030 2410 3104 in
2455 3030 2725 3107 eodem
2755 3029 2954 3105 libro
2982 3033 3029 3117 ⁴,
3061 3027 3516 3105 charitatem
3543 3025 3918 3102 dicitesse

709 3166 1027 3262 bonum,
1071 3190 1225 3267 quo
1268 3166 1372 3243 nil
1417 3167 1694 3244 melius
1731 3177 1894 3243 est:
1939 3175 2013 3241 et
2054 3190 2190 3266 per
2231 3168 2374 3242 hoc
2408 3165 2651 3266 ipsam
2684 3187 2857 3242 esse
2888 3163 3140 3241 Deum
3174 3160 3564 3262 significat
3600 3161 3910 3239 dicens:

710 3301 790 3375 si
862 3303 1075 3377 nulla
1110 3326 1228 3377 res
1267 3303 1364 3377 ab
1391 3303 1558 3400 ejus
1588 3301 1954 3378 charitate
1996 3326 2138 3377 nos
2202 3311 2510 3401 separat
2537 3293 2588 3395 ⁵,
2623 3301 2810 3400 quid
2878 3323 3049 3377 esse
3083 3322 3240 3375 non
3275 3299 3530 3374 solum
3610 3297 3909 3390 melius,

707 3436 838 3512 sed
872 3420 1099 3514 etiam
1132 3436 1416 3512 certius
1448 3439 1591 3512 hoc
1630 3436 1832 3511 bono
1860 3436 2389 3535 potest?l·lcce
2441 3435 2651 3530 dicit,
2711 3433 2897 3534 quia
2936 3432 3316 3510 charitate
3382 3430 3574 3506 nihil
3638 3431 3916 3507 melius

709 3583 850 3647 est.
885 3573 1233 3647 Charitas
1272 3596 1456 3669 ergo
1495 3571 1827 3671 Spiritus
1855 3581 1972 3646 est
2009 3571 2138 3672 qui
2183 3571 2394 3648 Deus
2424 3580 2568 3662 est,
2612 3580 2687 3645 et
2715 3569 3008 3645 donum
3041 3567 3183 3644 Dei
3225 3566 3391 3643 sive
3442 3565 3747 3642 datum:
3784 3566 3913 3665 qui

711 3707 982 3781 dividit
1023 3706 1350 3801 singulis
1385 3706 1740 3782 thlelihus
1771 3706 1998 3795 dona,
2036 3729 2174 3782 nec
2219 3705 2379 3805 ipse
2438 3704 2836 3798 dividitur,
2916 3700 3052 3778 sed
3135 3700 3519 3776 indivisus
3592 3699 3921 3796 singulis

709 3845 959 3918 «latur.
995 3842 1210 3916 Unde
1253 3844 1729 3936 Augustinus
1774 3843 1898 3918 ubi
1937 3844 2280 3917 Jounnes
2311 3842 2522 3935 dicit,
2560 3864 2710 3914 non
2746 3838 2839 3913 ad
2887 3860 3332 3913 mensuram
3386 3834 3690 3909 Christo
3751 3834 3912 3907 (lari

709 3978 1092 4078 spiritum,
1135 3977 1233 4050 ait
1274 3977 1637 4051 :th-vteris
1679 4001 1859 4052 vero
1888 3977 2277 4060 dividitur,
2314 4000 2464 4050 non
2509 3974 2822 4073 quidem
2859 3972 3021 4070 ipse
3081 3969 3449 4070 Spiritum,
3511 3969 3640 4042 sm!
3711 3969 3912 4044 dona

710 4114 774 4211 ej
790 4138 879 4187 us
906 4139 957 4186 ο.

778 4450 794 4484 ¹
826 4448 1087 4521 Sapieut.
1124 4463 1237 4510 vm.
1277 4454 1293 4501 t
1333 4465 1345 4502 :
1387 4452 1626 4519 ‚tttinw't
1655 4466 1688 4502 α
1716 4452 1824 4517 nne
1863 4465 2031 4518 usque
2058 4449 2132 4502 ao!
2152 4451 2311 4516 tinem
2341 4450 2591 4518 sortiter.
2622 4455 2735 4504 otc.

776 4542 798 4576 2
830 4539 848 4595 l
879 4537 953 4593 ad
983 4538 1386 4610 C‹›rintln.{xn,
1425 4543 1477 4593 tt
1512 4556 1524 4594 :
1561 4541 1684 4593 lla-c
1702 4541 1889 4593 omnia
1918 4545 2178 4609 «operatur
2207 4554 2349 4594 uuam
2368 4546 2537 4609 atque
2567 4538 2707 4593 idem
2741 4539 3004 4611 Spiritus,
3035 4538 3292 4595 ‹ut-idem
3320 4534 3559 4602 sinuatis
3583 4538 3751 4604 prout
3782 4531 3916 4587 ruit.

781 4628 804 4663 ³
835 4626 987 4684 Edit.
1017 4627 1183 4683 Joau.
1216 4628 1540 4694 Alleaume.
1573 4636 1631 4682 ut

780 4717 802 4751 ⁴
831 4718 889 4770 S.
931 4718 1303 4785 Aeneam-³,
1339 4717 1458 4771 Lib.
1491 4717 1563 4772 d··
1592 4716 1845 4772 Moribus
1876 4715 2151 4772 Ecclesia»
2182 4716 2674 4790 catliolicae,1rap.
2707 4718 2763 4772 8.

779 4809 802 4844 ⁸
832 4807 917 4863 Ad
951 4809 1194 4863 Roman.
1230 4825 1342 4873 vm,
1375 4810 1475 4862 35:
1517 4807 1806 4881 Quis-‘eruo
1834 4823 1931 4862 nos
1959 4807 2300 4882 separabit-'a
2327 4808 2602 4865 charitate
2630 4807 2837 4863 Christi
2865 4808 2894 4865 ‘2

771 4896 797 4932 ⁰
834 4898 890 4951 S.
926 4899 1293 4961 Acccsrnxcs.
1325 4901 1512 4970 Super
1539 4899 1846 4965 Jnnnmmn,
1878 4899 2069 4953 Tract.
2107 4899 2191 4953 ¹4.
