<?xml version="1.0" encoding="UTF-8"?>
<!DOCTYPE html PUBLIC "-//W3C//DTD XHTML 1.0 Transitional//EN"
    "http://www.w3.org/TR/xhtml1/DTD/xhtml1-transitional.dtd">
<html xmlns="http://www.w3.org/1999/xhtml" xml:lang="en" lang="en">
 <head>
  <title>
</title>
<meta http-equiv="Content-Type" content="text/html;charset=utf-8" />
  <meta name='ocr-system' content='tesseract 3.04.00' />
  <meta name='ocr-capabilities' content='ocr_page ocr_carea ocr_par ocr_line ocrx_word'/>
</head>
<body>
  <div class='ocr_page' id='page_1' title='image "balbertimagnira03chgoog_0527.png"; bbox 0 0 4897 6388; ppageno 0'>
   <div class='ocr_carea' id='block_1_1' title="bbox 1780 262 4270 350">
    <p class='ocr_par' dir='ltr' id='par_1_1' title="bbox 1780 262 4270 350">
     <span class='ocr_line' id='line_1_1' title="bbox 1780 262 4270 350; baseline 0 -20"><span class='ocrx_word' id='word_1_1' title='bbox 1780 263 1873 330; x_wconf 91' lang='lat' dir='ltr'>IN</span> <span class='ocrx_word' id='word_1_2' title='bbox 1922 264 1951 331; x_wconf 96' lang='lat' dir='ltr'><strong>I</strong></span> <span class='ocrx_word' id='word_1_3' title='bbox 2003 263 2429 350; x_wconf 83' lang='lat' dir='ltr'><strong>SENTENT.</strong></span> <span class='ocrx_word' id='word_1_4' title='bbox 2483 262 2712 332; x_wconf 88' lang='lat' dir='ltr'><strong>DIST.</strong></span> <span class='ocrx_word' id='word_1_5' title='bbox 2766 264 3024 347; x_wconf 89' lang='lat' dir='ltr'><strong>XVIII,</strong></span> <span class='ocrx_word' id='word_1_6' title='bbox 3076 267 3149 346; x_wconf 89' lang='lat' dir='ltr'>F,</span> <span class='ocrx_word' id='word_1_7' title='bbox 3195 267 3391 334; x_wconf 83' lang='lat' dir='ltr'><strong>ART.</strong></span> <span class='ocrx_word' id='word_1_8' title='bbox 3438 268 3523 335; x_wconf 68' lang='lat'>4-</span> <span class='ocrx_word' id='word_1_9' title='bbox 4144 266 4270 333; x_wconf 76' lang='lat'>497</span> 
     </span>
    </p>
   </div>
   <div class='ocr_carea' id='block_1_2' title="bbox 1044 389 4272 801">
    <p class='ocr_par' dir='ltr' id='par_1_2' title="bbox 1044 389 4272 801">
     <span class='ocr_line' id='line_1_2' title="bbox 1044 389 4272 534; baseline 0.003 -35"><span class='ocrx_word' id='word_1_10' title='bbox 1044 389 1212 501; x_wconf 57' lang='lat' dir='ltr'>ium</span> <span class='ocrx_word' id='word_1_11' title='bbox 1255 441 1299 499; x_wconf 90' lang='lat'>¹.</span> <span class='ocrx_word' id='word_1_12' title='bbox 1340 428 1479 504; x_wconf 91' lang='lat' dir='ltr'>His</span> <span class='ocrx_word' id='word_1_13' title='bbox 1510 433 1771 507; x_wconf 84' lang='lat' dir='ltr'>verbis</span> <span class='ocrx_word' id='word_1_14' title='bbox 1803 444 2062 531; x_wconf 82' lang='lat' dir='ltr'>aperte</span> <span class='ocrx_word' id='word_1_15' title='bbox 2104 434 2564 528; x_wconf 79' lang='lat' dir='ltr'><strong>ostenditur,</strong></span> <span class='ocrx_word' id='word_1_16' title='bbox 2611 434 2821 531; x_wconf 89' lang='lat' dir='ltr'>quod</span> <span class='ocrx_word' id='word_1_17' title='bbox 2862 397 3062 509; x_wconf 21' lang='lat' dir='ltr'>sicu-t</span> <span class='ocrx_word' id='word_1_18' title='bbox 3109 393 3441 534; x_wconf 71' lang='lat' dir='ltr'>spiritus</span> <span class='ocrx_word' id='word_1_19' title='bbox 3482 443 3798 510; x_wconf 79' lang='lat' dir='ltr'>sanctus</span> <span class='ocrx_word' id='word_1_20' title='bbox 3845 434 3939 508; x_wconf 83' lang='lat' dir='ltr'>ab</span> <span class='ocrx_word' id='word_1_21' title='bbox 3982 444 4272 509; x_wconf 78' lang='lat' dir='ltr'>aeterno</span> 
     </span>
     <span class='ocr_line' id='line_1_3' title="bbox 1050 544 4269 668; baseline 0.002 -32"><span class='ocrx_word' id='word_1_22' title='bbox 1050 566 1415 661; x_wconf 83' lang='lat' dir='ltr'>procedit,</span> <span class='ocrx_word' id='word_1_23' title='bbox 1459 567 1565 640; x_wconf 81' lang='lat' dir='ltr'>ita</span> <span class='ocrx_word' id='word_1_24' title='bbox 1606 568 1701 642; x_wconf 84' lang='lat' dir='ltr'>ab</span> <span class='ocrx_word' id='word_1_25' title='bbox 1735 579 2024 643; x_wconf 77' lang='lat' dir='ltr'>aeterno</span> <span class='ocrx_word' id='word_1_26' title='bbox 2058 569 2349 643; x_wconf 90' lang='lat' dir='ltr'>donum</span> <span class='ocrx_word' id='word_1_27' title='bbox 2394 579 2561 645; x_wconf 90' lang='lat' dir='ltr'>est:</span> <span class='ocrx_word' id='word_1_28' title='bbox 2610 594 2766 644; x_wconf 92' lang='lat' dir='ltr'>non</span> <span class='ocrx_word' id='word_1_29' title='bbox 2811 571 2997 668; x_wconf 81' lang='lat' dir='ltr'>quia</span> <span class='ocrx_word' id='word_1_30' title='bbox 3039 570 3455 646; x_wconf 81' lang='lat' dir='ltr'>donaretur</span> <span class='ocrx_word' id='word_1_31' title='bbox 3508 594 3551 644; x_wconf 82' lang='lat' dir='ltr'>a</span> <span class='ocrx_word' id='word_1_32' title='bbox 3606 571 3830 644; x_wconf 83' lang='lat' dir='ltr'>Patre</span> <span class='ocrx_word' id='word_1_33' title='bbox 3876 544 4122 662; x_wconf 84' lang='lat' dir='ltr'>Filio,</span> <span class='ocrx_word' id='word_1_34' title='bbox 4150 572 4269 643; x_wconf 85' lang='lat' dir='ltr'>vel</span> 
     </span>
     <span class='ocr_line' id='line_1_4' title="bbox 1049 686 4053 801; baseline 0.002 -30"><span class='ocrx_word' id='word_1_35' title='bbox 1049 720 1092 771; x_wconf 84' lang='lat' dir='ltr'>a</span> <span class='ocrx_word' id='word_1_36' title='bbox 1135 698 1323 772; x_wconf 88' lang='lat' dir='ltr'>Filio</span> <span class='ocrx_word' id='word_1_37' title='bbox 1367 699 1599 785; x_wconf 79' lang='lat' dir='ltr'>Patri,</span> <span class='ocrx_word' id='word_1_38' title='bbox 1634 700 1768 774; x_wconf 89' lang='lat' dir='ltr'>sed</span> <span class='ocrx_word' id='word_1_39' title='bbox 1801 700 1985 798; x_wconf 80' lang='lat' dir='ltr'>quia</span> <span class='ocrx_word' id='word_1_40' title='bbox 2025 702 2121 777; x_wconf 77' lang='lat' dir='ltr'>ab</span> <span class='ocrx_word' id='word_1_41' title='bbox 2155 713 2446 777; x_wconf 82' lang='lat' dir='ltr'>aete1·no</span> <span class='ocrx_word' id='word_1_42' title='bbox 2490 703 2864 801; x_wconf 84' lang='lat' dir='ltr'>processit</span> <span class='ocrx_word' id='word_1_43' title='bbox 2909 704 3315 778; x_wconf 80' lang='lat' dir='ltr'>donabilis.</span> <span class='ocrx_word' id='word_1_44' title='bbox 4042 686 4053 696; x_wconf 48' lang='lat'><em>⁶</em></span> 
     </span>
    </p>
   </div>
   <div class='ocr_carea' id='block_1_3' title="bbox 2048 1225 3327 1347">
    <p class='ocr_par' dir='ltr' id='par_1_3' title="bbox 2048 1225 3327 1347">
     <span class='ocr_line' id='line_1_5' title="bbox 2048 1225 3327 1347; baseline 0.001 -47"><span class='ocrx_word' id='word_1_45' title='bbox 2048 1227 2130 1300; x_wconf 91' lang='lat' dir='ltr'>F.</span> <span class='ocrx_word' id='word_1_46' title='bbox 2183 1225 2603 1320; x_wconf 72' lang='lat' dir='ltr'>Qaoerilm,</span> <span class='ocrx_word' id='word_1_47' title='bbox 2654 1226 2809 1347; x_wconf 21' lang='lat' dir='ltr'>Cetei</span> <span class='ocrx_word' id='word_1_48' title='bbox 2842 1227 3283 1302; x_wconf 72' lang='lat' dir='ltr'>donabilis?</span> <span class='ocrx_word' id='word_1_49' title='bbox 3322 1260 3327 1266; x_wconf 54' lang='grc'><em>’</em></span> 
     </span>
    </p>
   </div>
   <div class='ocr_carea' id='block_1_4' title="bbox 1040 1568 4277 3704">
    <p class='ocr_par' dir='ltr' id='par_1_4' title="bbox 1040 1568 4277 3704">
     <span class='ocr_line' id='line_1_6' title="bbox 1147 1568 4269 1670; baseline 0.001 -26"><span class='ocrx_word' id='word_1_50' title='bbox 1147 1568 1298 1659; x_wconf 72' lang='lat' dir='ltr'>Sed</span> <span class='ocrx_word' id='word_1_51' title='bbox 1339 1570 1745 1666; x_wconf 64' lang='lat' dir='ltr'>quaeritur,</span> <span class='ocrx_word' id='word_1_52' title='bbox 1781 1570 1919 1645; x_wconf 91' lang='lat' dir='ltr'>Cui</span> <span class='ocrx_word' id='word_1_53' title='bbox 1954 1569 2336 1645; x_wconf 83' lang='lat' dir='ltr'>donabilis</span> <span class='ocrx_word' id='word_1_54' title='bbox 2381 1593 2396 1644; x_wconf 93' lang='lat'>:</span> <span class='ocrx_word' id='word_1_55' title='bbox 2454 1578 2711 1643; x_wconf 89' lang='lat' dir='ltr'>utrum</span> <span class='ocrx_word' id='word_1_56' title='bbox 2756 1569 2965 1643; x_wconf 81' lang='lat' dir='ltr'>Patri</span> <span class='ocrx_word' id='word_1_57' title='bbox 3007 1579 3082 1645; x_wconf 86' lang='lat' dir='ltr'>et</span> <span class='ocrx_word' id='word_1_58' title='bbox 3118 1569 3333 1656; x_wconf 90' lang='lat' dir='ltr'>Filio,</span> <span class='ocrx_word' id='word_1_59' title='bbox 3366 1594 3465 1645; x_wconf 82' lang='lat' dir='ltr'>an</span> <span class='ocrx_word' id='word_1_60' title='bbox 3515 1578 3813 1645; x_wconf 83' lang='lat' dir='ltr'>tantum</span> <span class='ocrx_word' id='word_1_61' title='bbox 3860 1571 4082 1647; x_wconf 86' lang='lat' dir='ltr'>nobis</span> <span class='ocrx_word' id='word_1_62' title='bbox 4135 1572 4269 1670; x_wconf 88' lang='lat' dir='ltr'>qui</span> 
     </span>
     <span class='ocr_line' id='line_1_7' title="bbox 1049 1704 4277 1800; baseline 0.002 -24"><span class='ocrx_word' id='word_1_63' title='bbox 1049 1704 1395 1779; x_wconf 76' lang='lat' dir='ltr'>nonduin</span> <span class='ocrx_word' id='word_1_64' title='bbox 1428 1729 1742 1782; x_wconf 84' lang='lat' dir='ltr'>eramus</span> <span class='ocrx_word' id='word_1_65' title='bbox 1767 1705 1807 1778; x_wconf 73' lang='lat'>‘2</span> <span class='ocrx_word' id='word_1_66' title='bbox 1833 1706 1911 1781; x_wconf 85' lang='lat' dir='ltr'>Si</span> <span class='ocrx_word' id='word_1_67' title='bbox 1945 1715 2203 1782; x_wconf 82' lang='lat' dir='ltr'>autem</span> <span class='ocrx_word' id='word_1_68' title='bbox 2246 1729 2401 1779; x_wconf 89' lang='lat' dir='ltr'>non</span> <span class='ocrx_word' id='word_1_69' title='bbox 2436 1714 2602 1780; x_wconf 84' lang='lat' dir='ltr'>erat</span> <span class='ocrx_word' id='word_1_70' title='bbox 2632 1704 3018 1780; x_wconf 81' lang='lat' dir='ltr'>donabilis</span> <span class='ocrx_word' id='word_1_71' title='bbox 3045 1704 3251 1780; x_wconf 81' lang='lat' dir='ltr'>Patri</span> <span class='ocrx_word' id='word_1_72' title='bbox 3284 1713 3360 1780; x_wconf 87' lang='lat' dir='ltr'>et</span> <span class='ocrx_word' id='word_1_73' title='bbox 3399 1705 3616 1800; x_wconf 84' lang='lat' dir='ltr'>Filio,</span> <span class='ocrx_word' id='word_1_74' title='bbox 3649 1706 3784 1781; x_wconf 92' lang='lat' dir='ltr'>sed</span> <span class='ocrx_word' id='word_1_75' title='bbox 3814 1716 4113 1782; x_wconf 85' lang='lat' dir='ltr'>tantum</span> <span class='ocrx_word' id='word_1_76' title='bbox 4144 1732 4277 1782; x_wconf 91' lang='lat' dir='ltr'>no-</span> 
     </span>
     <span class='ocr_line' id='line_1_8' title="bbox 1046 1840 4268 1942; baseline 0.001 -26"><span class='ocrx_word' id='word_1_77' title='bbox 1046 1840 1193 1935; x_wconf 88' lang='lat' dir='ltr'>bis,</span> <span class='ocrx_word' id='word_1_78' title='bbox 1229 1851 1304 1916; x_wconf 88' lang='lat' dir='ltr'>et</span> <span class='ocrx_word' id='word_1_79' title='bbox 1341 1866 1434 1918; x_wconf 82' lang='lat' dir='ltr'>ex</span> <span class='ocrx_word' id='word_1_80' title='bbox 1467 1866 1558 1917; x_wconf 92' lang='lat' dir='ltr'>eo</span> <span class='ocrx_word' id='word_1_81' title='bbox 1600 1843 1891 1917; x_wconf 88' lang='lat' dir='ltr'>donum</span> <span class='ocrx_word' id='word_1_82' title='bbox 1926 1852 2112 1933; x_wconf 78' lang='lat' dir='ltr'>erat,</span> <span class='ocrx_word' id='word_1_83' title='bbox 2148 1842 2334 1940; x_wconf 83' lang='lat' dir='ltr'>quia</span> <span class='ocrx_word' id='word_1_84' title='bbox 2363 1841 2475 1917; x_wconf 86' lang='lat' dir='ltr'>sie</span> <span class='ocrx_word' id='word_1_85' title='bbox 2506 1841 2896 1917; x_wconf 83' lang='lat' dir='ltr'>donabilis</span> <span class='ocrx_word' id='word_1_86' title='bbox 2935 1841 3425 1940; x_wconf 80' lang='lat' dir='ltr'>procedebat,</span> <span class='ocrx_word' id='word_1_87' title='bbox 3455 1842 3762 1919; x_wconf 85' lang='lat' dir='ltr'>videtur</span> <span class='ocrx_word' id='word_1_88' title='bbox 3791 1845 3996 1942; x_wconf 91' lang='lat' dir='ltr'>quod</span> <span class='ocrx_word' id='word_1_89' title='bbox 4027 1844 4268 1920; x_wconf 90' lang='lat' dir='ltr'>Filius</span> 
     </span>
     <span class='ocr_line' id='line_1_9' title="bbox 1046 1977 4266 2078; baseline 0.001 -27"><span class='ocrx_word' id='word_1_90' title='bbox 1046 2000 1355 2076; x_wconf 86' lang='lat' dir='ltr'>semper</span> <span class='ocrx_word' id='word_1_91' title='bbox 1394 1978 1664 2054; x_wconf 83' lang='lat' dir='ltr'>eadem</span> <span class='ocrx_word' id='word_1_92' title='bbox 1706 1979 2000 2054; x_wconf 84' lang='lat' dir='ltr'>ratione</span> <span class='ocrx_word' id='word_1_93' title='bbox 2042 1979 2333 2053; x_wconf 91' lang='lat' dir='ltr'>donum</span> <span class='ocrx_word' id='word_1_94' title='bbox 2375 1978 2630 2073; x_wconf 83' lang='lat' dir='ltr'>suerit,</span> <span class='ocrx_word' id='word_1_95' title='bbox 2676 1977 2863 2077; x_wconf 85' lang='lat' dir='ltr'>quia</span> <span class='ocrx_word' id='word_1_96' title='bbox 2893 1978 2989 2053; x_wconf 83' lang='lat' dir='ltr'>ab</span> <span class='ocrx_word' id='word_1_97' title='bbox 3031 1989 3324 2054; x_wconf 78' lang='lat' dir='ltr'>aeterno</span> <span class='ocrx_word' id='word_1_98' title='bbox 3368 1981 3738 2078; x_wconf 87' lang='lat' dir='ltr'>processit</span> <span class='ocrx_word' id='word_1_99' title='bbox 3766 2003 3810 2055; x_wconf 89' lang='lat' dir='ltr'>a</span> <span class='ocrx_word' id='word_1_100' title='bbox 3850 1980 4075 2056; x_wconf 85' lang='lat' dir='ltr'>Patre</span> <span class='ocrx_word' id='word_1_101' title='bbox 4123 1981 4266 2056; x_wconf 91' lang='lat' dir='ltr'>do-</span> 
     </span>
     <span class='ocr_line' id='line_1_10' title="bbox 1047 2110 4256 2213; baseline 0.002 -28"><span class='ocrx_word' id='word_1_102' title='bbox 1047 2112 1329 2187; x_wconf 76' lang='lat' dir='ltr'>nabilis</span> <span class='ocrx_word' id='word_1_103' title='bbox 1369 2112 1593 2189; x_wconf 89' lang='lat' dir='ltr'>nobis</span> <span class='ocrx_word' id='word_1_104' title='bbox 1635 2112 1712 2188; x_wconf 93' lang='lat' dir='ltr'>in</span> <span class='ocrx_word' id='word_1_105' title='bbox 1757 2123 2098 2212; x_wconf 86' lang='lat' dir='ltr'>tempore</span> <span class='ocrx_word' id='word_1_106' title='bbox 2144 2137 2160 2188; x_wconf 74' lang='grc' dir='ltr'>ε</span> <span class='ocrx_word' id='word_1_107' title='bbox 2208 2136 2382 2188; x_wconf 83' lang='lat' dir='ltr'>nam</span> <span class='ocrx_word' id='word_1_108' title='bbox 2441 2120 2516 2188; x_wconf 92' lang='lat' dir='ltr'>et</span> <span class='ocrx_word' id='word_1_109' title='bbox 2556 2112 2650 2187; x_wconf 92' lang='lat' dir='ltr'>de</span> <span class='ocrx_word' id='word_1_110' title='bbox 2715 2112 2906 2188; x_wconf 89' lang='lat' dir='ltr'>Filio</span> <span class='ocrx_word' id='word_1_111' title='bbox 2941 2113 3247 2210; x_wconf 84' lang='lat' dir='ltr'>legitur,</span> <span class='ocrx_word' id='word_1_112' title='bbox 3281 2113 3487 2213; x_wconf 90' lang='lat' dir='ltr'>quod</span> <span class='ocrx_word' id='word_1_113' title='bbox 3537 2114 3761 2189; x_wconf 82' lang='lat' dir='ltr'>datus</span> <span class='ocrx_word' id='word_1_114' title='bbox 3800 2123 3917 2190; x_wconf 89' lang='lat' dir='ltr'>est</span> <span class='ocrx_word' id='word_1_115' title='bbox 3948 2114 4170 2191; x_wconf 87' lang='lat' dir='ltr'>nobis</span> <span class='ocrx_word' id='word_1_116' title='bbox 4208 2110 4256 2189; x_wconf 84' lang='lat'>².</span> 
     </span>
     <span class='ocr_line' id='line_1_11' title="bbox 1044 2247 4261 2348; baseline 0.001 -26"><span class='ocrx_word' id='word_1_117' title='bbox 1044 2248 1157 2322; x_wconf 78' lang='lat' dir='ltr'>Ad</span> <span class='ocrx_word' id='word_1_118' title='bbox 1198 2247 1403 2346; x_wconf 90' lang='lat' dir='ltr'>quod</span> <span class='ocrx_word' id='word_1_119' title='bbox 1437 2248 1797 2343; x_wconf 80' lang='lat' dir='ltr'>dicimuS,</span> <span class='ocrx_word' id='word_1_120' title='bbox 1834 2249 2019 2347; x_wconf 78' lang='lat' dir='ltr'>quia</span> <span class='ocrx_word' id='word_1_121' title='bbox 2050 2248 2385 2348; x_wconf 82' lang='lat' dir='ltr'><strong>Spiritus</strong></span> <span class='ocrx_word' id='word_1_122' title='bbox 2424 2257 2743 2323; x_wconf 84' lang='lat' dir='ltr'>sanctus</span> <span class='ocrx_word' id='word_1_123' title='bbox 2797 2247 3024 2324; x_wconf 89' lang='lat' dir='ltr'>nobis</span> <span class='ocrx_word' id='word_1_124' title='bbox 3086 2258 3409 2344; x_wconf 78' lang='lat' dir='ltr'>tantum,</span> <span class='ocrx_word' id='word_1_125' title='bbox 3469 2273 3624 2324; x_wconf 90' lang='lat' dir='ltr'>non</span> <span class='ocrx_word' id='word_1_126' title='bbox 3669 2249 3875 2325; x_wconf 83' lang='lat' dir='ltr'>Patri</span> <span class='ocrx_word' id='word_1_127' title='bbox 3915 2252 4038 2325; x_wconf 82' lang='lat' dir='ltr'>vel</span> <span class='ocrx_word' id='word_1_128' title='bbox 4069 2250 4261 2325; x_wconf 89' lang='lat' dir='ltr'>Filio</span> 
     </span>
     <span class='ocr_line' id='line_1_12' title="bbox 1045 2383 4267 2485; baseline 0.002 -29"><span class='ocrx_word' id='word_1_129' title='bbox 1045 2385 1429 2459; x_wconf 68' lang='lat' dir='ltr'>donabitis</span> <span class='ocrx_word' id='word_1_130' title='bbox 1469 2386 1869 2485; x_wconf 85' lang='lat' dir='ltr'>processit,</span> <span class='ocrx_word' id='word_1_131' title='bbox 1901 2386 2101 2461; x_wconf 88' lang='lat' dir='ltr'>sicut</span> <span class='ocrx_word' id='word_1_132' title='bbox 2129 2394 2206 2461; x_wconf 88' lang='lat' dir='ltr'>et</span> <span class='ocrx_word' id='word_1_133' title='bbox 2247 2384 2797 2459; x_wconf 79' lang='lat' dir='ltr'>nobistantum</span> <span class='ocrx_word' id='word_1_134' title='bbox 2838 2383 3067 2459; x_wconf 85' lang='lat' dir='ltr'>datus</span> <span class='ocrx_word' id='word_1_135' title='bbox 3104 2395 3245 2460; x_wconf 88' lang='lat' dir='ltr'>est.</span> <span class='ocrx_word' id='word_1_136' title='bbox 3285 2387 3378 2460; x_wconf 89' lang='lat' dir='ltr'>Et</span> <span class='ocrx_word' id='word_1_137' title='bbox 3418 2384 3654 2460; x_wconf 89' lang='lat' dir='ltr'>Filius</span> <span class='ocrx_word' id='word_1_138' title='bbox 3684 2407 3865 2461; x_wconf 85' lang='lat' dir='ltr'>vere</span> <span class='ocrx_word' id='word_1_139' title='bbox 3905 2386 4130 2461; x_wconf 87' lang='lat' dir='ltr'>datus</span> <span class='ocrx_word' id='word_1_140' title='bbox 4150 2395 4267 2461; x_wconf 90' lang='lat' dir='ltr'>est</span> 
     </span>
     <span class='ocr_line' id='line_1_13' title="bbox 1046 2518 4271 2619; baseline 0.001 -27"><span class='ocrx_word' id='word_1_141' title='bbox 1046 2518 1295 2613; x_wconf 87' lang='lat' dir='ltr'>nohis,</span> <span class='ocrx_word' id='word_1_142' title='bbox 1342 2529 1414 2594; x_wconf 92' lang='lat' dir='ltr'>et</span> <span class='ocrx_word' id='word_1_143' title='bbox 1455 2519 1552 2594; x_wconf 85' lang='lat' dir='ltr'>ab</span> <span class='ocrx_word' id='word_1_144' title='bbox 1585 2529 1877 2596; x_wconf 63' lang='lat' dir='ltr'>auterno</span> <span class='ocrx_word' id='word_1_145' title='bbox 1919 2518 2295 2619; x_wconf 83' lang='lat' dir='ltr'>processit</span> <span class='ocrx_word' id='word_1_146' title='bbox 2334 2544 2378 2594; x_wconf 83' lang='lat' dir='ltr'>a</span> <span class='ocrx_word' id='word_1_147' title='bbox 2425 2518 2686 2613; x_wconf 87' lang='lat' dir='ltr'>Patre,</span> <span class='ocrx_word' id='word_1_148' title='bbox 2738 2541 2897 2593; x_wconf 88' lang='lat' dir='ltr'>non</span> <span class='ocrx_word' id='word_1_149' title='bbox 2933 2529 3014 2593; x_wconf 92' lang='lat' dir='ltr'>ut</span> <span class='ocrx_word' id='word_1_150' title='bbox 3064 2518 3450 2593; x_wconf 78' lang='lat' dir='ltr'>donabilis</span> <span class='ocrx_word' id='word_1_151' title='bbox 3490 2529 3814 2608; x_wconf 82' lang='lat' dir='ltr'>tantum,</span> <span class='ocrx_word' id='word_1_152' title='bbox 3859 2520 3993 2595; x_wconf 89' lang='lat' dir='ltr'>sed</span> <span class='ocrx_word' id='word_1_153' title='bbox 4029 2529 4108 2594; x_wconf 92' lang='lat' dir='ltr'>ut</span> <span class='ocrx_word' id='word_1_154' title='bbox 4146 2544 4271 2616; x_wconf 85' lang='lat' dir='ltr'>ge·</span> 
     </span>
     <span class='ocr_line' id='line_1_14' title="bbox 1046 2652 4269 2754; baseline 0.001 -29"><span class='ocrx_word' id='word_1_155' title='bbox 1046 2653 1254 2728; x_wconf 88' lang='lat' dir='ltr'>nitus</span> <span class='ocrx_word' id='word_1_156' title='bbox 1293 2653 1423 2751; x_wconf 91' lang='lat' dir='ltr'>qui</span> <span class='ocrx_word' id='word_1_157' title='bbox 1467 2662 1544 2729; x_wconf 89' lang='lat' dir='ltr'>et</span> <span class='ocrx_word' id='word_1_158' title='bbox 1581 2654 1854 2729; x_wconf 82' lang='lat' dir='ltr'>donari</span> <span class='ocrx_word' id='word_1_159' title='bbox 1886 2664 2170 2754; x_wconf 86' lang='lat' dir='ltr'>posset.</span> <span class='ocrx_word' id='word_1_160' title='bbox 2210 2652 2597 2730; x_wconf 77' lang='lat' dir='ltr'>Processit</span> <span class='ocrx_word' id='word_1_161' title='bbox 2628 2676 2813 2751; x_wconf 81' lang='lat' dir='ltr'>ergo</span> <span class='ocrx_word' id='word_1_162' title='bbox 2860 2662 2943 2727; x_wconf 98' lang='lat' dir='ltr'>ut</span> <span class='ocrx_word' id='word_1_163' title='bbox 2981 2652 3290 2748; x_wconf 77' lang='lat' dir='ltr'>genitus</span> <span class='ocrx_word' id='word_1_164' title='bbox 3330 2662 3406 2728; x_wconf 92' lang='lat' dir='ltr'>et</span> <span class='ocrx_word' id='word_1_165' title='bbox 3436 2652 3818 2730; x_wconf 82' lang='lat' dir='ltr'>donabilis</span> <span class='ocrx_word' id='word_1_166' title='bbox 3851 2677 3869 2729; x_wconf 74' lang='grc' dir='ltr'><strong><em>ε</em></strong></span> <span class='ocrx_word' id='word_1_167' title='bbox 3916 2654 4044 2729; x_wconf 90' lang='lat' dir='ltr'>sed</span> <span class='ocrx_word' id='word_1_168' title='bbox 4090 2652 4269 2753; x_wconf 89' lang='lat' dir='ltr'>Spi-</span> 
     </span>
     <span class='ocr_line' id='line_1_15' title="bbox 1040 2788 4262 2888; baseline 0.001 -27"><span class='ocrx_word' id='word_1_169' title='bbox 1040 2788 1234 2863; x_wconf 80' lang='lat' dir='ltr'>ritus</span> <span class='ocrx_word' id='word_1_170' title='bbox 1265 2799 1581 2864; x_wconf 83' lang='lat' dir='ltr'>sanctus</span> <span class='ocrx_word' id='word_1_171' title='bbox 1623 2814 1775 2865; x_wconf 91' lang='lat' dir='ltr'>non</span> <span class='ocrx_word' id='word_1_172' title='bbox 1820 2789 2165 2888; x_wconf 82' lang='lat' dir='ltr'>procedit</span> <span class='ocrx_word' id='word_1_173' title='bbox 2198 2799 2278 2864; x_wconf 87' lang='lat' dir='ltr'>ut</span> <span class='ocrx_word' id='word_1_174' title='bbox 2306 2788 2648 2887; x_wconf 83' lang='lat' dir='ltr'>genitus,</span> <span class='ocrx_word' id='word_1_175' title='bbox 2685 2788 2818 2865; x_wconf 88' lang='lat' dir='ltr'>sed</span> <span class='ocrx_word' id='word_1_176' title='bbox 2863 2798 3157 2863; x_wconf 77' lang='lat' dir='ltr'>tantuin</span> <span class='ocrx_word' id='word_1_177' title='bbox 3189 2796 3269 2863; x_wconf 92' lang='lat' dir='ltr'>ut</span> <span class='ocrx_word' id='word_1_178' title='bbox 3307 2788 3623 2863; x_wconf 85' lang='lat' dir='ltr'>donum.</span> <span class='ocrx_word' id='word_1_179' title='bbox 3674 2790 3972 2865; x_wconf 88' lang='lat' dir='ltr'>Donum</span> <span class='ocrx_word' id='word_1_180' title='bbox 4005 2799 4262 2864; x_wconf 88' lang='lat' dir='ltr'>autem</span> 
     </span>
     <span class='ocr_line' id='line_1_16' title="bbox 1040 2902 4265 3026; baseline -0 -27"><span class='ocrx_word' id='word_1_181' title='bbox 1040 2949 1347 3026; x_wconf 84' lang='lat' dir='ltr'>semper</span> <span class='ocrx_word' id='word_1_182' title='bbox 1384 2925 1553 3018; x_wconf 77' lang='lat' dir='ltr'>fuit,</span> <span class='ocrx_word' id='word_1_183' title='bbox 1619 2950 1774 3001; x_wconf 94' lang='lat' dir='ltr'>non</span> <span class='ocrx_word' id='word_1_184' title='bbox 1818 2928 2068 3001; x_wconf 91' lang='lat' dir='ltr'>solum</span> <span class='ocrx_word' id='word_1_185' title='bbox 2111 2925 2298 3025; x_wconf 86' lang='lat' dir='ltr'>quia</span> <span class='ocrx_word' id='word_1_186' title='bbox 2345 2902 2940 3015; x_wconf 79' lang='lat' dir='ltr'>donabilis‚&#39;sed</span> <span class='ocrx_word' id='word_1_187' title='bbox 2997 2924 3181 3023; x_wconf 84' lang='lat' dir='ltr'>quia</span> <span class='ocrx_word' id='word_1_188' title='bbox 3221 2924 3319 2998; x_wconf 87' lang='lat' dir='ltr'>ab</span> <span class='ocrx_word' id='word_1_189' title='bbox 3381 2933 3705 3022; x_wconf 82' lang='lat' dir='ltr'>utroque</span> <span class='ocrx_word' id='word_1_190' title='bbox 3747 2925 4144 3024; x_wconf 87' lang='lat' dir='ltr'>processit,</span> <span class='ocrx_word' id='word_1_191' title='bbox 4189 2933 4265 3001; x_wconf 86' lang='lat' dir='ltr'>et</span> 
     </span>
     <span class='ocr_line' id='line_1_17' title="bbox 1043 3056 4259 3159; baseline 0.001 -26"><span class='ocrx_word' id='word_1_192' title='bbox 1043 3060 1229 3158; x_wconf 74' lang='lat' dir='ltr'>quin</span> <span class='ocrx_word' id='word_1_193' title='bbox 1258 3060 1644 3136; x_wconf 85' lang='lat' dir='ltr'>donabilis</span> <span class='ocrx_word' id='word_1_194' title='bbox 1684 3060 1849 3136; x_wconf 79' lang='lat' dir='ltr'>ruit.</span> <span class='ocrx_word' id='word_1_195' title='bbox 1899 3060 2117 3136; x_wconf 85' lang='lat' dir='ltr'>Unde</span> <span class='ocrx_word' id='word_1_196' title='bbox 2158 3058 2645 3157; x_wconf 78' lang='lat' dir='ltr'>Augustinus</span> <span class='ocrx_word' id='word_1_197' title='bbox 2678 3059 2752 3134; x_wconf 89' lang='lat' dir='ltr'>in</span> <span class='ocrx_word' id='word_1_198' title='bbox 2800 3058 2997 3134; x_wconf 88' lang='lat' dir='ltr'>libro</span> <span class='ocrx_word' id='word_1_199' title='bbox 3030 3056 3095 3130; x_wconf 81' lang='lat' dir='ltr'>V</span> <span class='ocrx_word' id='word_1_200' title='bbox 3134 3058 3228 3134; x_wconf 91' lang='lat' dir='ltr'>de</span> <span class='ocrx_word' id='word_1_201' title='bbox 3276 3057 3651 3135; x_wconf 79' lang='lat' dir='ltr'>Trinitate</span> <span class='ocrx_word' id='word_1_202' title='bbox 3680 3058 3787 3134; x_wconf 82' lang='lat' dir='ltr'>ait</span> <span class='ocrx_word' id='word_1_203' title='bbox 3846 3082 3863 3135; x_wconf 72' lang='grc' dir='ltr'>ε</span> <span class='ocrx_word' id='word_1_204' title='bbox 3931 3061 4038 3134; x_wconf 87' lang='lat' dir='ltr'>Eo</span> <span class='ocrx_word' id='word_1_205' title='bbox 4092 3059 4259 3159; x_wconf 89' lang='lat' dir='ltr'>ipso</span> 
     </span>
     <span class='ocr_line' id='line_1_18' title="bbox 1040 3193 4265 3297; baseline -0.001 -27"><span class='ocrx_word' id='word_1_206' title='bbox 1040 3197 1246 3297; x_wconf 88' lang='lat' dir='ltr'>quod</span> <span class='ocrx_word' id='word_1_207' title='bbox 1280 3197 1606 3273; x_wconf 87' lang='lat' dir='ltr'>daturus</span> <span class='ocrx_word' id='word_1_208' title='bbox 1636 3209 1796 3273; x_wconf 83' lang='lat' dir='ltr'>erat</span> <span class='ocrx_word' id='word_1_209' title='bbox 1839 3221 2015 3273; x_wconf 88' lang='lat' dir='ltr'>eum</span> <span class='ocrx_word' id='word_1_210' title='bbox 2058 3197 2297 3291; x_wconf 80' lang='lat' dir='ltr'>DeuS‚</span> <span class='ocrx_word' id='word_1_211' title='bbox 2317 3194 2483 3293; x_wconf 87' lang='lat' dir='ltr'>jam</span> <span class='ocrx_word' id='word_1_212' title='bbox 2526 3196 2815 3270; x_wconf 88' lang='lat' dir='ltr'>donum</span> <span class='ocrx_word' id='word_1_213' title='bbox 2853 3205 3043 3289; x_wconf 85' lang='lat' dir='ltr'>erat,</span> <span class='ocrx_word' id='word_1_214' title='bbox 3078 3193 3309 3270; x_wconf 86' lang='lat' dir='ltr'>etiam</span> <span class='ocrx_word' id='word_1_215' title='bbox 3351 3204 3763 3294; x_wconf 83' lang='lat' dir='ltr'>antequam</span> <span class='ocrx_word' id='word_1_216' title='bbox 3805 3193 4144 3291; x_wconf 84' lang='lat' dir='ltr'>daretur,</span> <span class='ocrx_word' id='word_1_217' title='bbox 4189 3204 4265 3272; x_wconf 92' lang='lat' dir='ltr'>et</span> 
     </span>
     <span class='ocr_line' id='line_1_19' title="bbox 1042 3329 4259 3429; baseline 0 -23"><span class='ocrx_word' id='word_1_218' title='bbox 1042 3332 1217 3410; x_wconf 89' lang='lat' dir='ltr'>ideo</span> <span class='ocrx_word' id='word_1_219' title='bbox 1249 3333 1637 3409; x_wconf 78' lang='lat' dir='ltr'>donabilis</span> <span class='ocrx_word' id='word_1_220' title='bbox 1666 3343 1835 3408; x_wconf 89' lang='lat' dir='ltr'>est:</span> <span class='ocrx_word' id='word_1_221' title='bbox 1880 3332 2014 3408; x_wconf 87' lang='lat' dir='ltr'>sed</span> <span class='ocrx_word' id='word_1_222' title='bbox 2055 3332 2280 3407; x_wconf 85' lang='lat' dir='ltr'>aliter</span> <span class='ocrx_word' id='word_1_223' title='bbox 2307 3329 2697 3406; x_wconf 84' lang='lat' dir='ltr'>donabilis</span> <span class='ocrx_word' id='word_1_224' title='bbox 2750 3352 2989 3429; x_wconf 84' lang='lat' dir='ltr'>quam</span> <span class='ocrx_word' id='word_1_225' title='bbox 3046 3330 3284 3405; x_wconf 83' lang='lat' dir='ltr'>Filius</span> <span class='ocrx_word' id='word_1_226' title='bbox 3329 3354 3346 3406; x_wconf 90' lang='lat'>:</span> <span class='ocrx_word' id='word_1_227' title='bbox 3395 3354 3572 3403; x_wconf 80' lang='lat' dir='ltr'>nam</span> <span class='ocrx_word' id='word_1_228' title='bbox 3616 3340 3692 3405; x_wconf 95' lang='lat' dir='ltr'>et</span> <span class='ocrx_word' id='word_1_229' title='bbox 3746 3330 3970 3407; x_wconf 85' lang='lat' dir='ltr'>aliter</span> <span class='ocrx_word' id='word_1_230' title='bbox 4005 3331 4259 3426; x_wconf 83' lang='lat' dir='ltr'>datur,</span> 
     </span>
     <span class='ocr_line' id='line_1_20' title="bbox 1041 3436 4268 3568; baseline -0.001 -23"><span class='ocrx_word' id='word_1_231' title='bbox 1041 3479 1114 3545; x_wconf 88' lang='lat' dir='ltr'>et</span> <span class='ocrx_word' id='word_1_232' title='bbox 1152 3469 1376 3544; x_wconf 78' lang='lat' dir='ltr'>aliter</span> <span class='ocrx_word' id='word_1_233' title='bbox 1417 3467 1786 3568; x_wconf 82' lang='lat' dir='ltr'>processit</span> <span class='ocrx_word' id='word_1_234' title='bbox 1820 3492 2050 3566; x_wconf 76' lang='lat' dir='ltr'>qmun</span> <span class='ocrx_word' id='word_1_235' title='bbox 2100 3467 2362 3541; x_wconf 80' lang='lat' dir='ltr'>Filius.</span> <span class='ocrx_word' id='word_1_236' title='bbox 2405 3466 2571 3540; x_wconf 81' lang='lat' dir='ltr'>Filii</span> <span class='ocrx_word' id='word_1_237' title='bbox 2616 3465 2824 3542; x_wconf 88' lang='lat' dir='ltr'>enim</span> <span class='ocrx_word' id='word_1_238' title='bbox 2880 3466 3270 3565; x_wconf 79' lang='lat' dir='ltr'>processio</span> <span class='ocrx_word' id='word_1_239' title='bbox 3339 3465 3695 3560; x_wconf 69' lang='lat' dir='ltr'>genitura</span> <span class='ocrx_word' id='word_1_240' title='bbox 3731 3475 3876 3560; x_wconf 87' lang='lat' dir='ltr'>est,</span> <span class='ocrx_word' id='word_1_241' title='bbox 3911 3467 4031 3542; x_wconf 79' lang='lat' dir='ltr'>vel</span> <span class='ocrx_word' id='word_1_242' title='bbox 4075 3436 4268 3542; x_wconf 83' lang='lat' dir='ltr'>nati-</span> 
     </span>
     <span class='ocr_line' id='line_1_21' title="bbox 1040 3600 4268 3704; baseline 0 -27"><span class='ocrx_word' id='word_1_243' title='bbox 1040 3606 1236 3679; x_wconf 75' lang='lat' dir='ltr'>vitas</span> <span class='ocrx_word' id='word_1_244' title='bbox 1271 3630 1287 3682; x_wconf 90' lang='lat'>:</span> <span class='ocrx_word' id='word_1_245' title='bbox 1326 3605 1662 3704; x_wconf 70' lang='lat' dir='ltr'>Spiritus</span> <span class='ocrx_word' id='word_1_246' title='bbox 1691 3604 1931 3679; x_wconf 79' lang='lat' dir='ltr'>sancti</span> <span class='ocrx_word' id='word_1_247' title='bbox 1978 3628 2161 3677; x_wconf 78' lang='lat' dir='ltr'>vero</span> <span class='ocrx_word' id='word_1_248' title='bbox 2194 3602 2587 3703; x_wconf 77' lang='lat' dir='ltr'>processio</span> <span class='ocrx_word' id='word_1_249' title='bbox 2623 3600 2985 3677; x_wconf 78' lang='lat' dir='ltr'>nativitas</span> <span class='ocrx_word' id='word_1_250' title='bbox 3045 3626 3192 3676; x_wconf 84' lang='lat' dir='ltr'>non</span> <span class='ocrx_word' id='word_1_251' title='bbox 3230 3610 3344 3676; x_wconf 88' lang='lat' dir='ltr'>est</span> <span class='ocrx_word' id='word_1_252' title='bbox 3388 3625 3406 3677; x_wconf 74' lang='grc' dir='ltr'>ε</span> <span class='ocrx_word' id='word_1_253' title='bbox 3465 3610 3788 3700; x_wconf 86' lang='lat' dir='ltr'>utraque</span> <span class='ocrx_word' id='word_1_254' title='bbox 3831 3625 4014 3678; x_wconf 80' lang='lat' dir='ltr'>vero</span> <span class='ocrx_word' id='word_1_255' title='bbox 4083 3602 4268 3679; x_wconf 83' lang='lat' dir='ltr'>ines·</span> 
     </span>
    </p>
   </div>
   <div class='ocr_carea' id='block_1_5' title="bbox 1036 3743 1508 3818">
    <p class='ocr_par' dir='ltr' id='par_1_5' title="bbox 1036 3743 1508 3818">
     <span class='ocr_line' id='line_1_22' title="bbox 1036 3743 1508 3818; baseline 0.002 -1"><span class='ocrx_word' id='word_1_256' title='bbox 1036 3743 1290 3817; x_wconf 72' lang='lat' dir='ltr'>fabilis</span> <span class='ocrx_word' id='word_1_257' title='bbox 1321 3753 1435 3817; x_wconf 84' lang='lat' dir='ltr'>est</span> <span class='ocrx_word' id='word_1_258' title='bbox 1461 3743 1508 3818; x_wconf 80' lang='lat'>¹.</span> 
     </span>
    </p>
   </div>
   <div class='ocr_carea' id='block_1_6' title="bbox 1027 4077 4263 5362">
    <p class='ocr_par' dir='ltr' id='par_1_6' title="bbox 2803 4077 4259 4172">
     <span class='ocr_line' id='line_1_23' title="bbox 2803 4077 4259 4172; baseline 0.004 -29"><span class='ocrx_word' id='word_1_259' title='bbox 2803 4077 2951 4145; x_wconf 87' lang='lat' dir='ltr'>IIoc</span> <span class='ocrx_word' id='word_1_260' title='bbox 2989 4079 3170 4145; x_wconf 88' lang='lat' dir='ltr'>enim</span> <span class='ocrx_word' id='word_1_261' title='bbox 3209 4078 3477 4147; x_wconf 79' lang='lat' dir='ltr'>videtur</span> <span class='ocrx_word' id='word_1_262' title='bbox 3515 4079 3762 4148; x_wconf 78' lang='lat' dir='ltr'>salsum</span> <span class='ocrx_word' id='word_1_263' title='bbox 3804 4083 4063 4150; x_wconf 85' lang='lat' dir='ltr'>ratione</span> <span class='ocrx_word' id='word_1_264' title='bbox 4122 4082 4259 4172; x_wconf 85' lang='lat' dir='ltr'>pri·</span> 
     </span>
    </p>

    <p class='ocr_par' dir='ltr' id='par_1_7' title="bbox 1027 4186 4263 5362">
     <span class='ocr_line' id='line_1_24' title="bbox 2708 4186 3589 4275; baseline 0.002 -24"><span class='ocrx_word' id='word_1_265' title='bbox 2708 4207 2837 4252; x_wconf 83' lang='lat' dir='ltr'>mae</span> <span class='ocrx_word' id='word_1_266' title='bbox 2877 4186 3112 4275; x_wconf 74' lang='lat' dir='ltr'>partis,</span> <span class='ocrx_word' id='word_1_267' title='bbox 3157 4194 3221 4252; x_wconf 80' lang='lat' dir='ltr'>et</span> <span class='ocrx_word' id='word_1_268' title='bbox 3252 4187 3589 4255; x_wconf 82' lang='lat' dir='ltr'>secundae.</span> 
     </span>
     <span class='ocr_line' id='line_1_25' title="bbox 1478 4291 4263 4387; baseline 0 -22"><span class='ocrx_word' id='word_1_269' title='bbox 1478 4297 1986 4367; x_wconf 78' lang='lat' dir='ltr'><strong>ARTICULUS</strong></span> <span class='ocrx_word' id='word_1_270' title='bbox 2021 4296 2139 4365; x_wconf 72' lang='lat' dir='ltr'>lv.</span> <span class='ocrx_word' id='word_1_271' title='bbox 2802 4293 2862 4359; x_wconf 84' lang='lat'>1.</span> <span class='ocrx_word' id='word_1_272' title='bbox 2905 4291 3057 4359; x_wconf 75' lang='lat' dir='ltr'>Alia</span> <span class='ocrx_word' id='word_1_273' title='bbox 3085 4294 3271 4360; x_wconf 89' lang='lat' dir='ltr'>enim</span> <span class='ocrx_word' id='word_1_274' title='bbox 3313 4294 3484 4362; x_wconf 84' lang='lat' dir='ltr'>ratio</span> <span class='ocrx_word' id='word_1_275' title='bbox 3534 4303 3633 4363; x_wconf 87' lang='lat' dir='ltr'>est</span> <span class='ocrx_word' id='word_1_276' title='bbox 3673 4295 3975 4387; x_wconf 84' lang='lat' dir='ltr'>spiritus,</span> <span class='ocrx_word' id='word_1_277' title='bbox 4009 4305 4077 4364; x_wconf 89' lang='lat' dir='ltr'>et</span> <span class='ocrx_word' id='word_1_278' title='bbox 4128 4297 4263 4365; x_wconf 80' lang='lat' dir='ltr'>alia</span> 
     </span>
     <span class='ocr_line' id='line_1_26' title="bbox 2703 4399 4259 4495; baseline 0.004 -28"><span class='ocrx_word' id='word_1_279' title='bbox 2703 4399 2894 4467; x_wconf 86' lang='lat' dir='ltr'>doni.</span> <span class='ocrx_word' id='word_1_280' title='bbox 2961 4399 3325 4469; x_wconf 68' lang='lat' dir='ltr'>I‘nonxrto.</span> <span class='ocrx_word' id='word_1_281' title='bbox 3393 4400 3465 4471; x_wconf 86' lang='lat' dir='ltr'>Si</span> <span class='ocrx_word' id='word_1_282' title='bbox 3525 4425 3901 4495; x_wconf 76' lang='lat' dir='ltr'>numquam</span> <span class='ocrx_word' id='word_1_283' title='bbox 3961 4405 4259 4487; x_wconf 84' lang='lat' dir='ltr'>daretur,</span> 
     </span>
     <span class='ocr_line' id='line_1_27' title="bbox 1029 4503 4262 4602; baseline 0 -23"><span class='ocrx_word' id='word_1_284' title='bbox 1029 4515 1135 4579; x_wconf 75' lang='lat' dir='ltr'>An</span> <span class='ocrx_word' id='word_1_285' title='bbox 1175 4513 1486 4602; x_wconf 74' lang='lat' dir='ltr'>Spiritus</span> <span class='ocrx_word' id='word_1_286' title='bbox 1522 4520 1802 4579; x_wconf 76' lang='lat' dir='ltr'>sanctus</span> <span class='ocrx_word' id='word_1_287' title='bbox 1861 4535 1935 4579; x_wconf 83' lang='lat' dir='ltr'>eo</span> <span class='ocrx_word' id='word_1_288' title='bbox 1981 4511 2238 4578; x_wconf 79' lang='lat' dir='ltr'>dicitur</span> <span class='ocrx_word' id='word_1_289' title='bbox 2277 4510 2591 4601; x_wconf 77' lang='lat' dir='ltr'>Spirilus</span> <span class='ocrx_word' id='word_1_290' title='bbox 2707 4528 2831 4573; x_wconf 81' lang='lat' dir='ltr'>nec</span> <span class='ocrx_word' id='word_1_291' title='bbox 2875 4503 3155 4574; x_wconf 79' lang='lat' dir='ltr'>haberet</span> <span class='ocrx_word' id='word_1_292' title='bbox 3197 4508 3531 4577; x_wconf 84' lang='lat' dir='ltr'>rationem</span> <span class='ocrx_word' id='word_1_293' title='bbox 3571 4509 3762 4590; x_wconf 88' lang='lat' dir='ltr'>doni,</span> <span class='ocrx_word' id='word_1_294' title='bbox 3817 4508 4040 4581; x_wconf 85' lang='lat' dir='ltr'>adhuc</span> <span class='ocrx_word' id='word_1_295' title='bbox 4087 4520 4262 4580; x_wconf 86' lang='lat' dir='ltr'>esset</span> 
     </span>
     <span class='ocr_line' id='line_1_28' title="bbox 1118 4615 4255 4713; baseline 0.001 -27"><span class='ocrx_word' id='word_1_296' title='bbox 1118 4630 1422 4700; x_wconf 79' lang='lat' dir='ltr'>sanctus,</span> <span class='ocrx_word' id='word_1_297' title='bbox 1446 4644 1584 4711; x_wconf 81' lang='lat' dir='ltr'>quo</span> <span class='ocrx_word' id='word_1_298' title='bbox 1614 4620 1870 4687; x_wconf 80' lang='lat' dir='ltr'>donum</span> <span class='ocrx_word' id='word_1_299' title='bbox 1895 4643 1918 4688; x_wconf 90' lang='grc'>.·</span> <span class='ocrx_word' id='word_1_300' title='bbox 1949 4630 2012 4687; x_wconf 81' lang='lat' dir='ltr'>et</span> <span class='ocrx_word' id='word_1_301' title='bbox 2040 4643 2116 4686; x_wconf 81' lang='lat' dir='ltr'>eo</span> <span class='ocrx_word' id='word_1_302' title='bbox 2139 4619 2423 4696; x_wconf 79' lang='lat' dir='ltr'>donum,</span> <span class='ocrx_word' id='word_1_303' title='bbox 2450 4640 2589 4708; x_wconf 77' lang='lat' dir='ltr'>quo</span> <span class='ocrx_word' id='word_1_304' title='bbox 2702 4615 2985 4706; x_wconf 84' lang='lat' dir='ltr'>spiritus</span> <span class='ocrx_word' id='word_1_305' title='bbox 3042 4626 3105 4684; x_wconf 86' lang='lat' dir='ltr'>et</span> <span class='ocrx_word' id='word_1_306' title='bbox 3171 4617 3620 4687; x_wconf 85' lang='lat' dir='ltr'>essentialiter</span> <span class='ocrx_word' id='word_1_307' title='bbox 3671 4628 3741 4688; x_wconf 88' lang='lat' dir='ltr'>et</span> <span class='ocrx_word' id='word_1_308' title='bbox 3775 4621 4255 4713; x_wconf 78' lang='lat' dir='ltr'>personaliter:</span> 
     </span>
     <span class='ocr_line' id='line_1_29' title="bbox 1115 4724 4256 4821; baseline 0.004 -35"><span class='ocrx_word' id='word_1_309' title='bbox 1115 4728 1494 4819; x_wconf 75' lang='lat' dir='ltr'>procedens</span> <span class='ocrx_word' id='word_1_310' title='bbox 1520 4727 1562 4795; x_wconf 87' lang='lat'><strong><em>?</em></strong></span> <span class='ocrx_word' id='word_1_311' title='bbox 2704 4744 2843 4791; x_wconf 87' lang='lat' dir='ltr'>non</span> <span class='ocrx_word' id='word_1_312' title='bbox 2874 4746 3039 4816; x_wconf 80' lang='lat' dir='ltr'>ergo</span> <span class='ocrx_word' id='word_1_313' title='bbox 3080 4748 3160 4792; x_wconf 85' lang='lat' dir='ltr'>eo</span> <span class='ocrx_word' id='word_1_314' title='bbox 3192 4724 3440 4794; x_wconf 85' lang='lat' dir='ltr'>dicitur</span> <span class='ocrx_word' id='word_1_315' title='bbox 3474 4727 3775 4818; x_wconf 68' lang='lat' dir='ltr'>spirituc-³,</span> <span class='ocrx_word' id='word_1_316' title='bbox 3810 4751 3947 4821; x_wconf 91' lang='lat' dir='ltr'>quo</span> <span class='ocrx_word' id='word_1_317' title='bbox 3973 4729 4256 4798; x_wconf 88' lang='lat' dir='ltr'>donum.</span> 
     </span>
     <span class='ocr_line' id='line_1_30' title="bbox 2790 4832 4255 4926; baseline 0.005 -27"><span class='ocrx_word' id='word_1_318' title='bbox 2790 4834 2858 4899; x_wconf 80' lang='lat'>2.</span> <span class='ocrx_word' id='word_1_319' title='bbox 2893 4832 3093 4912; x_wconf 81' lang='lat' dir='ltr'>Item,</span> <span class='ocrx_word' id='word_1_320' title='bbox 3140 4834 3436 4926; x_wconf 75' lang='lat' dir='ltr'>Spiritus</span> <span class='ocrx_word' id='word_1_321' title='bbox 3469 4835 3942 4906; x_wconf 68' lang='lat' dir='ltr'>manifestatur</span> <span class='ocrx_word' id='word_1_322' title='bbox 3981 4838 4050 4907; x_wconf 87' lang='lat' dir='ltr'>in</span> <span class='ocrx_word' id='word_1_323' title='bbox 4106 4846 4255 4907; x_wconf 84' lang='lat' dir='ltr'>actu</span> 
     </span>
     <span class='ocr_line' id='line_1_31' title="bbox 2699 4940 4255 5032; baseline 0.006 -26"><span class='ocrx_word' id='word_1_324' title='bbox 2699 4940 3029 5031; x_wconf 84' lang='lat' dir='ltr'>spirandi,</span> <span class='ocrx_word' id='word_1_325' title='bbox 3065 4942 3179 5032; x_wconf 92' lang='lat' dir='ltr'>qui</span> <span class='ocrx_word' id='word_1_326' title='bbox 3219 4951 3321 5010; x_wconf 86' lang='lat' dir='ltr'>est</span> <span class='ocrx_word' id='word_1_327' title='bbox 3358 4951 3547 5011; x_wconf 85' lang='lat' dir='ltr'>actus</span> <span class='ocrx_word' id='word_1_328' title='bbox 3608 4952 3905 5015; x_wconf 82' lang='lat' dir='ltr'>aeternus</span> <span class='ocrx_word' id='word_1_329' title='bbox 3943 4969 4084 5015; x_wconf 88' lang='lat' dir='ltr'>non</span> <span class='ocrx_word' id='word_1_330' title='bbox 4139 4970 4255 5016; x_wconf 91' lang='lat' dir='ltr'>no·</span> 
     </span>
     <span class='ocr_line' id='line_1_32' title="bbox 1119 5047 4256 5146; baseline 0.003 -29"><span class='ocrx_word' id='word_1_331' title='bbox 1119 5050 1380 5119; x_wconf 85' lang='lat' dir='ltr'>Deinde</span> <span class='ocrx_word' id='word_1_332' title='bbox 1413 5051 1745 5142; x_wconf 81' lang='lat' dir='ltr'>quaeritur</span> <span class='ocrx_word' id='word_1_333' title='bbox 1782 5051 1864 5119; x_wconf 88' lang='lat' dir='ltr'>de</span> <span class='ocrx_word' id='word_1_334' title='bbox 1903 5050 2034 5120; x_wconf 85' lang='lat' dir='ltr'>hoc</span> <span class='ocrx_word' id='word_1_335' title='bbox 2064 5051 2249 5143; x_wconf 91' lang='lat' dir='ltr'>quod</span> <span class='ocrx_word' id='word_1_336' title='bbox 2281 5051 2466 5135; x_wconf 86' lang='lat' dir='ltr'>dicit,</span> <span class='ocrx_word' id='word_1_337' title='bbox 2502 5050 2583 5131; x_wconf 83' lang='grc' dir='ltr'>Ε,</span> <span class='ocrx_word' id='word_1_338' title='bbox 2699 5054 2855 5116; x_wconf 86' lang='lat' dir='ltr'>tans</span> <span class='ocrx_word' id='word_1_339' title='bbox 2903 5047 3407 5119; x_wconf 79' lang='lat' dir='ltr'>distinctionem</span> <span class='ocrx_word' id='word_1_340' title='bbox 3466 5052 3594 5119; x_wconf 88' lang='lat' dir='ltr'>nisi</span> <span class='ocrx_word' id='word_1_341' title='bbox 3643 5061 3912 5122; x_wconf 82' lang='lat' dir='ltr'>aeternae</span> <span class='ocrx_word' id='word_1_342' title='bbox 3952 5078 4256 5146; x_wconf 68' lang='lat' dir='ltr'>personae</span> 
     </span>
     <span class='ocr_line' id='line_1_33' title="bbox 1029 5154 4256 5251; baseline 0.002 -28"><span class='ocrx_word' id='word_1_343' title='bbox 1029 5190 1061 5223; x_wconf 73' lang='grc' dir='ltr'>ιι</span> <span class='ocrx_word' id='word_1_344' title='bbox 1099 5161 1205 5227; x_wconf 83' lang='lat' dir='ltr'>Eo</span> <span class='ocrx_word' id='word_1_345' title='bbox 1226 5161 1404 5228; x_wconf 81' lang='lat' dir='ltr'>enim</span> <span class='ocrx_word' id='word_1_346' title='bbox 1436 5160 1695 5229; x_wconf 79' lang='lat' dir='ltr'>dicitur</span> <span class='ocrx_word' id='word_1_347' title='bbox 1721 5162 2052 5251; x_wconf 73' lang='lat' dir='ltr'>Spiritus,</span> <span class='ocrx_word' id='word_1_348' title='bbox 2103 5183 2239 5251; x_wconf 79' lang='lat' dir='ltr'>quo</span> <span class='ocrx_word' id='word_1_349' title='bbox 2270 5159 2529 5226; x_wconf 80' lang='lat' dir='ltr'>domem</span> <span class='ocrx_word' id='word_1_350' title='bbox 2560 5183 2584 5227; x_wconf 89' lang='lat'><em>:</em></span> <span class='ocrx_word' id='word_1_351' title='bbox 2701 5154 2788 5224; x_wconf 89' lang='lat' dir='ltr'>ab</span> <span class='ocrx_word' id='word_1_352' title='bbox 2816 5165 3070 5225; x_wconf 79' lang='lat' dir='ltr'>aeterna</span> <span class='ocrx_word' id='word_1_353' title='bbox 3108 5181 3397 5248; x_wconf 86' lang='lat' dir='ltr'>persona</span> <span class='ocrx_word' id='word_1_354' title='bbox 3431 5180 3447 5225; x_wconf 90' lang='lat'>:</span> <span class='ocrx_word' id='word_1_355' title='bbox 3493 5158 3753 5228; x_wconf 89' lang='lat' dir='ltr'>donum</span> <span class='ocrx_word' id='word_1_356' title='bbox 3802 5170 4030 5231; x_wconf 83' lang='lat' dir='ltr'>autem</span> <span class='ocrx_word' id='word_1_357' title='bbox 4089 5164 4256 5233; x_wconf 86' lang='lat' dir='ltr'>dici·</span> 
     </span>
     <span class='ocr_line' id='line_1_34' title="bbox 1027 5265 4258 5362; baseline 0.002 -27"><span class='ocrx_word' id='word_1_358' title='bbox 1027 5279 1092 5335; x_wconf 79' lang='lat' dir='ltr'>et</span> <span class='ocrx_word' id='word_1_359' title='bbox 1130 5292 1205 5335; x_wconf 87' lang='lat' dir='ltr'>eo</span> <span class='ocrx_word' id='word_1_360' title='bbox 1236 5269 1520 5348; x_wconf 81' lang='lat' dir='ltr'>donum,</span> <span class='ocrx_word' id='word_1_361' title='bbox 1554 5294 1690 5361; x_wconf 81' lang='lat' dir='ltr'>quo</span> <span class='ocrx_word' id='word_1_362' title='bbox 1713 5270 2107 5362; x_wconf 81' lang='lat' dir='ltr'>procedens,</span> <span class='ocrx_word' id='word_1_363' title='bbox 2144 5278 2274 5338; x_wconf 85' lang='lat' dir='ltr'>etc.</span> <span class='ocrx_word' id='word_1_364' title='bbox 2322 5295 2355 5334; x_wconf 68' lang='grc' dir='ltr'><strong>ι</strong></span> <span class='ocrx_word' id='word_1_365' title='bbox 2698 5272 2813 5332; x_wconf 80' lang='lat' dir='ltr'>tur</span> <span class='ocrx_word' id='word_1_366' title='bbox 2850 5265 3225 5335; x_wconf 88' lang='lat' dir='ltr'>secundum</span> <span class='ocrx_word' id='word_1_367' title='bbox 3275 5269 3861 5358; x_wconf 76' lang='lat' dir='ltr'>comparationem</span> <span class='ocrx_word' id='word_1_368' title='bbox 3902 5273 3986 5341; x_wconf 85' lang='lat' dir='ltr'>ad</span> <span class='ocrx_word' id='word_1_369' title='bbox 4030 5281 4258 5342; x_wconf 83' lang='lat' dir='ltr'>actum</span> 
     </span>
    </p>
   </div>
   <div class='ocr_carea' id='block_1_7' title="bbox 1093 5529 4245 5711">
    <p class='ocr_par' dir='ltr' id='par_1_8' title="bbox 1093 5529 4245 5711">
     <span class='ocr_line' id='line_1_35' title="bbox 1097 5529 3169 5607; baseline 0.004 -23"><span class='ocrx_word' id='word_1_370' title='bbox 1097 5530 1112 5564; x_wconf 83' lang='lat'><strong>¹</strong></span> <span class='ocrx_word' id='word_1_371' title='bbox 1145 5529 1202 5585; x_wconf 87' lang='lat' dir='ltr'>S.</span> <span class='ocrx_word' id='word_1_372' title='bbox 1228 5530 1602 5599; x_wconf 72' lang='lat' dir='ltr'>Acocsrixcs,</span> <span class='ocrx_word' id='word_1_373' title='bbox 1636 5529 1760 5586; x_wconf 87' lang='lat' dir='ltr'>Lib.</span> <span class='ocrx_word' id='word_1_374' title='bbox 1785 5531 1876 5586; x_wconf 74' lang='lat' dir='ltr'>XV</span> <span class='ocrx_word' id='word_1_375' title='bbox 1897 5530 1970 5586; x_wconf 86' lang='lat' dir='ltr'>de</span> <span class='ocrx_word' id='word_1_376' title='bbox 1991 5532 2299 5601; x_wconf 82' lang='lat' dir='ltr'>Trinitate,</span> <span class='ocrx_word' id='word_1_377' title='bbox 2325 5549 2456 5607; x_wconf 87' lang='lat' dir='ltr'>cap.</span> <span class='ocrx_word' id='word_1_378' title='bbox 2495 5537 2581 5592; x_wconf 80' lang='grc' dir='ltr'>Η.</span> <span class='ocrx_word' id='word_1_379' title='bbox 2693 5535 2857 5594; x_wconf 80' lang='lat' dir='ltr'>datus</span> <span class='ocrx_word' id='word_1_380' title='bbox 2886 5545 2965 5594; x_wconf 80' lang='lat' dir='ltr'>est</span> <span class='ocrx_word' id='word_1_381' title='bbox 2994 5537 3169 5595; x_wconf 75' lang='lat' dir='ltr'>nobis.</span> 
     </span>
     <span class='ocr_line' id='line_1_36' title="bbox 1093 5617 4245 5711; baseline 0.007 -37"><span class='ocrx_word' id='word_1_382' title='bbox 1093 5619 1117 5654; x_wconf 79' lang='lat'>⁸</span> <span class='ocrx_word' id='word_1_383' title='bbox 1148 5617 1261 5676; x_wconf 79' lang='lat' dir='ltr'>isa.</span> <span class='ocrx_word' id='word_1_384' title='bbox 1294 5635 1370 5686; x_wconf 73' lang='grc' dir='ltr'>ιι,</span> <span class='ocrx_word' id='word_1_385' title='bbox 1402 5621 1435 5674; x_wconf 80' lang='lat'><strong>6</strong></span> <span class='ocrx_word' id='word_1_386' title='bbox 1469 5635 1485 5677; x_wconf 73' lang='grc' dir='ltr'><strong><em>ε</em></strong></span> <span class='ocrx_word' id='word_1_387' title='bbox 1517 5620 1783 5677; x_wconf 76' lang='lat' dir='ltr'>Part-ulus</span> <span class='ocrx_word' id='word_1_388' title='bbox 1828 5627 1994 5678; x_wconf 75' lang='lat' dir='ltr'>natus</span> <span class='ocrx_word' id='word_1_389' title='bbox 2021 5629 2101 5679; x_wconf 79' lang='lat' dir='ltr'>est</span> <span class='ocrx_word' id='word_1_390' title='bbox 2131 5622 2309 5688; x_wconf 74' lang='lat' dir='ltr'>nobis,</span> <span class='ocrx_word' id='word_1_391' title='bbox 2339 5629 2392 5679; x_wconf 82' lang='lat' dir='ltr'>ee</span> <span class='ocrx_word' id='word_1_392' title='bbox 2429 5624 2583 5693; x_wconf 74' lang='lat' dir='ltr'>fitius</span> <span class='ocrx_word' id='word_1_393' title='bbox 2765 5624 2791 5662; x_wconf 79' lang='lat'>⁸</span> <span class='ocrx_word' id='word_1_394' title='bbox 2818 5626 2878 5682; x_wconf 76' lang='lat' dir='ltr'>S.</span> <span class='ocrx_word' id='word_1_395' title='bbox 2910 5631 3291 5696; x_wconf 67' lang='lat' dir='ltr'>Auocsnsus,</span> <span class='ocrx_word' id='word_1_396' title='bbox 3326 5627 3449 5685; x_wconf 80' lang='lat' dir='ltr'>Lib.</span> <span class='ocrx_word' id='word_1_397' title='bbox 3485 5630 3526 5683; x_wconf 84' lang='lat' dir='ltr'>V</span> <span class='ocrx_word' id='word_1_398' title='bbox 3557 5628 3629 5687; x_wconf 84' lang='lat' dir='ltr'>de</span> <span class='ocrx_word' id='word_1_399' title='bbox 3659 5631 3966 5704; x_wconf 82' lang='lat' dir='ltr'>Trinitate,</span> <span class='ocrx_word' id='word_1_400' title='bbox 3995 5651 4127 5711; x_wconf 79' lang='lat' dir='ltr'>cap.</span> <span class='ocrx_word' id='word_1_401' title='bbox 4160 5641 4245 5694; x_wconf 71' lang='lat'>14.</span> 
     </span>
    </p>
   </div>
   <div class='ocr_carea' id='block_1_8' title="bbox 1307 5751 3997 5806">
    <p class='ocr_par' dir='ltr' id='par_1_9' title="bbox 1307 5751 3997 5806">
     <span class='ocr_line' id='line_1_37' title="bbox 1307 5751 3997 5806; baseline -0.001 -15"><span class='ocrx_word' id='word_1_402' title='bbox 1307 5751 1421 5791; x_wconf 67' lang='lat' dir='ltr'>XXV</span> <span class='ocrx_word' id='word_1_403' title='bbox 3929 5752 3997 5806; x_wconf 70' lang='lat'>32</span> 
     </span>
    </p>
   </div>
  </div>
 </body>
</html>
