4897 6388
632 260 714 342 80
970 276 1011 307 -.
1210 283 1217 287 ·
1367 230 1376 238 ’
1495 267 1580 334 D.
1637 268 1831 340 ALB.
1885 268 2101 336 MAG.
2154 242 2361 371 ono.
2413 266 2736 336 PRAED.·

524 456 527 459 ·
632 463 774 514 nos
803 439 1012 514 Deus
1042 437 1767 543 dicitursHebraica
1802 439 2088 514 veritas
2138 439 2369 513 habet
2402 436 2755 534 Elolzim,
2810 439 3019 536 quod
3080 445 3214 514 est
3247 437 3550 537 plurale
3600 438 3850 541 hujus

633 573 1074 671 singulariS,
1118 564 1322 672 quod
1350 570 1466 648 e‘st
1491 574 1621 646 El.
1668 571 1886 658 Quod
1927 593 2108 666 ergo
2142 542 2296 644 non
2357 559 2473 645 est
2548 570 2840 645 dictum
2900 572 3037 667 El,
3108 572 3315 670 quod
3384 578 3501 647 est
3574 570 3782 646 Deus
3808 545 3843 646 ε’

632 709 766 783 sed
794 708 1141 802 Elolzim,
1177 707 1382 806 quod
1424 704 1906 802 interpretari
1949 712 2197 802 potest
2227 703 2353 791 dii,
2378 704 2542 781 sive
2572 704 2926 803 judices:
2985 706 3080 780 ad
3114 707 3634 804 pluralitatem
3668 728 3834 805 per-

596 867 994 919 sonarum
1036 844 1381 916 refertur.
1417 839 1529 914 Ad
1572 862 1805 937 quam
1845 838 2075 915 etiam
2108 839 2295 915 illud
2326 840 2652 917 attinere
2683 840 3020 934 videtur,
3077 841 3282 937 quod
3312 841 3669 917 diabolus
3696 864 3831 940 per

629 985 1061 1076 serpentem
1095 973 1316 1050 dixit:
1350 974 1591 1049 Eritis
1617 975 1817 1049 sicut
1843 974 1960 1049 dii
1984 976 2027 1047 ¹.
2075 976 2224 1048 Pro
2269 998 2421 1073 quo
2456 975 2535 1048 in
2605 975 2991 1051 Hebraico
3072 976 3404 1050 habetur
3470 976 3831 1052 Elolzim:

628 1135 716 1190 ac
756 1110 820 1186 si
843 1109 1151 1205 diceret,
1190 1109 1418 1185 Eritis
1458 1109 1657 1184 sicut
1696 1108 1979 1184 divinae
1997 1132 2375 1207 personae.
2422 1108 2559 1184 Ille
2587 1108 2821 1185 etiam
2857 1109 3241 1185 maximus
3266 1110 3826 1208 Prophetarum

626 1257 701 1322 et
740 1268 1006 1342 regum
1047 1244 1320 1339 David,
1366 1244 1500 1342 qui
1527 1230 1748 1319 suam
1798 1243 2095 1318 caeteris
2135 1243 2442 1340 praefert
2510 1243 3131 1341 intelligentiam,
3214 1245 3480 1321 dicens
3517 1272 3532 1318 :
3573 1244 3830 1345 Super

623 1403 842 1455 senes
871 1376 1228 1453 intelleaei
1253 1375 1327 1451 ἐ
1377 1376 1747 1451 unitatem
1790 1375 2072 1451 divinae
2146 1386 2446 1452 naturae
2513 1378 2964 1469 ostendens,
3008 1379 3166 1453 ait:
3234 1379 3622 1454 Dominus
3686 1404 3828 1455 no-

626 1538 802 1590 men
843 1519 955 1589 est
982 1511 1110 1587 illi
1201 1536 1216 1586 :
1262 1511 1662 1607 nondicit,
1706 1510 2043 1586 Domini.
2101 1511 2299 1586 Alibi
2355 1511 2587 1587 etiam
2641 1511 2990 1609 ejusdem
3044 1513 3420 1589 unitatem
3473 1523 3550 1589 et
3606 1524 3829 1590 aeter-

624 1648 942 1724 nitatem
981 1645 1210 1722 simul
1251 1645 1693 1740 ostendenS‚
1729 1645 1836 1721 ait
1873 1669 1966 1721 ex
2005 1669 2336 1744 persona
2374 1645 2562 1721 Dei:
2607 1645 2886 1742 Israel,
2922 1647 2998 1722 si
3050 1647 3397 1723 audieris
3460 1672 3610 1743 me,
3672 1674 3826 1725 non

625 1783 773 1860 erit
808 1783 892 1857 in
931 1787 1003 1857 te
1042 1779 1227 1855 deus
1249 1803 1539 1869 recens,
1575 1803 1818 1879 neque
1858 1778 2214 1855 adorabis
2279 1778 2508 1854 deum
2576 1779 2922 1856 alienum
2963 1781 3011 1854 ⁴.
3056 1781 3286 1857 Aliud
3357 1783 3634 1859 horum
3712 1791 3827 1877 (ut

621 1919 803 1994 dicit
863 1915 1314 1992 Ambrosius
1382 1914 1460 1989 in
1538 1915 1797 1990 libroI
1838 1914 1930 1990 de
2005 1914 2377 1989 Trinitale
2413 1913 2467 2009 ⁵)
2502 1914 2894 2015 significat
2970 1917 3538 1993 oeternitatem:
3592 1919 3821 2007 aliud,

621 2044 991 2119 unitatem
1024 2040 1479 2117 substantiae
1520 2038 2050 2134 indifl‘e1·entiS‚
2086 2048 2172 2115 ut
2200 2062 2455 2137 neque
2488 2041 2998 2141 posteriorem
3045 2042 3304 2137 Patre,
3354 2067 3610 2143 neque
3649 2047 3826 2122 alte·

619 2180 782 2255 rius
812 2176 1230 2253 divinitatis
1262 2176 1571 2271 Filium,
1612 2177 1736 2252 vel
1768 2174 2136 2274 Spiritum
2178 2184 2560 2271 sanctum,
2591 2199 2763 2253 esse
2803 2177 3261 2255 credamus:
3300 2203 3477 2253 nam
3512 2179 3575 2255 si
3601 2181 3821 2257 Patre

621 2314 1000 2417 posterior
1038 2321 1154 2389 est
1190 2312 1458 2408 Filius,
1510 2313 1634 2388 vel
1676 2310 2009 2411 Spiritus
2046 2319 2384 2399 sanctus,
2452 2334 2728 2388 recens
2758 2323 2919 2389 est:
2957 2323 3035 2390 et
3072 2313 3136 2390 si
3198 2314 3433 2391 unius
3502 2340 3656 2391 non
3710 2326 3825 2393 est

617 2449 1062 2540 divinitatis,
1105 2448 1408 2525 alienus
1448 2457 1590 2538 est,
1644 2446 1779 2523 sed
1818 2470 1957 2523 nec
2019 2445 2396 2545 posterior
2433 2457 2576 2541 est,
2657 2448 2846 2547 quia
2918 2472 3195 2526 recens
3254 2474 3411 2525 non
3454 2460 3620 2527 est:
3681 2476 3822 2529 nec

617 2584 944 2676 alienus,
987 2583 1173 2684 quia
1200 2606 1291 2659 ex
1323 2582 1550 2659 Patre
1582 2590 1809 2658 natus
1861 2591 1976 2656 est
2007 2579 2271 2672 Filius,
2314 2603 2407 2655 ex
2438 2580 2669 2657 Patre
2707 2583 3056 2682 procedit
3107 2583 3444 2683 Spiritus
3473 2596 3813 2661 sanctus.

614 2721 818 2798 Alibi
858 2742 1166 2820 quoque
1231 2717 1804 2793 distinctionem
1871 2739 2376 2816 personarum
2440 2713 2884 2813 insinuanS‚
2956 2718 3063 2793 ait
3097 2743 3114 2794 :
3179 2718 3417 2794 Verbo
3495 2720 3825 2797 Domini

616 2855 795 2934 coeli
825 2852 1126 2953 firmati
1161 2859 1364 2942 sant,
1414 2859 1488 2927 et
1508 2851 1786 2951 spiritu
1817 2852 1973 2927 oris
2012 2852 2177 2952 ejus
2215 2852 2468 2926 omnis
2506 2852 2750 2927 virtus
2789 2876 3057 2928 eornm
3088 2859 3138 2928 ⁸.
3175 2854 3374 2929 Alibi
3409 2854 3638 2930 etiam
3679 2855 3813 2930 ait:

614 2990 1038 3070 Benedicat
1072 3010 1210 3063 nos
1245 2986 1488 3081 Deus,
1532 2986 1747 3061 Deus
1774 2990 2081 3061 noster!
2108 2984 2535 3063 Benedicat
2560 2985 2807 3083 Dens,
2850 2994 2926 3064 et
2961 2995 3310 3063 metuant
3346 3012 3523 3064 enm
3563 3008 3823 3066 omnes

615 3126 813 3229 fines
840 3134 1064 3203 terrae
1095 3132 1142 3198 ’.
1172 3121 1404 3198 Trina
1441 3120 1647 3198 enim
1688 3119 2065 3197 consessio
2132 3120 2271 3196 Dei
2335 3119 2785 3199 Trinitatem
2845 3116 3206 3223 exprimit
3265 3146 3816 3224 personarum:

615 3262 984 3339 unitatem
1024 3281 1208 3334 vero
1240 3253 1603 3333 essentiae
1659 3253 1928 3353 aperit,
1991 3277 2167 3330 cum
2247 3253 2751 3352 singulariter
2813 3255 3222 3354 subjungit
3298 3279 3499 3332 enm.
3585 3259 3820 3335 Isaias

612 3417 921 3497 quoque
992 3390 1177 3468 dicit
1211 3414 1296 3468 se
1335 3388 1646 3466 audisse
1704 3387 2080 3487 Seraphin
2163 3388 2621 3465 clamantia:
2675 3388 3041 3485 Sanctus,
3111 3397 3447 3486 sanctus,
3516 3400 3822 3468 sanctas

613 3529 1000 3607 Dominus
1035 3527 1250 3603 Dens
1285 3552 1336 3599 ι.
1382 3524 1534 3601 Per
1563 3524 1709 3600 hoc
1748 3523 1953 3622 quod
1998 3521 2179 3596 dicit
2219 3531 2357 3616 ter,
2433 3522 2799 3618 Sanctus,
2874 3523 3324 3601 Trinitatem
3380 3525 3807 3622 significat:

615 3689 753 3768 per
790 3667 934 3741 hoc
963 3662 1167 3764 quod
1208 3660 1494 3754 subdit,
1537 3658 1925 3734 Dominus
1986 3656 2227 3747 Deus,
2274 3657 2649 3735 unitatem
2717 3659 3110 3736 essentioe.
3183 3661 3430 3737 David
3507 3686 3817 3762 quoque

619 3812 985 3881 aeternam
1019 3797 1187 3874 Filii
1225 3794 1803 3897 generationem
1844 3802 2104 3894 aperte
2146 3792 2487 3869 insinuat
2525 3817 2619 3870 ex
2648 3818 2983 3895 persona
3043 3794 3242 3889 Filii,
3292 3795 3559 3874 dicens
3603 3823 3620 3873 :
3665 3798 3818 3873 Do·

616 3937 875 4013 minus
912 3933 1115 4009 dixit
1148 3930 1446 4008 adme:
1479 3927 1736 4006 Filias
1764 3951 1978 4004 mens
2025 3951 2103 4002 es
2130 3935 2239 4022 ln,
2282 3952 2417 4028 eqo
2457 3927 2689 4005 laodic
2741 3930 2986 4029 qenai
3010 3935 3084 4005 le
3120 3929 3170 3998 ⁹.
3250 3931 3361 4007 De
3398 3933 3539 4007 hac.
3580 3957 3821 4030 gene-

624 4071 919 4147 ratione
952 4066 1316 4144 incss'abili
1354 4064 1595 4142 Isaias
1632 4065 1780 4142 ait:
1828 4065 2410 4140 Generalionem
2473 4066 2640 4166 ejus
2675 4066 2849 4166 quis
2914 4065 3313 4141 enarrabit
3332 4072 3381 4119 ὀ
3415 4067 3457 4140 ⁴?
3511 4067 3591 4142 ln
3631 4068 3821 4143 libro

627 4228 937 4307 quoque
964 4201 1379 4303 Sapientiae
1405 4203 1446 4243 ¹¹
1488 4200 1878 4279 oeternitas
1909 4199 2077 4275 Filii
2109 4224 2284 4277 cum
2324 4200 2551 4276 Patre
2585 4209 3088 4294 monstratur,
3120 4201 3247 4274 ubi
3282 4200 3675 4301 SapIentia
3722 4204 3820 4279 ita

626 4338 972 4437 loquitur
1002 4360 1020 4413 ε
1055 4335 1444 4411 Dominus
1461 4333 1806 4434 possedit
1832 4357 1955 4409 me
1978 4333 2071 4409 ab
2106 4334 2327 4409 initio
2380 4334 2680 4409 viarum
2719 4357 3072 4428 suarum,
3126 4340 3533 4435 antequam
3598 4337 3824 4435 qaid-

624 4495 850 4573 qaam
896 4470 1186 4571 laceret
1221 4493 1269 4544 a
1294 4468 1729 4569 principio.
1789 4456 1911 4543 Ab
1941 4475 2230 4543 aelerno
2269 4467 2630 4543 ordinata
2663 4493 2963 4564 sum,...
3011 4477 3420 4571 antequam
3461 4478 3669 4547 terra
3694 4473 3825 4570 sie·

697 4756 715 4791 ⁸
749 4753 959 4810 Genes.
991 4766 1076 4816 m,
1106 4752 1158 4805 5.

693 4843 716 4879 ⁸
753 4841 910 4898 Psal.
940 4855 1130 4906 cxx-m,
1163 4840 1285 4894 ¹00.

690 4929 715 4967 ⁸
744 4928 899 4986 Psal.
925 4945 1097 4997 nvn,
1127 4930 1181 4985 5.

693 5019 718 5055 ⁴
742 5019 898 5078 Psal.
930 5032 1105 5086 xxxx,
1134 5021 1168 5075 9
1198 5022 1259 5076 et
1288 5019 1377 5073 ¹0.

694 5109 721 5147 ⁸
753 5109 875 5174 Vel,
901 5108 976 5166 de
1002 5106 1142 5166 Fide
1170 5107 1246 5165 ad
1276 5107 1649 5175 Gratianum,
1680 5122 1810 5180 cap.
1845 5110 1898 5163 5.

694 5202 718 5238 ⁸
748 5199 902 5257 Psal.
970 5215 1151 5267 xxxn,
1182 5201 1237 5257 6.

694 5291 716 5327 ¹
748 5289 906 5347 Psal.
937 5306 1085 5360 Lxx-1,
1114 5293 1146 5344 7
1168 5294 1229 5346 et
1259 5290 1314 5347 8.

697 5387 719 5423 ⁸
749 5383 863 5438 lsa.
895 5396 971 5446 vt,
1002 5383 1055 5438 3.

696 5472 721 5510 ⁹
748 5470 908 5527 Psal.
941 5487 1001 5541 u,
1036 5473 1087 5526 7.

698 5561 745 5598 ¹⁰
772 5561 886 5618 Isa.
906 5576 1025 5626 ιιιι,
1050 5562 1106 5618 8.

698 5654 747 5695 ¹²
778 5649 1051 5712 Ptoverb.
1081 5660 1200 5724 vm,
1227 5649 1302 5710 22
1327 5654 1392 5709 et.
1417 5666 1546 5725 seq.
