4897 6388
709 345 839 409 424

704 624 825 693 tet,
862 616 1045 706 quod
1077 618 1167 684 sit
1198 617 1426 708 aliqua
1466 625 1763 707 potestas
1801 618 1908 684 vel
1956 614 2250 683 auctori-

704 732 807 790 tas
856 723 1234 815 significata
1264 727 1334 791 in
1381 725 1637 814 Spiritu
1677 733 1905 791 sancto
1948 729 2248 811 respectu

706 830 896 907 Filii:
936 833 1097 920 quia
1148 854 1301 898 cum
1343 831 1612 909 dicitur,
1653 830 1941 919 Spiritus
1981 836 2250 895 sanctus

705 935 820 1003 dat
874 936 1145 1013 Filium,
1240 958 1377 1002 non
1454 938 1776 1025 supponit
1826 935 1892 1024 ly
1948 934 2250 1024 Spiritus

701 1041 910 1109 verbo
941 1041 1070 1108 nisi
1113 1050 1444 1130 quantum
1485 1040 1569 1108 ad
1601 1050 1824 1109 actum
1866 1041 2244 1108 effectivum

707 1150 1053 1216 connotati
1093 1148 1396 1231 effectuS,
1432 1159 1508 1216 ut
1534 1151 1723 1239 prius
1761 1148 2066 1215 habitum
2099 1157 2241 1215 est:

704 1257 774 1322 in
811 1278 945 1346 quo
980 1263 1213 1323 tamen
1246 1255 1488 1324 effectu
1523 1258 1848 1346 accipitur
1885 1256 2093 1322 Filius
2127 1277 2246 1321 ens

1705 341 1784 408 n.
1835 342 2033 409 ALB.
2085 336 2302 432 MAG.
2352 336 2558 404 om).
2611 337 2910 447 PRAEt).

2354 622 2544 679 stum
2575 623 2671 680 est
2706 614 3039 704 SpirituS,
3066 612 3189 679 sed
3217 612 3290 677 in
3323 609 3621 678 Christo.
3651 633 3680 669 n
3729 675 3739 684 ,

2444 721 2548 787 Ex
2589 719 2720 788 hoc
2767 723 2949 788 enim
2988 720 3258 786 videtur
3307 718 3594 783 innuere
3649 714 3917 803 opinio-

2357 850 2513 894 nem
2543 826 2935 895 Graecorum
2976 849 3123 894 esse
3154 846 3415 906 veram,
3452 820 3639 912 quod
3691 819 3915 909 Spiri-

2355 943 2464 1000 tus
2521 934 2609 1001 sit
2662 932 2937 1016 Christi,
2991 934 3165 1000 sicut
3223 933 3431 998 etiam
3489 931 3556 994 in
3605 928 3753 1017 ipso
3811 949 3914 993 re-

2356 1043 2732 1132 quiescens,
2777 1047 2842 1107 et
2871 1062 2909 1106 a
2968 1038 3165 1105 Patre
3205 1036 3610 1103 indistanter
3665 1051 3905 1121 proce-

2354 1150 2543 1217 dens.

454 522 467 533 '
587 497 605 526 ²
703 510 887 600 quod
916 513 1010 577 sic
1043 512 1112 577 in
1162 511 1402 579 eodem
1447 534 1650 580 sensu
1689 536 1702 578 :
1749 489 1813 580 e²t
1853 534 1989 577 non
2047 530 2254 597 opor·
2369 530 2402 570 α
2433 507 2827 574 Secundum
2856 506 3293 574 divinitatem
3321 524 3458 570 non
3486 494 3921 592 super'Clzri-
4018 487 4027 512 ²
4100 543 4111 550 -

705 1361 789 1428 ab
829 1361 1015 1429 alio:
1088 1370 1155 1429 et
1205 1364 1301 1429 sic
1355 1362 1633 1451 planum
1683 1372 1783 1429 est
1842 1361 2241 1450 respondere
2440 1359 2747 1428 Somno.
2811 1357 2909 1448 Ly
2956 1358 3029 1424 in
3083 1355 3291 1423 habet
3356 1362 3595 1422 notare
3652 1350 3903 1421 multas
4003 1381 4178 1426 solutio

703 1469 787 1536 ad
817 1468 1073 1537 omnia.
2347 1466 2808 1545 habitudineS‚
2849 1464 3105 1533 scilicet
3151 1461 3580 1531 identitatem
3611 1467 3897 1540 naturae,

2348 1574 2723 1643 secundum
2754 1595 2961 1664 quam
2993 1570 3317 1661 quaelibet
3340 1578 3650 1660 'persona
3688 1575 3791 1635 est
3830 1568 3901 1632 in

2348 1682 2529 1749 alia:
2575 1691 2640 1749 et
2680 1680 2885 1749 habet
2926 1687 3164 1747 notare
3221 1676 3648 1745 simultatem
3695 1680 3904 1741 natu-

1168 1790 1668 1861 ARTICULUS
1712 1793 1784 1857 X.
2350 1811 2463 1860 rae.
2525 1787 2898 1856 secundum
2949 1785 3134 1876 quod
3176 1807 3392 1850 unum
3458 1782 3896 1850 relativorum

1055 1952 1065 1961 .
2349 1894 2551 1961 simul
2612 1892 2817 1961 habet
2865 1915 3009 1960 esse
3070 1915 3225 1960 cum
3274 1891 3438 1974 alic,
3508 1898 3575 1958 et
3648 1889 3716 1954 in
3791 1889 3906 1955 in-

696 2010 807 2075 Αη
835 2008 1143 2097 Spiritus
1177 2015 1398 2097 potest
1436 2005 1577 2072 dici
1603 2006 1907 2097 Spiritus
1957 2006 2237 2088 Christi,
2348 2004 2617 2071 tellectu
2649 2003 2841 2091 ejus:
2886 2010 2952 2070 et
2997 2000 3130 2070 hoc
3169 2002 3379 2069 modo
3407 1998 3724 2094 intelligit
3752 1996 3906 2087 Spi-

1207 2122 1271 2180 et
1301 2114 1370 2179 in
1414 2112 1679 2182 Christo
1701 2110 1742 2178 Ρ
2349 2113 2554 2179 ritum
2587 2133 2733 2180 esse
2774 2111 2843 2177 in
2872 2110 3184 2179 Christo:
3223 2118 3292 2177 et
3321 2132 3401 2178 ex
3434 2107 3566 2177 hoc
3594 2107 3904 2198 sequitur
4000 2166 4006 2171 .
4097 2101 4109 2114 “

2350 2216 2681 2308 Spiritum
2713 2239 2859 2285 esse
2889 2240 2930 2284 a
2957 2214 3257 2296 Christo,
3290 2224 3370 2284 ut
3405 2237 3612 2305 supra
3649 2212 3896 2303 proha-

791 2319 1050 2389 Deinde
1105 2320 1435 2413 quaeritur'
1474 2320 1555 2389 de
1605 2320 1734 2390 hoc
1781 2322 1958 2413 quod
2026 2321 2232 2389 dicit:
2346 2332 2493 2392 tum
2533 2330 2635 2391 est
2667 2325 2709 2391 ¹.

1454 2772 1539 2846 Ε.
1581 2767 1805 2860 Quod
1837 2771 2088 2847 Filius
2122 2772 2225 2848 sit
2258 2772 2482 2848 datus
2518 2772 2748 2848 etiam
2782 2796 2830 2846 a
2857 2771 3136 2868 seipso.

794 3068 1092 3146 Deinde
1131 3068 1463 3144 ostendit
1513 3092 1684 3144 esse
1729 3069 1991 3143 datum
2032 3070 2257 3146 etiam
2305 3092 2353 3143 a
2401 3067 2687 3168 seipsO,
2746 3068 2848 3144 ita
2889 3069 3155 3144 dicens
3216 3070 3291 3144 in
3335 3070 3609 3145 eodem
3653 3070 3899 3147 libro:

698 3208 891 3281 Cum
932 3202 1140 3279 enim
1176 3228 1328 3278 non
1361 3203 1774 3279 diffinitum
1812 3205 2035 3280 suerit
2072 3229 2210 3305 per
2249 3205 2710 3303 prophetam
2741 3230 2789 3279 a
2826 3229 2982 3304 qun
3027 3207 3254 3282 datus
3305 3217 3424 3282 est
3464 3207 3734 3301 Filius,
3776 3234 3909 3281 os-

699 3338 1040 3413 tenditur
1074 3337 1300 3412 datus
1339 3337 1586 3433 gratia
1645 3337 2061 3431 Trinitatis,
2112 3348 2191 3411 nt
2230 3338 2458 3411 etiarn
2506 3337 2666 3436 ipse
2713 3339 2952 3413 Filius
2990 3365 3073 3411 se
3129 3341 3428 3415 dederit
3458 3337 3507 3415 ³.
3548 3343 3741 3417 Ecce
3784 3341 3908 3415 hic

697 3471 907 3567 dicit,
944 3472 1148 3572 qnod
1196 3470 1432 3545 Filius
1491 3496 1574 3543 se
1615 3471 1869 3546 dedit:
1925 3472 2105 3570 qnia
2143 3471 2471 3546 Trinitas
2510 3495 2688 3547 enm
2745 3472 2978 3548 dedit.
3025 3474 3398 3550 Stantem
3444 3476 3685 3550 Filius
3723 3503 3769 3549 a
3822 3500 3905 3551 se

694 3606 919 3682 datus
949 3615 1091 3702 est,
1121 3632 1168 3679 a
1207 3630 1291 3680 se
1333 3630 1520 3701 ergo
1563 3605 1845 3680 missus
1882 3616 2024 3699 est,
2080 3616 2152 3679 et
2191 3630 2237 3679 a
2265 3629 2349 3681 se
2393 3604 2790 3705 processit.
2829 3609 2917 3682 Εἰ
2962 3609 3105 3682 hnc
3141 3608 3411 3707 ntique
3446 3634 3716 3685 verunt
3757 3620 3901 3697 est,

691 3754 767 3818 et
806 3742 1121 3817 concedi
1156 3752 1487 3841 oportet,
1548 3767 1726 3816 runi
1770 3742 1938 3838 ejus
1993 3743 2253 3816 missio
2292 3741 2389 3816 sit
2429 3741 2699 3816 divina
2738 3744 3112 3842 operatio.

2355 4069 2385 4098 α
2426 4040 2719 4107 Trinitas
2772 4063 2926 4107 eum
2967 4040 3181 4112 dedit.
3237 4071 3268 4106 α
3319 4044 3665 4123 Quaeritur
3721 4048 3905 4115 enim

1123 4158 1625 4227 AltTlcULUS
1684 4159 1805 4228 xl,
2338 4145 2532 4233 juxta
2565 4144 2718 4225 hoc,
2752 4147 2806 4214 si
2850 4146 2990 4215 haec
3019 4149 3457 4217 concedenda
3500 4152 3585 4218 sit
3613 4151 3907 4221 Trinitas

2348 4254 2549 4319 mittit
2590 4277 2661 4320 se
2688 4256 2721 4321 ’ἒ
2761 4253 2842 4320 Et
2872 4253 3167 4339 videtur,
3203 4256 3388 4348 quod
3424 4281 3588 4327 non.

700 4369 945 4435 Utrum
1021 4368 1162 4437 laeaec
1229 4371 1320 4436 sit
1410 4368 1855 4445 concedenda.
1947 4370 2240 4437 Trinitas
2444 4361 2501 4426 ¹·
2538 4358 2713 4440 0¹¹3ss
2747 4360 3041 4440 ΤΓῙΙὶῑίῦὃ
3073 4386 3211 4431 ΠΟΠ
3262 4372 3364 4431 ⁰⁵¹
3402 4364 3490 4431 ab
3529 4364 3664 4433 81ῑο
3695 4389 3712 4436 2
3745 4392 3904 4438 cum

783 4477 996 4545 mittit
1034 4500 1107 4544 se
1153 4477 1263 4544 vel
1307 4476 1428 4542 dat
1480 4500 1596 4545 se:
1651 4488 1714 4543 et
1765 4489 1994 4545 utrum
2034 4480 2244 4545 I'aler
2349 4490 2512 4554 ergo
2554 4467 2818 4535 mittere
2858 4469 2941 4535 sit
2998 4471 3321 4560 cognosci
3382 4474 3565 4563 quod
3624 4474 3711 4541 ab
3768 4475 3904 4544 alio

782 4585 1015 4651 mma!
1065 4582 1359 4662 Filium,
1415 4595 1480 4652 ει
1535 4584 1765 4652 Filius
1806 4587 2036 4654 minat
2070 4610 2141 4652 50
2179 4595 2243 4652 01
2349 4574 2461 4648 sit.
2494 4574 2764 4641 videtur
2817 4574 3002 4666 quod
3045 4576 3344 4645 Trinitas
3385 4602 3523 4648 non
3567 4582 3771 4650 mittit
3802 4609 3900 4652 se.

784 4690 1123 4780 Spiritum
1149 4714 1176 4759 ,·
1211 4700 1276 4758 ee
1302 4691 1611 4781 Spiritus
1640 4692 1867 4759 mittat
1928 4717 1997 4759 se
2032 4701 2096 4757 et
2124 4692 2237 4759 Fi·
2433 4686 2498 4750 2.
2537 4683 2732 4766 ltem,
2767 4682 2839 4751 Si
2877 4684 3173 4755 Trinitas
3216 4689 3486 4758 mittere
3535 4714 3633 4769 se,
3673 4691 3904 4761 Trini-

787 4796 964 4863 lieem
994 4805 1105 4864 :et
1135 4807 1366 4864 utrum
1418 4799 1652 4869 Pater.
1688 4797 1938 4875 Filius,
1979 4808 2042 4864 et
2078 4799 2234 4889 Spe·-
2342 4800 2444 4857 ίει.ς
2485 4791 2864 4860 mitteretur
2893 4818 2930 4861 a
2970 4818 3085 4862 se:
3130 4818 3295 4886 ergo
3356 4807 3422 4863 et
3488 4797 3689 4867 Pater
3740 4802 3905 4868 mit-

784 4905 961 4973 ritus
984 4914 1262 4973 sanctus
1291 4906 1571 4973 mittant
1608 4904 1872 4973 Filium
1911 4916 1974 4973 et
2001 4908 2233 4997 spiri.
2343 4911 2618 4984 teretur,
2678 4903 2859 4993 quod
2893 4913 2992 4971 est
3023 4914 3255 4973 contra
3291 4909 3755 4997 Augustinurn
3788 4912 3901 4979 di-

785 5023 935 5082 tum
960 5021 1303 5082 sanctum.
2340 5017 2632 5087 centem,
2659 5010 2841 5101 quod
2872 5010 3070 5080 Pater
3097 5012 3285 5081 solus
3316 5016 3566 5081 missus
3614 5039 3753 5084 non
3796 5017 3899 5087 ie-

2341 5116 2547 5206 gitur.

2429 5219 2696 5289 CoNTRA
2734 5243 2750 5291 Ξ
3927 5285 4022 5333 sed
4056 5291 4247 5330 contra.

785 5325 1044 5395 Deinde
1100 5328 1428 5418 quaeritur
1462 5327 1546 5397 de
1598 5327 1728 5397 hoc
1783 5329 1963 5419 quod
2019 5330 2175 5399 dicit
2210 5355 2226 5400 ε
2434 5334 2493 5401 i.
2532 5334 2951 5421 Augustinus
2979 5334 3166 5413 dirit,
3214 5336 3399 5425 quod
3428 5336 3721 5406 Trinitas
3752 5340 3896 5409 itta-

768 5581 787 5616 ¹
814 5581 899 5637 (ΖΓ.
932 5581 1142 5653 Supra,
1174 5581 1315 5638 Dist.
1346 5582 1439 5639 IV.

1657 5639 1661 5643 ¹
2340 5586 2555 5654 cap.t.
2658 5609 2666 5616 ·

769 5672 877 5724 ²8.
925 5676 1259 5737 :tunam-sus,
1308 5673 1427 5729 Lib.
1488 5674 1534 5728 11
1593 5672 1667 5727 d·-
1724 5673 1941 5744 Spiritu
1999 5676 2227 5745 Sancto,
