4897 6388
548 250 567 401 “Qvo—5
548 114 565 235 '‘*0',’*.““-
552 80 561 86 ἱ
550 32 553 61 ’Ἴ

575 371 620 403 s,
598 310 614 327 -.
612 256 627 279 μ
596 179 629 227 ,Q
610 106 613 109 ,

643 360 646 362 ⁴
634 240 643 245 ⁴
628 180 653 215 ’κ’
634 116 644 147 t>
636 34 641 43 n

558 1232 571 1261 *n
560 1148 564 1203 *0*
554 842 572 1129 -·÷---·——rqt
553 744 559 805 -··
553 712 557 721 —
554 658 558 691 -Ὕ

616 1141 619 1143 ,
608 968 617 995 »-
610 911 621 916 ι
600 810 623 833 ,“
598 648 603 653 “

625 1213 631 1220 .
646 1048 647 1051 „
628 892 665 903 ι,
636 854 643 858 .
641 786 651 817 <l
626 750 647 765 „⁹

2078 926 2534 1022 LIBRI
2642 925 3120 1020 PRIMI

1009 1252 4207 1527 SENTENTIARUM

1380 1646 2200 1780 4;ιε>;ιΞ;·;ιῑ’Ἐκ.;ῑ
2342 1690 3768 1798 ΕΟΜΒΑΒΒΙ,

2175 2161 2876 2262 DISTINCTIO
2945 2165 3017 2261 I.

1249 2504 1342 2579 A.
1401 2500 1865 2576 Pnooemuu.
1909 2497 2032 2573 De
2061 2496 2390 2603 materia
2424 2496 2654 2598 lmjaecs
2706 2495 2943 2591 Libri,
2985 2503 3059 2572 ec
3105 2495 3513 2572 Librorum
3560 2495 3966 2572 divisione.

1106 2875 1408 2954 Veteris
1473 2898 1564 2953 ac
1620 2897 1849 2951 novae
1910 2873 2105 2974 legis
2165 2872 2751 2968 continentiam,
2821 2871 3168 2970 diligenti
3231 2870 3621 2969 indagine,
3680 2871 3910 2946 etiam
3987 2879 4223 2969 atque

1011 3012 1246 3090 etiam
1298 3008 1973 3087 considerantibus
2040 3008 2299 3105 nobis,
2361 3008 2651 3109 praevia
2716 3007 2854 3084 Dei
2898 3006 3171 3104 gratia,
3256 3006 3591 3081 innotuit
3629 3030 3871 3082 sacraee
3920 3003 4227 3105 paginze

1014 3155 1346 3223 tractatu
1389 3145 1596 3222 circa
1634 3168 1788 3241 reS,
1840 3144 1963 3222 vel
2009 3141 2234 3243 signa
2274 3143 2665 3244 praecipue
2727 3141 3044 3219 versari.
3112 3140 3208 3216 Ut
3264 3141 3471 3217 enim
3548 3139 3908 3238 egregius
3948 3139 4236 3217 Ductor

1014 3280 1509 3385 Augustinus
1546 3279 1652 3356 ait
1684 3280 1763 3355 in
1795 3279 1993 3355 libro
2024 3278 2117 3355 de
2147 3278 2534 3355 Doctrina
2564 3277 3003 3354 Christiana
3029 3302 3058 3352 .·
3100 3276 3371 3352 Omnis
3413 3276 3761 3352 doctrina
3798 3277 3920 3351 vel
3970 3298 4230 3351 rerum

1016 3425 1165 3511 est,
1199 3415 1325 3491 vel
1366 3413 1774 3512 signorum
1821 3437 1840 3490 ε
1877 3413 2012 3489 sed
2055 3436 2177 3489 res
2215 3412 2450 3489 etiam
2494 3436 2630 3512 per
2666 3411 2888 3508 signa
2927 3410 3333 3486 discuntur
3373 3411 3420 3484 ¹.
3458 3409 3773 3511 Proprie
3816 3418 4073 3484 autem
4109 3407 4231 3484 hic

1017 3574 1140 3628 res
1178 3550 1701 3651 appellantur,
1746 3573 1924 3649 quie
1966 3574 2119 3625 non
2153 3549 2249 3624 ad
2292 3547 2891 3648 significandum
2934 3547 3227 3648 aliquid
3268 3547 3735 3624 adhibentur
3778 3573 3794 3624 :
3838 3550 4062 3646 xe'qna
4100 3568 4240 3622 ve-

1021 3708 1108 3761 ro
1148 3708 1487 3784 quorum
1531 3707 1721 3759 usus
1751 3691 1868 3760 est
1918 3682 1998 3759 in
2062 3682 2617 3783 significando.
2662 3683 2951 3758 Eurum
3006 3693 3265 3760 autem
3333 3683 3595 3782 aliqua
3659 3695 3866 3777 sum,
3902 3704 4234 3781 quorum

1023 3818 1285 3895 omnis
1316 3842 1508 3895 usus
1537 3828 1655 3895 est
1685 3816 1763 3892 in
1805 3816 2350 3915 significando,
2398 3842 2552 3893 non
2597 3818 2673 3893 in
2704 3817 3238 3917 justificando,
3272 3819 3559 3918 quibus
3587 3842 3740 3893 non
3773 3819 4063 3893 utimur
4091 3817 4241 3894 nisi

1023 3951 1319 4052 aliquid
1388 3949 1882 4051 significandi
1936 3951 2213 4049 gratia,
2296 3962 2380 4027 ut
2435 3952 2699 4051 aliqua
2765 3962 3251 4028 sacramenta
3311 3951 3613 4049 legalia.
3651 3952 3816 4027 Alia
3863 3974 4043 4050 quce
4087 3975 4243 4028 non

1025 4088 1284 4165 solum
1353 4084 1826 4184 significant,
1899 4084 2035 4162 sed
2112 4087 2521 4163 conserunt
2579 4086 2785 4186 quod
2830 4062 3070 4163 intus·
3101 4086 3443 4186 adjuvet,
3501 4086 3702 4162 sicut
3784 4086 4247 4185 Evangelica

1032 4228 1550 4297 sacramenta.
1597 4220 1708 4295 Ex
1747 4242 1903 4318 quo
1942 4229 2206 4319 aperte
2250 4219 2734 4318 intelligitur,
2769 4245 2949 4320 quie
2979 4220 3101 4296 hie
3142 4223 3633 4321 appellentur
3659 4221 3906 4318 siqua,
3933 4246 4053 4298 res
4094 4221 4247 4296 illm

1028 4352 1392 4431 videlicet
1429 4377 1611 4452 quae
1651 4352 1748 4430 ad
1801 4351 2406 4450 significandum
2453 4353 2746 4452 aliquid
2805 4354 3299 4431 adhibentur.
3354 4356 3598 4431 Omne
3646 4353 3879 4452 igitur
3935 4356 4246 4454 signum

1036 4486 1273 4564 etiam
1312 4510 1439 4563 res
1477 4486 1741 4586 aliqua
1778 4494 1922 4563 est.
1960 4486 2179 4575 Quod
2213 4488 2421 4563 enim
2465 4488 2678 4564 nulla
2721 4510 2843 4564 res
2881 4499 3024 4583 est,
3065 4499 3146 4565 ut
3188 4489 3263 4564 in
3300 4489 3573 4566 eodem
3599 4490 4085 4589 Augustinus
4111 4490 4247 4586 ait,

1036 4621 1361 4697 omnino
1403 4620 1595 4697 nihil
1630 4631 1773 4697 est.
1816 4619 1989 4696 Non
2032 4631 2290 4699 autem
2323 4646 2365 4699 e
2392 4645 2770 4699 converso
2810 4624 3062 4699 omnis
3106 4648 3228 4701 res
3259 4624 3567 4722 signum
3620 4635 3730 4700 est
3780 4650 3795 4701 :
3853 4624 4037 4724 quia
4093 4650 4248 4701 non

1031 4755 1450 4834 adhibetur
1487 4754 1583 4831 ad
1625 4754 2240 4854 significandum
2298 4755 2620 4855 aliquid.
2678 4759 3029 4856 Cumque
3077 4758 3196 4833 his
3238 4759 3650 4835 intenderit
3718 4761 4249 4857 theologorum

1037 4888 1465 4989 speculatio
1528 4889 1877 4967 studiosa
1936 4899 2168 4988 atque
2231 4890 2607 4982 modesta,
2686 4891 3030 4967 divinam
3099 4892 3606 4993 Scripturain,
3679 4895 3997 4970 lerinam
4066 4920 4258 4996 proe·

1036 5022 1405 5124 scriptam
1447 5023 1524 5098 in
1595 5024 1946 5100 doctrina
2003 5035 2263 5101 tenere
2340 5024 2721 5101 advertet.
2777 5026 2890 5101 De
2938 5027 3059 5103 his
3105 5052 3291 5125 ergo
3351 5028 3575 5103 nohis
3631 5028 3920 5104 aditum
3984 5029 4078 5104 ad
4136 5053 4258 5106 res

1041 5156 1357 5234 divinas
1390 5156 1889 5256 aliquatenus
1929 5157 2509 5256 intelligendaS,
2561 5159 2722 5235 Deo
2764 5160 2959 5236 (lnce
3001 5161 3300 5261 aperire
3349 5145 3791 5240 volentibus
3868 5163 4259 5240 disseren-

1033 5290 1234 5366 dum
1272 5301 1389 5367 est
1425 5314 1443 5367 :
1492 5290 1923 5391 etprimum
1956 5292 2051 5367 de
2092 5291 2350 5380 rebuS,
2393 5302 2660 5391 postea
2699 5293 2794 5371 de
2834 5294 3080 5391 signis
3111 5295 3608 5374 disseremus

1118 5608 1133 5643 ¹
1163 5607 1220 5665 S.
1253 5609 1625 5677 AUGUSTtSUS,
1658 5606 1784 5664 Lib.
1818 5610 1839 5665 1
1869 5607 1945 5664 de
1979 5606 2253 5665 Doctrina
2283 5606 2632 5677 christiana,
2662 5626 2793 5684 cap.
2839 5613 2893 5666 2.
