4897 6388
3656 337 3690 358 Ι

1829 380 1923 446 IN
1972 380 2000 445 1
2050 335 3027 469 SENTENT.·1)1‚ST.311,'E,
3082 375 3281 443 ΛΒΤ.
3332 379 3438 444 1s.
3786 382 3800 409 ·-
4162 383 4248 450 75

1033 549 1401 625 consortii
1448 573 1463 623 :
1504 559 1735 649 atque
1776 550 2242 648 significavit
2271 549 2586 627 nomine
2619 549 3017 645 consortii,
3053 551 3174 625 vel
3208 548 3673 649 pluralitatis
3714 574 3868 624 non
3903 550 4087 649 poni
4120 554 4253 628 ali-

1030 686 1246 783 quid,
1283 684 1417 760 sed
1452 686 1856 762 removeri.
1906 689 2315 765 pluralitas
2355 688 2564 764 enim
2604 687 2726 761 vel
2771 686 3245 760 consortium
3288 709 3797 783 personarum
3831 708 4007 759 cum
4050 686 4245 761 dici—

1036 829 1187 910 tur,
1223 818 1555 893 solitudo
1589 823 1709 896 vel
1743 821 2237 919 singularitas
2278 831 2659 918 negatur:
2694 842 2868 893 cum
2913 819 3244 893 dicimus
3299 822 3561 917 plures
3621 842 3791 895 esse
3832 842 4240 921 personaS,

1025 951 1559 1049 significamus
1600 958 1805 1055 quod
1848 940 2001 1031 non
2043 966 2158 1031 est
2195 980 2353 1032 una
2392 956 2581 1031 sola.
2622 953 2801 1030 Ideo
2867 953 3213 1029 Hilarius
3255 956 3525 1029 volens
3567 954 3712 1029 ista
3753 954 4142 1029 subtiliter
4173 964 4249 1029 et

1025 1112 1215 1165 saue
1249 1090 1604 1188 intelligi,
1650 1090 1758 1165 ait
1814 1115 1830 1166 :
1895 1092 2276 1168 Professio
2318 1090 2687 1168 consortii
2730 1090 3044 1165 sustulit
3092 1088 3687 1186 intelligentiam
3741 1088 4248 1188 singularita-

1028 1222 1128 1298 tis
1160 1231 1206 1296 ¹.
1249 1224 1423 1299 Non
1465 1223 1675 1319 dicit,
1712 1226 1978 1301 Posuit
2008 1226 2326 1325 aliquid.
2374 1226 2489 1301 Ita
2534 1224 2765 1300 etiam
2809 1247 2986 1299 cum
3028 1223 3361 1299 dicimus
3421 1234 3574 1300 tres
3631 1247 4035 1323 personas,
4080 1224 4247 1299 sin-

1020 1357 1512 1455 gularitatem
1553 1368 1629 1435 et
1666 1360 2157 1436 solitudinem
2194 1360 2535 1435 tollimus
2579 1368 2717 1434 :et
2757 1357 2965 1456 quod
3000 1358 3227 1434 Pater
3268 1382 3424 1432 non
3476 1368 3592 1433 est
3637 1360 3873 1446 solus,
3916 1382 4060 1434 nec
4114 1358 4243 1432 Fi-

1015 1491 1172 1567 lius
1202 1501 1319 1568 est
1356 1494 1597 1590 soluS,
1642 1518 1788 1570 nec
1842 1495 2173 1594 Spiritus
2226 1504 2540 1570 sanctus
2598 1503 2714 1568 est
2752 1493 2997 1586 soluS,
3043 1491 3579 1590 significamus
3643 1516 3657 1567 ε
3724 1502 3800 1567 et
3840 1492 4049 1591 quod
4096 1515 4242 1569 nec

1021 1626 1253 1704 Pater
1291 1638 1588 1703 tantum
1619 1638 1761 1723 est,
1806 1638 1881 1705 et
1912 1629 2177 1723 Filius,
2223 1652 2365 1705 nec
2407 1629 2637 1702 Pater
2666 1637 2966 1702 tantum
3016 1637 3092 1703 et
3130 1627 3466 1726 Spiritus
3515 1635 3859 1722 sanctuS‚
3914 1651 4059 1704 nec
4106 1628 4237 1704 Fi-

1019 1763 1171 1840 lius
1202 1774 1501 1839 tantum
1541 1772 1617 1839 et
1657 1763 1990 1863 Spiritus
2021 1773 2359 1839 sanctus.
2399 1763 2511 1838 De
2544 1764 2691 1838 hoc
2725 1758 2984 1839 autem
3019 1763 3097 1838 in
3130 1762 3488 1861 sequenti
3520 1760 3543 1796 ²
3582 1763 3891 1860 plenius
3931 1775 4228 1861 agetur,

1015 1900 1152 1976 ubi
1194 1899 1424 1976 etiam
1459 1899 1888 1976 secundum
1931 1899 2116 1998 quid
2168 1898 2463 1974 similes
2519 1898 2879 1995 dicantur
2935 1909 3093 1974 tres
3132 1923 3520 1997 personae,
3555 1908 3631 1974 et
3671 1908 3928 1974 utrum
3971 1899 4234 1998 aliquo

1007 2038 1365 2133 modosit
1395 2036 1500 2113 ibi
1532 2036 1937 2114 diversitas
1971 2039 2086 2113 vel
2128 2036 2561 2114 differentia
2588 2037 3070 2114 ostendetur.

1362 2493 1866 2565 ARTICULUS
1932 2497 2183 2566 xvnt.

996 2710 1138 2776 Pro
1176 2731 1312 2799 quo
1339 2713 1679 2801 supponit
1719 2712 1970 2804 imag0,
2031 2735 2184 2781 cum
2240 2713 2498 2781 dicitur
2522 2736 2544 2781 .·

1077 2819 1451 2886 Faciamus
1486 2819 1834 2888 hominem
1873 2822 1972 2888 ad
2024 2822 2393 2913 imaqinem
2426 2847 2549 2892 no·

1088 2936 1306 2993 stram
1356 2924 1398 2993 P

1085 3241 1341 3313 Deinde
1400 3248 1725 3338 quoeritur
1788 3249 1870 3317 de
1917 3247 2046 3318 hoc
2103 3251 2285 3342 quod
2317 3251 2476 3322 dicit
2521 3276 2538 3322 :

991 3375 1026 3416 ι
1104 3353 1476 3421 Faciamus
1557 3355 1897 3424 hominem
1971 3357 2068 3425 ad
2139 3360 2537 3450 innaqinem,

992 3466 1121 3526 etc.
1162 3487 1194 3520 »ι
1274 3459 1353 3528 Et
1403 3472 1806 3552 quaeruntur
1860 3464 2020 3547 duo,
2071 3465 2348 3548 scilicet,
2416 3491 2540 3559 pro

989 3585 1129 3654 quo
1184 3576 1314 3635 stet
1381 3565 1470 3635 ibi
1539 3569 1795 3661 imaqo,
1862 3571 1968 3641 vel
2026 3596 2146 3664 pro
2219 3574 2536 3656 essentia,

995 3673 1104 3762 vel
1141 3696 1266 3765 pro
1323 3681 1658 3767 personis,
1717 3702 1804 3749 an
1880 3705 2000 3773 pro
2066 3684 2418 3773 utroque?
2455 3682 2539 3751 Et

995 3780 1296 3849 secundo
1335 3782 1418 3851 de
1477 3787 1739 3855 ratione
1795 3787 2198 3857 diversitatis
2260 3790 2540 3881 exposi-

992 3886 1288 3966 tionum,
1322 3889 1687 3981 Augustini
1718 3900 1785 3962 et
1815 3893 2075 3965 llilarii.

1088 3994 1319 4064 l’rimo
1360 4019 1523 4088 ergo
1588 4001 1936 4090 quaeritur,
2011 4002 2246 4071 Utrum
2302 4005 2532 4096 imago

992 4111 1336 4193 supponat
1388 4106 1777 4188 essentiam,
1843 4107 1953 4177 vel
2012 4110 2400 4201 personas?
2456 4109 2530 4179 Si

991 4211 1316 4299 supponit
1361 4216 1750 4300 essentiam,
1801 4226 1960 4286 tunc
2026 4219 2290 4288 videtur
2331 4242 2530 4311 posse

996 4314 1155 4397 dici,
1194 4315 1548 4388 Faciamus
1604 4320 1952 4393 hominem
2001 4325 2083 4393 ad
2166 4328 2529 4396 essentiam

907 4427 926 4438 ’
992 4433 1324 4507 nostram,
1353 4425 1461 4494 vel
1492 4426 1576 4496 ad
1615 4433 1977 4499 essentiam
2009 4433 2076 4500 in
2116 4434 2329 4502 tribus
2368 4458 2531 4526 per-

988 4533 1177 4600 sonis
1222 4556 1237 4603 :
1283 4533 1413 4604 hoc
1452 4546 1681 4606 autem
1710 4562 1848 4609 non
1878 4549 1978 4609 est
2015 4565 2252 4611 verum
2296 4565 2312 4611 ε
2364 4566 2530 4635 ergo

988 4639 1281 4721 videtur,
1338 4643 1521 4734 quod
1577 4668 1718 4714 non
1764 4659 2100 4738 supponat
2163 4652 2526 4720 essentiam

990 4747 1058 4814 in
1090 4770 1189 4832 se,
1232 4770 1353 4816 nec
1393 4754 1758 4821 essentiam
1817 4757 1882 4821 in
1938 4756 2153 4823 tribus
2187 4758 2521 4849 personis.

1080 4853 1153 4922 81
1182 4879 1402 4925 surm
1431 4870 1771 4952 supponat
1801 4886 1919 4953 pro
1948 4864 2160 4933 tribus
2189 4867 2523 4957 personis,

992 4972 1156 5031 tunc
1216 4964 1487 5034 videtur
1551 4970 1733 5058 quod
1808 4971 2038 5040 debuit
2101 4972 2348 5051 dicere,
2419 4974 2527 5043 Ad

985 5071 1344 5162 imagineS,
1387 5083 1453 5141 et
1492 5098 1631 5145 non
1678 5078 1763 5146 ad
1820 5080 2207 5173 imaginem.

1079 5179 1154 5248 81
1184 5203 1390 5249 roam
1444 5183 1707 5256 dicatur
1749 5190 1945 5275 (sicut
1994 5190 2267 5282 quidam
2326 5189 2526 5259 dixe-

986 5294 1170 5378 runt)
1236 5290 1422 5381 quod
1489 5295 1714 5387 imago
1781 5305 1911 5366 stat
1984 5298 2074 5367 ibi
2130 5320 2253 5391 pro
2320 5297 2517 5366 Filio.

979 5402 1253 5473 Coxras
1295 5430 1311 5474 ε
1371 5403 1621 5474 Textus
1668 5405 1829 5475 dicit
1868 5407 1963 5474 ad
1999 5408 2366 5498 imaqinem
2404 5429 2524 5474 no·

2660 2376 2884 2445 Patris
2928 2377 3162 2447 :unde
3219 2388 3382 2448 tunc
3430 2378 3664 2448 debuit
3714 2377 3919 2447 Pater
3975 2376 4220 2463 dicere,

2662 2483 2769 2551 Ad
2797 2485 3176 2577 imaginem
3219 2510 3446 2554 meam
3492 2495 3608 2556 :et
3647 2509 3789 2555 non
3837 2496 4017 2556 esset
4062 2509 4226 2554 ver-

2656 2591 2825 2660 bum
2856 2615 3224 2663 commune
3263 2594 3484 2663 tribus
3522 2594 3858 2685 personis,
3894 2596 4068 2661 sicut
4106 2592 4218 2661 di-

2655 2708 2823 2768 cunt
2855 2698 3114 2770 Sancti.

2750 2807 3060 2877 Paos-ran
3127 2808 3260 2878 hoc
3305 2809 3623 2879 dixerunt
3670 2808 3975 2901 quidam,
4034 2807 4220 2899 quod

2660 2916 2894 3007 imago
2934 2938 3085 3011 non·
3114 2925 3244 2984 stat
3286 2916 3376 2984 ibi
3421 2940 3542 3008 pro
3596 2917 3896 3008 imagine
3966 2918 4224 2984 increa-

2657 3029 2751 3105 ta,
2794 3021 2913 3090 sed
2952 3032 3180 3092 creata
3212 3045 3229 3089 :
3260 3034 3328 3092 et
3368 3023 3523 3093 hoc'
3553 3021 3795 3091 volunt
3843 3020 4098 3091 habere
4139 3045 4223 3092 ex

2655 3128 3293 3222 consignificatione
3328 3130 3828 3223 praepositionis
3886 3128 4003 3208 ad,
4070 3152 4223 3221 quae

2653 3236 2928 3306 videtur
2956 3247 3192 3307 notare
3224 3238 3790 3307 assimilationem
3822 3260 3978 3306 cum
4021 3239 4226 3305 ratio-

2656 3367 2740 3413 ne
2771 3345 3063 3436 alicujus
3093 3347 3434 3415 distantia:
3463 3369 3480 3416 :
3516 3348 3679 3439 quia
3706 3346 3980 3414 videtur
4017 3347 4213 3438 quasi

2650 3453 2738 3522 ad
2776 3453 3037 3548 aliquid
3064 3456 3585 3548 consignificare
3624 3465 3916 3532 motum.
3987 3456 4209 3524 consi-

2648 3562 2928 3652 gnificat
2958 3565 3142 3632 enim
3183 3565 3266 3631 ad
3299 3562 3553 3632 locum.
3599 3563 3672 3630 Si
3731 3571 3962 3631 autem
4012 3585 4210 3653 quae-

2655 3677 2867 3751 ratur,
2902 3670 3083 3751 Quid
3130 3674 3217 3739 sit
3294 3671 3461 3740 illud
3513 3680 3815 3740 creatum
3865 3668 3949 3737 ad
4019 3668 4202 3760 quod

2646 3775 2860 3847 homo
2934 3777 3152 3847 factus
3194 3787 3322 3857 est,
3379 3779 3610 3847 dicunt
3667 3775 3855 3868 quod
3921 3774 4051 3844 hoc
4103 3784 4209 3845 est

2647 3883 2821 3953 ratio
2860 3883 3180 3974 imaginis
3210 3881 3611 3951 abstrahens
3671 3880 3757 3948 ab
3823 3879 4207 3972 exemplata

2645 3992 2946 4083 imagine
2986 3993 3057 4059 in
3089 3990 3393 4059 homine.
3441 3990 3578 4058 Sed
3606 3998 3845 4060 contra
3882 3986 4016 4057 hoc
4074 3998 4199 4067 est,

2642 4103 2830 4196 quod
2861 4102 3086 4172 adhuc
3123 4098 3266 4167 ltaec
3296 4101 3471 4167 ratio
3503 4099 3820 4191 imaginis
3848 4099 3975 4167 erit
4029 4100 4202 4167 ratio

2642 4212 2921 4282 alterius
2949 4210 3236 4300 alicujus
3277 4208 3580 4289 increati,
3615 4217 3679 4276 et
3719 4207 3801 4275 de
3858 4204 3988 4276 hoc
4033 4206 4204 4274 redit

2643 4322 2881 4391 eadem
2914 4320 3201 4415 quaestio
3242 4341 3393 4408 quae
3434 4318 3645 4408 prius,
3729 4315 3971 4384 [trum
4026 4314 4202 4383 dicat

2642 4432 3035 4511 essentiam,
3077 4428 3187 4498 vel
3234 4451 3598 4520 personam
3627 4427 3663 4493 Ἰ
3708 4434 3773 4494 et
3839 4425 3896 4493 si
3965 4446 4199 4515 perso·

2640 4562 2827 4621 nam,
2864 4539 3108 4608 Utrum
3150 4559 3515 4630 personam
3551 4534 3727 4618 Filii,
3784 4533 3891 4601 vel
3959 4556 4200 4602 omnes

2635 4648 2708 4717 in
2738 4650 3039 4719 commui
3071 4651 3106 4715 ⁴?

2733 4756 3088 4835 Praeterea,
3126 4756 3323 4824 llatio
3357 4754 3470 4823 illa
3500 4754 3817 4844 imaginis
3856 4775 3995 4820 non
4042 4760 4201 4842 pot-

2637 4873 2737 4935 est
2776 4865 2938 4957 poni
2971 4887 3118 4934 esse
3157 4866 3288 4932 nisi
3319 4865 3388 4932 in
3420 4871 3647 4930 mente
3695 4859 3818 4928 Dei
3887 4861 4196 4929 facientis

2637 4975 2992 5044 hominem
3037 4987 3053 5042 τ’
3089 4977 3276 5044 etsie
3317 4973 3456 5041 liaec
3488 4972 3659 5040 ratio
3699 4970 4019 5061 imaginis
4066 4971 4192 5038 erit

2636 5084 2788 5153 idea
2816 5084 2902 5152 ad
2956 5107 3162 5176 quam
3234 5084 3308 5150 tit
3381 5081 3590 5149 homo
3667 5080 3751 5148 ad
3819 5081 4190 5171 imaginem

2634 5190 2763 5261 Dei
2806 5214 2823 5257 ε
2870 5201 2935 5261 et
2974 5192 3070 5260 sic
3099 5213 3238 5259 non
3270 5198 3369 5258 est
3406 5186 3707 5258 creatum
3757 5186 4038 5279 aliquid,
4074 5187 4192 5256 sed

2636 5301 2864 5391 potius
2903 5298 3196 5367 creatrix
3250 5297 3571 5379 essentia,
3621 5304 3696 5362 ut
3741 5295 3890 5362 vult
3944 5294 4194 5362 Ansel-

2632 5433 2812 5479 mus.
2885 5408 3082 5479 Unde
3140 5406 3272 5477 hoc
3328 5406 3498 5475 nihil
3561 5403 4037 5484 videturesse
4093 5403 4193 5473 di·

971 5523 1196 5583 stram
1236 5539 1259 5584 :
1299 5515 1510 5584 Filius
1546 5525 1778 5585 autem
1805 5537 1943 5585 non
1999 5524 2103 5585 est
2128 5517 2356 5607 imago
2385 5514 2518 5583 nisi
2628 5527 2840 5588 ctum.

1044 5748 1060 5784 ¹
1093 5747 1247 5818 lou,
1280 5745 1528 5819 Ibidem,
1557 5745 1672 5806 loc.
1704 5746 1803 5804 cit.

2698 5748 2722 5785 ⁸
2751 5749 2840 5807 Cf.
2871 5750 3057 5820 Infra,
3087 5749 3233 5807 Dist.
3265 5765 3385 5819 xix,
3418 5765 3567 5815 xxiv,
3591 5766 3720 5806 xxxi
3751 5754 3810 5805 et
3837 5763 4036 5805 xxxin.
