4897 6388
235 5617 523 5667 Qnoestmnc.

623 345 751 411 386

1614 351 1700 419 D.
1753 352 1952 422 ALB.
2006 350 2221 421 MAG.
2276 349 2495 422 011st
2540 348 2833 417 PRAED.

816 896 904 970 G.
948 894 1546 991 Determinotz‘0‚
1574 899 1995 973 secandum
2035 900 2373 974 diversos
2414 897 2890 995 acceptiones
2920 895 3110 969 (licit
3147 919 3273 970 eos
3315 893 3624 968 locutos.

715 1222 865 1297 Sed
912 1231 991 1295 ut
1022 1222 1271 1316 istam,
1318 1245 1496 1319 quae
1527 1223 1857 1319 videtur,
1893 1224 2485 1325 repugnantiam
2526 1224 2620 1298 de
2664 1221 2912 1297 medio
2972 1221 3402 1319 abigamus,
3462 1220 3817 1313 dicimus,
3920 1210 3924 1213 Α

617 1359 823 1457 quod
855 1358 1378 1457 Hieronymus
1417 1360 1642 1435 aliter
1670 1362 1965 1458 aceepit
2002 1384 2279 1436 nomen
2322 1360 2677 1458 moeniti,
2714 1369 2788 1433 et
2853 1359 3075 1433 aliter
3113 1357 3624 1453 Augustinus.
3672 1360 3819 1431 Ac-

614 1493 817 1592 cepit
856 1493 1060 1567 enim
1091 1494 1576 1590 Augustinus
1608 1495 2064 1592 infinitum,
2107 1494 2386 1592 quivel
2420 1494 2628 1592 quod
2660 1494 2752 1568 de
2794 1493 2943 1567 alio
2978 1515 3133 1566 non
3174 1500 3289 1567 est
3323 1515 3338 1565 ε
3397 1501 3473 1566 et
3537 1515 3822 1566 secun-

612 1630 795 1704 dum
828 1630 974 1703 hoe
996 1628 1089 1702 de
1129 1629 1294 1702 solo
1337 1628 1906 1730 Patreddieitur.
1953 1629 2478 1728 Hieronymus
2509 1651 2693 1703 vero
2735 1627 3163 1725 inqenitum
3194 1625 3402 1720 dicit,
3474 1650 3629 1700 non
3682 1649 3821 1723 ge·-

611 1764 903 1838 nitum:
942 1772 1016 1838 et
1054 1750 1484 1837 seeundum
1531 1765 1676 1837 hoc
1703 1763 1796 1838 de
1821 1762 2106 1862 Spiritu
2150 1773 2415 1839 saneto
2447 1761 2896 1862 potestdici‚
2931 1784 3107 1835 oum
3135 1759 3474 1860 Spiritus
3505 1770 3822 1838 sanctus

610 1924 764 1975 non
815 1900 914 1975 sit
942 1898 1279 1996 genitus.

1043 2447 1549 2519 ARTICULUS
1609 2446 1697 2517 Χ.

612 2659 801 2746 Quid
828 2662 1153 2752 praedicet
1180 2660 1528 2751 ingenitus
1557 2658 1837 2751 quaudo
1876 2658 2152 2736 dicitur,

696 2771 1010 2863 Spiritus
1044 2781 1324 2839 sauctus
1361 2779 1457 2837 est
1515 2769 1884 2858 inqenitus,
1928 2790 2020 2834 on
2064 2789 2160 2834 es-

695 2879 1015 2957 sentiam,
1046 2899 1443 2971 persouom,
1476 2876 1589 2944 vel
1611 2876 1955 2943 notionem
1996 2870 2039 2941 ?
2063 2875 2159 2941 Et

696 3006 837 3079 qua
874 2988 1393 3068 communitate,
1453 2987 1714 3055 scilicet
1776 2984 1885 3054 vel
1935 2983 2159 3057 ratio·
2209 3017 2214 3023 ·

696 3096 829 3172 nis,
891 3093 1000 3163 vel
1033 3095 1134 3161 rei
1187 3093 1465 3162 dicatur
1510 3092 1594 3161 de
1657 3094 1872 3160 Patre
1907 3098 1973 3158 et
2024 3090 2158 3159 Fi-

701 3202 797 3270 lio
830 3200 874 3269 ?

693 3524 953 3593 Deinde
991 3524 1321 3616 quaeritur
1346 3522 1430 3593 de
1465 3521 1596 3592 hoc
1616 3521 1803 3614 quod
1840 3521 2001 3591 dicit
2028 3519 2147 3605 ibi,

606 3635 673 3700 in
720 3634 852 3700 isto
890 3629 1186 3722 capitulo
1245 3629 1322 3709 F,
1407 3660 1440 3693 α
1515 3631 1826 3723 Spiritus
1872 3637 2151 3696 sauctus

600 3741 814 3806 Pater
847 3762 981 3805 nou
1020 3747 1139 3819 est,
1169 3736 1295 3804 sed
1318 3737 1690 3826 inqeuitus,
1734 3746 1859 3804 ete.
1902 3761 1934 3799 ι

687 3845 864 3926 Quid
959 3845 1143 3914 enim
1224 3844 1541 3934 praedicat
1619 3844 1687 3935 ly
1777 3843 2144 3933 inqeuitus,

598 3953 870 4046 quando
927 3952 1171 4019 dicitur
1227 3950 1310 4018 de
1384 3951 1641 4043 Spiritu
1718 3959 1978 4031 sancto,
2032 3959 2148 4035 aut

595 4061 986 4137 essentiam,
1028 4068 1145 4127 aut
1166 4081 1557 4149 personam,
1587 4066 1703 4125 aut
1732 4058 2083 4126 notionem
2112 4059 2148 4124 ⁰?

597 4171 755 4260 quia
796 4193 933 4237 uon
982 4176 1137 4236 sunt
1181 4165 1380 4258 plura
1419 4167 1488 4235 iu
1527 4166 1907 4236 divinitate.
1959 4166 2145 4235 Con-

593 4287 747 4357 stat,
792 4277 974 4369 quod
1009 4300 1144 4344 uon
1180 4278 1544 4344 essentiam
1582 4298 1597 4342 ε
1643 4276 1801 4366 quia
1831 4277 1926 4344 sic
1973 4298 2143 4342 con-

589 4387 848 4455 veniret
914 4383 1267 4475 aequaliter
1334 4383 1574 4463 tribus,
1645 4383 1829 4474 quod
1894 4382 2135 4451 falsum

585 4503 707 4562 est.
752 4492 891 4561 Nec
931 4514 1321 4584 personam,
1366 4500 1438 4559 ut
1466 4500 1648 4583 patet
1681 4493 1748 4559 in
1791 4491 2077 4583 singulis
2113 4513 2127 4557 ε

582 4603 762 4694 quod
796 4603 979 4671 onim
1010 4623 1371 4692 personam
1416 4600 1711 4691 Spiritus
1741 4600 1952 4667 saneti
1994 4622 2130 4666 non

578 4711 919 4802 praedicet,
963 4717 1142 4800 patet
1197 4732 1213 4778 τ
1285 4710 1445 4801 quia
1515 4708 1811 4800 Spiritus
1857 4716 2130 4776 sanctus

581 4842 718 4887 non
762 4818 1163 4908 proedicatur
1206 4816 1289 4883 de
1330 4815 1556 4893 Patre,
1619 4816 1735 4883 sed
1787 4816 2127 4906 ingenitus

579 4928 981 5018 praedicatur
1008 4926 1090 4994 de
1131 4926 1304 5016 ipso.
1334 4926 1408 4992 Si
1431 4947 1592 4992 vero
1624 4924 1911 5002 dicatur,
1945 4924 2127 5015 quod

580 5038 927 5103 notionem
973 5032 1312 5125 praedicat.
1366 5030 1638 5101 CosrnA
1693 5050 1711 5100 ε
1764 5030 1919 5099 Non
1971 5039 2128 5099 sunt

576 5144 704 5209 nisi
735 5143 1036 5232 quinque
1087 5141 1427 5219 notioneS,
1470 5147 1606 5206 tres
1647 5138 1866 5206 l‘atris
1893 5146 1959 5206 et
2006 5163 2125 5207 ea-

578 5273 727 5316 rum
760 5272 968 5317 unam
1001 5246 1207 5314 habet
1237 5269 1393 5315 cum
1440 5246 1632 5322 Filio,
1669 5269 1804 5313 uua
1854 5245 2027 5328 Filii,
2062 5256 2128 5314 et

577 5380 715 5425 una
756 5357 1051 5446 Spiritus
1090 5356 1329 5424 sancti.

669 5569 1065 5635 Pus-sunm,
1111 5558 1402 5639 Quando
1444 5565 1902 5632 communiter
1957 5565 2127 5633 diei-

585 5688 692 5745 tur
734 5674 816 5739 ‹le
868 5669 1123 5759 Spiritu
1170 5676 1431 5745 sancte,
1470 5676 1536 5733 et
1584 5667 1665 5734 de
1708 5669 1930 5750 l‘atre,
1993 5694 2124 5764 qua

2267 2225 2759 2294 communitate
2798 2227 3045 2295 dieitur
3070 2229 3106 2296 ⁴?
3143 2236 3259 2295 aut
3289 2227 3409 2305 rei,
3445 2237 3562 2296 aut
3604 2229 3819 2295 ratio-

2269 2334 2375 2402 nis
2412 2335 2447 2401 ?
2490 2331 2564 2401 Si
2592 2335 2685 2402 rei
2721 2357 2737 2401 ε
2782 2357 2946 2425 ergo
2975 2333 3205 2427 aliqua
3234 2359 3369 2404 una
3397 2338 3590 2404 notio
3614 2343 3713 2404 est
3741 2335 3809 2402 in

2268 2439 2470 2510 Patre
2518 2449 2585 2509 et
2624 2439 2881 2532 Spiritu
2912 2453 3171 2522 sancto,
3205 2443 3380 2512 sieut
3418 2441 3645 2534 aliqua
3678 2463 3814 2509 una

2268 2547 2477 2615 estin
2517 2546 2717 2617 Patre
2758 2557 2825 2616 et
2882 2548 3078 2627 Filio,
3125 2550 3307 2641 quod
3352 2550 3594 2617 falsum
3650 2559 3751 2618 est
3796 2571 3812 2616 :

2267 2676 2424 2723 cum
2464 2676 2604 2723 non
2630 2656 2766 2724 sint
2822 2657 3138 2725 notiones
3192 2658 3318 2725 nisi
3377 2659 3708 2749 quinque,
3744 2666 3820 2724 ut

2268 2761 2591 2853 Magister
2638 2764 2810 2833 inl'ra
2855 2763 3196 2855 probabit.
3233 2765 3306 2833 Si
3345 2775 3574 2834 autem
3621 2788 3815 2834 com-

2269 2869 2600 2938 munitate
2632 2871 2911 2939 rationis
2954 2894 2969 2939 :
3004 2895 3168 2963 ergo
3208 2871 3590 2941 universale
3618 2882 3717 2941 est
3750 2873 3815 2941 in

2267 2975 2543 3055 divinis,
2592 2977 2779 3070 quod
2826 2989 3032 3071 negat
3081 2980 3361 3049 Boetius
3408 2981 3478 3049 in
3522 2980 3695 3048 libro
3732 2981 3814 3048 de

2273 3085 2631 3154 Trinitate.

2361 3300 2670 3392 Some.
2712 3303 2884 3373 Cum
2923 3305 3268 3396 iuqenitus
3292 3305 3693 3397 praedieatur
3727 3305 3808 3376 de

2270 3405 2471 3478 Patre
2499 3418 2567 3477 et
2606 3408 2862 3503 Spiritu
2901 3421 3163 3491 sancte,
3207 3435 3344 3482 non
3380 3412 3542 3482 dicit
3580 3415 3808 3483 notio-

2268 3537 2453 3596 nem,
2495 3524 2570 3585 ut
2606 3541 2812 3611 supra
2858 3519 3221 3609 probatum
3256 3529 3378 3600 est,
3414 3544 3539 3592 nec
3575 3545 3809 3591 essen-

2266 3621 2458 3703 tiam,
2514 3646 2639 3692 nec
2703 3649 3066 3715 personam
3126 3649 3143 3694 :
3199 3627 3312 3694 sod
3380 3637 3482 3696 est
3535 3631 3804 3718 negatio

2262 3753 2688 3823 consequens
2735 3734 3017 3803 modum
3069 3738 3441 3804 existentiae
3512 3738 3804 3829 Spiritus

2260 3840 2471 3906 sancti
2510 3863 2526 3908 ε
2559 3841 2736 3911 sieut
2763 3864 2844 3910 ex
2870 3841 3003 3911 hoc
3034 3845 3179 3935 ipso
3201 3844 3381 3935 quod
3421 3845 3666 3937 aliquis
3703 3857 3801 3912 est

2261 3946 2495 4029 liom0,
2529 3954 2838 4044 sequitur
2864 3954 3048 4046 quod
3081 3978 3216 4023 non
3247 3955 3330 4022 sit
3377 3958 3634 4035 asinus,
3679 3980 3797 4023 nec

2260 4055 2431 4147 lapis
2464 4079 2481 4128 ε
2517 4059 2608 4127 ita
2638 4083 2721 4128 ex
2742 4058 2872 4130 hoe
2911 4063 3058 4153 ipso
3087 4063 3268 4154 quod
3302 4065 3597 4154 Spiritus
3645 4088 3796 4132 san·

2254 4173 2403 4234 ctus
2440 4170 2546 4237 est
2587 4169 2905 4260 spiratus,
2949 4172 3256 4262 sequitur
3298 4172 3480 4263 quod
3524 4196 3661 4240 non
3709 4173 3793 4239 sit

2251 4274 2522 4363 genitus
2555 4297 2571 4343 :
2609 4284 2672 4344 et
2704 4300 2784 4345 ox
2818 4276 2947 4345 linc
2996 4279 3143 4369 ipso
3192 4279 3373 4370 quoel
3414 4279 3614 4346 Pater
3654 4303 3792 4346 non

2247 4391 2348 4449 est
2380 4381 2465 4450 ab
2497 4383 2659 4462 alic,
2710 4387 3016 4475 sequitur
3064 4387 3244 4477 quod
3280 4410 3414 4454 nun
3468 4387 3553 4454 sit
3597 4371 3794 4479 {gi-ui-

2248 4498 2381 4557 tuS.

3905 3354 4015 3400 solu

4019 3369 4029 3394 ι
4038 3354 4099 3401 io.

2327 4702 2433 4769 An
2487 4724 2686 4771 Auno
2721 4702 3110 4781 dicendum,
3145 4705 3327 4796 quod
3357 4714 3458 4774 est
3476 4728 3782 4774 conunu-
3806 4748 3875 4790 Α..
3903 4755 4057 4804 qm„

2238 4833 2323 4879 ne
2382 4813 2690 4893 rationiS,
2744 4823 2813 4882 ut
2882 4815 3155 4905 negatio
3202 4838 3625 4906 consequens
3680 4826 3780 4885 est

2236 4943 2605 4991 commune
2640 4944 2655 4989 ε
2691 4921 2955 4992 sedilia
2993 4947 3132 4992 non
3164 4924 3351 5014 ponit
3395 4925 3777 4994 universale

2237 5027 2709 5112 substantiale,
2733 5053 2859 5099 nee
2886 5031 3296 5101 accidentale
3324 5056 3338 5099 ε
3374 5041 3439 5101 et
3469 5031 3619 5100 ideo
3642 5057 3779 5102 non

2237 5135 2571 5226 sequitur,
2614 5137 2796 5230 quod
2830 5139 2897 5206 in
2926 5138 3252 5207 ‘l'rinitate
3286 5141 3369 5207 sit
3401 5140 3781 5208 universale

2237 5252 2300 5312 et
2332 5244 2738 5335 particulare
2781 5269 2797 5314 t
2832 5269 2915 5314 ex
2961 5244 3092 5314 hoc
3129 5248 3310 5314 enirn
3343 5247 3523 5338 quod
3571 5245 3782 5317 homo

2236 5376 2376 5423 non
2406 5362 2510 5422 est
2536 5353 2736 5445 lapis,
2770 5355 2913 5446 ipse
2944 5378 3083 5423 non
3122 5366 3223 5424 est
3250 5355 3505 5447 aliquid
3537 5379 3653 5449 per
3681 5381 3778 5441 se,

2238 5461 2343 5529 vel
2373 5484 2497 5552 per
2521 5463 2830 5531 accidens
2864 5485 2878 5529 ε
2906 5462 3268 5531 affirmatio
3292 5465 3471 5532 enim
3503 5487 3779 5532 causare

2236 5577 2453 5658 potest
2502 5572 2961 5661 negationem,
2996 5571 3114 5639 sed
3171 5593 3308 5638 non
3366 5595 3399 5640 e
3449 5595 3778 5641 converso

2235 5676 2507 5765 negatio
2540 5676 3103 5747 affirmationem:
3142 5679 3318 5749 unde
3339 5702 3418 5747 ex
3448 5677 3580 5748 hoc
3596 5678 3777 5770 quod
