4897 6388
798 2120 1090 2173 Quaestiunc.

809 4101 995 4148 gul-ot.
1021 4094 1066 4142 2.

1836 217 1930 283 ΙΝ
1977 216 2006 283 1
2057 212 2483 282 SENTENT.
2538 208 2762 277 DIST.
2815 205 3003 285 VlII,
3058 207 3138 291 B,
3189 206 3390 277 ΛΒΤ.
3447 207 3550 275 13.

1208 387 1271 451 2.
1309 376 1508 464 Item,
1547 386 1744 452 Nune
1792 385 2116 474 temporis
2157 391 2222 451 et
2279 405 2462 450 nune
2490 387 2675 448 aeter-
2715 381 2720 386 ’

1116 495 1371 572 nitatis,
1429 502 1503 560 ut
1551 493 1878 581 accipitur
1933 514 1973 557 a
2038 491 2263 558 verbis
2331 489 2552 557 Boetii
2605 490 2674 554 in

1116 598 1288 665 libro
1369 600 1451 666 de
1554 599 1900 676 Trinitate,
1982 596 2303 664 differunt
2371 597 2440 662 in
2513 595 2668 672 hoe,

1116 706 1300 796 quod
1345 727 1522 770 nunc
1558 704 1953 771 {eternitatis
2002 711 2104 771 est
2152 711 2361 786 stanS,
2411 710 2477 769 et
2533 722 2672 767 non

1118 836 1403 880 movens
1461 835 1607 880 sese
1671 835 1685 878 :
1740 835 1921 880 nunc
1945 822 2173 879 autem
2217 811 2544 899 temporis
2573 816 2675 875 est

1116 918 1333 985 [luens
1374 941 1412 983 a
1444 918 1656 1007 priori
1705 920 1774 984 in
1831 918 2169 1007 posterius
2219 918 2565 993 continue,
2610 922 2675 981 et

1116 1023 1245 1089 hoe
1279 1025 1466 1090 tluxu
1490 1022 1646 1090 l'aeit
1686 1047 1831 1091 esse
1866 1023 2191 1111 temporis
2256 1044 2271 1087 :
2311 1043 2472 1111 ergo
2515 1018 2675 1086 abs-

1112 1132 1346 1198 tractis
1421 1133 1489 1197 in
1566 1130 1813 1221 quibus
1913 1129 2258 1205 differunt,
2369 1135 2672 1194 remanet

1113 1238 1495 1305 substantia
1553 1260 1688 1304 una
1749 1239 1817 1304 in
1875 1236 2091 1304 tribus
2154 1259 2170 1303 ε
2242 1233 2675 1302 abstrahatur

1114 1371 1277 1438 ergo
1336 1349 1525 1437 prius
1593 1357 1660 1414 et
1721 1347 2059 1436 posterius
2127 1345 2303 1412 inter
2368 1367 2520 1434 quae
2573 1351 2674 1410 est

1114 1457 1339 1544 ipsum
1371 1477 1577 1530 nunc,
1631 1442 1897 1521 videtur
1949 1452 2133 1544 quod
2172 1459 2479 1520 remanet
2505 1450 2674 1518 sub-

1114 1564 1366 1629 stantia
1433 1564 1645 1651 ipsius
1704 1561 2136 1628 indivisibilis
2207 1581 2222 1626 :
2295 1559 2675 1627 substantia

1116 1671 1497 1739 durationis
1545 1668 1977 1737 indivisibilis
2026 1677 2126 1736 est
2182 1690 2365 1735 nunc
2409 1667 2676 1735 aeterni-

1117 1781 1275 1847 tatis
1320 1800 1536 1869 :ergo
1609 1800 1791 1845 nunc
1856 1777 2253 1844 aeternitatis
2323 1784 2387 1843 et
2431 1777 2560 1842 aevi
2610 1782 2677 1841 et

1117 1886 1451 1975 temporis
1481 1894 1584 1951 est
1612 1882 1794 1950 idem
1823 1906 1946 1974 per
1967 1868 2446 1950 substantiam.
2487 1914 2491 1917 ⁴

1215 2104 1586 2172 l‘astrrssasA
1635 2107 1982 2194 quaeritur,
2029 2103 2267 2173 Utrum
2316 2104 2387 2170 in
2442 2104 2672 2194 aliquo

1121 2212 1439 2280 differant
1506 2236 1688 2279 nunc
1748 2212 2143 2280 aeternitatis
2198 2220 2265 2279 et
2303 2213 2669 2292 aeternitaS,

1117 2333 1184 2392 et
1207 2346 1389 2390 nune
1411 2323 1909 2398 aeviternitatis,
1938 2329 2003 2390 et
2033 2322 2448 2389 aeviternitas
2481 2321 2672 2410 ipsa?

1212 2434 1269 2499 1.
1302 2431 1588 2498 Videtur
1607 2441 1860 2509 autem,
1896 2430 2080 2521 quod
2110 2429 2425 2498 differant
2460 2452 2476 2498 ε
2511 2431 2671 2520 quia

1113 2539 1279 2607 dicit.
1340 2538 1643 2617 Boetius,
1740 2538 1924 2629 quod
2003 2560 2184 2605 nunc
2277 2537 2672 2604 aeternitatis

1111 2647 1355 2716 stando
1404 2648 1565 2715 facit
1628 2648 2077 2716 aeternitatem
2147 2669 2183 2732 εγ
2225 2668 2364 2714 non
2440 2652 2670 2714 autem

1113 2755 1294 2824 idem
1337 2764 1438 2823 est
1466 2755 1745 2834 faeienS,
1780 2763 1845 2823 et
1894 2755 2142 2824 laetum
2189 2778 2207 2820 ε
2251 2777 2413 2847 ergo
2469 2762 2673 2822 aeter-

1112 2864 1292 2930 nitas
1341 2885 1478 2930 non
1537 2870 1638 2931 est
1704 2885 1886 2931 nunc
1932 2862 2357 2931 aeternitatiS.
2411 2860 2667 2929 Eodem

1115 2969 1323 3038 modo
1355 2968 1677 3059 objicitur
1734 2968 1816 3038 ‹le
1874 2992 2056 3037 nunc
2087 2970 2242 3047 aevi,
2297 2968 2480 3059 quod
2512 2967 2673 3035 facit

1115 3099 1372 3145 aevum.

1203 3188 1268 3256 3.
1317 3185 1681 3264 Praeterea,
1746 3183 1978 3253 Status
2035 3184 2248 3275 ipsius
2307 3206 2487 3252 nunc
2532 3206 2673 3251 non

1114 3302 1215 3362 est
1254 3294 1479 3384 ipsum
1527 3315 1711 3360 nunc
1754 3292 1822 3360 in
1897 3292 2305 3370 substantia,
2365 3293 2540 3360 sicut
2588 3288 2674 3358 ab

1114 3401 1328 3470 altera
1371 3410 1560 3490 parte
1620 3401 1845 3467 fluxus
1893 3400 2105 3491 ipsius
2150 3421 2334 3467 nunc
2381 3400 2448 3464 in
2499 3406 2674 3465 tem-

1117 3532 1280 3599 pore
1379 3531 1518 3575 non
1605 3515 1708 3575 est
1781 3509 2002 3597 ipsum
2088 3529 2271 3575 nunc
2329 3528 2447 3596 per
2520 3502 2681 3573 sub-

1119 3618 1442 3684 stantiam
1483 3638 1498 3682 :
1551 3638 1715 3705 ergo
1746 3636 1902 3682 cum
1944 3615 2289 3683 aeternitas
2336 3615 2424 3682 sit
2460 3620 2678 3680 status

1123 3733 1190 3791 et
1221 3722 1691 3814 permanentia
1722 3724 1933 3812 ipsius
1974 3744 2205 3803 nunc,
2243 3743 2423 3790 nunc
2484 3729 2679 3788 aeter-

1129 3832 1363 3899 nitatis
1393 3853 1534 3897 non
1574 3836 1675 3898 est
1715 3831 1856 3920 ipsa
1897 3830 2267 3897 aeternitas.

1229 4046 1625 4122 Pnstzrsnm,
1687 4044 1859 4110 Cum
1926 4042 2200 4122 (licitur,
2277 4063 2501 4109 aevum
2588 4050 2690 4109 est

1132 4163 1321 4221 stans
1378 4163 1439 4221 et
1511 4160 1730 4218 totum
1800 4151 2029 4227 simul,
2097 4159 2166 4218 et
2220 4158 2549 4218 aeternum
2590 4159 2693 4217 est

1131 4273 1321 4331 stans
1380 4271 1447 4329 et
1513 4271 1732 4328 totum
1800 4259 2030 4339 simul,
2096 4261 2423 4350 quoeritur
2462 4267 2688 4327 utrum

1132 4373 1201 4439 iu
1235 4394 1368 4438 una
1400 4371 1662 4436 ratione
1692 4371 2109 4458 accipiantur
2136 4379 2315 4436 stare
2374 4378 2438 4436 et
2470 4376 2687 4436 totum

1128 4479 1558 4548 simulesse?
1590 4477 1673 4545 Et
1700 4476 1970 4545 videtur
2016 4476 2204 4567 quod
2237 4498 2376 4544 non
2452 4498 2468 4542 :
2530 4478 2690 4566 quia

1130 4593 1183 4657 si
1256 4590 1326 4656 in
1385 4612 1519 4656 una
1587 4589 1847 4654 ratione
1904 4585 2345 4675 accipiantur,
2424 4584 2696 4653 videtur

1134 4708 1320 4775 tunc,
1365 4696 1546 4787 quod
1583 4695 1757 4762 idem
1802 4695 1931 4761 sint
1963 4694 2303 4761 aeternitas
2333 4701 2399 4761 et
2425 4692 2690 4761 aeviter·

1133 4809 1335 4882 nitas,
1371 4803 1556 4894 quod
1598 4811 1700 4871 est
1730 4801 2001 4869 falsum.

1229 4914 1629 4989 Pina-snm,
1664 4911 1816 4979 Non
1867 4910 2135 4977 videtur
2181 4908 2450 4977 differre
2513 4930 2693 4976 nunc

1135 5023 1464 5110 temporis
1495 5021 1578 5087 ab
1618 5041 1766 5087 oevo
1801 5028 1864 5086 et
1919 5018 2317 5099 aeternitate,
2388 5016 2517 5083 nisi
2575 5037 2695 5106 per

1134 5128 1445 5196 accidens
1493 5150 1507 5193 :
1554 5149 1733 5193 nune
1774 5126 1953 5193 enim
1995 5124 2320 5213 temporis
2375 5144 2694 5190 mensura

1134 5246 1234 5304 est
1266 5237 1647 5303 existentiae
1681 5242 1938 5302 naturae
1979 5233 2253 5300 mobilis
2298 5232 2363 5297 in
2393 5233 2695 5321 corpori-

1135 5348 1263 5415 bus
1319 5346 1732 5422 coelestibu8‚
1777 5354 1841 5413 et
1874 5343 2268 5412 eorumdem
2327 5365 2692 5433 corporum

1136 5465 1236 5522 est
1263 5477 1585 5523 mensura
1612 5475 1834 5521 oevum
1890 5475 1906 5520 :
1953 5474 2116 5543 ergo
2156 5474 2336 5519 nunc
2365 5450 2694 5539 temporis

1144 5574 1244 5633 est
1300 5586 1552 5632 aevum.
1618 5562 1951 5630 Pnonmo
2008 5582 2253 5628 rama-3.
2316 5558 2692 5626 l‘lxistentia

4194 215 4322 283 239

2783 363 3086 468 eorporis
3117 376 3389 446 mobilis
3420 381 3488 445 in
3519 379 3686 447 coelo
3728 379 3828 447 e'st
3867 380 3933 448 id
3964 382 4146 471 quod
4183 381 4322 449 fer-

2781 486 2990 551 turin
3022 492 3239 567 motu,
3282 495 3349 553 et
3384 485 3543 554 huic
3576 488 3933 577 respondet
3998 511 4177 556 nunc
4256 491 4325 556 in

2782 604 3113 684 tempore,
3147 605 3219 663 ut
3251 597 3410 665 dicit
3442 597 3897 687 Philosophus
3958 624 3971 666 ε
4036 623 4326 668 renova-

2780 706 2947 771 tioni
2980 713 3205 772 autem
3247 706 3414 772 situs
3446 707 3588 794 ejus
3623 707 3688 773 in
3721 716 3911 774 motu
3959 709 4318 797 respondet

2782 819 3050 900 tempus
3095 837 3110 879 :
3145 835 3307 902 ergo
3360 814 3579 902 prima
3620 823 3720 882 est
3759 838 3943 882 vera.
4009 815 4312 885 Secu-‚xm

2782 918 3106 1006 accipitur
3136 941 3172 985 a
3204 918 3471 1003 Bomio,
3502 921 3617 1010 qui
3647 930 3845 988 vocat
3895 921 4009 989 illa
4040 945 4325 1012 corpora

2783 1025 3219 1105 immortalia,
3281 1049 3361 1094 eo
3437 1027 3620 1117 quod
3672 1028 3843 1096 nihil
3906 1031 4205 1098 variatur
4256 1033 4325 1097 in

2781 1133 3158 1201 existentiis
3188 1156 3425 1201 eorum
3474 1156 3489 1203 ε
3562 1158 3799 1204 eorum
3874 1147 4100 1206 autem
4172 1161 4324 1229 quae

2782 1239 3208 1308 invariabilia
3233 1249 3417 1323 sunt,
3453 1265 3772 1311 mensura
3818 1254 3919 1312 est
3963 1268 4212 1328 aevum,
4266 1247 4324 1312 si

2780 1345 2918 1413 sint
2963 1355 3210 1415 ereata.
3266 1347 3343 1415 Si
3371 1348 3540 1417 forte
3588 1350 3872 1429 dicatur,
3923 1352 4105 1441 quod
4162 1375 4324 1420 eon·

2781 1454 3175 1544 clusio-non
3223 1459 3529 1549 sequitur
3583 1483 3597 1528 ε
3662 1461 3823 1551 quia
3879 1462 4057 1529 idem
4107 1469 4330 1552 potest

2777 1561 3031 1633 habere
3117 1564 3419 1634 diversas
3512 1591 3887 1636 mensuras.
3962 1568 4226 1637 Con-rm
4304 1592 4320 1637 :

2779 1669 3114 1739 Mensurae
3170 1672 3539 1764 adaequatae
3595 1673 3915 1744 disserunt
3953 1676 4326 1743 secundum

2781 1790 3195 1861 mensurata,
3229 1781 3287 1849 si
3324 1781 3460 1849 sint
3499 1783 3568 1849 in
3609 1782 3844 1873 primis
3872 1783 4319 1851 mensuratis:

3769 312 3797 329 Δ·

2735 1959 2736 1962 ¹
2781 1883 2915 1951 alio
2957 1885 3139 1951 enim
3190 1895 3670 1953 mensurantur
3723 1910 3935 1978 grana
3988 1887 4216 1972 tritici,
4261 1895 4327 1954 et

2782 1990 2916 2057 alio
2948 1988 3230 2059 humida
3254 1990 3513 2081 liquida
3547 2015 3562 2060 ε
3608 2002 3681 2060 ut
3720 1994 3949 2061 modio
3999 1996 4321 2078 triticum,

2780 2097 2949 2166 cado
2983 2096 3239 2182 oleum,
3273 2121 3540 2189 pannus
3569 2099 3755 2180 ulna,
3791 2109 3858 2169 et
3886 2103 3982 2169 sic
4011 2101 4092 2169 de
4123 2101 4269 2169 aliis
4307 2126 4323 2171 :

2782 2227 2944 2296 ergo
2976 2204 3267 2289 videtur,
3317 2206 3499 2297 quod
3575 2231 3730 2275 cum
3786 2207 3928 2276 haec.
3992 2209 4080 2276 sit
4137 2231 4320 2288 vera,

2781 2313 2966 2404 quod
3005 2336 3342 2383 mensurae
3372 2316 3661 2407 propriae
3712 2316 4082 2385 secundum
4133 2340 4323 2387 men-

2778 2431 3009 2491 surata
3036 2423 3376 2505 differant,
3399 2425 3582 2516 quod
3604 2425 3949 2494 conclusio
3972 2437 4316 2519 sequatur.

2869 2640 3177 2711 Somno.
3219 2644 3597 2713 Dicendum
3651 2646 3737 2714 ad
3766 2646 4088 2737 primum,
4139 2647 4324 2738 quod
4405 2681 4599 2730 soguuo,

2775 2750 3148 2818 secundum
3207 2753 3600 2844 opinionem
3668 2755 4120 2846 quorumdam
4169 2756 4317 2824 Ma·

2775 2859 3173 2948 gistrorum,
3196 2883 3378 2930 nunc
3407 2864 3731 2952 temporis
3761 2862 4116 2954 dupliciter
4150 2887 4324 2933 eon-

2776 2966 3132 3057 sideratur,
3202 2968 3457 3039 seilicet
3516 2971 3891 3040 secundum
3976 2972 4157 3063 quod
4220 2982 4320 3041 est

2777 3073 3158 3163 subjectum
3190 3077 3436 3167 prioris
3492 3087 3559 3146 et
3612 3080 4029 3170 posterioris,
4073 3089 4139 3149 et
4203 3104 4319 3148 se-

2777 3182 3075 3252 cundum
3107 3181 3239 3253 hoc
3268 3185 3456 3276 prius
3494 3194 3561 3255 et
3623 3188 3957 3278 posterius
4012 3188 4324 3262 accidunt

2779 3290 2909 3380 ipsi
2940 3312 3144 3372 nunc,
3177 3301 3246 3361 et
3299 3303 3401 3362 est
3461 3295 3837 3385 separabile
3891 3295 3976 3363 ab
4043 3296 4200 3373 illis,
4258 3307 4327 3367 et

2781 3407 2944 3468 tunc
2980 3408 3081 3468 est
3108 3400 3485 3470 substantia
3541 3412 3727 3472 stans
3786 3406 3854 3472 in
3882 3428 3955 3472 se
4014 3427 4029 3471 ε
4095 3416 4161 3474 et
4224 3429 4327 3473 se·

2783 3507 3082 3577 cundum
3112 3507 3246 3578 hoc
3270 3509 3532 3594 dicunt,
3571 3512 3754 3603 quod
3795 3536 3974 3581 nunc
4004 3514 4327 3603 temporis

2786 3622 3009 3705 potest
3046 3637 3195 3683 esse
3226 3614 3403 3683 idem
3433 3639 3588 3684 cum
3621 3641 3799 3688 nunc
3837 3620 4229 3687 aeternitatis
4257 3628 4326 3688 et

2786 3722 2912 3808 oevi
2960 3745 2978 3790 :
3039 3723 3200 3813 quia
3270 3724 3645 3793 seeundum
3700 3724 3832 3794 hoc
3889 3749 4024 3794 non
4072 3736 4171 3794 est
4202 3726 4330 3793 nisi

2792 3852 3007 3897 unum
3035 3851 3218 3898 nunc
3245 3833 3665 3917 emunitatis,
3715 3833 3899 3924 quod
3941 3842 4339 3902 numeratur

2793 3939 3194 4029 intempore
3246 3948 3388 4008 toto
3457 3963 3576 4030 per
3626 3943 3812 4031 prius
3877 3950 3939 4009 et
4002 3943 4338 4032 posterius

2794 4067 2944 4136 quae
2979 4046 3405 4125 accidunt-ei,
3449 4057 3512 4115 et
3561 4057 3691 4116 stat
3743 4051 3807 4117 in
3860 4053 4233 4119 aeternitate
4278 4062 4343 4120 et

2792 4176 2939 4221 aevo
2982 4164 3097 4222 :et
3140 4155 3512 4222 seeundum
3546 4156 3677 4225 lnoc
3730 4158 4115 4248 intelligunt
4174 4160 4341 4226 illud

2794 4262 3081 4330 verbum
3147 4262 3367 4332 Boetii
3409 4265 3476 4332 in
3529 4264 3698 4332 libro
3745 4265 3827 4333 de
3868 4267 4346 4335 Consolatione·

2797 4369 3259 4461 Philosophiae
3329 4394 3347 4437 ε
3392 4398 3424 4438 ι
3460 4373 3592 4453 Qui
3639 4382 3908 4464 tempus
3935 4375 4020 4442 ab
4050 4398 4200 4444 awo
4248 4378 4343 4445 ire

2785 4478 3010 4566 jubes.
3053 4503 3085 4541 ι
3130 4476 3228 4546 Eo
3277 4502 3480 4546 sensu
3510 4480 3767 4557 dieunt,
3814 4481 3995 4570 quod
4062 4503 4103 4549 a
4161 4505 4340 4552 nunc

2796 4587 2924 4653 aevi
2965 4585 3072 4652 vel
3113 4590 3345 4653 a·terni
3389 4610 3509 4677 per
3571 4611 3931 4657 numerum
3990 4592 4233 4680 prioris
4275 4602 4342 4660 et

2800 4693 3191 4783 posterioris
3249 4696 3412 4763 lluat
3454 4705 3743 4786 tempus,
3785 4700 3903 4789 qui
3944 4708 4167 4766 tamen
4212 4722 4344 4767 nu-

2800 4822 3027 4869 merus
3100 4802 3340 4870 accidit
3409 4804 3536 4894 ipsi
3608 4827 3810 4881 nuno,
3882 4814 3947 4873 et
4005 4807 4344 4896 separabi-

2798 4911 2881 4979 lis
2937 4915 3025 4981 sit
3083 4912 3167 4980 ab
3228 4914 3398 5004 ipso,
3463 4914 3677 4983 Aliter
3730 4924 3958 4983 autem
4026 4919 4344 4987 conside-

2798 5029 2985 5088 ratur
3032 5022 3253 5111 ipsum
3306 5044 3510 5100 nunc,
3561 5033 3762 5114 prout
3818 5025 4039 5114 ipsum
4082 5025 4343 5114 adjacet

2799 5128 3064 5206 mobili,
3127 5140 3324 5219 prout
3371 5141 3473 5198 est
3519 5131 3587 5197 in
3633 5140 3858 5209 -motu,
3906 5134 4012 5200 vel
4061 5134 4343 5203 refertur

2799 5234 2884 5302 ad
2953 5243 3216 5303 motum
3272 5259 3485 5303 :eum
3560 5238 3742 5304 enim
3828 5240 4079 5307 mobile
4163 5241 4339 5311 idem

2799 5342 2887 5408 sit
2960 5345 3028 5409 in
3094 5352 3238 5410 toto
3297 5352 3513 5421 motu,
3585 5344 3761 5412 idem
3825 5349 3945 5414 erit
4021 5371 4202 5417 nunc
4274 5351 4341 5416 in

2798 5458 2943 5518 toto
3007 5460 3313 5541 tempore
3354 5473 3370 5518 ι
3414 5474 3567 5518 cum
3618 5462 3844 5521 autem
3887 5454 4164 5535 mobile,
4198 5459 4342 5525 sive

2802 5556 2865 5623 id
2901 5557 3085 5649 quod
3125 5558 3360 5641 fertur,
3410 5560 3734 5627 continuo
3785 5572 4213 5632 removeatur
4260 5565 4343 5634 de
4412 5595 4424 5624 ·
