4897 6388
1813 328 1903 393 IN
1951 323 2451 412 IUSENTENT.
2503 320 2731 388 DIST.
2785 321 3007 408 XXV,
3060 322 3147 399 Η,
3192 321 3402 428 ιΛΒΤ.
3455 323 3522 388 5.

1047 509 1334 597 quaestio
1376 503 1633 571 inutilis
1662 503 1786 570 suit
1818 525 1832 567 ε
1870 502 2028 592 quia
2076 508 2218 568 tota
2262 495 2424 564 tides
2466 515 2592 560 ex-

1042 613 1467 705 primebatur
1496 614 1564 678 in
1608 610 1814 678 verbo
1869 609 2177 685 Joannis,
2220 614 2295 673 ut
2343 603 2590 693 probat

1042 722 1358 810 objectiO.
1444 719 1698 785 Tamen
1772 715 2167 792 notandum,
2256 710 2436 803 quod
2519 707 2590 799 ly

1041 829 1220 921 quid
1256 825 1666 918 quandoque
1695 827 1936 915 quaerit
1972 823 2444 892 diffinitionem
2474 816 2585 886 vel

1039 947 1306 1029 partem
1339 934 1766 1003 diffinitionis
1801 956 1816 1000 z
1851 942 1915 1000 et
1944 931 2348 1022 quandoque
2388 948 2586 1017 quae-

1040 1045 1130 1111 rit
1159 1050 1425 1134 partem
1456 1040 1900 1130 subjectivam
1930 1046 2188 1106 naturae
2226 1034 2332 1103 vel
2364 1054 2586 1101 essen·

1038 1156 1154 1221 tiae
1197 1152 1584 1221 communis
1617 1175 1632 1218 :
1679 1159 1754 1218 ut
1784 1173 1939 1218 cum
1968 1148 2232 1230 dicitur,
2269 1143 2429 1236 quid
2484 1150 2588 1210 est

1039 1260 1252 1329 homo
1280 1263 1317 1329 Ῥ
1391 1260 1836 1350 respondetur
1909 1256 2159 1325 animal
2227 1251 2583 1335 rationale,

1034 1369 1147 1438 vel
1178 1369 1455 1437 animal.
1481 1367 1617 1452 ⁴'Vel
1646 1390 1800 1436 cum
1832 1366 2173 1456 quaeritur,
2206 1361 2368 1455 quid
2397 1366 2589 1428 natat

1038 1479 1109 1545 in
1138 1461 1314 1546 mari
1341 1478 1378 1543 ⁴?
1404 1475 1849 1566 respondetur
1867 1474 2088 1564 piscis,
2132 1469 2363 1538 Primo
2396 1464 2583 1536 enim

4121 315 4275 381 (333.

2697 490 2902 557 modo
2937 491 3239 558 redditur
3267 493 3584 568 essentia,
3640 496 3707 555 et
3744 487 4042 554 secundo
4099 509 4252 577 pars

2698 600 3073 688 subjectiva
3107 623 3121 667 ε
3168 608 3234 666 et
3273 598 3402 666 hoc
3432 598 3634 665 modo
3695 604 3961 687 poterat
3990 617 4255 685 quaere-

2699 731 2795 786 re,
2839 708 3003 798 quid
3043 708 3417 796 subjective
3472 712 3697 773 essent
3754 711 3913 781 treS‚
3996 703 4061 769 id
4122 710 4247 786 est,

2699 815 2881 906 quod
2939 814 3462 908 responderetur
3536 810 3812 905 aliquod
3887 810 4252 880 substanti-

2696 948 2859 991 vum
2903 925 3086 1016 quod
3124 925 3460 992 diceretur
3502 925 3572 990 in
3609 921 3961 990 communi
4003 919 4084 987 de
4123 921 4245 1002 eiS,

2698 1035 2768 1100 in
2809 1041 3141 1123 quantum
3170 1031 3399 1122 plures
3438 1035 3596 1097 sunt
3633 1052 3649 1096 :
3705 1037 3772 1095 et
3813 1028 3972 1118 quia
4010 1048 4250 1115 perso-

2695 1163 2785 1207 na
2822 1136 3666 1232 significatsubstantiam
3724 1132 4125 1221 subjectam,
4173 1140 4248 1198 ut

2695 1271 2900 1339 supra
2931 1249 3145 1339 patuit
3177 1270 3254 1314 ex
3285 1245 3511 1314 verbis
3542 1244 3787 1324 Boetii,
3822 1241 3977 1309 ideo
4018 1238 4246 1307 fideles

2695 1357 3116 1425 admiserunt
3146 1354 3619 1444 quaestionem,
3654 1358 3724 1418 et
3755 1347 4246 1439 responderunt

2694 1465 2880 1558 quod
2908 1471 3134 1532 essent
3161 1472 3297 1529 tres
3329 1453 3658 1552 personae'.

1662 1977 1757 2051 11.
1821 1972 2022 2066 Quid
2056 1980 2208 2050 tres
2246 1996 2392 2067 rex,
2437 1979 2512 2047 et
2547 1972 2740 2072 quid
2763 1921 2936 2047 una.
2960 1994 3081 2046 res
3098 1923 3234 2044 'ln‘c
3270 1967 3615 2043 dicitur?

1127 2339 1301 2418 Non
1335 2350 1592 2416 autem
1634 2349 1704 2415 te
1747 2346 2045 2414 moveat
2082 2338 2285 2436 quod
2318 2338 2655 2412 diximus
2708 2344 2858 2410 tres
2914 2358 3061 2409 res,
3099 2333 3270 2410 Non
3305 2335 3513 2410 enim
3558 2336 3703 2410 hoc
3753 2335 4098 2413 dicentes
4128 2325 4234 2412 di·

1019 2498 1424 2551 versarum
1460 2497 1713 2550 rerum
1765 2494 2171 2547 numerum
2215 2469 2577 2569 ponimus
2625 2469 2703 2543 in
2752 2469 3145 2554 Trinitate,
3184 2467 3316 2542 sed
3364 2469 3464 2542 ita
3498 2479 3652 2544 tres
3701 2493 3825 2545 res
3869 2470 4226 2562 dicimus,

1022 2618 1107 2685 ut
1143 2609 1457 2686 easdem
1510 2632 1678 2684 esse
1722 2630 1951 2681 unam
1995 2604 2407 2704 quamdam
2462 2627 2845 2678 summam
2892 2628 3049 2679 rem
3114 2601 3650 2678 conliteamur.
3699 2603 3922 2680 Unde
3961 2580 4231 2702 Augu-

1017 2745 1273 2821 stinus
1305 2743 1379 2818 in
1418 2744 1611 2819 libro
1644 2743 1673 2817 1
1714 2742 1808 2818 de
1847 2741 2221 2816 Doctrina
2264 2739 2709 2816 Christiana
2761 2740 2869 2813 sic
2920 2740 3025 2813 ait
3070 2767 3085 2813 ε
3134 2739 3287 2812 Res
3313 2738 3599 2838 quibus
3639 2739 4049 2816 fruendum
4083 2754 4223 2837 est,

1018 2904 1164 2955 nos
1201 2879 1470 2955 beatos
1507 2877 1795 2953 faciunt
1838 2900 1856 2952 :
1901 2898 2023 2951 res
2069 2897 2252 2973 ergo
2284 2874 2572 2974 quibus
2612 2874 3023 2950 fruendum
3067 2882 3209 2967 est,
3253 2882 3432 2948 sunt
3475 2873 3704 2950 Pater
3740 2885 3815 2950 et
3867 2874 4103 2950 Filius
4153 2888 4228 2951 et

1013 3012 1352 3114 Spiritus
1381 3021 1720 3088 sanctus.
1760 3011 2194 3108 Eademque
2222 3007 2552 3083 Trinitas
2593 3032 2749 3083 una
2788 3007 3148 3106 quaedam
3184 3031 3491 3082 summa
3531 3032 3655 3084 res
3694 3018 3839 3104 est,
3874 3032 4225 3111 eommu-

1008 3150 1289 3251 nisque
1347 3147 1781 3226 fruentibus
1819 3169 1936 3240 ea,
1970 3143 2037 3220 si
2085 3153 2340 3219 tamen
2389 3166 2537 3238 reS,
2596 3151 2673 3218 et
2713 3166 2865 3218 non
2922 3165 3177 3218 rerum
3221 3142 3572 3218 omnium
3613 3165 3850 3220 causa
3882 3143 4003 3221 sit.
4050 3144 4218 3221 Non

990 3285 1209 3363 enim
1254 3285 1471 3362 facile
1501 3292 1747 3384 potest
1787 3279 2114 3357 inveniri
2169 3303 2450 3354 nomeu
2498 3278 2705 3378 quod
2742 3288 2974 3352 tantm
3004 3277 3487 3354 excellentiae
3528 3280 3945 3357 conveniat
3988 3306 4004 3357 :
4054 3283 4205 3357 nisi

999 3420 1210 3528 quqd
1252 3419 1531 3496 melius
1568 3417 1848 3492 dicitur
1868 3415 2196 3490 Trinitas
2239 3415 2405 3489 liwc
2451 3437 2657 3489 unus
2687 3413 2924 3488 Deus.
2976 3413 3193 3488 Sicut
3233 3438 3419 3510 ergo
3454 3426 3606 3490 tres
3651 3438 3773 3491 res
3822 3415 4216 3509 dicuntur,

1002 3566 1076 3632 et
1125 3558 1248 3630 hm
1287 3565 1467 3630 sunt
1511 3575 1662 3628 una
1697 3576 1816 3627 res
1866 3573 1883 3627 :
1929 3550 2029 3626 ita
2081 3560 2235 3625 tres
2272 3546 2797 3625 subsistentiae
2838 3548 3230 3643 «licuntur,
3274 3561 3351 3624 et
3394 3551 3514 3625 hm
3546 3559 3725 3625 sunt
3762 3574 3920 3627 una
3947 3575 4218 3627 essen-

1005 3692 1110 3767 tia
1142 3694 1191 3765 '.
1226 3692 1420 3766 Ecce
1450 3699 1844 3764 ostensum
1885 3698 2000 3761 est
2036 3710 2210 3785 qum
2249 3686 2345 3760 sit
2397 3683 2908 3782 intelligentia
2957 3684 3190 3783 buJus
3231 3685 3599 3780 nominis,
3633 3710 4002 3786 persona,
4039 3711 4212 3762 cum

1002 3825 1339 3901 dicimus
1381 3834 1535 3899 tres
1574 3846 1970 3923 personas.

1429 4176 1928 4245 AltTlCULL'S
1975 4174 2128 4243 vn.

2653 3972 2780 4045 est,
2815 3966 2882 4051 in
2918 3966 3166 4057 quibus
3213 3968 3476 4036 ratione
3506 3966 3978 4038 consideratur
4023 3969 4207 4063 quod

2657 4095 2871 4141 unum
2912 4084 3039 4160 est,
3074 4098 3143 4143 ro
3173 4083 3402 4144 autem
3444 4076 3626 4167 quod
3657 4086 3762 4146 est
3800 4078 4120 4146 divisum.

2747 4289 3058 4358 Somno.
3106 4292 3249 4358 lloc
3289 4313 3496 4381 supra
3546 4294 3613 4359 in
3682 4293 3903 4385 prima
3960 4294 4212 4364 distin·
4291 4337 4490 4386 mucio.

997 4394 1106 4460 An
1165 4412 1534 4482 possumus
1599 4387 1949 4455 concedere
2003 4397 2134 4453 Ire-⁵·
2190 4409 2326 4452 0⁸58
2372 4384 2547 4453 suh-
2652 4398 2875 4464 ctione
2915 4398 3578 4469 estsolutu'1111non
3609 4404 3794 4470 enim
3852 4403 3998 4471 vult
4036 4403 4211 4473 dice·

1084 4498 1408 4579 stantius,
1442 4497 1551 4565 vel
1577 4506 1710 4562 tres
1755 4496 2165 4586 hypostases.
2198 4494 2374 4560 sicut
2408 4503 2546 4561 tres

1083 4628 1414 4696 personas
1439 4604 1480 4672 ?

1093 4922 1352 4992 Deinde
1420 4924 1743 5016 quaeritur
1804 4923 1886 4992 de
1950 4933 2189 5015 quarto
2245 4924 2544 5015 capitulo

996 5029 1086 5111 11,
1131 5030 1247 5097 ubi
1299 5029 1511 5099 dicit:
1557 5053 1592 5094 ι
1634 5031 1787 5099 Non
1844 5040 2067 5098 autem
2135 5042 2200 5098 lc·
2254 5043 2547 5110 ηιουιάΙ.

997 5135 1189 5227 quod
1213 5135 1524 5203 diximus
1562 5144 1694 5202 tres
1725 5160 1850 5203 res.
1895 5164 1930 5199 n

1088 5241 1270 5310 Dicit
1298 5242 1482 5311 enim
1524 5240 1980 5311 Damascenus
2010 5243 2192 5334 quod
2223 5253 2356 5313 tres
2397 5268 2561 5334 per..

998 5373 1185 5419 sonae
1226 5374 1297 5420 re
1326 5353 1771 5435 conveniunt,
1837 5361 1902 5420 et
1969 5354 2229 5421 ratione
2303 5353 2553 5424 distin-

999 5471 1355 5552 guuntur:
1397 5469 1467 5530 et
1515 5462 1584 5528 in
1644 5461 2067 5532 inferioribus
2114 5486 2151 5532 e
2207 5486 2544 5535 converso

1071 5692 1090 5727 ¹
1115 5692 1173 5752 S.
1207 5695 1577 5762 Acssvsrtxcs,
1612 5693 1732 5750 Lib.
1768 5697 1788 5749 l
1835 5698 1906 5752 dc»
1957 5697 2231 5756 Doctrina
2269 5701 2542 5758 clu-istin-

2656 4526 2749 4581 re.
2794 4505 2975 4596 quod
3016 4505 3163 4572 sola
3195 4507 3457 4576 ratione
3490 4508 4004 4601 distinguantur
4051 4536 4212 4604 per-

2655 4635 2894 4680 sonae:
2946 4614 3063 4681 sed
3133 4616 3469 4683 rationem
3518 4626 3715 4686 vocat
3784 4619 4208 4699 relationem,

2657 4743 2738 4786 eo
2770 4721 2953 4810 quod
2985 4723 3054 4789 in
3099 4723 3361 4791 ratione
3389 4728 3925 4816 comparationis
3979 4731 4215 4818 cujus-

2657 4825 2814 4893 dam
2855 4830 3163 4897 consistit
3231 4839 3472 4899 natura
3513 4832 3863 4902 relationis
3897 4856 3912 4904 :
3952 4859 4072 4905 nec
4105 4838 4215 4903 in-

2659 4933 2897 5011 tendit,
2960 4936 3143 5025 quod
3203 4948 3444 5005 natura
3510 4939 3908 5010 inferiorum
3947 4951 4213 5012 tantum

2662 5041 2747 5107 sit
2782 5044 3043 5111 ratione
3081 5066 3243 5125 una,
3274 5046 3392 5113 sed
3424 5046 3607 5136 quod
3646 5048 4022 5117 secundum
4054 5052 4215 5143 quid

2662 5160 2763 5218 est
2795 5175 2929 5220 una
2953 5176 3048 5230 re,
3082 5162 3148 5220 et
3186 5156 3586 5246 simpliciter
3641 5156 3995 5249 pluralitas
4024 5184 4216 5253 quae-

2661 5257 2847 5342 dam,
2889 5262 3051 5350 quia
3080 5261 3457 5330 secundum
3495 5287 3645 5332 esse
3694 5275 3954 5335 naturae
3999 5289 4015 5334 ε
4059 5266 4212 5336 ideo

2660 5365 2846 5447 dicit,
2891 5367 3078 5459 quod
3116 5392 3331 5436 unum
3361 5379 3464 5439 est
3493 5372 3781 5441 ratione.

2654 5719 2756 5771 na,
2790 5718 2919 5773 cap.
2942 5708 2996 5759 ³.
