<?xml version="1.0" encoding="UTF-8"?>
<!DOCTYPE html PUBLIC "-//W3C//DTD XHTML 1.0 Transitional//EN"
    "http://www.w3.org/TR/xhtml1/DTD/xhtml1-transitional.dtd">
<html xmlns="http://www.w3.org/1999/xhtml" xml:lang="en" lang="en">
 <head>
  <title>
</title>
<meta http-equiv="Content-Type" content="text/html;charset=utf-8" />
  <meta name='ocr-system' content='tesseract 3.04.00' />
  <meta name='ocr-capabilities' content='ocr_page ocr_carea ocr_par ocr_line ocrx_word'/>
</head>
<body>
  <div class='ocr_page' id='page_1' title='image "balbertimagnira03chgoog_0656.png"; bbox 0 0 4897 6388; ppageno 0'>
   <div class='ocr_carea' id='block_1_1' title="bbox 525 1438 727 1487">
    <p class='ocr_par' dir='ltr' id='par_1_1' title="bbox 525 1438 727 1487">
     <span class='ocr_line' id='line_1_1' title="bbox 525 1438 727 1487; baseline -0.03 0"><span class='ocrx_word' id='word_1_1' title='bbox 525 1438 727 1487; x_wconf 69' lang='lat' dir='ltr'><strong>solutio.</strong></span> 
     </span>
    </p>
   </div>
   <div class='ocr_carea' id='block_1_2' title="bbox 823 297 951 362">
    <p class='ocr_par' dir='ltr' id='par_1_2' title="bbox 823 297 951 362">
     <span class='ocr_line' id='line_1_2' title="bbox 823 297 951 362; baseline 0 -1"><span class='ocrx_word' id='word_1_2' title='bbox 823 297 951 362; x_wconf 77' lang='lat' dir='ltr'><strong>60ss</strong></span> 
     </span>
    </p>
   </div>
   <div class='ocr_carea' id='block_1_3' title="bbox 821 448 2362 552">
    <p class='ocr_par' dir='ltr' id='par_1_3' title="bbox 821 448 2362 552">
     <span class='ocr_line' id='line_1_3' title="bbox 821 448 2362 552; baseline 0.001 -24"><span class='ocrx_word' id='word_1_3' title='bbox 821 471 887 530; x_wconf 84' lang='lat' dir='ltr'><strong>et</strong></span> <span class='ocrx_word' id='word_1_4' title='bbox 926 462 1056 530; x_wconf 89' lang='lat' dir='ltr'><strong>hoc</strong></span> <span class='ocrx_word' id='word_1_5' title='bbox 1086 448 1385 552; x_wconf 75' lang='lat' dir='ltr'><strong>potentia</strong></span> <span class='ocrx_word' id='word_1_6' title='bbox 1413 484 1758 539; x_wconf 81' lang='lat' dir='ltr'><strong>numeruS‚</strong></span> <span class='ocrx_word' id='word_1_7' title='bbox 1806 469 1868 528; x_wconf 90' lang='lat' dir='ltr'><strong>et</strong></span> <span class='ocrx_word' id='word_1_8' title='bbox 1904 483 2212 529; x_wconf 83' lang='lat' dir='ltr'><strong>mensura</strong></span> <span class='ocrx_word' id='word_1_9' title='bbox 2241 481 2362 530; x_wconf 86' lang='lat' dir='ltr'><strong>nu-</strong></span> 
     </span>
    </p>
   </div>
   <div class='ocr_carea' id='block_1_4' title="bbox 819 571 2359 1292">
    <p class='ocr_par' dir='ltr' id='par_1_4' title="bbox 821 571 1709 660">
     <span class='ocr_line' id='line_1_4' title="bbox 821 571 1709 660; baseline 0 -26"><span class='ocrx_word' id='word_1_10' title='bbox 821 571 991 637; x_wconf 89' lang='lat' dir='ltr'><strong>meri</strong></span> <span class='ocrx_word' id='word_1_11' title='bbox 1022 576 1173 637; x_wconf 84' lang='lat' dir='ltr'><strong>est:</strong></span> <span class='ocrx_word' id='word_1_12' title='bbox 1216 592 1405 660; x_wconf 88' lang='lat' dir='ltr'><strong>erg0,</strong></span> <span class='ocrx_word' id='word_1_13' title='bbox 1457 579 1582 637; x_wconf 85' lang='lat' dir='ltr'><strong>etc.</strong></span> <span class='ocrx_word' id='word_1_14' title='bbox 1706 648 1709 652; x_wconf 76' lang='lat'><strong>.</strong></span> 
     </span>
    </p>

    <p class='ocr_par' dir='ltr' id='par_1_5' title="bbox 819 674 2359 1292">
     <span class='ocr_line' id='line_1_5' title="bbox 910 674 2359 767; baseline 0.002 -26"><span class='ocrx_word' id='word_1_15' title='bbox 910 678 972 743; x_wconf 69' lang='lat'><strong>4.</strong></span> <span class='ocrx_word' id='word_1_16' title='bbox 1025 674 1384 760; x_wconf 64' lang='lat' dir='ltr'><strong>Praeterea,</strong></span> <span class='ocrx_word' id='word_1_17' title='bbox 1441 676 1579 744; x_wconf 89' lang='lat' dir='ltr'><strong>Nos</strong></span> <span class='ocrx_word' id='word_1_18' title='bbox 1632 677 1942 759; x_wconf 82' lang='lat' dir='ltr'><strong>dicimus,</strong></span> <span class='ocrx_word' id='word_1_19' title='bbox 2015 678 2188 767; x_wconf 89' lang='lat' dir='ltr'><strong>quod</strong></span> <span class='ocrx_word' id='word_1_20' title='bbox 2260 686 2359 745; x_wconf 85' lang='lat' dir='ltr'><strong>est</strong></span> 
     </span>
     <span class='ocr_line' id='line_1_6' title="bbox 821 783 2351 862; baseline -0.001 -13"><span class='ocrx_word' id='word_1_21' title='bbox 821 806 1020 860; x_wconf 90' lang='lat' dir='ltr'><strong>unus,</strong></span> <span class='ocrx_word' id='word_1_22' title='bbox 1057 783 1330 851; x_wconf 88' lang='lat' dir='ltr'><strong>Deuter.</strong></span> <span class='ocrx_word' id='word_1_23' title='bbox 1375 805 1467 860; x_wconf 74' lang='lat' dir='ltr'><strong>vt,</strong></span> <span class='ocrx_word' id='word_1_24' title='bbox 1502 784 1541 848; x_wconf 73' lang='lat'>4</span> <span class='ocrx_word' id='word_1_25' title='bbox 1577 806 1591 849; x_wconf 90' lang='lat'><strong>:</strong></span> <span class='ocrx_word' id='word_1_26' title='bbox 1637 783 1855 862; x_wconf 75' lang='lat' dir='ltr'><strong>Audi,</strong></span> <span class='ocrx_word' id='word_1_27' title='bbox 1895 784 2128 859; x_wconf 82' lang='lat' dir='ltr'><strong>lsrael,</strong></span> <span class='ocrx_word' id='word_1_28' title='bbox 2176 793 2297 851; x_wconf 86' lang='lat' dir='ltr'><strong>etc.</strong></span> <span class='ocrx_word' id='word_1_29' title='bbox 2338 806 2351 848; x_wconf 90' lang='lat'>:</span> 
     </span>
     <span class='ocr_line' id='line_1_7' title="bbox 821 889 2350 980; baseline -0.001 -23"><span class='ocrx_word' id='word_1_30' title='bbox 821 890 1220 973; x_wconf 82' lang='lat' dir='ltr'><strong>etdicimuS,</strong></span> <span class='ocrx_word' id='word_1_31' title='bbox 1254 889 1435 980; x_wconf 90' lang='lat' dir='ltr'><strong>quod</strong></span> <span class='ocrx_word' id='word_1_32' title='bbox 1467 897 1718 957; x_wconf 86' lang='lat' dir='ltr'><strong>esttres</strong></span> <span class='ocrx_word' id='word_1_33' title='bbox 1748 911 2075 978; x_wconf 63' lang='lat' dir='ltr'><strong>persona»,</strong></span> <span class='ocrx_word' id='word_1_34' title='bbox 2108 890 2126 954; x_wconf 89' lang='lat' dir='ltr'><strong>l</strong></span> <span class='ocrx_word' id='word_1_35' title='bbox 2154 891 2350 956; x_wconf 84' lang='lat' dir='ltr'><strong>Joan.</strong></span> 
     </span>
     <span class='ocr_line' id='line_1_8' title="bbox 819 998 2357 1086; baseline 0.001 -24"><span class='ocrx_word' id='word_1_36' title='bbox 819 1020 888 1078; x_wconf 87' lang='lat' dir='ltr'><strong>v,</strong></span> <span class='ocrx_word' id='word_1_37' title='bbox 933 999 969 1063; x_wconf 76' lang='lat' dir='ltr'><strong>’t&#39;</strong></span> <span class='ocrx_word' id='word_1_38' title='bbox 1009 1005 1033 1066; x_wconf 74' lang='grc' dir='ltr'><strong><em>ἐ</em></strong></span> <span class='ocrx_word' id='word_1_39' title='bbox 1073 999 1227 1064; x_wconf 80' lang='lat' dir='ltr'><strong>Tres</strong></span> <span class='ocrx_word' id='word_1_40' title='bbox 1273 1006 1434 1062; x_wconf 82' lang='lat' dir='ltr'><strong>sunt</strong></span> <span class='ocrx_word' id='word_1_41' title='bbox 1497 999 1620 1086; x_wconf 80' lang='lat' dir='ltr'><strong>qui</strong></span> <span class='ocrx_word' id='word_1_42' title='bbox 1676 998 2132 1063; x_wconf 78' lang='lat' dir='ltr'><strong>testimonium</strong></span> <span class='ocrx_word' id='word_1_43' title='bbox 2191 998 2357 1063; x_wconf 78' lang='lat' dir='ltr'><strong>daret</strong></span> 
     </span>
     <span class='ocr_line' id='line_1_9' title="bbox 825 1105 2357 1196; baseline 0.001 -25"><span class='ocrx_word' id='word_1_44' title='bbox 825 1108 895 1172; x_wconf 79' lang='lat' dir='ltr'><strong>in</strong></span> <span class='ocrx_word' id='word_1_45' title='bbox 933 1105 1122 1172; x_wconf 81' lang='lat' dir='ltr'><strong>coelo.</strong></span> <span class='ocrx_word' id='word_1_46' title='bbox 1160 1105 1338 1196; x_wconf 85' lang='lat' dir='ltr'><strong>Ergo</strong></span> <span class='ocrx_word' id='word_1_47' title='bbox 1371 1114 1468 1172; x_wconf 87' lang='lat' dir='ltr'><strong>est</strong></span> <span class='ocrx_word' id='word_1_48' title='bbox 1510 1108 1576 1171; x_wconf 91' lang='lat' dir='ltr'><strong>in</strong></span> <span class='ocrx_word' id='word_1_49' title='bbox 1625 1126 1706 1172; x_wconf 89' lang='lat' dir='ltr'><strong>eo</strong></span> <span class='ocrx_word' id='word_1_50' title='bbox 1755 1127 2078 1172; x_wconf 90' lang='lat' dir='ltr'><strong>numerus</strong></span> <span class='ocrx_word' id='word_1_51' title='bbox 2124 1114 2357 1195; x_wconf 85' lang='lat' dir='ltr'><strong>poten-</strong></span> 
     </span>
     <span class='ocr_line' id='line_1_10' title="bbox 824 1212 2172 1292; baseline 0.001 -14"><span class='ocrx_word' id='word_1_52' title='bbox 824 1216 939 1288; x_wconf 87' lang='lat' dir='ltr'><strong>tia,</strong></span> <span class='ocrx_word' id='word_1_53' title='bbox 987 1219 1050 1280; x_wconf 88' lang='lat' dir='ltr'><strong>et</strong></span> <span class='ocrx_word' id='word_1_54' title='bbox 1082 1234 1406 1278; x_wconf 85' lang='lat' dir='ltr'><strong>numerus</strong></span> <span class='ocrx_word' id='word_1_55' title='bbox 1444 1212 1749 1292; x_wconf 86' lang='lat' dir='ltr'><strong>actualis,</strong></span> <span class='ocrx_word' id='word_1_56' title='bbox 1785 1222 1859 1279; x_wconf 82' lang='lat' dir='ltr'><strong>ut</strong></span> <span class='ocrx_word' id='word_1_57' title='bbox 1886 1212 2172 1280; x_wconf 88' lang='lat' dir='ltr'><strong>videtur.</strong></span> 
     </span>
    </p>
   </div>
   <div class='ocr_carea' id='block_1_5' title="bbox 781 1427 2354 4225">
    <p class='ocr_par' dir='ltr' id='par_1_6' title="bbox 796 1427 2354 2914">
     <span class='ocr_line' id='line_1_11' title="bbox 917 1427 2354 1521; baseline -0.001 -25"><span class='ocrx_word' id='word_1_58' title='bbox 917 1431 1222 1499; x_wconf 61' lang='lat' dir='ltr'><strong>Somnio.</strong></span> <span class='ocrx_word' id='word_1_59' title='bbox 1256 1432 1379 1498; x_wconf 86' lang='lat' dir='ltr'><strong>Hic</strong></span> <span class='ocrx_word' id='word_1_60' title='bbox 1409 1438 1673 1521; x_wconf 84' lang='lat' dir='ltr'><strong>oportet</strong></span> <span class='ocrx_word' id='word_1_61' title='bbox 1702 1429 2136 1519; x_wconf 82' lang='lat' dir='ltr'><strong>distinguere,</strong></span> <span class='ocrx_word' id='word_1_62' title='bbox 2175 1427 2354 1516; x_wconf 88' lang='lat' dir='ltr'><strong>quod</strong></span> 
     </span>
     <span class='ocr_line' id='line_1_12' title="bbox 821 1535 2354 1627; baseline -0.001 -23"><span class='ocrx_word' id='word_1_63' title='bbox 821 1559 1147 1606; x_wconf 90' lang='lat' dir='ltr'><strong>numerus</strong></span> <span class='ocrx_word' id='word_1_64' title='bbox 1198 1536 1659 1627; x_wconf 84' lang='lat' dir='ltr'><strong>multipliciter</strong></span> <span class='ocrx_word' id='word_1_65' title='bbox 1711 1535 2194 1603; x_wconf 77' lang='lat' dir='ltr'><strong>consideratur.</strong></span> <span class='ocrx_word' id='word_1_66' title='bbox 2240 1535 2354 1602; x_wconf 86' lang='lat' dir='ltr'><strong>Est</strong></span> 
     </span>
     <span class='ocr_line' id='line_1_13' title="bbox 816 1644 2347 1733; baseline -0.004 -19"><span class='ocrx_word' id='word_1_67' title='bbox 816 1647 997 1714; x_wconf 88' lang='lat' dir='ltr'><strong>enim</strong></span> <span class='ocrx_word' id='word_1_68' title='bbox 1064 1666 1387 1712; x_wconf 63' lang='lat' dir='ltr'><strong>meinerus</strong></span> <span class='ocrx_word' id='word_1_69' title='bbox 1422 1644 1722 1712; x_wconf 84' lang='lat' dir='ltr'><strong>discrctae</strong></span> <span class='ocrx_word' id='word_1_70' title='bbox 1781 1644 2169 1733; x_wconf 75' lang='lat' dir='ltr'><strong>quantitatis</strong></span> <span class='ocrx_word' id='word_1_71' title='bbox 2234 1644 2347 1733; x_wconf 89' lang='lat' dir='ltr'><strong>qui</strong></span> 
     </span>
     <span class='ocr_line' id='line_1_14' title="bbox 812 1750 2350 1843; baseline -0.002 -23"><span class='ocrx_word' id='word_1_72' title='bbox 812 1761 914 1820; x_wconf 86' lang='lat' dir='ltr'><strong>est</strong></span> <span class='ocrx_word' id='word_1_73' title='bbox 947 1754 1335 1843; x_wconf 78' lang='lat' dir='ltr'><strong>aggregatio</strong></span> <span class='ocrx_word' id='word_1_74' title='bbox 1366 1754 1733 1831; x_wconf 89' lang='lat' dir='ltr'><strong>unitatum,</strong></span> <span class='ocrx_word' id='word_1_75' title='bbox 1768 1752 1858 1818; x_wconf 88' lang='lat' dir='ltr'><strong>ita</strong></span> <span class='ocrx_word' id='word_1_76' title='bbox 1890 1750 2068 1841; x_wconf 92' lang='lat' dir='ltr'><strong>quod</strong></span> <span class='ocrx_word' id='word_1_77' title='bbox 2100 1751 2252 1818; x_wconf 84' lang='lat' dir='ltr'><strong>facit</strong></span> <span class='ocrx_word' id='word_1_78' title='bbox 2285 1751 2350 1817; x_wconf 89' lang='lat' dir='ltr'><strong>in</strong></span> 
     </span>
     <span class='ocr_line' id='line_1_15' title="bbox 809 1859 2350 1930; baseline -0.003 -1"><span class='ocrx_word' id='word_1_79' title='bbox 809 1884 889 1929; x_wconf 89' lang='lat' dir='ltr'><strong>eo</strong></span> <span class='ocrx_word' id='word_1_80' title='bbox 929 1862 1405 1930; x_wconf 82' lang='lat' dir='ltr'><strong>discretionem</strong></span> <span class='ocrx_word' id='word_1_81' title='bbox 1463 1861 1763 1929; x_wconf 82' lang='lat' dir='ltr'><strong>defectus</strong></span> <span class='ocrx_word' id='word_1_82' title='bbox 1828 1859 2350 1928; x_wconf 83' lang='lat' dir='ltr'><strong>continuationis</strong></span> 
     </span>
     <span class='ocr_line' id='line_1_16' title="bbox 807 1968 2346 2051; baseline -0.002 -12"><span class='ocrx_word' id='word_1_83' title='bbox 807 1974 982 2042; x_wconf 90' lang='lat' dir='ltr'><strong>inter</strong></span> <span class='ocrx_word' id='word_1_84' title='bbox 1012 1975 1345 2042; x_wconf 90' lang='lat' dir='ltr'><strong>unitatem</strong></span> <span class='ocrx_word' id='word_1_85' title='bbox 1387 1981 1448 2041; x_wconf 90' lang='lat' dir='ltr'><strong>et</strong></span> <span class='ocrx_word' id='word_1_86' title='bbox 1482 1975 1835 2051; x_wconf 88' lang='lat' dir='ltr'><strong>unitatem,</strong></span> <span class='ocrx_word' id='word_1_87' title='bbox 1876 1978 1953 2037; x_wconf 90' lang='lat' dir='ltr'><strong>ut</strong></span> <span class='ocrx_word' id='word_1_88' title='bbox 1987 1968 2147 2038; x_wconf 88' lang='lat' dir='ltr'><strong>dicit</strong></span> <span class='ocrx_word' id='word_1_89' title='bbox 2175 1969 2346 2037; x_wconf 89' lang='lat' dir='ltr'><strong>Phi-</strong></span> 
     </span>
     <span class='ocr_line' id='line_1_17' title="bbox 805 2075 2349 2168; baseline -0.001 -23"><span class='ocrx_word' id='word_1_90' title='bbox 805 2077 1135 2168; x_wconf 88' lang='lat' dir='ltr'><strong>losophus</strong></span> <span class='ocrx_word' id='word_1_91' title='bbox 1169 2100 1185 2145; x_wconf 87' lang='lat'>:</span> <span class='ocrx_word' id='word_1_92' title='bbox 1231 2077 1286 2146; x_wconf 84' lang='lat' dir='ltr'><strong>si</strong></span> <span class='ocrx_word' id='word_1_93' title='bbox 1318 2079 1497 2146; x_wconf 90' lang='lat' dir='ltr'><strong>enim</strong></span> <span class='ocrx_word' id='word_1_94' title='bbox 1527 2085 1699 2146; x_wconf 88' lang='lat' dir='ltr'><strong>esset</strong></span> <span class='ocrx_word' id='word_1_95' title='bbox 1731 2075 2145 2146; x_wconf 79' lang='lat' dir='ltr'><strong>continuatio</strong></span> <span class='ocrx_word' id='word_1_96' title='bbox 2178 2078 2349 2144; x_wconf 88' lang='lat' dir='ltr'><strong>inter</strong></span> 
     </span>
     <span class='ocr_line' id='line_1_18' title="bbox 805 2182 2341 2273; baseline -0.003 -20"><span class='ocrx_word' id='word_1_97' title='bbox 805 2189 1136 2272; x_wconf 90' lang='lat' dir='ltr'><strong>unitatem</strong></span> <span class='ocrx_word' id='word_1_98' title='bbox 1193 2193 1262 2254; x_wconf 89' lang='lat' dir='ltr'><strong>et</strong></span> <span class='ocrx_word' id='word_1_99' title='bbox 1322 2184 1679 2267; x_wconf 90' lang='lat' dir='ltr'><strong>unitatem,</strong></span> <span class='ocrx_word' id='word_1_100' title='bbox 1741 2184 1910 2251; x_wconf 88' lang='lat' dir='ltr'><strong>sicut</strong></span> <span class='ocrx_word' id='word_1_101' title='bbox 1949 2182 2122 2250; x_wconf 89' lang='lat' dir='ltr'><strong>inter</strong></span> <span class='ocrx_word' id='word_1_102' title='bbox 2172 2203 2341 2273; x_wconf 90' lang='lat' dir='ltr'><strong>pun·</strong></span> 
     </span>
     <span class='ocr_line' id='line_1_19' title="bbox 802 2290 2341 2384; baseline -0.001 -23"><span class='ocrx_word' id='word_1_103' title='bbox 802 2303 984 2362; x_wconf 91' lang='lat' dir='ltr'><strong>ctum</strong></span> <span class='ocrx_word' id='word_1_104' title='bbox 1018 2303 1082 2362; x_wconf 89' lang='lat' dir='ltr'><strong>et</strong></span> <span class='ocrx_word' id='word_1_105' title='bbox 1120 2300 1445 2384; x_wconf 89' lang='lat' dir='ltr'><strong>punctum</strong></span> <span class='ocrx_word' id='word_1_106' title='bbox 1487 2293 1557 2360; x_wconf 92' lang='lat' dir='ltr'><strong>in</strong></span> <span class='ocrx_word' id='word_1_107' title='bbox 1598 2292 1798 2367; x_wconf 85' lang='lat' dir='ltr'><strong>linea,</strong></span> <span class='ocrx_word' id='word_1_108' title='bbox 1835 2314 1969 2359; x_wconf 95' lang='lat' dir='ltr'><strong>non</strong></span> <span class='ocrx_word' id='word_1_109' title='bbox 2000 2298 2172 2359; x_wconf 87' lang='lat' dir='ltr'><strong>esset</strong></span> <span class='ocrx_word' id='word_1_110' title='bbox 2212 2290 2341 2359; x_wconf 87' lang='lat' dir='ltr'><strong>dis·</strong></span> 
     </span>
     <span class='ocr_line' id='line_1_20' title="bbox 799 2399 2347 2491; baseline -0.001 -22"><span class='ocrx_word' id='word_1_111' title='bbox 799 2410 983 2469; x_wconf 85' lang='lat' dir='ltr'><strong>creta</strong></span> <span class='ocrx_word' id='word_1_112' title='bbox 1024 2403 1389 2491; x_wconf 82' lang='lat' dir='ltr'><strong>quantitas.</strong></span> <span class='ocrx_word' id='word_1_113' title='bbox 1423 2400 1509 2468; x_wconf 79' lang='lat' dir='ltr'><strong>Et</strong></span> <span class='ocrx_word' id='word_1_114' title='bbox 1557 2422 1642 2468; x_wconf 89' lang='lat' dir='ltr'><strong>ex</strong></span> <span class='ocrx_word' id='word_1_115' title='bbox 1683 2399 1795 2466; x_wconf 87' lang='lat' dir='ltr'><strong>illa</strong></span> <span class='ocrx_word' id='word_1_116' title='bbox 1854 2400 2116 2467; x_wconf 89' lang='lat' dir='ltr'><strong>ratione</strong></span> <span class='ocrx_word' id='word_1_117' title='bbox 2146 2399 2347 2468; x_wconf 78' lang='lat' dir='ltr'><strong>vide-</strong></span> 
     </span>
     <span class='ocr_line' id='line_1_21' title="bbox 798 2507 2339 2599; baseline -0.001 -24"><span class='ocrx_word' id='word_1_118' title='bbox 798 2518 908 2575; x_wconf 88' lang='lat' dir='ltr'><strong>tur</strong></span> <span class='ocrx_word' id='word_1_119' title='bbox 936 2508 1298 2598; x_wconf 82' lang='lat' dir='ltr'><strong>procedere</strong></span> <span class='ocrx_word' id='word_1_120' title='bbox 1329 2507 1652 2599; x_wconf 84' lang='lat' dir='ltr'><strong>Magister</strong></span> <span class='ocrx_word' id='word_1_121' title='bbox 1696 2508 1765 2574; x_wconf 89' lang='lat' dir='ltr'><strong>in</strong></span> <span class='ocrx_word' id='word_1_122' title='bbox 1832 2509 2089 2576; x_wconf 75' lang='lat' dir='ltr'><strong>Littera</strong></span> <span class='ocrx_word' id='word_1_123' title='bbox 2129 2509 2339 2597; x_wconf 85' lang='lat' dir='ltr'><strong>:quia</strong></span> 
     </span>
     <span class='ocr_line' id='line_1_22' title="bbox 796 2619 2339 2707; baseline -0.001 -21"><span class='ocrx_word' id='word_1_124' title='bbox 796 2621 944 2687; x_wconf 88' lang='lat' dir='ltr'><strong>sine</strong></span> <span class='ocrx_word' id='word_1_125' title='bbox 987 2620 1198 2687; x_wconf 85' lang='lat' dir='ltr'><strong>dubio</strong></span> <span class='ocrx_word' id='word_1_126' title='bbox 1238 2619 1424 2689; x_wconf 85' lang='lat' dir='ltr'><strong>nulla</strong></span> <span class='ocrx_word' id='word_1_127' title='bbox 1465 2619 1616 2687; x_wconf 89' lang='lat' dir='ltr'><strong>talis</strong></span> <span class='ocrx_word' id='word_1_128' title='bbox 1661 2619 1976 2687; x_wconf 88' lang='lat' dir='ltr'><strong>discretio</strong></span> <span class='ocrx_word' id='word_1_129' title='bbox 2024 2641 2339 2707; x_wconf 85' lang='lat' dir='ltr'><strong>separans</strong></span> 
     </span>
     <span class='ocr_line' id='line_1_23' title="bbox 797 2726 2335 2819; baseline 0 -25"><span class='ocrx_word' id='word_1_130' title='bbox 797 2752 1008 2796; x_wconf 90' lang='lat' dir='ltr'><strong>unum</strong></span> <span class='ocrx_word' id='word_1_131' title='bbox 1042 2728 1127 2796; x_wconf 86' lang='lat' dir='ltr'><strong>ab</strong></span> <span class='ocrx_word' id='word_1_132' title='bbox 1154 2729 1289 2797; x_wconf 86' lang='lat' dir='ltr'><strong>alio</strong></span> <span class='ocrx_word' id='word_1_133' title='bbox 1311 2729 1538 2798; x_wconf 76' lang='lat' dir='ltr'><strong>estve}</strong></span> <span class='ocrx_word' id='word_1_134' title='bbox 1560 2737 1778 2819; x_wconf 87' lang='lat' dir='ltr'><strong>potest</strong></span> <span class='ocrx_word' id='word_1_135' title='bbox 1802 2749 1947 2796; x_wconf 83' lang='lat' dir='ltr'><strong>esse</strong></span> <span class='ocrx_word' id='word_1_136' title='bbox 1970 2730 2034 2794; x_wconf 89' lang='lat' dir='ltr'><strong>in</strong></span> <span class='ocrx_word' id='word_1_137' title='bbox 2066 2726 2335 2812; x_wconf 77' lang='lat' dir='ltr'><strong>divinis,</strong></span> 
     </span>
     <span class='ocr_line' id='line_1_24' title="bbox 797 2837 2332 2914; baseline 0.003 -12"><span class='ocrx_word' id='word_1_138' title='bbox 797 2838 905 2903; x_wconf 87' lang='lat' dir='ltr'><strong>uhi</strong></span> <span class='ocrx_word' id='word_1_139' title='bbox 945 2837 1145 2905; x_wconf 84' lang='lat' dir='ltr'><strong>Pater</strong></span> <span class='ocrx_word' id='word_1_140' title='bbox 1180 2847 1276 2905; x_wconf 84' lang='lat' dir='ltr'><strong>est</strong></span> <span class='ocrx_word' id='word_1_141' title='bbox 1311 2840 1375 2905; x_wconf 90' lang='lat' dir='ltr'><strong>in</strong></span> <span class='ocrx_word' id='word_1_142' title='bbox 1419 2838 1612 2914; x_wconf 79' lang='lat' dir='ltr'><strong>Filio,</strong></span> <span class='ocrx_word' id='word_1_143' title='bbox 1658 2846 1723 2906; x_wconf 80' lang='lat' dir='ltr'><strong>cl.</strong></span> <span class='ocrx_word' id='word_1_144' title='bbox 1758 2837 1971 2906; x_wconf 83' lang='lat' dir='ltr'><strong>Filius</strong></span> <span class='ocrx_word' id='word_1_145' title='bbox 2012 2838 2076 2904; x_wconf 90' lang='lat' dir='ltr'><strong>iu</strong></span> <span class='ocrx_word' id='word_1_146' title='bbox 2115 2837 2332 2906; x_wconf 82' lang='lat' dir='ltr'><strong>Patre.</strong></span> 
     </span>
    </p>

    <p class='ocr_par' dir='ltr' id='par_1_7' title="bbox 781 2946 2338 4225">
     <span class='ocr_line' id='line_1_25' title="bbox 881 2946 2334 3036; baseline 0 -24"><span class='ocrx_word' id='word_1_147' title='bbox 881 2946 1099 3013; x_wconf 78' lang='lat' dir='ltr'><strong>Aliter</strong></span> <span class='ocrx_word' id='word_1_148' title='bbox 1145 2946 1468 3036; x_wconf 79' lang='lat' dir='ltr'><strong>accipitur</strong></span> <span class='ocrx_word' id='word_1_149' title='bbox 1524 2966 1851 3013; x_wconf 71' lang='lat' dir='ltr'><strong>numerus</strong></span> <span class='ocrx_word' id='word_1_150' title='bbox 1894 2953 2193 3034; x_wconf 86' lang='lat' dir='ltr'><strong>exparte</strong></span> <span class='ocrx_word' id='word_1_151' title='bbox 2242 2948 2334 3014; x_wconf 90' lang='lat' dir='ltr'><strong>rei</strong></span> 
     </span>
     <span class='ocr_line' id='line_1_26' title="bbox 791 3052 2338 3144; baseline 0 -23"><span class='ocrx_word' id='word_1_152' title='bbox 791 3061 1165 3122; x_wconf 62' lang='lat' dir='ltr'><strong>numeratae</strong></span> <span class='ocrx_word' id='word_1_153' title='bbox 1201 3074 1217 3120; x_wconf 75' lang='grc' dir='ltr'><strong><em>ε</em></strong></span> <span class='ocrx_word' id='word_1_154' title='bbox 1262 3054 1421 3144; x_wconf 88' lang='lat' dir='ltr'><strong>quia</strong></span> <span class='ocrx_word' id='word_1_155' title='bbox 1462 3052 1574 3120; x_wconf 88' lang='lat' dir='ltr'><strong>illa</strong></span> <span class='ocrx_word' id='word_1_156' title='bbox 1603 3052 1974 3121; x_wconf 85' lang='lat' dir='ltr'><strong>secundum</strong></span> <span class='ocrx_word' id='word_1_157' title='bbox 2015 3054 2195 3143; x_wconf 88' lang='lat' dir='ltr'><strong>quod</strong></span> <span class='ocrx_word' id='word_1_158' title='bbox 2233 3077 2338 3121; x_wconf 87' lang='lat' dir='ltr'><strong>ac-</strong></span> 
     </span>
     <span class='ocr_line' id='line_1_27' title="bbox 787 3160 2334 3254; baseline -0.001 -23"><span class='ocrx_word' id='word_1_159' title='bbox 787 3163 947 3254; x_wconf 86' lang='lat' dir='ltr'><strong>cipit</strong></span> <span class='ocrx_word' id='word_1_160' title='bbox 1007 3164 1335 3230; x_wconf 86' lang='lat' dir='ltr'><strong>rationem</strong></span> <span class='ocrx_word' id='word_1_161' title='bbox 1391 3164 1592 3230; x_wconf 80' lang='lat' dir='ltr'><strong>uiiius</strong></span> <span class='ocrx_word' id='word_1_162' title='bbox 1648 3160 1832 3253; x_wconf 88' lang='lat' dir='ltr'><strong>quod</strong></span> <span class='ocrx_word' id='word_1_163' title='bbox 1891 3164 2186 3252; x_wconf 84' lang='lat' dir='ltr'><strong>potentia</strong></span> <span class='ocrx_word' id='word_1_164' title='bbox 2236 3170 2334 3230; x_wconf 82' lang='lat' dir='ltr'><strong>cst</strong></span> 
     </span>
     <span class='ocr_line' id='line_1_28' title="bbox 789 3270 2325 3359; baseline 0.001 -23"><span class='ocrx_word' id='word_1_165' title='bbox 789 3293 1141 3348; x_wconf 85' lang='lat' dir='ltr'><strong>numerus,</strong></span> <span class='ocrx_word' id='word_1_166' title='bbox 1188 3270 1277 3336; x_wconf 88' lang='lat' dir='ltr'><strong>ita</strong></span> <span class='ocrx_word' id='word_1_167' title='bbox 1326 3270 1567 3359; x_wconf 84' lang='lat' dir='ltr'><strong>accipit</strong></span> <span class='ocrx_word' id='word_1_168' title='bbox 1618 3270 1947 3337; x_wconf 84' lang='lat' dir='ltr'><strong>rationem</strong></span> <span class='ocrx_word' id='word_1_169' title='bbox 2002 3273 2262 3337; x_wconf 90' lang='lat' dir='ltr'><strong>numeri</strong></span> <span class='ocrx_word' id='word_1_170' title='bbox 2309 3294 2325 3338; x_wconf 91' lang='lat'>:</span> 
     </span>
     <span class='ocr_line' id='line_1_29' title="bbox 785 3376 2326 3467; baseline 0 -24"><span class='ocrx_word' id='word_1_171' title='bbox 785 3376 1028 3467; x_wconf 83' lang='lat' dir='ltr'><strong>accipit</strong></span> <span class='ocrx_word' id='word_1_172' title='bbox 1075 3386 1303 3443; x_wconf 84' lang='lat' dir='ltr'><strong>autem</strong></span> <span class='ocrx_word' id='word_1_173' title='bbox 1376 3378 1706 3443; x_wconf 87' lang='lat' dir='ltr'><strong>rationem</strong></span> <span class='ocrx_word' id='word_1_174' title='bbox 1753 3376 1951 3442; x_wconf 82' lang='lat' dir='ltr'><strong>unius</strong></span> <span class='ocrx_word' id='word_1_175' title='bbox 1998 3400 2037 3443; x_wconf 88' lang='lat' dir='ltr'><strong>a</strong></span> <span class='ocrx_word' id='word_1_176' title='bbox 2086 3377 2326 3459; x_wconf 69' lang='lat' dir='ltr'><strong>forma,</strong></span> 
     </span>
     <span class='ocr_line' id='line_1_30' title="bbox 790 3482 2329 3574; baseline 0 -24"><span class='ocrx_word' id='word_1_177' title='bbox 790 3505 926 3550; x_wconf 93' lang='lat' dir='ltr'><strong>non</strong></span> <span class='ocrx_word' id='word_1_178' title='bbox 968 3483 1342 3552; x_wconf 76' lang='lat' dir='ltr'><strong>secundum</strong></span> <span class='ocrx_word' id='word_1_179' title='bbox 1376 3483 1559 3574; x_wconf 88' lang='lat' dir='ltr'><strong>quod</strong></span> <span class='ocrx_word' id='word_1_180' title='bbox 1600 3482 1819 3550; x_wconf 76' lang='lat' dir='ltr'><strong>forma</strong></span> <span class='ocrx_word' id='word_1_181' title='bbox 1874 3492 2002 3565; x_wconf 79' lang='lat' dir='ltr'><strong>cst,</strong></span> <span class='ocrx_word' id='word_1_182' title='bbox 2049 3483 2160 3550; x_wconf 79' lang='lat' dir='ltr'><strong>sed</strong></span> <span class='ocrx_word' id='word_1_183' title='bbox 2221 3509 2329 3550; x_wconf 87' lang='lat' dir='ltr'><strong>se-</strong></span> 
     </span>
     <span class='ocr_line' id='line_1_31' title="bbox 783 3590 2324 3683; baseline 0.001 -23"><span class='ocrx_word' id='word_1_184' title='bbox 783 3591 1085 3660; x_wconf 83' lang='lat' dir='ltr'><strong>cundum</strong></span> <span class='ocrx_word' id='word_1_185' title='bbox 1146 3592 1328 3683; x_wconf 84' lang='lat' dir='ltr'><strong>quod</strong></span> <span class='ocrx_word' id='word_1_186' title='bbox 1374 3593 1695 3659; x_wconf 85' lang='lat' dir='ltr'><strong>terminat</strong></span> <span class='ocrx_word' id='word_1_187' title='bbox 1728 3591 1793 3659; x_wconf 90' lang='lat' dir='ltr'><strong>id</strong></span> <span class='ocrx_word' id='word_1_188' title='bbox 1841 3591 1946 3659; x_wconf 89' lang='lat' dir='ltr'><strong>cui</strong></span> <span class='ocrx_word' id='word_1_189' title='bbox 1979 3590 2088 3658; x_wconf 89' lang='lat' dir='ltr'><strong>dat</strong></span> <span class='ocrx_word' id='word_1_190' title='bbox 2120 3615 2264 3660; x_wconf 81' lang='lat' dir='ltr'><strong>esse</strong></span> <span class='ocrx_word' id='word_1_191' title='bbox 2308 3613 2324 3661; x_wconf 79' lang='lat' dir='ltr'><strong>t</strong></span> 
     </span>
     <span class='ocr_line' id='line_1_32' title="bbox 781 3700 2327 3790; baseline -0.001 -22"><span class='ocrx_word' id='word_1_192' title='bbox 781 3709 939 3768; x_wconf 76' lang='lat' dir='ltr'><strong>sunt</strong></span> <span class='ocrx_word' id='word_1_193' title='bbox 968 3701 1150 3768; x_wconf 90' lang='lat' dir='ltr'><strong>enim</strong></span> <span class='ocrx_word' id='word_1_194' title='bbox 1191 3711 1326 3768; x_wconf 85' lang='lat' dir='ltr'><strong>tres</strong></span> <span class='ocrx_word' id='word_1_195' title='bbox 1347 3709 1534 3768; x_wconf 87' lang='lat' dir='ltr'><strong>actus</strong></span> <span class='ocrx_word' id='word_1_196' title='bbox 1564 3701 1798 3768; x_wconf 80' lang='lat' dir='ltr'><strong>lormae</strong></span> <span class='ocrx_word' id='word_1_197' title='bbox 1837 3701 1978 3767; x_wconf 78' lang='lat' dir='ltr'><strong>sive</strong></span> <span class='ocrx_word' id='word_1_198' title='bbox 2009 3700 2154 3787; x_wconf 85' lang='lat' dir='ltr'><strong>ejus</strong></span> <span class='ocrx_word' id='word_1_199' title='bbox 2191 3722 2327 3790; x_wconf 87' lang='lat' dir='ltr'><strong>quo</strong></span> 
     </span>
     <span class='ocr_line' id='line_1_33' title="bbox 786 3809 2321 3901; baseline 0 -24"><span class='ocrx_word' id='word_1_200' title='bbox 786 3834 889 3877; x_wconf 82' lang='lat' dir='ltr'><strong>res</strong></span> <span class='ocrx_word' id='word_1_201' title='bbox 917 3822 1014 3878; x_wconf 82' lang='lat' dir='ltr'><strong>est</strong></span> <span class='ocrx_word' id='word_1_202' title='bbox 1051 3810 1116 3878; x_wconf 91' lang='lat' dir='ltr'><strong>id</strong></span> <span class='ocrx_word' id='word_1_203' title='bbox 1158 3811 1336 3901; x_wconf 77' lang='lat' dir='ltr'><strong>quod</strong></span> <span class='ocrx_word' id='word_1_204' title='bbox 1371 3821 1493 3878; x_wconf 72' lang='lat' dir='ltr'><strong>est.</strong></span> <span class='ocrx_word' id='word_1_205' title='bbox 1534 3810 1804 3878; x_wconf 78' lang='lat' dir='ltr'><strong>Primus</strong></span> <span class='ocrx_word' id='word_1_206' title='bbox 1833 3819 1934 3878; x_wconf 85' lang='lat' dir='ltr'><strong>est</strong></span> <span class='ocrx_word' id='word_1_207' title='bbox 1965 3809 2122 3876; x_wconf 80' lang='lat' dir='ltr'><strong>«lare</strong></span> <span class='ocrx_word' id='word_1_208' title='bbox 2151 3834 2321 3879; x_wconf 82' lang='lat' dir='ltr'><strong>esse.</strong></span> 
     </span>
     <span class='ocr_line' id='line_1_34' title="bbox 784 3919 2322 3988; baseline -0.001 -1"><span class='ocrx_word' id='word_1_209' title='bbox 784 3921 1141 3988; x_wconf 72' lang='lat' dir='ltr'><strong>Secundus</strong></span> <span class='ocrx_word' id='word_1_210' title='bbox 1190 3931 1414 3988; x_wconf 85' lang='lat' dir='ltr'><strong>autem</strong></span> <span class='ocrx_word' id='word_1_211' title='bbox 1465 3919 1629 3987; x_wconf 88' lang='lat' dir='ltr'><strong>dare</strong></span> <span class='ocrx_word' id='word_1_212' title='bbox 1671 3919 2003 3987; x_wconf 88' lang='lat' dir='ltr'><strong>rationem</strong></span> <span class='ocrx_word' id='word_1_213' title='bbox 2045 3928 2322 3986; x_wconf 71' lang='lat' dir='ltr'><strong>naturae.</strong></span> 
     </span>
     <span class='ocr_line' id='line_1_35' title="bbox 785 4025 2327 4096; baseline -0.001 -1"><span class='ocrx_word' id='word_1_214' title='bbox 785 4028 862 4095; x_wconf 64' lang='lat' dir='ltr'><strong>lit</strong></span> <span class='ocrx_word' id='word_1_215' title='bbox 894 4031 1133 4096; x_wconf 84' lang='lat' dir='ltr'><strong>tertius</strong></span> <span class='ocrx_word' id='word_1_216' title='bbox 1163 4036 1262 4095; x_wconf 84' lang='lat' dir='ltr'><strong>est</strong></span> <span class='ocrx_word' id='word_1_217' title='bbox 1301 4027 1662 4094; x_wconf 79' lang='lat' dir='ltr'><strong>terminare</strong></span> <span class='ocrx_word' id='word_1_218' title='bbox 1718 4047 1735 4093; x_wconf 76' lang='grc' dir='ltr'><em>τ</em></span> <span class='ocrx_word' id='word_1_219' title='bbox 1776 4034 1844 4095; x_wconf 84' lang='lat' dir='ltr'><strong>et</strong></span> <span class='ocrx_word' id='word_1_220' title='bbox 1871 4026 1956 4094; x_wconf 90' lang='lat' dir='ltr'><strong>ah</strong></span> <span class='ocrx_word' id='word_1_221' title='bbox 1997 4027 2123 4092; x_wconf 82' lang='lat' dir='ltr'><strong>isto</strong></span> <span class='ocrx_word' id='word_1_222' title='bbox 2162 4025 2327 4094; x_wconf 87' lang='lat' dir='ltr'><strong>ulti·</strong></span> 
     </span>
     <span class='ocr_line' id='line_1_36' title="bbox 781 4136 2326 4225; baseline -0.002 -21"><span class='ocrx_word' id='word_1_223' title='bbox 781 4160 895 4204; x_wconf 89' lang='lat' dir='ltr'><strong>mo</strong></span> <span class='ocrx_word' id='word_1_224' title='bbox 926 4145 1077 4205; x_wconf 89' lang='lat' dir='ltr'><strong>actu</strong></span> <span class='ocrx_word' id='word_1_225' title='bbox 1109 4137 1343 4204; x_wconf 70' lang='lat' dir='ltr'><strong>torma·</strong></span> <span class='ocrx_word' id='word_1_226' title='bbox 1374 4146 1469 4202; x_wconf 84' lang='lat' dir='ltr'><strong>est</strong></span> <span class='ocrx_word' id='word_1_227' title='bbox 1505 4136 1678 4203; x_wconf 82' lang='lat' dir='ltr'><strong>ratio</strong></span> <span class='ocrx_word' id='word_1_228' title='bbox 1706 4136 1907 4201; x_wconf 88' lang='lat' dir='ltr'><strong>unius</strong></span> <span class='ocrx_word' id='word_1_229' title='bbox 1949 4156 1966 4202; x_wconf 76' lang='grc' dir='ltr'><strong><em>ε</em></strong></span> <span class='ocrx_word' id='word_1_230' title='bbox 2004 4136 2159 4224; x_wconf 86' lang='lat' dir='ltr'><strong>quia</strong></span> <span class='ocrx_word' id='word_1_231' title='bbox 2210 4157 2326 4225; x_wconf 89' lang='lat' dir='ltr'><strong>per</strong></span> 
     </span>
    </p>
   </div>
   <div class='ocr_carea' id='block_1_6' title="bbox 705 4244 2324 4319">
    <p class='ocr_par' dir='ltr' id='par_1_8' title="bbox 705 4244 2324 4319">
     <span class='ocr_line' id='line_1_37' title="bbox 705 4244 2324 4319; baseline -0.001 -7"><span class='ocrx_word' id='word_1_232' title='bbox 705 4301 710 4305; x_wconf 94' lang='lat'><strong>.</strong></span> <span class='ocrx_word' id='word_1_233' title='bbox 784 4246 910 4313; x_wconf 87' lang='lat' dir='ltr'><strong>hoe</strong></span> <span class='ocrx_word' id='word_1_234' title='bbox 969 4247 1257 4314; x_wconf 80' lang='lat' dir='ltr'><strong>eflicitur</strong></span> <span class='ocrx_word' id='word_1_235' title='bbox 1308 4249 1371 4313; x_wconf 91' lang='lat' dir='ltr'><strong>in</strong></span> <span class='ocrx_word' id='word_1_236' title='bbox 1440 4269 1511 4313; x_wconf 81' lang='lat' dir='ltr'><strong>se</strong></span> <span class='ocrx_word' id='word_1_237' title='bbox 1561 4245 1873 4319; x_wconf 70' lang='lat' dir='ltr'><strong>indivisa.</strong></span> <span class='ocrx_word' id='word_1_238' title='bbox 1918 4254 1980 4311; x_wconf 86' lang='lat' dir='ltr'><strong>et</strong></span> <span class='ocrx_word' id='word_1_239' title='bbox 2040 4244 2124 4310; x_wconf 83' lang='lat' dir='ltr'><strong>ah</strong></span> <span class='ocrx_word' id='word_1_240' title='bbox 2175 4244 2324 4311; x_wconf 84' lang='lat' dir='ltr'><strong>aliis</strong></span> 
     </span>
    </p>
   </div>
   <div class='ocr_carea' id='block_1_7' title="bbox 774 4349 2320 5501">
    <p class='ocr_par' dir='ltr' id='par_1_9' title="bbox 774 4349 2320 5501">
     <span class='ocr_line' id='line_1_38' title="bbox 786 4349 2320 4441; baseline -0.001 -22"><span class='ocrx_word' id='word_1_241' title='bbox 786 4352 1000 4421; x_wconf 71' lang='lat' dir='ltr'><strong>divisa</strong></span> <span class='ocrx_word' id='word_1_242' title='bbox 1047 4375 1063 4421; x_wconf 74' lang='grc' dir='ltr'><em>τ</em></span> <span class='ocrx_word' id='word_1_243' title='bbox 1106 4362 1167 4421; x_wconf 88' lang='lat' dir='ltr'><strong>et</strong></span> <span class='ocrx_word' id='word_1_244' title='bbox 1212 4351 1354 4419; x_wconf 72' lang='lat' dir='ltr'><strong>ha=c</strong></span> <span class='ocrx_word' id='word_1_245' title='bbox 1384 4362 1483 4420; x_wconf 84' lang='lat' dir='ltr'><strong>est</strong></span> <span class='ocrx_word' id='word_1_246' title='bbox 1520 4352 1669 4441; x_wconf 77' lang='lat' dir='ltr'><strong>ejus</strong></span> <span class='ocrx_word' id='word_1_247' title='bbox 1698 4351 2056 4419; x_wconf 85' lang='lat' dir='ltr'><strong>dillinitio:</strong></span> <span class='ocrx_word' id='word_1_248' title='bbox 2089 4360 2151 4418; x_wconf 88' lang='lat' dir='ltr'><strong>et</strong></span> <span class='ocrx_word' id='word_1_249' title='bbox 2193 4349 2320 4418; x_wconf 86' lang='lat' dir='ltr'><strong>hoc</strong></span> 
     </span>
     <span class='ocr_line' id='line_1_39' title="bbox 779 4460 2317 4553; baseline -0.003 -22"><span class='ocrx_word' id='word_1_250' title='bbox 779 4464 1064 4532; x_wconf 85' lang='lat' dir='ltr'><strong>intendit</strong></span> <span class='ocrx_word' id='word_1_251' title='bbox 1095 4461 1571 4553; x_wconf 71' lang='lat' dir='ltr'><strong>Philosophus,</strong></span> <span class='ocrx_word' id='word_1_252' title='bbox 1609 4460 1883 4552; x_wconf 88' lang='lat' dir='ltr'><strong>quando</strong></span> <span class='ocrx_word' id='word_1_253' title='bbox 1913 4460 2107 4537; x_wconf 82' lang='lat' dir='ltr'><strong>dixit,</strong></span> <span class='ocrx_word' id='word_1_254' title='bbox 2140 4461 2317 4552; x_wconf 82' lang='lat' dir='ltr'><strong>quod</strong></span> 
     </span>
     <span class='ocr_line' id='line_1_40' title="bbox 781 4568 2317 4661; baseline -0.003 -24"><span class='ocrx_word' id='word_1_255' title='bbox 781 4571 844 4637; x_wconf 83' lang='lat' dir='ltr'><strong>id</strong></span> <span class='ocrx_word' id='word_1_256' title='bbox 877 4570 1058 4661; x_wconf 87' lang='lat' dir='ltr'><strong>quod</strong></span> <span class='ocrx_word' id='word_1_257' title='bbox 1091 4592 1227 4638; x_wconf 93' lang='lat' dir='ltr'><strong>non</strong></span> <span class='ocrx_word' id='word_1_258' title='bbox 1277 4570 1626 4647; x_wconf 81' lang='lat' dir='ltr'><strong>dividitur,</strong></span> <span class='ocrx_word' id='word_1_259' title='bbox 1681 4568 1928 4636; x_wconf 84' lang='lat' dir='ltr'><strong>dicitur</strong></span> <span class='ocrx_word' id='word_1_260' title='bbox 1965 4590 2173 4635; x_wconf 91' lang='lat' dir='ltr'><strong>unum</strong></span> <span class='ocrx_word' id='word_1_261' title='bbox 2213 4591 2317 4633; x_wconf 88' lang='lat' dir='ltr'><strong>se·</strong></span> 
     </span>
     <span class='ocr_line' id='line_1_41' title="bbox 779 4675 2316 4770; baseline -0.003 -22"><span class='ocrx_word' id='word_1_262' title='bbox 779 4679 1074 4749; x_wconf 86' lang='lat' dir='ltr'><strong>cundum</strong></span> <span class='ocrx_word' id='word_1_263' title='bbox 1120 4680 1302 4770; x_wconf 90' lang='lat' dir='ltr'><strong>quod</strong></span> <span class='ocrx_word' id='word_1_264' title='bbox 1345 4701 1479 4747; x_wconf 93' lang='lat' dir='ltr'><strong>non</strong></span> <span class='ocrx_word' id='word_1_265' title='bbox 1532 4676 1877 4744; x_wconf 79' lang='lat' dir='ltr'><strong>dividitur.</strong></span> <span class='ocrx_word' id='word_1_266' title='bbox 1932 4675 2072 4743; x_wconf 87' lang='lat' dir='ltr'><strong>lloc</strong></span> <span class='ocrx_word' id='word_1_267' title='bbox 2111 4676 2316 4743; x_wconf 90' lang='lat' dir='ltr'><strong>modo</strong></span> 
     </span>
     <span class='ocr_line' id='line_1_42' title="bbox 780 4782 2315 4877; baseline -0.001 -23"><span class='ocrx_word' id='word_1_268' title='bbox 780 4788 949 4856; x_wconf 85' lang='lat' dir='ltr'><strong>bene</strong></span> <span class='ocrx_word' id='word_1_269' title='bbox 981 4788 1296 4866; x_wconf 76' lang='lat' dir='ltr'><strong>dicimus,</strong></span> <span class='ocrx_word' id='word_1_270' title='bbox 1328 4786 1508 4877; x_wconf 87' lang='lat' dir='ltr'><strong>quod</strong></span> <span class='ocrx_word' id='word_1_271' title='bbox 1542 4785 1687 4853; x_wconf 77' lang='lat' dir='ltr'><strong>haec</strong></span> <span class='ocrx_word' id='word_1_272' title='bbox 1718 4808 1823 4852; x_wconf 91' lang='lat' dir='ltr'><strong>res</strong></span> <span class='ocrx_word' id='word_1_273' title='bbox 1853 4795 1947 4852; x_wconf 86' lang='lat' dir='ltr'><strong>est</strong></span> <span class='ocrx_word' id='word_1_274' title='bbox 1983 4807 2138 4862; x_wconf 86' lang='lat' dir='ltr'><strong>una,</strong></span> <span class='ocrx_word' id='word_1_275' title='bbox 2176 4782 2315 4852; x_wconf 67' lang='lat' dir='ltr'><strong>haec</strong></span> 
     </span>
     <span class='ocr_line' id='line_1_43' title="bbox 781 4889 2316 4963; baseline -0.001 -2"><span class='ocrx_word' id='word_1_276' title='bbox 781 4918 887 4963; x_wconf 87' lang='lat' dir='ltr'><strong>res</strong></span> <span class='ocrx_word' id='word_1_277' title='bbox 925 4902 991 4961; x_wconf 87' lang='lat' dir='ltr'><strong>et.</strong></span> <span class='ocrx_word' id='word_1_278' title='bbox 1036 4894 1147 4961; x_wconf 90' lang='lat' dir='ltr'><strong>illa</strong></span> <span class='ocrx_word' id='word_1_279' title='bbox 1187 4902 1345 4962; x_wconf 84' lang='lat' dir='ltr'><strong>sunt</strong></span> <span class='ocrx_word' id='word_1_280' title='bbox 1376 4894 1527 4960; x_wconf 68' lang='lat' dir='ltr'><strong>duze</strong></span> <span class='ocrx_word' id='word_1_281' title='bbox 1564 4915 1578 4958; x_wconf 90' lang='lat'>:</span> <span class='ocrx_word' id='word_1_282' title='bbox 1615 4901 1679 4960; x_wconf 86' lang='lat' dir='ltr'><strong>et</strong></span> <span class='ocrx_word' id='word_1_283' title='bbox 1728 4889 1854 4959; x_wconf 93' lang='lat' dir='ltr'><strong>hoc</strong></span> <span class='ocrx_word' id='word_1_284' title='bbox 1897 4892 2101 4958; x_wconf 85' lang='lat' dir='ltr'><strong>modo</strong></span> <span class='ocrx_word' id='word_1_285' title='bbox 2148 4891 2316 4961; x_wconf 83' lang='lat' dir='ltr'><strong>bene</strong></span> 
     </span>
     <span class='ocr_line' id='line_1_44' title="bbox 779 4998 2314 5092; baseline -0.002 -22"><span class='ocrx_word' id='word_1_286' title='bbox 779 5002 1095 5080; x_wconf 80' lang='lat' dir='ltr'><strong>dicimus,</strong></span> <span class='ocrx_word' id='word_1_287' title='bbox 1147 5000 1328 5092; x_wconf 88' lang='lat' dir='ltr'><strong>quod</strong></span> <span class='ocrx_word' id='word_1_288' title='bbox 1383 5001 1558 5068; x_wconf 69' lang='lat' dir='ltr'><strong>neus</strong></span> <span class='ocrx_word' id='word_1_289' title='bbox 1598 5008 1696 5066; x_wconf 85' lang='lat' dir='ltr'><strong>cst</strong></span> <span class='ocrx_word' id='word_1_290' title='bbox 1737 5021 1914 5066; x_wconf 83' lang='lat' dir='ltr'><strong>unus</strong></span> <span class='ocrx_word' id='word_1_291' title='bbox 1957 5018 1973 5067; x_wconf 73' lang='grc' dir='ltr'>ζ</span> <span class='ocrx_word' id='word_1_292' title='bbox 2025 4998 2138 5066; x_wconf 88' lang='lat' dir='ltr'><strong>sed</strong></span> <span class='ocrx_word' id='word_1_293' title='bbox 2177 5021 2314 5067; x_wconf 91' lang='lat' dir='ltr'><strong>non</strong></span> 
     </span>
     <span class='ocr_line' id='line_1_45' title="bbox 778 5106 2311 5202; baseline -0.001 -26"><span class='ocrx_word' id='word_1_294' title='bbox 778 5134 1143 5202; x_wconf 85' lang='lat' dir='ltr'><strong>possumus</strong></span> <span class='ocrx_word' id='word_1_295' title='bbox 1182 5108 1627 5201; x_wconf 72' lang='lat' dir='ltr'><strong>personaliter</strong></span> <span class='ocrx_word' id='word_1_296' title='bbox 1666 5106 1796 5175; x_wconf 89' lang='lat' dir='ltr'><strong>hoc</strong></span> <span class='ocrx_word' id='word_1_297' title='bbox 1827 5108 2029 5175; x_wconf 90' lang='lat' dir='ltr'><strong>modo</strong></span> <span class='ocrx_word' id='word_1_298' title='bbox 2069 5106 2311 5190; x_wconf 89' lang='lat' dir='ltr'><strong>dicere,</strong></span> 
     </span>
     <span class='ocr_line' id='line_1_46' title="bbox 776 5210 2314 5306; baseline -0.003 -23"><span class='ocrx_word' id='word_1_299' title='bbox 776 5215 956 5306; x_wconf 85' lang='lat' dir='ltr'><strong>quod</strong></span> <span class='ocrx_word' id='word_1_300' title='bbox 1001 5216 1202 5283; x_wconf 83' lang='lat' dir='ltr'><strong>Pater</strong></span> <span class='ocrx_word' id='word_1_301' title='bbox 1239 5224 1338 5282; x_wconf 85' lang='lat' dir='ltr'><strong>est</strong></span> <span class='ocrx_word' id='word_1_302' title='bbox 1380 5235 1580 5295; x_wconf 88' lang='lat' dir='ltr'><strong>unus,</strong></span> <span class='ocrx_word' id='word_1_303' title='bbox 1632 5219 1697 5280; x_wconf 85' lang='lat' dir='ltr'><strong>et</strong></span> <span class='ocrx_word' id='word_1_304' title='bbox 1739 5211 1938 5279; x_wconf 83' lang='lat' dir='ltr'><strong>Pater</strong></span> <span class='ocrx_word' id='word_1_305' title='bbox 1991 5221 2052 5279; x_wconf 89' lang='lat' dir='ltr'><strong>ct</strong></span> <span class='ocrx_word' id='word_1_306' title='bbox 2112 5210 2314 5279; x_wconf 81' lang='lat' dir='ltr'><strong>Filius</strong></span> 
     </span>
     <span class='ocr_line' id='line_1_47' title="bbox 775 5320 2315 5410; baseline -0.003 -19"><span class='ocrx_word' id='word_1_307' title='bbox 775 5332 931 5391; x_wconf 86' lang='lat' dir='ltr'><strong>sunt</strong></span> <span class='ocrx_word' id='word_1_308' title='bbox 964 5323 1126 5404; x_wconf 91' lang='lat' dir='ltr'><strong>du0,</strong></span> <span class='ocrx_word' id='word_1_309' title='bbox 1168 5346 1325 5391; x_wconf 88' lang='lat' dir='ltr'><strong>cum</strong></span> <span class='ocrx_word' id='word_1_310' title='bbox 1359 5345 1493 5389; x_wconf 93' lang='lat' dir='ltr'><strong>non</strong></span> <span class='ocrx_word' id='word_1_311' title='bbox 1525 5321 1656 5387; x_wconf 91' lang='lat' dir='ltr'><strong>sint</strong></span> <span class='ocrx_word' id='word_1_312' title='bbox 1698 5344 1736 5387; x_wconf 90' lang='lat' dir='ltr'><strong>a</strong></span> <span class='ocrx_word' id='word_1_313' title='bbox 1768 5342 1838 5386; x_wconf 87' lang='lat' dir='ltr'><strong>se</strong></span> <span class='ocrx_word' id='word_1_314' title='bbox 1872 5320 2154 5386; x_wconf 71' lang='lat' dir='ltr'><strong>invicem</strong></span> <span class='ocrx_word' id='word_1_315' title='bbox 2197 5342 2315 5410; x_wconf 76' lang='lat' dir='ltr'><strong>per</strong></span> 
     </span>
     <span class='ocr_line' id='line_1_48' title="bbox 774 5428 2306 5501; baseline -0.003 -2"><span class='ocrx_word' id='word_1_316' title='bbox 774 5456 919 5501; x_wconf 83' lang='lat' dir='ltr'><strong>esse</strong></span> <span class='ocrx_word' id='word_1_317' title='bbox 960 5441 1023 5501; x_wconf 88' lang='lat' dir='ltr'><strong>et</strong></span> <span class='ocrx_word' id='word_1_318' title='bbox 1051 5432 1341 5499; x_wconf 77' lang='lat' dir='ltr'><strong>formam</strong></span> <span class='ocrx_word' id='word_1_319' title='bbox 1380 5430 1575 5497; x_wconf 84' lang='lat' dir='ltr'><strong>divisi</strong></span> <span class='ocrx_word' id='word_1_320' title='bbox 1614 5453 1628 5498; x_wconf 91' lang='lat'><strong>:</strong></span> <span class='ocrx_word' id='word_1_321' title='bbox 1666 5428 1795 5497; x_wconf 88' lang='lat' dir='ltr'><strong>hoc</strong></span> <span class='ocrx_word' id='word_1_322' title='bbox 1828 5428 2031 5495; x_wconf 86' lang='lat' dir='ltr'><strong>modo</strong></span> <span class='ocrx_word' id='word_1_323' title='bbox 2071 5429 2306 5497; x_wconf 90' lang='lat' dir='ltr'><strong>iterum</strong></span> 
     </span>
    </p>
   </div>
   <div class='ocr_carea' id='block_1_8' title="bbox 849 5663 2304 5736">
    <p class='ocr_par' dir='ltr' id='par_1_10' title="bbox 849 5663 2304 5736">
     <span class='ocr_line' id='line_1_49' title="bbox 849 5663 2304 5736; baseline -0.003 -10"><span class='ocrx_word' id='word_1_324' title='bbox 849 5669 956 5726; x_wconf 72' lang='lat'><strong>¹5.</strong></span> <span class='ocrx_word' id='word_1_325' title='bbox 998 5668 1320 5734; x_wconf 70' lang='lat' dir='ltr'><strong>Diosrsirs,</strong></span> <span class='ocrx_word' id='word_1_326' title='bbox 1380 5665 1497 5721; x_wconf 79' lang='lat' dir='ltr'><strong>Lib.</strong></span> <span class='ocrx_word' id='word_1_327' title='bbox 1544 5663 1621 5719; x_wconf 83' lang='lat' dir='ltr'><strong>de</strong></span> <span class='ocrx_word' id='word_1_328' title='bbox 1668 5663 1887 5720; x_wconf 74' lang='lat' dir='ltr'><strong>Divinis</strong></span> <span class='ocrx_word' id='word_1_329' title='bbox 1944 5663 2304 5736; x_wconf 83' lang='lat' dir='ltr'><strong>nominibus,</strong></span> 
     </span>
    </p>
   </div>
   <div class='ocr_carea' id='block_1_9' title="bbox 1811 291 3113 372">
    <p class='ocr_par' dir='ltr' id='par_1_11' title="bbox 1811 291 3113 372">
     <span class='ocr_line' id='line_1_50' title="bbox 1811 291 3113 372; baseline 0.013 -16"><span class='ocrx_word' id='word_1_330' title='bbox 1811 291 1894 360; x_wconf 89' lang='lat' dir='ltr'><strong>D.</strong></span> <span class='ocrx_word' id='word_1_331' title='bbox 1947 292 2141 358; x_wconf 86' lang='lat' dir='ltr'><strong>ALB.</strong></span> <span class='ocrx_word' id='word_1_332' title='bbox 2198 294 2407 364; x_wconf 78' lang='lat' dir='ltr'><strong>MAG.</strong></span> <span class='ocrx_word' id='word_1_333' title='bbox 2464 296 2666 368; x_wconf 75' lang='lat' dir='ltr'><strong>Ono.</strong></span> <span class='ocrx_word' id='word_1_334' title='bbox 2725 300 3017 372; x_wconf 75' lang='lat' dir='ltr'><strong>PRAED.</strong></span> <span class='ocrx_word' id='word_1_335' title='bbox 3110 331 3113 332; x_wconf 44' lang='lat'><em>⁷</em></span> 
     </span>
    </p>
   </div>
   <div class='ocr_carea' id='block_1_10' title="bbox 2422 465 4012 5508">
    <p class='ocr_par' dir='ltr' id='par_1_12' title="bbox 2460 465 4012 652">
     <span class='ocr_line' id='line_1_51' title="bbox 2463 465 4012 572; baseline 0.013 -40"><span class='ocrx_word' id='word_1_336' title='bbox 2463 465 2631 538; x_wconf 88' lang='lat' dir='ltr'><strong>bene</strong></span> <span class='ocrx_word' id='word_1_337' title='bbox 2662 470 2823 539; x_wconf 90' lang='lat' dir='ltr'><strong>dicit</strong></span> <span class='ocrx_word' id='word_1_338' title='bbox 2850 470 3197 565; x_wconf 79' lang='lat' dir='ltr'><strong>Magister,</strong></span> <span class='ocrx_word' id='word_1_339' title='bbox 3236 480 3419 568; x_wconf 92' lang='lat' dir='ltr'><strong>quod</strong></span> <span class='ocrx_word' id='word_1_340' title='bbox 3452 482 3519 547; x_wconf 90' lang='lat' dir='ltr'><strong>in</strong></span> <span class='ocrx_word' id='word_1_341' title='bbox 3542 475 3849 572; x_wconf 83' lang='lat' dir='ltr'><strong>personis</strong></span> <span class='ocrx_word' id='word_1_342' title='bbox 3875 503 4012 552; x_wconf 88' lang='lat' dir='ltr'><strong>non</strong></span> 
     </span>
     <span class='ocr_line' id='line_1_52' title="bbox 2460 585 2945 652; baseline 0.019 -9"><span class='ocrx_word' id='word_1_343' title='bbox 2460 585 2562 644; x_wconf 87' lang='lat' dir='ltr'><strong>est</strong></span> <span class='ocrx_word' id='word_1_344' title='bbox 2600 600 2945 652; x_wconf 77' lang='lat' dir='ltr'><strong>numerus,</strong></span> 
     </span>
    </p>

    <p class='ocr_par' dir='ltr' id='par_1_13' title="bbox 2422 688 4010 5508">
     <span class='ocr_line' id='line_1_53' title="bbox 2545 688 4003 781; baseline 0.01 -28"><span class='ocrx_word' id='word_1_345' title='bbox 2545 688 2768 757; x_wconf 88' lang='lat' dir='ltr'><strong>Tertio</strong></span> <span class='ocrx_word' id='word_1_346' title='bbox 2847 691 3050 760; x_wconf 89' lang='lat' dir='ltr'><strong>modo</strong></span> <span class='ocrx_word' id='word_1_347' title='bbox 3111 695 3399 765; x_wconf 85' lang='lat' dir='ltr'><strong>dicimus</strong></span> <span class='ocrx_word' id='word_1_348' title='bbox 3466 723 3855 781; x_wconf 70' lang='lat' dir='ltr'><strong>nanterum,</strong></span> <span class='ocrx_word' id='word_1_349' title='bbox 3937 701 4003 768; x_wconf 91' lang='lat' dir='ltr'><strong>id</strong></span> 
     </span>
     <span class='ocr_line' id='line_1_54' title="bbox 2460 794 4004 886; baseline 0.011 -28"><span class='ocrx_word' id='word_1_350' title='bbox 2460 794 2640 881; x_wconf 93' lang='lat' dir='ltr'><strong>quod</strong></span> <span class='ocrx_word' id='word_1_351' title='bbox 2680 798 2816 862; x_wconf 85' lang='lat' dir='ltr'><strong>exit</strong></span> <span class='ocrx_word' id='word_1_352' title='bbox 2872 820 2991 886; x_wconf 88' lang='lat' dir='ltr'><strong>per</strong></span> <span class='ocrx_word' id='word_1_353' title='bbox 3056 801 3573 873; x_wconf 89' lang='lat' dir='ltr'><strong>similitudinem</strong></span> <span class='ocrx_word' id='word_1_354' title='bbox 3635 830 4004 875; x_wconf 89' lang='lat' dir='ltr'><strong>numerans</strong></span> 
     </span>
     <span class='ocr_line' id='line_1_55' title="bbox 2459 902 4007 1003; baseline 0.011 -38"><span class='ocrx_word' id='word_1_355' title='bbox 2459 902 2828 987; x_wconf 86' lang='lat' dir='ltr'><strong>potentiam</strong></span> <span class='ocrx_word' id='word_1_356' title='bbox 2863 908 3066 973; x_wconf 90' lang='lat' dir='ltr'><strong>unius</strong></span> <span class='ocrx_word' id='word_1_357' title='bbox 3110 931 3127 979; x_wconf 90' lang='lat'>:</span> <span class='ocrx_word' id='word_1_358' title='bbox 3172 917 3239 976; x_wconf 83' lang='lat' dir='ltr'><strong>et</strong></span> <span class='ocrx_word' id='word_1_359' title='bbox 3274 909 3405 978; x_wconf 91' lang='lat' dir='ltr'><strong>hoc</strong></span> <span class='ocrx_word' id='word_1_360' title='bbox 3437 912 3816 1003; x_wconf 82' lang='lat' dir='ltr'><strong>dupliciter,</strong></span> <span class='ocrx_word' id='word_1_361' title='bbox 3870 916 4007 983; x_wconf 84' lang='lat' dir='ltr'><strong>sci-</strong></span> 
     </span>
     <span class='ocr_line' id='line_1_56' title="bbox 2458 1004 4005 1096; baseline 0.013 -25"><span class='ocrx_word' id='word_1_362' title='bbox 2458 1004 2607 1074; x_wconf 89' lang='lat' dir='ltr'><strong>licet</strong></span> <span class='ocrx_word' id='word_1_363' title='bbox 2640 1012 3437 1096; x_wconf 85' lang='lat' dir='ltr'><strong>secundummateriam,</strong></span> <span class='ocrx_word' id='word_1_364' title='bbox 3509 1029 3576 1087; x_wconf 87' lang='lat' dir='ltr'><strong>et.</strong></span> <span class='ocrx_word' id='word_1_365' title='bbox 3631 1022 4005 1090; x_wconf 88' lang='lat' dir='ltr'><strong>secundum</strong></span> 
     </span>
     <span class='ocr_line' id='line_1_57' title="bbox 2459 1115 4008 1199; baseline 0.013 -19"><span class='ocrx_word' id='word_1_366' title='bbox 2459 1115 2770 1187; x_wconf 83' lang='lat' dir='ltr'><strong>formam.</strong></span> <span class='ocrx_word' id='word_1_367' title='bbox 2818 1119 3209 1190; x_wconf 89' lang='lat' dir='ltr'><strong>Secundum</strong></span> <span class='ocrx_word' id='word_1_368' title='bbox 3241 1129 3597 1196; x_wconf 85' lang='lat' dir='ltr'><strong>materiam</strong></span> <span class='ocrx_word' id='word_1_369' title='bbox 3633 1152 3650 1195; x_wconf 89' lang='lat'>:</span> <span class='ocrx_word' id='word_1_370' title='bbox 3696 1132 3869 1199; x_wconf 84' lang='lat' dir='ltr'><strong>sicut</strong></span> <span class='ocrx_word' id='word_1_371' title='bbox 3898 1132 4008 1199; x_wconf 91' lang='lat' dir='ltr'><strong>di-</strong></span> 
     </span>
     <span class='ocr_line' id='line_1_58' title="bbox 2459 1225 4008 1330; baseline 0.012 -41"><span class='ocrx_word' id='word_1_372' title='bbox 2459 1225 2673 1292; x_wconf 89' lang='lat' dir='ltr'><strong>cimus</strong></span> <span class='ocrx_word' id='word_1_373' title='bbox 2707 1226 2939 1295; x_wconf 86' lang='lat' dir='ltr'><strong>deeem</strong></span> <span class='ocrx_word' id='word_1_374' title='bbox 2971 1232 3167 1298; x_wconf 90' lang='lat' dir='ltr'><strong>ulnas</strong></span> <span class='ocrx_word' id='word_1_375' title='bbox 3199 1254 3344 1300; x_wconf 87' lang='lat' dir='ltr'><strong>esse</strong></span> <span class='ocrx_word' id='word_1_376' title='bbox 3384 1257 3749 1304; x_wconf 89' lang='lat' dir='ltr'><strong>numerum</strong></span> <span class='ocrx_word' id='word_1_377' title='bbox 3790 1262 4008 1330; x_wconf 91' lang='lat' dir='ltr'><strong>quan-</strong></span> 
     </span>
     <span class='ocr_line' id='line_1_59' title="bbox 2462 1334 4005 1429; baseline 0.011 -30"><span class='ocrx_word' id='word_1_378' title='bbox 2462 1334 2664 1402; x_wconf 85' lang='lat' dir='ltr'><strong>titatis</strong></span> <span class='ocrx_word' id='word_1_379' title='bbox 2696 1339 2926 1426; x_wconf 89' lang='lat' dir='ltr'><strong>panni,</strong></span> <span class='ocrx_word' id='word_1_380' title='bbox 2964 1341 3124 1429; x_wconf 87' lang='lat' dir='ltr'><strong>quia</strong></span> <span class='ocrx_word' id='word_1_381' title='bbox 3155 1341 3315 1408; x_wconf 89' lang='lat' dir='ltr'><strong>ulna</strong></span> <span class='ocrx_word' id='word_1_382' title='bbox 3355 1342 3577 1412; x_wconf 90' lang='lat' dir='ltr'><strong>decies</strong></span> <span class='ocrx_word' id='word_1_383' title='bbox 3620 1349 3900 1414; x_wconf 84' lang='lat' dir='ltr'><strong>iteratur</strong></span> <span class='ocrx_word' id='word_1_384' title='bbox 3937 1349 4005 1414; x_wconf 92' lang='lat' dir='ltr'><strong>in</strong></span> 
     </span>
     <span class='ocr_line' id='line_1_60' title="bbox 2457 1446 4004 1536; baseline 0.01 -28"><span class='ocrx_word' id='word_1_385' title='bbox 2457 1446 2662 1532; x_wconf 89' lang='lat' dir='ltr'><strong>panni</strong></span> <span class='ocrx_word' id='word_1_386' title='bbox 2712 1449 3089 1536; x_wconf 86' lang='lat' dir='ltr'><strong>quantitate</strong></span> <span class='ocrx_word' id='word_1_387' title='bbox 3126 1473 3140 1517; x_wconf 91' lang='lat'>:</span> <span class='ocrx_word' id='word_1_388' title='bbox 3176 1459 3242 1519; x_wconf 83' lang='lat' dir='ltr'><strong>ct</strong></span> <span class='ocrx_word' id='word_1_389' title='bbox 3289 1450 3423 1518; x_wconf 88' lang='lat' dir='ltr'><strong>hoc</strong></span> <span class='ocrx_word' id='word_1_390' title='bbox 3471 1454 3674 1523; x_wconf 91' lang='lat' dir='ltr'><strong>modo</strong></span> <span class='ocrx_word' id='word_1_391' title='bbox 3714 1456 4004 1525; x_wconf 89' lang='lat' dir='ltr'><strong>dicimus</strong></span> 
     </span>
     <span class='ocr_line' id='line_1_61' title="bbox 2458 1547 3999 1654; baseline 0.012 -41"><span class='ocrx_word' id='word_1_392' title='bbox 2458 1547 2701 1617; x_wconf 87' lang='lat' dir='ltr'><strong>lineam</strong></span> <span class='ocrx_word' id='word_1_393' title='bbox 2734 1576 2879 1621; x_wconf 91' lang='lat' dir='ltr'><strong>esse</strong></span> <span class='ocrx_word' id='word_1_394' title='bbox 2911 1552 3142 1624; x_wconf 88' lang='lat' dir='ltr'><strong>decem</strong></span> <span class='ocrx_word' id='word_1_395' title='bbox 3194 1563 3418 1646; x_wconf 86' lang='lat' dir='ltr'><strong>partes</strong></span> <span class='ocrx_word' id='word_1_396' title='bbox 3459 1563 3818 1654; x_wconf 78' lang='lat' dir='ltr'><strong>aliquotas,</strong></span> <span class='ocrx_word' id='word_1_397' title='bbox 3866 1563 3999 1631; x_wconf 89' lang='lat' dir='ltr'><strong>Se-</strong></span> 
     </span>
     <span class='ocr_line' id='line_1_62' title="bbox 2454 1654 4000 1763; baseline 0.012 -41"><span class='ocrx_word' id='word_1_398' title='bbox 2454 1654 2749 1726; x_wconf 84' lang='lat' dir='ltr'><strong>cundum</strong></span> <span class='ocrx_word' id='word_1_399' title='bbox 2830 1662 3122 1731; x_wconf 84' lang='lat' dir='ltr'><strong>formam</strong></span> <span class='ocrx_word' id='word_1_400' title='bbox 3205 1680 3460 1753; x_wconf 87' lang='lat' dir='ltr'><strong>autem,</strong></span> <span class='ocrx_word' id='word_1_401' title='bbox 3532 1673 3868 1763; x_wconf 84' lang='lat' dir='ltr'><strong>praecipue</strong></span> <span class='ocrx_word' id='word_1_402' title='bbox 3930 1674 4000 1740; x_wconf 92' lang='lat' dir='ltr'><strong>in</strong></span> 
     </span>
     <span class='ocr_line' id='line_1_63' title="bbox 2454 1767 4005 1871; baseline 0.012 -40"><span class='ocrx_word' id='word_1_403' title='bbox 2454 1767 2821 1857; x_wconf 83' lang='lat' dir='ltr'><strong>exemplari</strong></span> <span class='ocrx_word' id='word_1_404' title='bbox 2866 1792 2881 1835; x_wconf 92' lang='lat'>:</span> <span class='ocrx_word' id='word_1_405' title='bbox 2945 1771 3119 1841; x_wconf 81' lang='lat' dir='ltr'><strong>sicul.</strong></span> <span class='ocrx_word' id='word_1_406' title='bbox 3159 1776 3447 1846; x_wconf 90' lang='lat' dir='ltr'><strong>dicimus</strong></span> <span class='ocrx_word' id='word_1_407' title='bbox 3502 1804 3582 1848; x_wconf 86' lang='lat' dir='ltr'><strong>ea</strong></span> <span class='ocrx_word' id='word_1_408' title='bbox 3640 1803 3792 1871; x_wconf 85' lang='lat' dir='ltr'><strong>quae</strong></span> <span class='ocrx_word' id='word_1_409' title='bbox 3828 1782 4005 1849; x_wconf 83' lang='lat' dir='ltr'><strong>facta</strong></span> 
     </span>
     <span class='ocr_line' id='line_1_64' title="bbox 2452 1883 4003 1964; baseline 0.01 -25"><span class='ocrx_word' id='word_1_410' title='bbox 2452 1883 2632 1952; x_wconf 85' lang='lat' dir='ltr'><strong>sunt,</strong></span> <span class='ocrx_word' id='word_1_411' title='bbox 2702 1884 2770 1943; x_wconf 88' lang='lat' dir='ltr'><strong>et</strong></span> <span class='ocrx_word' id='word_1_412' title='bbox 2832 1888 3012 1961; x_wconf 88' lang='lat' dir='ltr'><strong>sunt,</strong></span> <span class='ocrx_word' id='word_1_413' title='bbox 3077 1890 3143 1949; x_wconf 84' lang='lat' dir='ltr'><strong>et</strong></span> <span class='ocrx_word' id='word_1_414' title='bbox 3201 1883 3389 1964; x_wconf 82' lang='lat' dir='ltr'><strong>fient,</strong></span> <span class='ocrx_word' id='word_1_415' title='bbox 3434 1910 3581 1955; x_wconf 90' lang='lat' dir='ltr'><strong>esse</strong></span> <span class='ocrx_word' id='word_1_416' title='bbox 3637 1911 4003 1956; x_wconf 86' lang='lat' dir='ltr'><strong>numerum</strong></span> 
     </span>
     <span class='ocr_line' id='line_1_65' title="bbox 2452 1979 4006 2072; baseline 0.009 -24"><span class='ocrx_word' id='word_1_417' title='bbox 2452 1979 2943 2072; x_wconf 81' lang='lat' dir='ltr'><strong>exemplarium</strong></span> <span class='ocrx_word' id='word_1_418' title='bbox 2984 1987 3376 2061; x_wconf 82' lang='lat' dir='ltr'><strong>divinorum</strong></span> <span class='ocrx_word' id='word_1_419' title='bbox 3425 2019 3442 2064; x_wconf 88' lang='lat'>:</span> <span class='ocrx_word' id='word_1_420' title='bbox 3496 2004 3562 2063; x_wconf 87' lang='lat' dir='ltr'><strong>et</strong></span> <span class='ocrx_word' id='word_1_421' title='bbox 3618 1995 4006 2065; x_wconf 88' lang='lat' dir='ltr'><strong>hoc.unum</strong></span> 
     </span>
     <span class='ocr_line' id='line_1_66' title="bbox 2450 2089 4009 2196; baseline 0.01 -39"><span class='ocrx_word' id='word_1_422' title='bbox 2450 2089 2695 2159; x_wconf 91' lang='lat' dir='ltr'><strong>dicitur</strong></span> <span class='ocrx_word' id='word_1_423' title='bbox 2725 2116 3044 2164; x_wconf 84' lang='lat' dir='ltr'><strong>mensura</strong></span> <span class='ocrx_word' id='word_1_424' title='bbox 3083 2121 3205 2189; x_wconf 90' lang='lat' dir='ltr'><strong>per</strong></span> <span class='ocrx_word' id='word_1_425' title='bbox 3234 2101 3520 2171; x_wconf 90' lang='lat' dir='ltr'><strong>modum</strong></span> <span class='ocrx_word' id='word_1_426' title='bbox 3557 2102 3883 2196; x_wconf 87' lang='lat' dir='ltr'><strong>principii</strong></span> <span class='ocrx_word' id='word_1_427' title='bbox 3922 2104 4009 2173; x_wconf 91' lang='lat' dir='ltr'><strong>ad</strong></span> 
     </span>
     <span class='ocr_line' id='line_1_67' title="bbox 2452 2202 4010 2302; baseline 0.012 -38"><span class='ocrx_word' id='word_1_428' title='bbox 2452 2221 2623 2280; x_wconf 89' lang='lat' dir='ltr'><strong>esse,</strong></span> <span class='ocrx_word' id='word_1_429' title='bbox 2658 2207 2722 2268; x_wconf 86' lang='lat' dir='ltr'><strong>et</strong></span> <span class='ocrx_word' id='word_1_430' title='bbox 2748 2224 2873 2292; x_wconf 88' lang='lat' dir='ltr'><strong>per</strong></span> <span class='ocrx_word' id='word_1_431' title='bbox 2896 2202 3173 2273; x_wconf 89' lang='lat' dir='ltr'><strong>modum</strong></span> <span class='ocrx_word' id='word_1_432' title='bbox 3206 2206 3443 2278; x_wconf 80' lang='lat' dir='ltr'><strong>sormae</strong></span> <span class='ocrx_word' id='word_1_433' title='bbox 3473 2212 3905 2302; x_wconf 82' lang='lat' dir='ltr'><strong>exemplaris,</strong></span> <span class='ocrx_word' id='word_1_434' title='bbox 3932 2221 4010 2282; x_wconf 85' lang='lat' dir='ltr'><strong>ut</strong></span> 
     </span>
     <span class='ocr_line' id='line_1_68' title="bbox 2452 2306 3999 2400; baseline 0.01 -29"><span class='ocrx_word' id='word_1_435' title='bbox 2452 2306 2669 2395; x_wconf 87' lang='lat' dir='ltr'><strong>prima</strong></span> <span class='ocrx_word' id='word_1_436' title='bbox 2691 2331 2893 2376; x_wconf 87' lang='lat' dir='ltr'><strong>causa</strong></span> <span class='ocrx_word' id='word_1_437' title='bbox 2925 2317 3029 2378; x_wconf 88' lang='lat' dir='ltr'><strong>est</strong></span> <span class='ocrx_word' id='word_1_438' title='bbox 3050 2334 3264 2381; x_wconf 89' lang='lat' dir='ltr'><strong>unum</strong></span> <span class='ocrx_word' id='word_1_439' title='bbox 3301 2338 3671 2386; x_wconf 88' lang='lat' dir='ltr'><strong>numerans</strong></span> <span class='ocrx_word' id='word_1_440' title='bbox 3700 2325 3999 2400; x_wconf 83' lang='lat' dir='ltr'><strong>causata,</strong></span> 
     </span>
     <span class='ocr_line' id='line_1_69' title="bbox 2450 2417 4003 2518; baseline 0.012 -38"><span class='ocrx_word' id='word_1_441' title='bbox 2450 2437 2584 2482; x_wconf 91' lang='lat' dir='ltr'><strong>non</strong></span> <span class='ocrx_word' id='word_1_442' title='bbox 2616 2417 2797 2506; x_wconf 91' lang='lat' dir='ltr'><strong>quod</strong></span> <span class='ocrx_word' id='word_1_443' title='bbox 2838 2421 3118 2489; x_wconf 87' lang='lat' dir='ltr'><strong>iteretur</strong></span> <span class='ocrx_word' id='word_1_444' title='bbox 3175 2424 3242 2490; x_wconf 91' lang='lat' dir='ltr'><strong>in</strong></span> <span class='ocrx_word' id='word_1_445' title='bbox 3281 2424 3439 2503; x_wconf 88' lang='lat' dir='ltr'><strong>illis,</strong></span> <span class='ocrx_word' id='word_1_446' title='bbox 3500 2428 3603 2495; x_wconf 78' lang='lat' dir='ltr'><strong>vel</strong></span> <span class='ocrx_word' id='word_1_447' title='bbox 3646 2426 3832 2518; x_wconf 89' lang='lat' dir='ltr'><strong>quod</strong></span> <span class='ocrx_word' id='word_1_448' title='bbox 3878 2453 4003 2498; x_wconf 85' lang='lat' dir='ltr'><strong>sua</strong></span> 
     </span>
     <span class='ocr_line' id='line_1_70' title="bbox 2445 2522 3996 2627; baseline 0.012 -39"><span class='ocrx_word' id='word_1_449' title='bbox 2445 2522 2710 2592; x_wconf 84' lang='lat' dir='ltr'><strong>iteratio</strong></span> <span class='ocrx_word' id='word_1_450' title='bbox 2750 2527 2838 2593; x_wconf 87' lang='lat' dir='ltr'><strong>sit.</strong></span> <span class='ocrx_word' id='word_1_451' title='bbox 2868 2530 3210 2618; x_wconf 89' lang='lat' dir='ltr'><strong>quantitas</strong></span> <span class='ocrx_word' id='word_1_452' title='bbox 3252 2531 3553 2616; x_wconf 88' lang='lat' dir='ltr'><strong>illorum,</strong></span> <span class='ocrx_word' id='word_1_453' title='bbox 3594 2545 3670 2604; x_wconf 84' lang='lat' dir='ltr'><strong>ut</strong></span> <span class='ocrx_word' id='word_1_454' title='bbox 3718 2538 3996 2627; x_wconf 84' lang='lat' dir='ltr'><strong>quidam</strong></span> 
     </span>
     <span class='ocr_line' id='line_1_71' title="bbox 2444 2630 4000 2734; baseline 0.01 -39"><span class='ocrx_word' id='word_1_455' title='bbox 2444 2630 2620 2697; x_wconf 86' lang='lat' dir='ltr'><strong>male</strong></span> <span class='ocrx_word' id='word_1_456' title='bbox 2652 2631 3150 2718; x_wconf 86' lang='lat' dir='ltr'><strong>intellexerunt,</strong></span> <span class='ocrx_word' id='word_1_457' title='bbox 3183 2638 3300 2707; x_wconf 90' lang='lat' dir='ltr'><strong>sed</strong></span> <span class='ocrx_word' id='word_1_458' title='bbox 3332 2641 3518 2731; x_wconf 90' lang='lat' dir='ltr'><strong>quod</strong></span> <span class='ocrx_word' id='word_1_459' title='bbox 3561 2644 4000 2734; x_wconf 83' lang='lat' dir='ltr'><strong>uniuscujus-</strong></span> 
     </span>
     <span class='ocr_line' id='line_1_72' title="bbox 2442 2738 3999 2841; baseline 0.012 -38"><span class='ocrx_word' id='word_1_460' title='bbox 2442 2761 2574 2828; x_wconf 87' lang='lat' dir='ltr'><strong>que</strong></span> <span class='ocrx_word' id='word_1_461' title='bbox 2629 2738 2848 2808; x_wconf 80' lang='lat' dir='ltr'><strong>sorma</strong></span> <span class='ocrx_word' id='word_1_462' title='bbox 2893 2765 3013 2832; x_wconf 90' lang='lat' dir='ltr'><strong>per</strong></span> <span class='ocrx_word' id='word_1_463' title='bbox 3064 2744 3470 2816; x_wconf 86' lang='lat' dir='ltr'><strong>relationem</strong></span> <span class='ocrx_word' id='word_1_464' title='bbox 3521 2750 3607 2817; x_wconf 93' lang='lat' dir='ltr'><strong>ad</strong></span> <span class='ocrx_word' id='word_1_465' title='bbox 3658 2750 3883 2841; x_wconf 88' lang='lat' dir='ltr'><strong>ipsum</strong></span> <span class='ocrx_word' id='word_1_466' title='bbox 3931 2762 3999 2821; x_wconf 85' lang='lat' dir='ltr'><strong>et</strong></span> 
     </span>
     <span class='ocr_line' id='line_1_73' title="bbox 2441 2845 4000 2937; baseline 0.01 -25"><span class='ocrx_word' id='word_1_467' title='bbox 2441 2845 2793 2937; x_wconf 81' lang='lat' dir='ltr'><strong>exemplar</strong></span> <span class='ocrx_word' id='word_1_468' title='bbox 2864 2852 2952 2917; x_wconf 85' lang='lat' dir='ltr'><strong>sit</strong></span> <span class='ocrx_word' id='word_1_469' title='bbox 3018 2873 3262 2935; x_wconf 89' lang='lat' dir='ltr'><strong>unum,</strong></span> <span class='ocrx_word' id='word_1_470' title='bbox 3323 2864 3390 2923; x_wconf 86' lang='lat' dir='ltr'><strong>et</strong></span> <span class='ocrx_word' id='word_1_471' title='bbox 3453 2880 3698 2926; x_wconf 89' lang='lat' dir='ltr'><strong>omnes</strong></span> <span class='ocrx_word' id='word_1_472' title='bbox 3764 2857 4000 2928; x_wconf 79' lang='lat' dir='ltr'><strong>l’ormae</strong></span> 
     </span>
     <span class='ocr_line' id='line_1_74' title="bbox 2443 2949 4004 3042; baseline 0.01 -26"><span class='ocrx_word' id='word_1_473' title='bbox 2443 2949 2868 3041; x_wconf 84' lang='lat' dir='ltr'><strong>exemplares</strong></span> <span class='ocrx_word' id='word_1_474' title='bbox 2936 2954 3193 3025; x_wconf 77' lang='lat' dir='ltr'><strong>faciunt</strong></span> <span class='ocrx_word' id='word_1_475' title='bbox 3248 2958 3789 3042; x_wconf 86' lang='lat' dir='ltr'><strong>multitudinem.</strong></span> <span class='ocrx_word' id='word_1_476' title='bbox 3855 2963 4004 3032; x_wconf 85' lang='lat' dir='ltr'><strong>lloc</strong></span> 
     </span>
     <span class='ocr_line' id='line_1_75' title="bbox 2442 3055 4009 3163; baseline 0.011 -41"><span class='ocrx_word' id='word_1_477' title='bbox 2442 3055 2645 3125; x_wconf 91' lang='lat' dir='ltr'><strong>modo</strong></span> <span class='ocrx_word' id='word_1_478' title='bbox 2686 3059 2974 3129; x_wconf 89' lang='lat' dir='ltr'><strong>dicimus</strong></span> <span class='ocrx_word' id='word_1_479' title='bbox 3032 3064 3257 3133; x_wconf 90' lang='lat' dir='ltr'><strong>solum</strong></span> <span class='ocrx_word' id='word_1_480' title='bbox 3329 3065 3549 3136; x_wconf 87' lang='lat' dir='ltr'><strong>Deum</strong></span> <span class='ocrx_word' id='word_1_481' title='bbox 3604 3092 3848 3150; x_wconf 90' lang='lat' dir='ltr'><strong>unum,</strong></span> <span class='ocrx_word' id='word_1_482' title='bbox 3885 3073 4009 3163; x_wconf 89' lang='lat' dir='ltr'><strong>qui</strong></span> 
     </span>
     <span class='ocr_line' id='line_1_76' title="bbox 2437 3169 4007 3269; baseline 0.011 -34"><span class='ocrx_word' id='word_1_483' title='bbox 2437 3175 2534 3236; x_wconf 90' lang='lat' dir='ltr'><strong>est</strong></span> <span class='ocrx_word' id='word_1_484' title='bbox 2576 3169 2979 3262; x_wconf 89' lang='lat' dir='ltr'><strong>principium</strong></span> <span class='ocrx_word' id='word_1_485' title='bbox 3015 3182 3080 3243; x_wconf 88' lang='lat' dir='ltr'><strong>et</strong></span> <span class='ocrx_word' id='word_1_486' title='bbox 3126 3177 3481 3269; x_wconf 81' lang='lat' dir='ltr'><strong>exemplar</strong></span> <span class='ocrx_word' id='word_1_487' title='bbox 3515 3179 3727 3249; x_wconf 90' lang='lat' dir='ltr'><strong>totius</strong></span> <span class='ocrx_word' id='word_1_488' title='bbox 3772 3180 4007 3251; x_wconf 89' lang='lat' dir='ltr'><strong>multi-</strong></span> 
     </span>
     <span class='ocr_line' id='line_1_77' title="bbox 2440 3277 3992 3359; baseline 0.009 -14"><span class='ocrx_word' id='word_1_489' title='bbox 2440 3277 2690 3345; x_wconf 87' lang='lat' dir='ltr'><strong>tudinis</strong></span> <span class='ocrx_word' id='word_1_490' title='bbox 2718 3290 3181 3352; x_wconf 89' lang='lat' dir='ltr'><strong>creaturarum</strong></span> <span class='ocrx_word' id='word_1_491' title='bbox 3213 3308 3229 3352; x_wconf 74' lang='grc' dir='ltr'><em>τ</em></span> <span class='ocrx_word' id='word_1_492' title='bbox 3267 3294 3332 3354; x_wconf 87' lang='lat' dir='ltr'><strong>et</strong></span> <span class='ocrx_word' id='word_1_493' title='bbox 3385 3286 3515 3357; x_wconf 90' lang='lat' dir='ltr'><strong>hoc</strong></span> <span class='ocrx_word' id='word_1_494' title='bbox 3573 3310 3793 3357; x_wconf 91' lang='lat' dir='ltr'><strong>unum</strong></span> <span class='ocrx_word' id='word_1_495' title='bbox 3849 3315 3992 3359; x_wconf 88' lang='lat' dir='ltr'><strong>non</strong></span> 
     </span>
     <span class='ocr_line' id='line_1_78' title="bbox 2435 3386 3995 3489; baseline 0.008 -39"><span class='ocrx_word' id='word_1_496' title='bbox 2435 3392 2531 3451; x_wconf 88' lang='lat' dir='ltr'><strong>est</strong></span> <span class='ocrx_word' id='word_1_497' title='bbox 2566 3388 2863 3475; x_wconf 86' lang='lat' dir='ltr'><strong>potentia</strong></span> <span class='ocrx_word' id='word_1_498' title='bbox 2896 3386 3113 3457; x_wconf 88' lang='lat' dir='ltr'><strong>multa</strong></span> <span class='ocrx_word' id='word_1_499' title='bbox 3144 3393 3248 3459; x_wconf 85' lang='lat' dir='ltr'><strong>sui</strong></span> <span class='ocrx_word' id='word_1_500' title='bbox 3282 3392 3668 3474; x_wconf 79' lang='lat' dir='ltr'><strong>iteratione,</strong></span> <span class='ocrx_word' id='word_1_501' title='bbox 3703 3395 3824 3463; x_wconf 88' lang='lat' dir='ltr'><strong>sed</strong></span> <span class='ocrx_word' id='word_1_502' title='bbox 3872 3421 3995 3489; x_wconf 84' lang='lat' dir='ltr'><strong>po·</strong></span> 
     </span>
     <span class='ocr_line' id='line_1_79' title="bbox 2435 3491 3990 3591; baseline 0.009 -33"><span class='ocrx_word' id='word_1_503' title='bbox 2435 3493 2645 3560; x_wconf 86' lang='lat' dir='ltr'><strong>tentia</strong></span> <span class='ocrx_word' id='word_1_504' title='bbox 2700 3491 3064 3563; x_wconf 77' lang='lat' dir='ltr'><strong>effectuum</strong></span> <span class='ocrx_word' id='word_1_505' title='bbox 3114 3506 3181 3566; x_wconf 89' lang='lat' dir='ltr'><strong>et</strong></span> <span class='ocrx_word' id='word_1_506' title='bbox 3223 3500 3771 3591; x_wconf 81' lang='lat' dir='ltr'><strong>exemplatorum</strong></span> <span class='ocrx_word' id='word_1_507' title='bbox 3817 3501 3990 3572; x_wconf 89' lang='lat' dir='ltr'><strong>mul-</strong></span> 
     </span>
     <span class='ocr_line' id='line_1_80' title="bbox 2434 3603 3986 3705; baseline 0.009 -37"><span class='ocrx_word' id='word_1_508' title='bbox 2434 3609 2657 3670; x_wconf 85' lang='lat' dir='ltr'><strong>torum</strong></span> <span class='ocrx_word' id='word_1_509' title='bbox 2696 3626 2712 3672; x_wconf 74' lang='grc' dir='ltr'>ε</span> <span class='ocrx_word' id='word_1_510' title='bbox 2745 3613 2813 3672; x_wconf 82' lang='lat' dir='ltr'><strong>et</strong></span> <span class='ocrx_word' id='word_1_511' title='bbox 2840 3603 2984 3674; x_wconf 79' lang='lat' dir='ltr'><strong>hoec</strong></span> <span class='ocrx_word' id='word_1_512' title='bbox 3016 3615 3118 3674; x_wconf 88' lang='lat' dir='ltr'><strong>est</strong></span> <span class='ocrx_word' id='word_1_513' title='bbox 3162 3608 3448 3679; x_wconf 91' lang='lat' dir='ltr'><strong>intentio</strong></span> <span class='ocrx_word' id='word_1_514' title='bbox 3482 3610 3883 3705; x_wconf 83' lang='lat' dir='ltr'><strong>Philosophi</strong></span> <span class='ocrx_word' id='word_1_515' title='bbox 3917 3615 3986 3682; x_wconf 88' lang='lat' dir='ltr'><strong>in</strong></span> 
     </span>
     <span class='ocr_line' id='line_1_81' title="bbox 2433 3712 3986 3807; baseline 0.008 -31"><span class='ocrx_word' id='word_1_516' title='bbox 2433 3712 2830 3780; x_wconf 88' lang='lat' dir='ltr'><strong>auctoritate</strong></span> <span class='ocrx_word' id='word_1_517' title='bbox 2913 3737 3118 3806; x_wconf 89' lang='lat' dir='ltr'><strong>supra</strong></span> <span class='ocrx_word' id='word_1_518' title='bbox 3207 3718 3455 3807; x_wconf 88' lang='lat' dir='ltr'><strong>posita,</strong></span> <span class='ocrx_word' id='word_1_519' title='bbox 3540 3726 3605 3788; x_wconf 88' lang='lat' dir='ltr'><strong>et</strong></span> <span class='ocrx_word' id='word_1_520' title='bbox 3701 3722 3986 3791; x_wconf 88' lang='lat' dir='ltr'><strong>intentio</strong></span> 
     </span>
     <span class='ocr_line' id='line_1_82' title="bbox 2431 3819 3987 3919; baseline 0.01 -39"><span class='ocrx_word' id='word_1_521' title='bbox 2431 3819 3029 3891; x_wconf 69' lang='lat' dir='ltr'><strong>tlonunentatoris.</strong></span> <span class='ocrx_word' id='word_1_522' title='bbox 3107 3823 3185 3890; x_wconf 80' lang='lat' dir='ltr'><strong>Et</strong></span> <span class='ocrx_word' id='word_1_523' title='bbox 3242 3823 3373 3893; x_wconf 89' lang='lat' dir='ltr'><strong>hoc</strong></span> <span class='ocrx_word' id='word_1_524' title='bbox 3438 3835 3540 3894; x_wconf 89' lang='lat' dir='ltr'><strong>est</strong></span> <span class='ocrx_word' id='word_1_525' title='bbox 3593 3829 3780 3919; x_wconf 89' lang='lat' dir='ltr'><strong>quod</strong></span> <span class='ocrx_word' id='word_1_526' title='bbox 3827 3829 3987 3896; x_wconf 85' lang='lat' dir='ltr'><strong>dicit</strong></span> 
     </span>
     <span class='ocr_line' id='line_1_83' title="bbox 2444 3923 3990 4016; baseline 0.008 -25"><span class='ocrx_word' id='word_1_527' title='bbox 2444 3923 2817 4016; x_wconf 73' lang='lat' dir='ltr'><strong>Dionysius</strong></span> <span class='ocrx_word' id='word_1_528' title='bbox 2838 3927 2905 3995; x_wconf 88' lang='lat' dir='ltr'><strong>in</strong></span> <span class='ocrx_word' id='word_1_529' title='bbox 2933 3926 3113 3997; x_wconf 87' lang='lat' dir='ltr'><strong>libro</strong></span> <span class='ocrx_word' id='word_1_530' title='bbox 3131 3929 3214 3998; x_wconf 92' lang='lat' dir='ltr'><strong>de</strong></span> <span class='ocrx_word' id='word_1_531' title='bbox 3251 3934 3522 4002; x_wconf 73' lang='lat' dir='ltr'><strong>Divinis</strong></span> <span class='ocrx_word' id='word_1_532' title='bbox 3549 3936 3945 4005; x_wconf 70' lang='lat' dir='ltr'><strong>›eonaeinibus</strong></span> <span class='ocrx_word' id='word_1_533' title='bbox 3966 3960 3990 4004; x_wconf 89' lang='lat'><strong>.·</strong></span> 
     </span>
     <span class='ocr_line' id='line_1_84' title="bbox 2435 4029 3993 4125; baseline 0.011 -29"><span class='ocrx_word' id='word_1_534' title='bbox 2435 4058 2468 4090; x_wconf 86' lang='lat'>«</span> <span class='ocrx_word' id='word_1_535' title='bbox 2508 4029 2879 4125; x_wconf 84' lang='lat' dir='ltr'><strong>Theologia</strong></span> <span class='ocrx_word' id='word_1_536' title='bbox 2904 4042 3119 4105; x_wconf 86' lang='lat' dir='ltr'><strong>totam</strong></span> <span class='ocrx_word' id='word_1_537' title='bbox 3149 4036 3569 4109; x_wconf 79' lang='lat' dir='ltr'><strong>thearchiam</strong></span> <span class='ocrx_word' id='word_1_538' title='bbox 3603 4045 3776 4111; x_wconf 87' lang='lat' dir='ltr'><strong>sicut</strong></span> <span class='ocrx_word' id='word_1_539' title='bbox 3835 4068 3993 4112; x_wconf 82' lang='lat' dir='ltr'><strong>om-</strong></span> 
     </span>
     <span class='ocr_line' id='line_1_85' title="bbox 2433 4137 3987 4221; baseline 0.012 -19"><span class='ocrx_word' id='word_1_540' title='bbox 2433 4137 2621 4205; x_wconf 89' lang='lat' dir='ltr'><strong>nium</strong></span> <span class='ocrx_word' id='word_1_541' title='bbox 2662 4162 2935 4209; x_wconf 86' lang='lat' dir='ltr'><strong>causam</strong></span> <span class='ocrx_word' id='word_1_542' title='bbox 2978 4141 3206 4211; x_wconf 89' lang='lat' dir='ltr'><strong>laudat</strong></span> <span class='ocrx_word' id='word_1_543' title='bbox 3242 4149 3448 4214; x_wconf 89' lang='lat' dir='ltr'><strong>unius</strong></span> <span class='ocrx_word' id='word_1_544' title='bbox 3490 4149 3987 4221; x_wconf 87' lang='lat' dir='ltr'><strong>nominatione.</strong></span> 
     </span>
     <span class='ocr_line' id='line_1_86' title="bbox 2432 4244 3989 4331; baseline 0.009 -19"><span class='ocrx_word' id='word_1_545' title='bbox 2432 4244 2512 4312; x_wconf 73' lang='lat'><strong>131</strong></span> <span class='ocrx_word' id='word_1_546' title='bbox 2574 4271 2747 4314; x_wconf 86' lang='lat' dir='ltr'><strong>uuus</strong></span> <span class='ocrx_word' id='word_1_547' title='bbox 2791 4249 2968 4317; x_wconf 73' lang='lat' dir='ltr'><strong>lleus</strong></span> <span class='ocrx_word' id='word_1_548' title='bbox 3030 4250 3255 4331; x_wconf 86' lang='lat' dir='ltr'><strong>Pater,</strong></span> <span class='ocrx_word' id='word_1_549' title='bbox 3308 4262 3374 4321; x_wconf 89' lang='lat' dir='ltr'><strong>et</strong></span> <span class='ocrx_word' id='word_1_550' title='bbox 3425 4277 3605 4323; x_wconf 89' lang='lat' dir='ltr'><strong>unus</strong></span> <span class='ocrx_word' id='word_1_551' title='bbox 3653 4257 3989 4327; x_wconf 89' lang='lat' dir='ltr'><strong>Dominus</strong></span> 
     </span>
     <span class='ocr_line' id='line_1_87' title="bbox 2430 4352 3990 4456; baseline 0.012 -39"><span class='ocrx_word' id='word_1_552' title='bbox 2430 4352 2628 4422; x_wconf 66' lang='lat' dir='ltr'><strong>jesus</strong></span> <span class='ocrx_word' id='word_1_553' title='bbox 2678 4354 3009 4437; x_wconf 84' lang='lat' dir='ltr'><strong>Christus,</strong></span> <span class='ocrx_word' id='word_1_554' title='bbox 3055 4368 3123 4426; x_wconf 90' lang='lat' dir='ltr'><strong>et</strong></span> <span class='ocrx_word' id='word_1_555' title='bbox 3163 4383 3341 4428; x_wconf 87' lang='lat' dir='ltr'><strong>unus</strong></span> <span class='ocrx_word' id='word_1_556' title='bbox 3373 4369 3437 4428; x_wconf 87' lang='lat' dir='ltr'><strong>et</strong></span> <span class='ocrx_word' id='word_1_557' title='bbox 3471 4362 3648 4432; x_wconf 88' lang='lat' dir='ltr'><strong>idem</strong></span> <span class='ocrx_word' id='word_1_558' title='bbox 3694 4364 3990 4456; x_wconf 82' lang='lat' dir='ltr'><strong>Spiritus</strong></span> 
     </span>
     <span class='ocr_line' id='line_1_88' title="bbox 2430 4464 3990 4551; baseline 0.011 -26"><span class='ocrx_word' id='word_1_559' title='bbox 2430 4471 2704 4551; x_wconf 80' lang='lat' dir='ltr'><strong>propter</strong></span> <span class='ocrx_word' id='word_1_560' title='bbox 2775 4464 3214 4534; x_wconf 80' lang='lat' dir='ltr'><strong>excedentem</strong></span> <span class='ocrx_word' id='word_1_561' title='bbox 3315 4469 3525 4536; x_wconf 87' lang='lat' dir='ltr'><strong>totius</strong></span> <span class='ocrx_word' id='word_1_562' title='bbox 3610 4471 3990 4542; x_wconf 74' lang='lat' dir='ltr'><strong>divinitatis</strong></span> 
     </span>
     <span class='ocr_line' id='line_1_89' title="bbox 2428 4568 3987 4671; baseline 0.01 -37"><span class='ocrx_word' id='word_1_563' title='bbox 2428 4568 2956 4659; x_wconf 88' lang='lat' dir='ltr'><strong>simplicitatem,</strong></span> <span class='ocrx_word' id='word_1_564' title='bbox 2994 4574 3061 4641; x_wconf 92' lang='lat' dir='ltr'><strong>in</strong></span> <span class='ocrx_word' id='word_1_565' title='bbox 3091 4597 3223 4665; x_wconf 89' lang='lat' dir='ltr'><strong>qua</strong></span> <span class='ocrx_word' id='word_1_566' title='bbox 3263 4578 3500 4646; x_wconf 90' lang='lat' dir='ltr'><strong>omnia</strong></span> <span class='ocrx_word' id='word_1_567' title='bbox 3548 4579 3987 4671; x_wconf 86' lang='lat' dir='ltr'><strong>singulariter</strong></span> 
     </span>
     <span class='ocr_line' id='line_1_90' title="bbox 2427 4685 3989 4779; baseline 0.011 -38"><span class='ocrx_word' id='word_1_568' title='bbox 2427 4685 2835 4767; x_wconf 80' lang='lat' dir='ltr'><strong>congregata</strong></span> <span class='ocrx_word' id='word_1_569' title='bbox 2876 4688 3031 4748; x_wconf 88' lang='lat' dir='ltr'><strong>sunt</strong></span> <span class='ocrx_word' id='word_1_570' title='bbox 3110 4690 3174 4750; x_wconf 84' lang='lat' dir='ltr'><strong>rt</strong></span> <span class='ocrx_word' id='word_1_571' title='bbox 3232 4686 3654 4774; x_wconf 87' lang='lat' dir='ltr'><strong>superunita,</strong></span> <span class='ocrx_word' id='word_1_572' title='bbox 3708 4696 3772 4756; x_wconf 90' lang='lat' dir='ltr'><strong>et</strong></span> <span class='ocrx_word' id='word_1_573' title='bbox 3822 4710 3989 4779; x_wconf 65' lang='lat' dir='ltr'><strong>pra?-</strong></span> 
     </span>
     <span class='ocr_line' id='line_1_91' title="bbox 2427 4784 3978 4887; baseline 0.012 -40"><span class='ocrx_word' id='word_1_574' title='bbox 2427 4792 2584 4850; x_wconf 89' lang='lat' dir='ltr'><strong>suut</strong></span> <span class='ocrx_word' id='word_1_575' title='bbox 2634 4784 3403 4875; x_wconf 86' lang='lat' dir='ltr'><strong>supersubstantialiter.</strong></span> <span class='ocrx_word' id='word_1_576' title='bbox 3460 4791 3748 4884; x_wconf 83' lang='lat' dir='ltr'><strong>Propter</strong></span> <span class='ocrx_word' id='word_1_577' title='bbox 3792 4797 3978 4887; x_wconf 90' lang='lat' dir='ltr'><strong>quod</strong></span> 
     </span>
     <span class='ocr_line' id='line_1_92' title="bbox 2427 4892 3983 4987; baseline 0.01 -30"><span class='ocrx_word' id='word_1_578' title='bbox 2427 4898 2495 4958; x_wconf 87' lang='lat' dir='ltr'><strong>et</strong></span> <span class='ocrx_word' id='word_1_579' title='bbox 2542 4893 2773 4958; x_wconf 81' lang='lat' dir='ltr'><strong>omnia</strong></span> <span class='ocrx_word' id='word_1_580' title='bbox 2820 4892 2903 4960; x_wconf 87' lang='lat' dir='ltr'><strong>ad</strong></span> <span class='ocrx_word' id='word_1_581' title='bbox 2950 4894 3166 4984; x_wconf 87' lang='lat' dir='ltr'><strong>ipsam</strong></span> <span class='ocrx_word' id='word_1_582' title='bbox 3211 4896 3394 4987; x_wconf 86' lang='lat' dir='ltr'><strong>juste</strong></span> <span class='ocrx_word' id='word_1_583' title='bbox 3444 4909 3879 4971; x_wconf 79' lang='lat' dir='ltr'><strong>revertuntur</strong></span> <span class='ocrx_word' id='word_1_584' title='bbox 3916 4913 3983 4972; x_wconf 89' lang='lat' dir='ltr'><strong>et</strong></span> 
     </span>
     <span class='ocr_line' id='line_1_93' title="bbox 2429 5006 3982 5103; baseline 0.01 -40"><span class='ocrx_word' id='word_1_585' title='bbox 2429 5006 2879 5087; x_wconf 87' lang='lat' dir='ltr'><strong>reponuntur,</strong></span> <span class='ocrx_word' id='word_1_586' title='bbox 2948 5022 2988 5068; x_wconf 88' lang='lat' dir='ltr'><strong>a</strong></span> <span class='ocrx_word' id='word_1_587' title='bbox 3054 5024 3213 5092; x_wconf 89' lang='lat' dir='ltr'><strong>qua,</strong></span> <span class='ocrx_word' id='word_1_588' title='bbox 3276 5006 3346 5074; x_wconf 82' lang='lat' dir='ltr'><strong>et</strong></span> <span class='ocrx_word' id='word_1_589' title='bbox 3401 5028 3487 5073; x_wconf 87' lang='lat' dir='ltr'><strong>ex</strong></span> <span class='ocrx_word' id='word_1_590' title='bbox 3545 5030 3706 5100; x_wconf 88' lang='lat' dir='ltr'><strong>qua,</strong></span> <span class='ocrx_word' id='word_1_591' title='bbox 3757 5017 3822 5078; x_wconf 87' lang='lat' dir='ltr'><strong>et</strong></span> <span class='ocrx_word' id='word_1_592' title='bbox 3862 5034 3982 5103; x_wconf 90' lang='lat' dir='ltr'><strong>per</strong></span> 
     </span>
     <span class='ocr_line' id='line_1_94' title="bbox 2425 5109 3983 5206; baseline 0.012 -36"><span class='ocrx_word' id='word_1_593' title='bbox 2425 5126 2657 5195; x_wconf 86' lang='lat' dir='ltr'><strong>quam,</strong></span> <span class='ocrx_word' id='word_1_594' title='bbox 2725 5113 2787 5174; x_wconf 89' lang='lat' dir='ltr'><strong>et</strong></span> <span class='ocrx_word' id='word_1_595' title='bbox 2864 5109 2934 5176; x_wconf 92' lang='lat' dir='ltr'><strong>in</strong></span> <span class='ocrx_word' id='word_1_596' title='bbox 3009 5131 3167 5200; x_wconf 87' lang='lat' dir='ltr'><strong>qua,</strong></span> <span class='ocrx_word' id='word_1_597' title='bbox 3231 5112 3422 5180; x_wconf 88' lang='lat' dir='ltr'><strong>etad</strong></span> <span class='ocrx_word' id='word_1_598' title='bbox 3470 5137 3708 5206; x_wconf 83' lang='lat' dir='ltr'><strong>quam,</strong></span> <span class='ocrx_word' id='word_1_599' title='bbox 3750 5120 3983 5187; x_wconf 86' lang='lat' dir='ltr'><strong>omnia</strong></span> 
     </span>
     <span class='ocr_line' id='line_1_95' title="bbox 2424 5216 3985 5306; baseline 0.01 -27"><span class='ocrx_word' id='word_1_600' title='bbox 2424 5220 2609 5291; x_wconf 88' lang='lat' dir='ltr'><strong>sunt,</strong></span> <span class='ocrx_word' id='word_1_601' title='bbox 2668 5223 2732 5283; x_wconf 88' lang='lat' dir='ltr'><strong>et</strong></span> <span class='ocrx_word' id='word_1_602' title='bbox 2786 5216 3183 5285; x_wconf 86' lang='lat' dir='ltr'><strong>coordinata</strong></span> <span class='ocrx_word' id='word_1_603' title='bbox 3228 5228 3412 5305; x_wconf 85' lang='lat' dir='ltr'><strong>sunt,</strong></span> <span class='ocrx_word' id='word_1_604' title='bbox 3458 5230 3523 5291; x_wconf 88' lang='lat' dir='ltr'><strong>et</strong></span> <span class='ocrx_word' id='word_1_605' title='bbox 3564 5233 3868 5306; x_wconf 85' lang='lat' dir='ltr'><strong>manent,</strong></span> <span class='ocrx_word' id='word_1_606' title='bbox 3917 5234 3985 5295; x_wconf 87' lang='lat' dir='ltr'><strong>et</strong></span> 
     </span>
     <span class='ocr_line' id='line_1_96' title="bbox 2422 5321 3985 5416; baseline 0.011 -31"><span class='ocrx_word' id='word_1_607' title='bbox 2422 5321 2859 5389; x_wconf 89' lang='lat' dir='ltr'><strong>continentur</strong></span> <span class='ocrx_word' id='word_1_608' title='bbox 2885 5332 2946 5391; x_wconf 88' lang='lat' dir='ltr'><strong>et</strong></span> <span class='ocrx_word' id='word_1_609' title='bbox 2983 5323 3447 5416; x_wconf 86' lang='lat' dir='ltr'><strong>adimplentur</strong></span> <span class='ocrx_word' id='word_1_610' title='bbox 3475 5337 3543 5398; x_wconf 86' lang='lat' dir='ltr'><strong>et</strong></span> <span class='ocrx_word' id='word_1_611' title='bbox 3570 5342 3985 5401; x_wconf 77' lang='lat' dir='ltr'><strong>convertun-</strong></span> 
     </span>
     <span class='ocr_line' id='line_1_97' title="bbox 2425 5428 3982 5508; baseline 0.01 -14"><span class='ocrx_word' id='word_1_612' title='bbox 2425 5435 2533 5494; x_wconf 88' lang='lat' dir='ltr'><strong>tur</strong></span> <span class='ocrx_word' id='word_1_613' title='bbox 2584 5429 2626 5497; x_wconf 83' lang='lat'><strong>⁸.</strong></span> <span class='ocrx_word' id='word_1_614' title='bbox 2674 5428 2879 5498; x_wconf 78' lang='lat' dir='ltr'><strong>»lloc</strong></span> <span class='ocrx_word' id='word_1_615' title='bbox 2927 5441 3156 5500; x_wconf 90' lang='lat' dir='ltr'><strong>autem</strong></span> <span class='ocrx_word' id='word_1_616' title='bbox 3190 5433 3398 5502; x_wconf 89' lang='lat' dir='ltr'><strong>modo</strong></span> <span class='ocrx_word' id='word_1_617' title='bbox 3438 5436 3643 5505; x_wconf 87' lang='lat' dir='ltr'><strong>etiam</strong></span> <span class='ocrx_word' id='word_1_618' title='bbox 3667 5437 3982 5508; x_wconf 83' lang='lat' dir='ltr'><strong>dicitAl-</strong></span> 
     </span>
    </p>
   </div>
   <div class='ocr_carea' id='block_1_11' title="bbox 2418 5665 2810 5740">
    <p class='ocr_par' dir='ltr' id='par_1_14' title="bbox 2418 5665 2810 5740">
     <span class='ocr_line' id='line_1_98' title="bbox 2418 5665 2810 5740; baseline 0 -17"><span class='ocrx_word' id='word_1_619' title='bbox 2418 5683 2548 5740; x_wconf 85' lang='lat' dir='ltr'><strong>cap.</strong></span> <span class='ocrx_word' id='word_1_620' title='bbox 2577 5665 2810 5725; x_wconf 84' lang='lat' dir='ltr'><strong>ultimo.</strong></span> 
     </span>
    </p>
   </div>
  </div>
 </body>
</html>
