4897 6388
713 366 845 433 580

605 521 608 524 ¹
717 534 788 600 in
820 525 1114 622 persona
1150 551 1165 594 t
1229 546 1393 615 ergo
1453 540 1744 612 persona
1783 501 2052 584 'claudit
2087 512 2156 576 in
2194 530 2263 574 se

718 661 925 706 omne
981 658 1197 727 genus
1245 628 1789 721 compositioniS,
1844 631 1912 691 et
1963 620 2270 689 substan-

717 745 921 826 uatis,
967 754 1033 812 et
1069 739 1542 811 accidentalis:
1583 745 1648 805 et
1686 736 1781 802 sic
1819 737 2081 801 constat
2120 746 2269 816 pro·

715 851 969 943 positio
991 850 1236 940 prima.
1257 934 1267 943 ι

810 961 876 1026 2.
904 959 1100 1036 Item,
1128 957 1283 1023 Non
1316 961 1418 1022 est
1447 971 1740 1041 persona
1771 966 1921 1036 quae
1951 963 2087 1010 non
2115 936 2270 1005 sub·

717 1066 913 1131 sistat
942 1072 1202 1129 naturae
1242 1056 1599 1128 communi
1648 1061 1715 1121 et
1744 1047 2135 1141 proprietati
2165 1044 2272 1110 di·-

716 1172 1093 1262 stinguenti
1128 1192 1142 1235 :
1179 1166 1349 1234 nihil
1394 1173 1624 1232 autem
1675 1160 1981 1228 subsistit
2009 1156 2103 1223 sic
2141 1154 2269 1219 nisi

718 1280 1104 1368 subjeetum
1134 1300 1147 1343 ε
1188 1298 1351 1365 ergo
1386 1273 1569 1364 quod
1593 1293 1730 1338 non
1763 1276 1862 1336 est
1890 1265 2265 1353 subjectum

716 1410 847 1456 nec
875 1385 1140 1454 substat
1164 1393 1452 1460 naturae,
1495 1402 1636 1447 non
1675 1386 1777 1446 est
1801 1393 2114 1467 persona.
2154 1369 2271 1435 Di-

719 1498 811 1566 cit
847 1504 1076 1564 autem
1119 1493 1426 1576 Boetius,
1464 1490 1646 1581 quod
1695 1489 1765 1554 in
1821 1483 2068 1553 divinis
2106 1478 2271 1547 sub-

711 1603 970 1692 jectum
1023 1623 1169 1668 esse
1213 1620 1354 1665 non
1414 1601 1661 1686 potest,
1721 1614 1875 1660 cum
1916 1591 2002 1656 sit
2057 1586 2273 1654 forma

719 1708 1017 1799 simplex
1051 1731 1064 1774 :
1120 1728 1284 1796 ergo
1326 1726 1451 1772 nec
1488 1723 1776 1793 persona
1816 1698 1905 1764 ibi
1950 1716 2094 1764 esse
2125 1701 2271 1783 pot·

725 1826 853 1886 est.

810 1925 876 1991 3.
922 1921 1117 1998 item,
1156 1919 1232 1986 Id
1272 1916 1459 2010 quod
1497 1923 1601 1984 est
1648 1913 1965 1981 maximae
1995 1908 2276 1976 divisio-

717 2033 826 2101 nis
884 2028 1262 2098 secundum
1321 2034 1665 2104 naturam,
1730 2020 2025 2088 maxime
2084 2037 2275 2105 repu-

723 2146 890 2229 gnat
930 2135 1172 2202 unitati
1211 2131 1735 2221 simplicissimae
1767 2150 1783 2194 :
1821 2125 1938 2194 sed
1993 2142 2278 2214 persona

724 2254 828 2315 est
867 2244 1184 2312 maximae
1226 2239 1583 2309 divisionis
1654 2232 2028 2304 secundum
2079 2237 2279 2298 natu-

725 2379 874 2424 ram
908 2379 922 2422 :
952 2378 1113 2445 ergo
1136 2351 1487 2443 pluralitas
1508 2368 1955 2441 personarum
1986 2341 2278 2412 maxime

726 2473 1063 2554 repugnat
1136 2460 1377 2527 unitati
1450 2455 2000 2546 simplicissimae.
2063 2449 2281 2516 Pania

727 2577 1022 2639 constat.
1059 2566 1376 2634 Saeuam
1417 2561 1747 2654 probatur
1774 2581 1895 2650 per
1923 2557 2055 2625 hoc
2103 2553 2285 2645 quod

726 2678 799 2744 in
832 2682 1077 2742 natura
1107 2695 1247 2740 non
1283 2679 1386 2739 est
1427 2669 1561 2737 nisi
1601 2665 1906 2759 potentia
1952 2672 2020 2733 et
2070 2667 2280 2736 actus,

731 2793 800 2855 et
837 2783 1298 2874 compositum
1344 2802 1432 2848 ex
1470 2786 1761 2869 utroque
1795 2796 1812 2846 ε
1873 2790 2024 2866 quae
2061 2778 2287 2839 autem

734 2894 805 2961 in
850 2892 1155 2983 potentia
1217 2887 1414 2980 plura
1471 2893 1655 2964 sunt,
1710 2906 1851 2952 non
1906 2887 2064 2950 sunt
2102 2877 2291 2970 plura

732 3001 861 3068 nisi
904 2997 1279 3067 secundum
1312 2992 1521 3086 quid:
1565 2992 1683 3061 sed
1711 2991 1933 3060 forma
1958 2990 2024 3056 in
2059 2985 2289 3055 eadem

739 3116 984 3176 natura
1023 3105 1397 3175 secundum
1432 3104 1768 3171 rationem
1800 3096 1887 3167 ad
1926 3096 2152 3165 miuus
2196 3084 2296 3160 est

738 3239 923 3285 una:
988 3213 1451 3305 compositum
1509 3218 1737 3279 autem
1795 3231 1836 3276 a
1920 3203 2295 3295 composito

744 3323 972 3391 ditl'ert
998 3344 1114 3413 per
1134 3320 1426 3389 formam
1449 3315 1831 3385 naturalem
1854 3322 1922 3382 et
1944 3310 2295 3380 materiam

744 3429 1128 3500 naturalem
1155 3450 1170 3495 :
1207 3450 1372 3519 ergo
1395 3434 1684 3515 utraque
1706 3421 2032 3491 dividitur
2057 3417 2140 3486 ab
2171 3437 2292 3484 eo:

748 3560 916 3630 ergo
965 3534 1321 3628 pluralitas
1373 3531 1557 3601 illius
1613 3531 1914 3600 maxime
1973 3530 2300 3618 repugnat

742 3648 986 3739 primae
1027 3643 1469 3736 simplicitati.

838 3756 900 3822 t.
946 3754 1146 3835 Item,
1193 3751 1325 3820 l‘er
1372 3774 1444 3818 se
1485 3771 1699 3816 unum
1734 3770 1869 3815 non
1909 3753 2010 3813 est
2048 3742 2132 3810 ab
2168 3741 2300 3808 alio

742 3863 1139 3931 distinctum
1211 3859 1267 3925 si
1328 3880 1467 3926 non
1526 3855 1732 3924 babet
1801 3851 2299 3921 distinctionem

747 3969 1145 4038 substantiae
1180 3991 1218 4033 a
1252 3988 1390 4057 qua
1418 3974 1521 4032 est
1558 3963 1786 4031 omnis
1806 3982 2129 4029 numerus
2149 3980 2304 4048 per-

747 4100 1074 4145 sonarum
1103 4099 1118 4144 :
1146 4073 1531 4142 substantia
1552 4079 1779 4139 autem
1806 4072 1875 4138 in
1897 4069 2145 4137 divinis
2166 4088 2303 4133 non

748 4194 1190 4253 numeratur:
1225 4204 1391 4272 ergo
1450 4202 1587 4247 non
1627 4177 1923 4246 admittit
1973 4197 2304 4267 persona-

750 4316 902 4359 rum
977 4290 1485 4381 pluralitatem:
1549 4308 1714 4377 ergo
1774 4286 1842 4353 in
1919 4282 2166 4350 divinis
2221 4280 2303 4348 ad

751 4404 984 4470 minus
1018 4423 1155 4467 non
1204 4406 1302 4465 est
1347 4396 1478 4466 hoc
1536 4396 1741 4464 modo
1795 4416 2109 4486 persona,
2171 4415 2304 4483 quo

753 4512 1076 4603 ponimus
1119 4510 1207 4578 ibi
1242 4530 1594 4599 personas,

842 4620 908 4685 5.
949 4616 1143 4694 ltem,
1180 4615 1326 4684 lloc
1347 4613 1619 4681 videtur
1638 4634 1759 4704 per
1778 4607 2232 4699 Augustinum
2256 4607 2301 4687 ¹,

754 4736 820 4794 et
859 4727 1136 4817 ponitur
1172 4722 1284 4791 hie
1314 4725 1383 4790 in
1422 4723 1711 4800 Littera,
1745 4718 1861 4786 ubi
1892 4715 2076 4793 dicit,
2127 4711 2303 4805 quod

755 4856 896 4902 non
949 4832 1099 4899 ideo
1159 4830 1282 4899 ruit
1343 4849 1747 4919 responsum
1805 4834 1941 4892 tres
2001 4843 2303 4912 persona·

754 4939 1095 5009 liaereticis
1126 4934 1589 5028 quaerentibus
1628 4931 1791 5026 quid
1828 4941 1991 5015 tres,
2025 4938 2099 4996 ut
2145 4925 2303 4994 illud

758 5047 1144 5116 diceretur:
1188 5045 1309 5115 sed
1356 5068 1439 5114 ne
1478 5050 1867 5112 taceretur:
1901 5062 2062 5129 ergo
2119 5036 2308 5104 vide-

758 5164 900 5235 tur,
936 5154 1116 5244 quod
1161 5174 1453 5244 persona
1493 5172 1634 5218 non
1664 5146 1864 5217 debet
1893 5144 2020 5213 dici
2060 5165 2201 5210 esse
2242 5143 2306 5209 in

766 5264 1042 5332 divinis.

849 5376 914 5440 6.
951 5372 1148 5451 Item,
1177 5369 1546 5438 Anselmus
1569 5369 1637 5436 in
1677 5363 2074 5453 Monoloqio
2105 5384 2169 5429 :c
2195 5361 2310 5428 Li-

835 5618 851 5653 ¹
883 5618 943 5673 S.
974 5618 1349 5682 Aucus-risum
1385 5613 1507 5670 Lib.
1539 5612 1636 5667 Vn
1654 5611 1728 5668 de
1756 5610 2062 5679 Trinitate,
2092 5625 2219 5682 cap.
2252 5611 2304 5663 6.

839 5706 861 5743 ²
892 5707 950 5767 S.
983 5708 1300 5774 Austucs,
1330 5705 1399 5761 ln
1429 5702 1778 5776 monologio,
1800 5717 1930 5775 cap.
1961 5699 2304 5773 penultimo.

1713 348 1798 414 D.
1849 342 2049 411 ALB.
2101 334 2314 405 MAG.

2368 331 2573 400 ORD.
2624 328 2919 396 PRAED.

2375 509 2480 570 eet
2530 509 2807 592 possum
2891 482 3137 566 dicere*
3181 497 3581 564 Trinitatem
3641 502 3915 583 propter

2373 608 2643 675 Patrem
2692 614 2757 674 et
2812 605 3059 672 Filium
3113 611 3179 672 et
3220 602 3551 693 Spiritum
3602 607 3911 668 sanctum

2375 718 2676 807 quisunt
2720 724 2879 796 treS,
2943 738 3084 783 non
3140 721 3371 780 tamen
3425 733 3705 802 possum
3751 731 3914 799 pro-

2374 827 2544 891 ferre
2573 846 2709 891 uno
2758 824 3034 890 nomine
3071 831 3347 911 propter
3394 819 3560 910 quid
3601 825 3760 895 treS,
3801 838 3917 883 ve-

2374 931 2475 998 lut
2528 932 2581 998 si
2641 929 2954 1005 dicerem,
3018 938 3296 1018 propter
3352 935 3486 994 tres
3544 946 3907 1016 personas:

2375 1042 2547 1108 sicut
2610 1039 2897 1106 dicerem
2957 1037 3287 1103 unitatem
3368 1042 3644 1126 propter
3705 1054 3914 1099 unam

2375 1148 2872 1215 substantiam:
2931 1167 3072 1213 non
3146 1144 3326 1211 enim
3391 1141 3707 1231 putandae
3762 1147 3920 1206 sunt

2375 1266 2511 1322 tres
2550 1276 2875 1344 personae,
2938 1253 3098 1343 quia
3154 1273 3392 1318 omnes
3449 1271 3759 1339 personae
3824 1249 3920 1314 sic

2376 1362 2750 1430 subsistunt
2787 1368 3111 1451 separatae
3165 1358 3249 1425 ab
3307 1359 3626 1435 invicem,
3687 1364 3764 1423 ut
3820 1362 3921 1422 tot

2377 1473 2463 1539 sit
2501 1493 2767 1539 neeesse
2823 1492 2968 1538 esse
3032 1468 3471 1544 substantiam,
3544 1471 3711 1555 quot
3763 1467 3921 1530 s'unt

2380 1602 2681 1670 personoe
2709 1587 2755 1645 ².
2794 1603 2827 1643 »
2860 1576 3055 1656 Item,
3111 1575 3408 1643 ibidem:
3458 1599 3491 1639 α
3525 1573 3604 1639 In
3652 1595 3920 1640 summa

2379 1687 2665 1755 essentia
2702 1685 2875 1752 sicut
2902 1706 3041 1751 non
3067 1690 3227 1750 sunt
3252 1681 3481 1773 plures
3502 1680 3916 1762 substantiae,

2380 1794 2477 1860 sic
2513 1815 2650 1860 non
2672 1799 2827 1860 sunt
2864 1790 3092 1881 plures
3122 1809 3453 1879 personae.
3485 1811 3518 1852 n
3547 1786 3652 1853 Ex
3680 1785 3787 1852 his
3808 1808 3923 1854 ac-

2381 1903 2648 1992 cipitur,
2708 1899 2890 1991 quod
2934 1920 3223 1989 persona
3260 1919 3399 1964 non
3444 1896 3769 1986 competit
3816 1896 3924 1964 di-

2381 2013 2583 2081 vinis.

2475 2117 2607 2186 Sao
2650 2139 2899 2186 comm
2933 2140 2950 2185 :
3591 2185 3600 2192 ,

2479 2229 2538 2294 1.
2568 2224 2938 2293 Richardus
2967 2225 3050 2293 de
3079 2234 3313 2294 sancto
3343 2226 3619 2294 Victore
3646 2226 3716 2292 in
3745 2222 3917 2292 libro

2385 2357 2509 2402 suo
2532 2333 2613 2401 de
2642 2335 2699 2400 Τ
2692 2333 2969 2399 rinitate
2995 2330 3196 2398 dicit:
3227 2360 3261 2397 ι
3280 2332 3623 2400 Timentes
3651 2331 3767 2398 ubi
3788 2353 3921 2398 non

2385 2451 2488 2509 est
2519 2442 2743 2519 timor,
2782 2447 2955 2508 recte
2997 2440 3311 2509 timerent
3338 2463 3664 2531 personas
3693 2461 3930 2507 seeun-

2389 2548 2550 2617 dum
2590 2548 3037 2617 substantiam
3069 2545 3224 2627 dici,
3258 2548 3313 2615 si
3344 2570 3639 2639 persona
3664 2555 3928 2615 tantum

2391 2680 2537 2725 esse
2574 2652 3014 2723 substantiale
3052 2655 3489 2746 signiticaret,
3527 2677 3649 2723 nec
3677 2653 3933 2745 aliquid

2393 2763 2931 2856 consignificaret
2947 2776 2996 2832 ⁸:
3024 2789 3058 2830 ι
3082 2786 3244 2855 ergo
3266 2763 3537 2833 videtur
3565 2761 3751 2855 quod
3779 2786 3937 2854 per-

2396 2897 2565 2943 sona
2602 2873 2688 2940 sit
2726 2874 2794 2940 in
2833 2870 3121 2939 divinis:
3185 2880 3254 2938 et
3302 2871 3486 2963 quod
3524 2872 3639 2962 qui
3698 2871 3939 2938 timent

2399 2984 2643 3064 dicere,
2684 2984 2925 3050 timent
2963 2979 3079 3048 ubi
3130 3003 3268 3049 non
3307 2989 3410 3048 est
3437 2980 3664 3048 timor.

2490 3094 2555 3159 2.
2616 3088 2809 3169 ltem,
2870 3086 2947 3156 ln
2993 3089 3283 3170 Littera,
3336 3086 3695 3166 habemuS,
3759 3085 3942 3178 quod

2401 3201 2913 3273 convenientius
2997 3199 3315 3269 dicuntur
3395 3209 3530 3268 tres
3607 3221 3937 3291 personae,

2403 3333 2557 3380 cum
2597 3308 2939 3400 quaeritur,
2984 3305 3148 3398 quid
3186 3308 3378 3375 tres?
3432 3329 3638 3399 quam
3687 3303 3944 3398 aliquid

2404 3417 2612 3486 aliud.

2494 3528 2558 3594 3.
2593 3523 2789 3604 ltem,
2824 3523 3121 3591 Persona
3152 3522 3311 3592 dicit
3356 3531 3613 3591 naturae
3652 3546 3796 3591 rem
3843 3521 3949 3589 di·

2407 3635 2742 3710 stinctam,
2791 3641 2857 3699 et
2906 3655 3196 3724 persona
3254 3631 3475 3722 magis
3531 3631 3952 3723 significatur

2408 3763 2527 3832 per
2545 3741 2720 3831 quis,
2754 3763 2960 3830 quam
2995 3762 3110 3830 per
3139 3738 3301 3831 quid
3334 3740 3536 3830 :quia
3565 3739 3742 3829 quid
3766 3760 3953 3829 qua:-

2410 3848 2493 3914 rit
2531 3846 2613 3914 de
2657 3854 2895 3914 natura
2952 3845 3365 3931 indistincta,
3398 3846 3553 3937 quis
3598 3852 3826 3913 autem
3866 3843 3949 3912 de

2408 3954 2716 4023 distincta
2750 3977 2766 4022 :
2810 3951 3028 4022 sedin
3068 3952 3319 4021 divinis
3356 3961 3516 4022 sunt
3543 3952 3773 4045 plures
3819 3950 3950 4019 ali-

2410 4063 2523 4154 qui
2564 4062 2855 4130 distincti
2890 4085 2907 4131 :
2941 4084 3106 4154 ergo
3136 4084 3291 4130 cum
3331 4061 3561 4129 divina
3595 4069 3835 4129 natura
3863 4061 3951 4128 sit

2412 4180 2646 4238 natura
2687 4168 3182 4252 intellectualis,
3228 4168 3318 4236 ibi
3367 4176 3526 4236 sunt
3573 4167 3783 4259 aliqui
3841 4168 3952 4236 di-

2410 4280 2631 4346 stincti
2692 4285 2945 4345 natura·
2987 4275 3384 4345 rationalis:
3445 4299 3608 4367 ergo
3664 4298 3704 4343 a
3757 4275 3950 4344 diss'e·

2414 4386 2620 4454 rendo
2660 4395 2816 4454 sunt
2849 4388 2914 4453 in
2945 4386 3192 4455 divinis
3230 4409 3560 4478 personae.

2504 4495 2566 4559 4.
2603 4493 2793 4570 ltem,
2832 4492 3132 4562 Persona
3179 4501 3280 4561 est
3320 4516 3439 4584 per
3475 4516 3548 4562 se
3586 4516 3722 4560 una
3757 4515 3772 4559 ε
3834 4491 3952 4561 sed

2413 4624 2630 4691 perse
2672 4623 2847 4667 unus
2899 4609 2999 4666 est
3076 4599 3304 4679 Pater,
3372 4609 3437 4668 et
3496 4623 3616 4691 per
3651 4622 3723 4667 se
3775 4621 3954 4667 uuus

2417 4709 2648 4787 Filius,
2708 4717 2771 4774 et
2812 4732 2929 4798 per
2964 4730 3037 4775 se
3085 4730 3261 4775 unus
3300 4716 3398 4776 est
3455 4708 3752 4798 Spiritus
3788 4731 3953 4775 san·

2413 4828 2558 4887 ctus
2584 4840 2599 4884 :
2625 4840 2786 4908 ergo
2814 4826 2972 4885 sunt
3003 4815 3092 4885 ibi
3115 4815 3343 4908 plures
3373 4838 3678 4908 personae
3712 4839 3728 4883 :
3763 4840 3953 4908 ergo,

2415 4935 2539 4995 etc.

2504 5036 2565 5102 ὃ.
2606 5031 3184 5117 lten1,llicliardus
3218 5056 3235 5101 :
3263 5058 3297 5099 ι
3321 5033 3591 5124 Triplex
3615 5030 3956 5103 distinctio

2417 5143 2787 5235 personalis
2833 5144 3196 5220 invenitur,
3240 5142 3495 5211 scilicet
3548 5144 3959 5234 proprietate

2416 5252 2584 5328 sola,
2623 5252 2882 5341 origine
2936 5249 3106 5329 sola,
3166 5250 3577 5341 proprietate
3635 5249 3839 5319 simul
3895 5258 3961 5319 et

2417 5361 2702 5452 origine.
2755 5358 2832 5427 ln
2886 5357 3168 5449 Angelis
3227 5359 3636 5450 proprietate
3674 5358 3845 5441 sola,
3888 5360 3955 5426 in

2488 5608 2509 5642 ³
2540 5608 2856 5661 lticnanncs
2884 5616 2951 5657 nn
2976 5601 3034 5658 S.
3070 5599 3334 5673 Vicrons,
3367 5603 3487 5661 Lib.
3534 5604 3609 5663 de
3652 5608 3955 5679 Trinitate,

2416 5714 2545 5770 cap.
2579 5695 2631 5750 4.
3776 5690 3786 5704 ⁵

3355 5772 3389 5793 O

3949 2133 4044 2183 Sed
4057 2134 4237 2179 contra.
