4897 6388
1982 342 2086 446 ΙΝ
2136 342 2164 407 1
2214 336 2923 437 SENTENT.-DIST.
2978 335 3130 432 xls
3154 336 3237 406 E.
4129 333 4255 400 351

1081 1171 1086 1174 ,
1201 1109 1285 1181 Ε.
1330 1100 1929 1179 Auctoritatibus
1997 1101 2443 1178 Graecorum
2508 1102 2840 1176 ostendit
2879 1101 3269 1199 Spiritum
3305 1106 3652 1175 sanctam
3681 1101 4103 1197 procedere

2284 1209 2297 1228 .
2345 1229 2576 1303 etiam
2609 1252 2655 1301 a
2683 1227 2924 1302 Filio.

1143 1772 1363 1849 Unde
1404 1774 1631 1850 etiam
1665 1775 1973 1873 quidam
2021 1797 2288 1849 eorum
2331 1774 2703 1850 Catholici
2752 1775 3151 1868 Doctores,
3208 1773 3728 1870 intelligentes
3774 1796 4005 1849 unam
4057 1796 4261 1850 eam-

1040 1908 1374 2007 demque
1428 1909 1587 1983 fore
1643 1907 2102 1987 sententiam
2147 1907 2693 2008 proedictorum
2741 1907 3188 2003 verborum,
3248 1908 3533 2007 quibus
3587 1909 3870 1984 dicitur
3928 1907 4260 2006 Spiritus

1040 2052 1356 2118 sanctus
1387 2043 1797 2142 procedere
1829 2067 1874 2118 a
1899 2043 2115 2136 Filio,
2152 2053 2228 2119 et
2257 2067 2426 2119 esse
2455 2043 2652 2138 Filii,
2690 2043 3015 2142 professi
3043 2054 3226 2119 sunt
3250 2043 3623 2143 Spiritum
3654 2055 4006 2119 sanctum
4030 2043 4257 2120 etiam

1034 2181 1452 2280 procedere
1493 2204 1537 2255 a
1576 2179 1790 2255 Filio.
1829 2179 2046 2255 Unde
2086 2180 2555 2255 Athanasius
2588 2179 2663 2253 in
2708 2180 3076 2278 Symbolo
3110 2179 3289 2256 fidei
3322 2204 3338 2256 ε
3390 2208 3426 2252 «
3490 2181 3824 2280 Spiritus
3864 2191 4175 2257 sanctus
4213 2209 4259 2260 a

1036 2345 1074 2390 α
1117 2319 1341 2394 Patre
1372 2326 1447 2393 et
1477 2316 1696 2411 Filio,
1740 2340 1894 2391 non
1924 2318 2193 2409 factuS,
2234 2339 2377 2391 nec
2410 2326 2743 2410 creatuS,
2772 2339 2917 2392 nec
2958 2315 3297 2413 genitus,
3334 2317 3471 2392 sed
3504 2317 3958 2417 procedens.
3990 2345 4026 2390 »
4063 2320 4255 2395 Ecce

1037 2453 1411 2554 Spiritum
1453 2462 1802 2528 sanctum
1835 2461 2092 2551 aperte
2124 2451 2313 2526 dixit
2352 2452 2770 2550 procedere
2801 2475 2847 2526 a
2888 2450 3115 2526 Patre
3168 2460 3242 2527 et
3300 2451 3522 2527 Filio.
3588 2452 3967 2551 Didymus
4017 2453 4247 2528 etiam

1033 2613 1305 2665 eorum
1339 2587 1717 2664 maximus
1756 2587 2037 2663 Doctor
2066 2587 2144 2662 in
2180 2587 2372 2662 libro
2408 2587 2473 2661 11
2512 2587 2605 2662 de
2641 2586 2953 2686 Spiritu
2998 2593 3296 2676 sanem,
3344 2586 3718 2687 Spiritum
3789 2598 4142 2663 sanctum
4209 2612 4256 2664 a

1036 2724 1230 2800 Filio
1264 2724 1673 2824 procedere
1696 2723 1922 2799 dicit:
1960 2723 2337 2818 Salvator,
2367 2723 2646 2822 inquit,
2676 2722 2810 2821 qui
2844 2733 2961 2798 est
2992 2722 3309 2818 veritas,
3362 2723 3548 2800 Non
3574 2724 3779 2799 enim
3847 2723 4258 2824 loquetura

1031 2861 1438 2960 semetipso
1472 2867 1519 2955 ¹,
1566 2862 1709 2936 hoc
1738 2869 1877 2955 est,
1921 2883 2076 2935 non
2117 2860 2285 2936 siue
2328 2883 2450 2935 me
2491 2869 2565 2935 et
2595 2859 2762 2934 sine
2798 2882 2969 2934 meo
3001 2868 3077 2935 et
3117 2859 3369 2935 Patris
3409 2860 3755 2955 arbitrio,
3818 2861 4002 2960 quia
4043 2862 4252 2937 inse-

1031 2996 1475 3096 parabiliter
1513 3006 1702 3071 esta
1739 3019 1860 3072 me
1899 3004 1973 3071 et
2012 3020 2057 3071 a
2096 2996 2345 3071 Patris
2385 2997 2780 3070 voluntate
2827 3018 2843 3069 ε
2883 2994 3069 3093 quia
3109 3019 3202 3071 ex
3232 3019 3315 3072 se
3360 3019 3517 3071 non
3558 3005 3695 3082 est,
3728 2997 3861 3072 sed
3895 3021 3987 3072 ex
4021 2998 4247 3073 Patre

1030 3142 1106 3209 et
1146 3155 1268 3209 me
1299 3142 1437 3208 est.
1486 3132 1649 3207 lloc
1689 3130 1893 3207 enim
1929 3131 2186 3231 ipsum
2228 3132 2435 3232 quod
2480 3131 2830 3207 subsistit
2868 3140 2939 3207 et
2968 3131 3338 3231 loquitur,
3375 3157 3420 3207 a
3453 3133 3679 3209 Patre
3721 3142 3793 3208 et
3836 3158 3880 3209 a
3950 3158 4069 3210 me
4139 3134 4249 3209 illi

1035 3280 1177 3346 est.
1239 3270 1455 3360 ltem,
1500 3268 1830 3368 Spiritus
1877 3279 2192 3345 sanctus
2231 3269 2362 3368 qui
2406 3278 2523 3346 est
2551 3269 2871 3368 spiritus
2902 3268 3275 3356 veritatiS,
3306 3270 3781 3369 spiritusque
3816 3270 4246 3370 sapientia),

1035 3427 1189 3479 non
1235 3412 1485 3503 potest
1521 3403 1785 3479 audire
1825 3403 2090 3479 aFilio
2135 3405 2495 3502 loquente
2555 3428 2734 3501 quae
2788 3402 3061 3498 nescit,
3117 3427 3296 3478 cum
3360 3405 3503 3479 hoc
3558 3405 3809 3503 ipsum
3880 3404 3976 3479 sit
4044 3405 4250 3502 quod

1033 3543 1420 3643 profertur
1446 3566 1492 3617 a
1531 3541 1749 3636 Filio,
1786 3542 1858 3616 id
1899 3552 2040 3638 est,
2078 3542 2505 3642 procedens
2547 3542 2756 3617 neus
2798 3542 2892 3617 de
2938 3541 3126 3636 Dee,
3192 3540 3526 3640 Spiritus
3569 3541 3911 3617 veritatis
3974 3568 4250 3642 proce-

1029 3680 1224 3756 dens
1253 3705 1299 3754 a
1336 3680 1681 3774 veritate,
1713 3680 2148 3755 consolator
2187 3703 2514 3754 manans
2544 3704 2636 3756 ex
2668 3678 3226 3754 consolatione.
3300 3678 3496 3754 Nam
3538 3679 3873 3777 Cyrillus
3938 3679 4240 3778 Episco-

1028 3840 1177 3915 pus
1220 3816 1298 3888 in
1335 3815 1672 3914 Epistola
1699 3813 2051 3890 Nestorio
2083 3815 2398 3910 directa,
2434 3815 2584 3890 ait:
2623 3814 2961 3913 Spiritus
2988 3814 3447 3912 intelligitur
3480 3839 3619 3914 pro
3663 3817 3787 3890 ’se
3820 3815 4249 3890 secundum

1031 3950 1241 4049 quod
1282 3949 1615 4049 Spiritus
1652 3959 1792 4044 est,
1828 3960 1901 4025 et
1944 3974 2096 4025 non
2132 3950 2372 4025 Filius
2416 3974 2432 4025 t
2482 3950 2614 4025 sed
2653 3960 2909 4026 tamen
2944 3974 3094 4024 non
3129 3959 3245 4025 est
3275 3949 3579 4025 alienus
3621 3949 3861 4024 abeo.
3913 3950 4249 4048 Spiritus

1034 4082 1246 4159 enim
1286 4082 1632 4158 veritatis
1664 4083 2132 4178 nominatur,
2169 4094 2243 4160 et
2285 4083 2592 4184 prulluit
2630 4084 2726 4158 ab
2767 4107 2861 4159 eo
2901 4083 3104 4159 sicut
3143 4108 3236 4160 ex
3291 4084 3453 4159 Deo
3525 4084 3749 4158 Putre
3791 4081 3838 4156 ⁸.
3910 4084 4253 4160 summes

1028 4241 1343 4317 quoque
1383 4218 1975 4315 chrysostomus
2009 4217 2083 4292 in
2120 4218 2457 4294 llomilia
2498 4219 2831 4317 quadam
2877 4219 2971 4294 ‹le
3023 4218 3505 4319 expositione
3547 4219 3876 4317 symludi
3923 4219 4031 4293 sir
4090 4220 4190 4294 ait
4231 4246 4246 4295 ε

1030 4355 1178 4429 Iste
1222 4362 1337 4430 est
1375 4353 1690 4452 spiritus
1721 4354 2141 4453 procedens
2182 4354 2276 4429 de
2331 4355 2557 4430 Patre
2598 4364 2673 4429 et
2706 4354 2928 4448 Filio,
2965 4353 3099 4452 qui
3144 4353 3414 4427 dividit
3448 4353 3651 4428 dona
3686 4355 3997 4453 propriu
4025 4368 4252 4454 prout

1029 4486 1224 4560 vult.
1264 4485 1501 4577 Idem,
1539 4485 1613 4558 in
1658 4485 1806 4561 alia
1847 4485 2180 4560 Humilia
2217 4509 2232 4560 :
2280 4486 2769 4563 Credendum
2812 4496 2928 4561 est
2970 4483 3345 4584 Spiritum
3380 4496 3735 4561 sanctum
3771 4487 4021 4561 Patris
4068 4511 4236 4564 esse

1028 4628 1102 4694 et
1133 4618 1332 4695 Filii.
1380 4619 1618 4693 istum
1651 4618 2019 4718 Spiritum
2060 4629 2414 4696 sanctum
2448 4620 2779 4696 dicimus
2822 4620 3030 4695 l‘atri
3066 4630 3141 4697 et
3183 4620 3376 4696 Filio
3420 4622 3931 4719 comquulmn,
3980 4645 4251 4721 proce-

1028 4754 1338 4830 dentem
1373 4754 1463 4830 de
1500 4755 1720 4830 l’atre
1761 4764 1833 4831 et
1874 4755 2089 4831 Filio.
2138 4755 2300 4831 lloc
2333 4756 2646 4852 credite,
2687 4780 2779 4832 ne
2811 4757 3202 4856 colloquia
3229 4759 3427 4832 mala
3459 4766 3963 4857 corrumpant
4005 4756 4251 4832 bonos

1027 4910 1280 4963 mores
1307 4886 1353 4960 ⁸.
1402 4890 1594 4964 Ecce
1635 4912 1681 4964 a
1720 4888 2177 4965 Doctorihus
2217 4894 2665 4966 (irrecorum
2700 4900 2967 4989 aperta
3010 4891 3393 4990 habemus
3447 4890 3918 4985 testimonia,
3965 4890 4250 4988 quihus

1024 5022 1358 5120 Spiritus
1398 5033 1708 5099 sanctus
1748 5048 1793 5099 a
1835 5024 2056 5101 Patre
2079 5035 2153 5101 et
2195 5024 2383 5100 Filio
2424 5025 2842 5125 procedere
2876 5025 3336 5102 ostenditur.
3375 5026 3647 5102 Omnis
3717 5048 3901 5121 ergo
3971 5025 4238 5122 lingua

1026 5157 1488 5234 confiteatur
1527 5159 1894 5258 Spiritum
1936 5171 2286 5236 sanctum
2330 5162 2745 5260 procedere
2774 5185 2821 5236 a
2853 5162 3080 5238 Patre
3120 5171 3195 5238 et
3229 5162 3449 5237 Filio.

1025 5446 1044 5482 ¹
1134 5450 1305 5506 Joan.
1341 5467 1454 5519 xw,
1494 5447 1578 5506 13.

1103 5537 1127 5573 ²
1155 5539 1310 5597 Edit.
1332 5543 1574 5599 loannis
1597 5544 1898 5601 Alleaume
1925 5542 2105 5600 habet
2125 5559 2249 5615 per.

1099 5628 1124 5666 ³
1154 5629 1177 5687 1
1209 5631 1284 5687 ad
1315 5632 1579 5692 Corinth.
1613 5653 1715 5704 κη,
1747 5634 1986 5709 passim.

1096 5720 1123 5756 ⁴
1149 5721 1171 5778 1
1204 5722 1279 5778 ad
1310 5724 1570 5783 Corinth.
1607 5744 1697 5794 xv,
1729 5728 1794 5781 23
1830 5726 2042 5783 :Nolite
2067 5725 2252 5782 seduci
2277 5741 2291 5780 ε
2316 5724 2689 5798 Corrumpunt
2719 5742 2894 5783 mores
2922 5724 3087 5782 bonos
3116 5726 3392 5798 colloquia
3424 5728 3593 5786 mala.
