4897 6388
587 333 627 397 2
677 325 737 395 4³
1386 359 1396 371 ·
1548 329 1652 398 -ο,
1704 328 1902 399 ALB.
1956 328 2171 400 MAG.
2228 328 2434 401 om).
2488 288 2785 400 PRAED.

323 520 403 580 gd
430 533 480 598 ³2
509 483 570 562 Τ
611 502 622 538 ·'
655 499 780 566 *An
815 506 1014 594 amun
1037 505 1225 594 Patet
1253 499 1516 594 'solutio
1548 525 1669 592 per
1697 503 1873 572 dicta
1908 525 1924 572 t
1963 503 2128 594 q'uia
2322 502 2426 569 An
2466 525 2590 571 noc
2628 488 2855 573 autem
2885 495 3073 597 quod
3111 512 3462 600 quaeritur‚
3488 489 3917 593 Qualiter-'aa
3944 510 4118 602 qumi.
4170 549 4183 558 ·
4233 534 4237 538 ’

589 606 883 710 Basilius
909 608 1215 700 loquitur
1242 608 1323 676 de
1368 610 1739 701 indigentia
1795 612 2129 681 sermonis
2237 610 2661 702 loquuntur?
2690 613 2855 681 Dico
2888 635 3047 682 cum
3079 614 3324 686 Glossa
3376 620 3562 710 quod
3609 621 3793 688 nuti-

592 717 706 809 qui
746 725 944 786 sonat
971 720 1042 786 in
1075 741 1252 787 aere.
2239 716 2365 785 bus
2403 726 2469 785 et
2498 719 2708 809 signis
2737 726 2854 786 :⁴et
2880 731 3095 789 nutus
3141 732 3427 792 vocatur
3474 724 3568 792 ibi
3626 726 3793 794 ordo

317 867 388 914 Ad
413 869 459 920 4⁰
678 824 784 891 An
829 847 1026 894 Anum
1050 825 1453 918 dicendum,
1512 827 1695 917 quod
1721 827 1961 896 Glossa
2018 828 2133 897 illa
2240 832 2306 892 et
2397 826 2747 893 conversio
2809 825 2894 894 ad
2963 827 3256 897 alterum
3333 854 3489 900 cum
3555 832 3800 901 volun·
3918 880 3924 886 -
3982 861 3991 870 ⁷

589 930 892 1022 loquitur
948 932 1028 1000 de
1085 934 1303 1001 causis
1371 933 1957 1002 condemnationis
2022 932 2133 1002 vel
2241 938 2379 999 tate
2453 933 2944 1013 innotescendi,
3019 942 3088 1004 e‘t
3144 959 3303 1005 cum
3381 939 3801 1007 determina-

591 1037 986 1106 salvationis
1031 1062 1047 1108 ε
1082 1039 1244 1130 quia
1277 1038 1424 1106 illas
1457 1039 1741 1130 quilibet
1778 1040 2036 1109 videbit
2062 1040 2134 1107 in
2241 1040 2427 1107 tione
2467 1040 2929 1110 similitudinis
2954 1065 3179 1134 ‚quam
3217 1043 3426 1113 habet
3491 1048 3674 1137 apud
3729 1069 3800 1114 se

592 1144 751 1226 alio,
784 1154 859 1214 ut
876 1148 1127 1236 justior
1148 1155 1467 1238 appareat
1498 1147 1973 1218 condemnatio
1997 1171 2139 1216 ma·
2244 1147 2328 1215 ad
2401 1169 2569 1215 rem.
2613 1148 2912 1238 Siqnum
2971 1159 3203 1219 autem
3264 1159 3555 1223 vocatur
3582 1141 3813 1223 forma

589 1254 814 1323 lorum
843 1263 911 1340 et
975 1255 1261 1325 salvatio
1314 1256 1713 1330 beatorum:
1743 1258 1861 1327 sed
1907 1267 2138 1325 tamen
2245 1277 2394 1346 quae
2426 1254 2623 1322 estin
2672 1255 2967 1348 Angelo,
3027 1281 3183 1349 quae
3257 1267 3359 1329 est
3415 1263 3691 1352 signum
3740 1269 3806 1330 et

592 1377 678 1432 ex
704 1362 1024 1453 hoc-non
1084 1371 1475 1432 removetur
1531 1365 1697 1455 quin
1753 1361 2138 1434 adhuc'ne-
2244 1361 2616 1430 similitudo
2658 1365 2778 1441 rei,
2841 1387 2922 1433 eo
2964 1365 3152 1456 quod
3201 1367 3656 1462 intelligentia
3703 1377 3805 1438 est

593 1471 917 1540 c‘esssaria
944 1473 1033 1541 sit
1057 1472 1311 1541 locutio
1364 1480 1430 1540 et
1473 1471 1671 1541 bonis
1701 1481 1768 1542 et
1797 1473 2019 1553 maliS,
2055 1470 2139 1540 ad
2245 1470 2450 1561 plena
2475 1470 2710 1539 formis
2750 1494 2789 1540 a
2826 1474 3173 1544 creatione
3205 1478 3336 1555 sui,
3374 1500 3525 1568 quae
3563 1478 3803 1546 formae

594 1581 959 1674 conceptus
1015 1580 1170 1652 illos
1211 1583 1327 1673 qui
1382 1582 1671 1652 subsunt
1706 1583 1920 1653 libero
1953 1581 2142 1652 arbi·
2246 1588 2406 1648 sunt
2470 1602 2696 1648 rerum
2772 1581 3256 1653 similitudines
3332 1607 3474 1654 non
3531 1586 3806 1677 quidem

594 1691 725 1759 trio
765 1690 957 1759 alteri
988 1690 1511 1783 depromendos,
1719 1687 1724 1707 i
2249 1694 2539 1778 acceptae
2563 1711 2603 1755 a
2641 1687 2868 1770 rebuS,
2892 1691 3012 1758 sed
3042 1711 3081 1759 a
3111 1687 3505 1763 creatione:
3552 1703 3619 1763 et
3650 1705 3810 1763 sunt

329 1844 402 1892 Ad
430 1846 475 1893 5·
633 1809 644 1816 ’
685 1800 791 1867 An
838 1796 1034 1869 Auno
1064 1798 1451 1878 dicendum,
1484 1799 1668 1890 quod
1698 1801 2143 1892 cogitationes
2251 1795 2726 1865 similitudines
2777 1800 2989 1866 totius
3085 1792 3382 1869 ordinis'
3449 1826 3809 1872 causarum

597 1906 932 1976 volubiles
1004 1905 1431 2000 appellantur
1495 1902 1939 1999 cogitationes
2003 1907 2146 1975 dis-
2250 1903 2736 1972 universalium
2815 1904 2925 1975 vel
2981 1903 3496 1998 particularium
3534 1895 3648 1979 ‘ad
3705 1903 3811 1979 res

598 2024 941 2086 currentes
970 2016 1056 2085 ab
1085 2016 1494 2086 'obscuritate
1532 2017 1800 2109 vestigii
1831 2017 1940 2084 vel
1969 2017 2147 2084 ima·
2250 2012 2484 2093 factas,
2528 2036 2679 2105 quae
2739 2023 2923 2101 sunt,
2986 2025 3055 2086 et
3100 2015 3187 2085 ad
3223 2016 3486 2087 futuras
3513 2037 3529 2089 ε
3558 2026 3632 2088 εἰ
3680 2007 3811 2087 ¹sub

596 2126 777 2218 ginis
813 2124 924 2195 vel
981 2119 1366 2218 aenigmatis
1411 2132 1478 2193 et
1533 2124 2010 2216 speculi'fidei‚
2060 2122 2147 2191 ad
2253 2122 2521 2192 illarum
2552 2123 3122 2196 determinatione
3151 2126 3239 2196 ad
3277 2125 3457 2199 hanc
3511 2152 3656 2220 rem
3703 2127 3813 2198 vel

597 2233 1062 2327 cognitionem
1093 2234 1223 2304 Dei
1253 2232 1667 2311 habendam,
1703 2256 1854 2327 quae
1882 2232 1995 2302 hic
2037 2232 2149 2301 in·
2253 2230 2442 2299 illam
2478 2230 2725 2322 Angeli
2763 2235 3159 2324 exprimunt
3198 2231 3534 2327 quidquid
3570 2234 3827 2305 volunt

566 2333 830 2439 *cipit'a
863 2344 1227 2424 creaturis.
1275 2340 1622 2412 Sed'tunc
1665 2365 1804 2412 nou
1844 2342 1969 2411 erit
1999 2343 2092 2410 ita
2127 2365 2143 2411 ε
2253 2336 2468 2429 loqui.
2711 2357 2717 2362 ·
3530 2329 3537 2340 ’
3630 2351 3634 2357 ’

601 2450 929 2543 quoniam
974 2451 1191 2521 Deum
1231 2451 1302 2518 in
1341 2471 1413 2519 se
1459 2449 1867 2532 videbimus,
1925 2459 1989 2520 et
2020 2450 2150 2518 alia
2344 2446 2447 2515 An
2495 2469 2559 2515 m
2588 2454 2818 2516 autem
2845 2448 3032 2541 quod
3061 2448 3301 2520 contra
3331 2450 3673 2542 objicitur,
3716 2451 3814 2520 di-

602 2558 915 2627 ordiuata
943 2558 1028 2628 ad
1082 2557 1575 2628 beatitudinem
1615 2557 1687 2627 in
1715 2558 1860 2628 Deo
1892 2556 2096 2628 simul
2128 2578 2144 2625 ε
2257 2554 2545 2625 cendum
2578 2555 2762 2647 quod
2790 2564 2999 2625 nutus
3040 2555 3155 2627 hic
3201 2567 3304 2627 est
3366 2557 3815 2653 intelligibilis

607 2655 766 2757 quia
804 2666 898 2734 ibi
956 2674 1117 2735 suut
1174 2663 1407 2750 simul,
1459 2666 1574 2733 ubi
1636 2674 1794 2735 sunt
1820 2673 1897 2734 ut
1934 2688 2151 2734 unum
2258 2664 2775 2746 demonstratio,
2811 2663 2898 2734 ad
2918 2689 3129 2758 quam
3149 2666 3584 2736 suflicitordo
3614 2669 3817 2736 unius

379 2841 391 2857 ,
507 2815 511 2820 ·
604 2773 918 2865 simplex,
954 2773 1136 2866 quod
1170 2780 1272 2842 est
1297 2794 1498 2841 causa
1537 2781 1604 2841 et
1634 2772 1781 2843 idea
1811 2773 2147 2843 omnium.
2258 2773 2341 2842 ad
2381 2772 2666 2841 alterum
2708 2796 2865 2841 cum
2910 2773 3272 2844 voluntate
3320 2775 3814 2847 innotescendi.

609 2879 747 2950 Sed
808 2887 1038 2950 tamen
1112 2888 1392 2973 propter
1439 2879 1623 2949 illam
1692 2882 2152 2974 cognitionem
2347 2881 2452 2949 An
2489 2903 2686 2949 amen
2747 2880 3139 2962 dicendum,
3174 2881 3363 2975 quod
3399 2883 3675 2977 signum
3719 2890 3824 2954 est
3868 2925 4003 2973 ΜΗ,
4032 2922 4149 2972 ,η

606 3010 747 3058 non
806 2996 1195 3058 removetur
1251 2986 1367 3056 illa
1440 3010 1646 3079 quam
1676 2986 1884 3059 habet
1938 3009 2158 3057 unus-
2261 2995 2595 3065 anatura,
2630 2986 2747 3055 sed
2803 2986 3283 3058 determinatio
3335 2996 3440 3059 est
3493 2989 3576 3058 ad
3622 2989 3827 3082 placi·

611 3097 899 3189 quisque
944 3094 1027 3165 de
1056 3105 1390 3187 conceptu
1420 3095 1641 3165 cordis
1672 3099 1775 3165 sui
1813 3119 1829 3164 :
1874 3103 1940 3166 et
1969 3093 2156 3164 illam
2263 3106 2407 3166 tum
2452 3094 2739 3186 Angeli:
2775 3103 2843 3164 et
2901 3094 3058 3164 ideo
3126 3119 3268 3166 non
3327 3098 3625 3189 exigitur
3684 3096 3828 3166 dis-

612 3226 754 3275 non
789 3204 1084 3276 ostendit
1138 3204 1453 3286 verbum,
1506 3227 1588 3274 eo
1646 3205 1832 3298 quod
1887 3228 2026 3274 non
2057 3209 2159 3274 est
2262 3203 2511 3297 ciplina
2550 3202 2898 3273 idiomatis
2934 3230 2950 3274 ε
2986 3213 3053 3273 et
3110 3214 3213 3275 est
3269 3205 3588 3276 similiter
3652 3207 3826 3277 sicut

614 3310 1008 3381 beatificans
1039 3338 1056 3381 ε
1089 3312 1208 3382 sed
1237 3312 1532 3403 exigitur
1569 3312 1655 3381 ad
1692 3334 1844 3382 eam
1873 3310 2154 3382 locutio.
2264 3314 2318 3383 si
2375 3334 2504 3405 ego
2562 3310 2857 3380 habeam
2924 3311 3456 3383 similitudinem
3524 3311 3826 3385 bominis

706 3417 813 3487 An
877 3441 1072 3488 aum)
1142 3417 1533 3499 dicendum,
1604 3418 1785 3511 quod
1862 3419 2162 3510 loquitur
2266 3419 2446 3514 apud
2476 3443 2611 3504 me,
2644 3427 2711 3488 et
2748 3417 2935 3489 illam
2978 3443 3102 3514 per
3165 3421 3592 3491 voluntatem
3659 3444 3826 3491 con-

621 3527 987 3618 Gregorius
1017 3525 1100 3597 de
1131 3526 1694 3596 substantialibus
1733 3524 2157 3606 beatitudini,
2265 3536 2456 3598 verto
2495 3526 2582 3597 ad
2626 3526 3151 3619 exprimendum
3192 3537 3260 3597 et
3302 3528 3825 3622 significandum

618 3640 688 3703 et
721 3655 862 3703 non
891 3633 974 3703 de
1020 3633 1194 3703 aliis.
1227 3632 1353 3701 Vel
1402 3633 1689 3719 dicatur,
1734 3635 1915 3726 quod
1944 3632 2165 3725 loqui·
2267 3635 2461 3706 illum
2496 3632 2875 3704 velillum:
2907 3644 2976 3705 et
3030 3658 3399 3729 ponamuS,
3460 3635 3646 3730 quod
3674 3635 3829 3727 ‚hoc

619 3752 730 3813 tur
756 3741 838 3812 de
867 3742 1269 3812 sufficientia
1319 3742 1631 3833 subjecti,
1662 3765 1799 3812 non
1830 3741 1913 3811 de
1952 3744 2167 3811 scien·
2266 3742 2554 3813 sufficiat
2575 3741 2909 3812 locutioni
2942 3742 3029 3812 ad
3058 3752 3126 3813 te
3162 3766 3179 3812 ε
3215 3752 3402 3839 patet
3430 3746 3613 3813 enim
3638 3753 3824 3826 tunc,

621 3852 717 3919 tia
765 3850 1139 3919 secundum
1207 3858 1432 3919 actum
1508 3873 1525 3914 ε
1568 3849 1699 3920 hoc
1756 3858 1857 3919 est
1914 3849 2161 3935 dicere,
2271 3851 2453 3944 quod
2483 3859 2799 3920 tuncnon
2839 3851 3226 3945 susciperes
3281 3850 3542 3945 aliquid
3580 3876 3621 3920 a
3667 3875 3822 3922 me:

623 3957 804 4052 quod
835 3957 1017 4027 Deus
1046 3959 1117 4027 in
1156 3980 1296 4051 quo
1325 3956 1538 4027 videri
1561 3957 1972 4027 sufficienter
2002 3979 2168 4050 pos·
2269 3959 2386 4029 sed
2432 3958 2949 4029 determinando
2992 3958 3515 4029 similitudinem
3559 3969 3829 4029 natura·

623 4072 781 4135 sunt
809 4068 1042 4135 omnia
1073 4067 1221 4134 sine
1262 4063 1515 4148 medio,
1557 4064 1874 4155 objicitur
1910 4065 2009 4134 eis
2041 4088 2059 4134 τ
2101 4070 2166 4134 et
2269 4070 2403 4140 lem
2446 4070 2567 4151 rei,
2600 4067 2683 4138 ad
2722 4069 2855 4138 hoc
2897 4073 3426 4163 restringeretur
3463 4071 3586 4140 tibi
3634 4093 3823 4140 com-

625 4170 850 4265 quoad
881 4170 1012 4242 hoc
1052 4171 1223 4241 nihil
1255 4179 1355 4239 est
1386 4168 1570 4262 quod
1600 4192 1738 4240 non
1775 4169 2167 4256 videant,id
2274 4178 2570 4247 munitas
2600 4175 3068 4247 similitudinis
3105 4177 3410 4248 hominis
3444 4200 3460 4247 ε
3506 4181 3677 4249 utin
3718 4178 3833 4248 illa

625 4289 752 4364 est,
808 4281 1040 4350 videre
1084 4281 1352 4373 possint
1394 4303 1412 4348 ε
1447 4302 1585 4348 non
1622 4288 1852 4349 tamen
1908 4288 2008 4349 est
2045 4303 2170 4349 vc·
2275 4309 2481 4377 quam
2520 4283 2728 4353 habes
2767 4283 2946 4377 apud
2986 4294 3083 4369 te,
3127 4285 3544 4378 intelligeres
3582 4310 3834 4355 conce-

629 4413 806 4472 rum,
856 4387 1041 4481 quod
1108 4411 1349 4457 omnes
1407 4387 2035 4457 actualiter.omnia
2072 4390 2172 4456 vi·
2275 4404 2466 4485 ptum
2499 4415 2773 4461 meum:
2818 4400 2886 4461 et
2922 4391 3055 4461 hoc
3113 4403 3317 4461 vocat
3369 4392 3833 4464 Damascenus

628 4498 832 4569 deant
853 4499 923 4567 in
952 4521 1038 4568 eo
1064 4499 1264 4591 :quia
1284 4498 1428 4587 jam
1450 4494 1732 4587 quilibet
1760 4504 1864 4566 tot
1891 4495 2170 4566 haberet
2277 4498 2537 4567 tradere
2576 4497 2702 4565 sibi
2743 4497 3258 4591 intellligentias
3288 4497 3435 4567 sine
3466 4522 3634 4569 voce
3673 4525 3832 4593 pro·

631 4611 702 4677 in
751 4629 832 4677 eo
868 4610 1017 4676 visa
1072 4615 1140 4676 et
1203 4604 1398 4684 scita,
1450 4610 1618 4694 quot
1655 4601 1823 4672 alter
1874 4626 1893 4671 ε
1953 4614 2020 4674 et
2075 4604 2173 4672 sic
2279 4603 2414 4673 lato
2455 4628 2792 4674 sermone.

628 4715 923 4808 aequales
964 4723 1190 4784 essent
1229 4713 1302 4781 in
1334 4733 1618 4780 numero
1640 4713 1987 4783 scitorum.

357 4884 437 4932 Μ
464 4883 490 4929 ²
719 4825 825 4893 An
860 4846 1058 4893 Auno
1104 4819 1493 4898 dicendum,
1537 4819 1720 4911 quod
1748 4821 2174 4914 Augustinus
2370 4820 2767 4888 Samarium
2795 4818 3153 4911 objicitur:
3199 4822 3361 4913 quia
3383 4844 3657 4893 necesse
3704 4834 3831 4910 est,
3915 4859 4146 4920 θυμω,

491 4914 507 4931 ’
631 4958 771 5006 non
798 4934 1105 5027 loquitur
1131 4932 1213 5002 de
1251 4929 1540 5023 cognitis
1597 4953 1745 5022 quae
1772 4931 2060 5001 subsunt
2088 4932 2178 5000 li-
2279 4927 2463 5020 quod
2508 4925 2764 5020 aliquid
2821 4928 3067 4998 excitet
3137 4927 3528 4998 audientem
3572 4930 3659 4999 ad
3704 4933 3837 5003 hoc

629 5046 793 5115 bero
831 5044 1136 5121 arbitrio,
1179 5038 1298 5110 sed
1336 5038 1419 5107 de
1464 5040 1752 5130 cognitis
1809 5041 1877 5108 in
1927 5043 2175 5133 quibus
2281 5033 2465 5130 quod
2506 5036 2825 5128 percipiat
2868 5057 2882 5104 :
2926 5043 2994 5104 et
3033 5033 3202 5103 illud
3225 5036 3529 5106 excitans
3567 5050 3836 5132 oportet

627 5149 1124 5221 subtantialiter
1175 5155 1272 5218 est
1311 5145 1680 5232 beatitudo,
1733 5146 1863 5216 hoc
1918 5156 2045 5232 est,
2108 5150 2176 5217 iu
2283 5167 2438 5215 cum
2480 5145 2817 5236 suscipere
2850 5167 2890 5213 a
2929 5141 3300 5238 loquente:
3362 5168 3526 5238 ergo
3579 5146 3837 5243 aliquid

630 5258 876 5353 quibus
916 5255 1195 5327 resultat
1232 5256 1304 5323 in
1364 5261 1588 5322 mente
1641 5261 1706 5321 et
1757 5255 1824 5322 in
1893 5277 2177 5347 corpore
2284 5252 2518 5344 recipit
2563 5253 2647 5321 ab
2694 5254 2886 5343 ipso:
2925 5259 2993 5322 et
3031 5253 3127 5320 ita
3192 5249 3453 5345 aliquid
3493 5257 3841 5349 egreditur

629 5390 753 5460 per
787 5388 1210 5457 consequens
1242 5364 1423 5431 Deus
1463 5360 1849 5430 beatificans
1895 5369 1969 5429 ut
2011 5362 2182 5431 bea·
2283 5360 2369 5430 ab
2409 5383 2546 5429 uno
2589 5362 2656 5428 in
2698 5360 2936 5440 alium,
2973 5367 3040 5429 et
3080 5382 3262 5426 unus
3293 5369 3394 5429 est
3432 5362 3502 5430 in
3536 5369 3840 5456 potentia

634 5474 919 5545 tificans.
2284 5468 2369 5537 ad
2407 5468 2641 5536 alium.

724 5581 829 5649 An
877 5604 940 5647 m
969 5578 1154 5671 quod
1174 5585 1408 5647 contra
1447 5576 1786 5666 objicitur,
1822 5577 1996 5647 bene
2025 5600 2183 5646 con·
2375 5575 2483 5644 Ad
2515 5574 2644 5643 hoc
2671 5573 3067 5653 dicendum,
3110 5573 3297 5665 quod
3343 5574 3517 5674 nibil
3555 5582 3837 5651 omnino

641 5687 806 5759 cedo
835 5686 1020 5781 quod
1049 5686 1443 5778 loquuntur.
2291 5684 2523 5775 recipit
2556 5684 2740 5774 quod
2769 5704 2909 5751 non
2985 5680 3192 5751 habet
3260 5679 3343 5751 de
3389 5685 3837 5772 naturalibuS‚

3920 2508 4000 2558 Ad
4031 2508 4072 2553 1.

325 3473 440 3534 ’Aa
466 3485 513 3536 ⁸.

308 5640 379 5688 Ad
406 5638 587 5698 object.
