4897 6388
1776 330 1799 401 ς
1848 305 1943 371 m
1988 304 2017 370 1
2068 302 2493 371 SENTENT.
2547 303 2775 373 DJST.
2830 280 2934 386 1'1,.
2972 307 3057 386 A,
3112 308 3310 377 ART.
3370 311 3435 379 3.

1033 476 1488 567 poralem‘vel
1527 476 1945 568 spiritualem
1974 479 2046 544 in
2103 500 2237 569 quo
2271 502 2377 547 res
2422 480 2580 547 'eir-

1036 582 1511 672 cumscriptive
1540 581 1648 649 vel
1688 582 2037 652 diffinitive
2068 586 2475 654 continetur.
2497 586 2584 653 Et

1032 699 1278 758 neutro
1312 688 1584 757 illorum
1633 691 1990 761 modorum
2041 698 2425 784 possumus
2472 694 2584 761 di.-

3659 276 3669 283 .
3735 330 3762 343 ..
4170 295 4259 383 57,

2694 493 2925 552 tamen
2957 506 3099 551 non
3140 483 3396 552 habent
3440 479 3996 575 aggregationem
4047 473 4256 550 et·di-'

2692 592 3083 658 versitatem
3158 594 3226 659 in
3285 593 3461 681 ipso,
3523 598 3591 658 et
3633 590 3785 658 ideo
3828 611 3965 657 non
4006 587 4253 656 tollunt

2692 697 3227 795 simplieitatem.

1037 818 1189 865 oere
1244 796 1462 864 Deum
1523 797 1631 867 vel
1688 824 2032 868 summum
2107 802 2369 869 honum
2437 823 2584 869 esse
2707 830 2710 831 ⁷

1037 903 1335 982 finitum,
1403 906 1521 973 sed
1577 930 1717 975 non
1794 908 2083 976 finitum.
2122 907 2293 977 Cum
2352 917 2581 976 autem

1038 1010 1210 1080 nibil
1266 1018 1371 1083 sui
1425 1018 1514 1084 sit
1568 1025 1757 1085 extra
1813 1018 2032 1108 ipsum
2104 1026 2170 1086 et
2221 1041 2419 1086 suum
2473 1020 2583 1086 in-

1036 1119 1476 1192 tellectuum:
1509 1122 1643 1193 hoo
1670 1124 1875 1193 modo
1917 1126 2134 1195 dicere
2189 1149 2579 1217 possumuS,

906 1244 913 1247 '
972 1228 976 1232 Δ
1040 1227 1221 1321 quod
1261 1231 1405 1319 ipse
1451 1252 1523 1299 se
1583 1231 1775 1300 finit:
1837 1234 1995 1324 quia
2049 1232 2175 1300 sibi
2209 1236 2309 1323 (ut
2348 1236 2441 1303 ita
2479 1233 2586 1302 di-

1038 1339 1213 1427 cam)
1250 1335 1553 1429 aequalis.
1597 1336 1675 1406 In
1706 1341 2212 1431 comparatione
2241 1350 2468 1409 autem
2501 1342 2586 1410 ad

1039 1442 1359 1513 inferiora
1389 1453 1490 1513 est
1540 1446 1873 1537 ipse'finis
1939 1448 2017 1516 ad
2089 1471 2291 1540 quem
2352 1452 2584 1519 omnia

1040 1550 1395 1633 finiuntur,
1455 1562 1522 1622 et
1576 1554 1839 1623 excedit
1895 1556 2432 1647 unumquodque
2465 1580 2588 1627 eo-

1042 1683 1194 1728 rum
1223 1683 1239 1730 :
1273 1670 1341 1730 et
1376 1659 1530 1730 ideo
1567 1671 1671 1730 est
1706 1662 1947 1732 finiens
1998 1687 2103 1749 ea,
2138 1687 2275 1733 non
2315 1665 2587 1736 finitum

948 1766 955 1772 ’
1044 1769 1130 1838 ab
1161 1770 1348 1860 ipsis.

621 1870 699 1960 24]
754 1887 841 1939 Aa
866 1887 909 1934 ι.

1134 1877 1240 1947 An
1287 1868 1383 1945 'm
1463 1887 1693 1948 autem
1752 1881 1933 1971 quod
2001 1880 2341 1971 objicitur,
2403 1854 2590 1974 duod

1047 1985 1466 2075 comparatio
1506 1994 1610 2053 est
1633 1985 2005 2055 secundum
2045 1982 2443 2065 univocum,
2480 1986 2591 2055 di-

1046 2092 1337 2162 cendum
1378 2092 1563 2184 quod
1590 2092 1777 2186 large
1829 2089 2119 2163 sumitur
2172 2117 2213 2163 a
2266 2093 2593 2164 Philoso-

1044 2200 1227 2292 pho:
1293 2211 1360 2269 et
1425 2199 1556 2269 hoe
1611 2210 1796 2292 patet
1858 2204 2014 2294 quia
2068 2203 2446 2272 substantia
2491 2212 2594 2272 est

1046 2309 1267 2399 magis
1304 2329 1424 2376 ens
1453 2330 1661 2399 quam
1691 2309 2037 2378 accidens:
2080 2319 2145 2378 et
2183 2319 2416 2380 tamen
2471 2332 2594 2378 ens

1045 2438 1185 2486 non
1213 2417 1506 2486 univoce
1543 2416 1787 2486 dieitur
1815 2418 2093 2487 omnino
2134 2418 2216 2487 de
2272 2418 2596 2488 substan-

1049 2524 1166 2605 tia,
1208 2531 1277 2593 et
1324 2521 1408 2592 de
1483 2522 1850 2593 accidente.
1881 2523 2009 2593 Vel
2073 2523 2590 2617 intelligendum

1046 2632 1168 2710 sie,
1223 2631 1409 2723 quod
1481 2632 1897 2723 comparatio
1962 2634 2161 2701 estin
2190 2634 2586 2724 oequivoeiS,

1044 2739 1154 2808 vel
1185 2741 1253 2807 in
1283 2736 1615 2831 analogis,
1648 2762 1785 2808 non
1814 2740 2182 2809 seeundum
2240 2741 2425 2833 quod
2481 2750 2593 2810 at-

1046 2849 1318 2938 tingunt
1367 2847 1699 2916 rationem
1757 2848 2291 2939 aequivoeorum,
2322 2849 2440 2917 sed
2479 2871 2595 2917 se-

1048 2953 1345 3023 cundum
1380 2953 1561 3045 quod
1591 2977 1663 3023 se
1706 2952 1958 3024 habent
2004 2954 2086 3024 ad
2125 2978 2340 3023 unum
2408 2957 2596 3047 quod

1049 3070 1151 3132 est
1180 3061 1249 3129 in
1279 3061 1418 3129 eis:
1464 3063 1656 3131 etsie
1691 3072 1792 3132 est
1845 3062 1929 3132 de
1985 3061 2167 3132 bono
2234 3063 2414 3156 quod
2475 3085 2597 3156 per

1049 3168 1438 3260 analogiam
1477 3177 1580 3239 est
1615 3169 1686 3239 in
1724 3192 2019 3252 summo,
2061 3178 2128 3240 et
2161 3151 2241 3239 'in
2306 3172 2591 3242 creatis:

1050 3276 1401 3370 quomodo
1430 3285 1657 3348 nutem
1692 3276 1805 3346 illa
1876 3277 2190 3371 analogia
2252 3277 2601 3373 intelliga-

1048 3395 1184 3463 tur,
1215 3407 1420 3476 supra
1450 3384 1706 3455 dietum
1737 3395 1860 3457 est.
1898 3387 2078 3456 Bene
2128 3396 2355 3456 autem
2422 3409 2598 3458 con-

1048 3493 1382 3571 cedimus,
1423 3493 1607 3585 quod
1685 3494 1939 3564 malum
1991 3518 2122 3564 non
2161 3505 2600 3587 comparatur

1047 3621 1171 3692 per
1198 3621 1538 3670 recessum
1577 3624 1619 3670 n
1688 3605 1978 3671 termino
2051 3603 2402 3686 contrarii,
2461 3604 2601 3672 soi-

1047 3705 1231 3790 lieet,
1262 3730 1303 3777 a
1333 3707 1555 3777 bono:
1592 3710 1779 3799 quia,
1809 3711 1982 3777 sieut
2046 3708 2208 3778 dicit
2271 3707 2592 3798 objectio,

1047 3837 1317 3885 summe
1357 3813 1611 3884 malum
1666 3816 1850 3908 quod
1914 3818 1997 3886 ad
2037 3819 2410 3909 potentiam
2448 3839 2598 3887 esse

1047 3949 1189 3996 non
1229 3933 1477 4017 potest,
1510 3926 1580 3995 id
1607 3936 1734 4009 est,
1766 3927 1949 4019 quod
1979 3930 2065 3996 sit
2107 3927 2277 3998 adeo
2335 3926 2595 3998 malum

1049 4033 1236 4128 quod
1278 4056 1421 4105 non
1448 4036 1662 4127 possit
1692 4058 1840 4107 esse
1877 4037 2093 4129 pejus·

1004 4309 1020 4324 ·
1137 4265 1245 4333 Ao
1290 4288 1357 4334 u>
1403 4264 1589 4357 quod
1625 4264 1910 4335 ulterius
1948 4269 2296 4358 quaeritur,
2347 4263 2595 4337 Utrum

1048 4393 1395 4440 summum
1438 4370 1696 4439 bonum
1732 4372 1820 4440 sit
1863 4371 2171 4464 simplex,
2215 4370 2324 4441 vel
2399 4394 2599 4442 eom-

1047 4481 1347 4574 positum
1400 4483 1437 4551 ?
1489 4480 1895 4560 Dicendum,
1962 4484 2145 4574 quod
2226 4483 2523 4575 simplex
2572 4507 2589 4555 z

1046 4611 1263 4658 unum
1321 4590 1503 4659 enim
1568 4589 1827 4660 bonum
1875 4591 1945 4659 in
2002 4593 2147 4683 ipso
2222 4614 2364 4660 non
2409 4591 2596 4661 addit

1048 4719 1253 4791 super
1288 4698 1578 4768 alterum
1610 4697 1981 4768 seeundum
2031 4723 2201 4777 rem,
2280 4699 2434 4770 licet
2491 4723 2599 4769 se-

1047 4807 1345 4878 cundum
1376 4808 1711 4877 rationem
1741 4807 2036 4877 salvetur
2074 4809 2143 4877 in
2201 4810 2373 4899 ipso.
2447 4809 2597 4880 Hoc

1047 4921 1276 4986 autem
1306 4916 1640 5009 contingit
1663 4924 1938 5008 propter
1966 4915 2389 4986 identitatem
2410 4917 2596 5009 quod

1050 5033 1152 5095 est
1205 5035 1273 5093 et
1308 5046 1456 5093 esse
1495 5025 1565 5092 in
1603 5045 1875 5092 summo
1932 5026 2111 5093 bono
2147 5046 2163 5094 ε
2245 5022 2362 5092 ubi
2410 5025 2594 5093 enim

1050 5132 1225 5202 ratio
1281 5129 1563 5222 subjecti
1630 5141 1902 5200 nonest
1974 5133 2040 5199 in
2101 5154 2169 5200 re
2206 5131 2479 5201 diversa
2509 5131 2594 5201 ab

1052 5263 1134 5309 eo
1209 5240 1317 5308 cui
1371 5238 1752 5328 subjicitur,
1822 5260 1958 5306 nou
2033 5247 2254 5330 potest
2335 5236 2596 5331 aliquid

1050 5347 1274 5416 inesse
1330 5344 1515 5438 quod
1569 5345 2027 5414 diversitatem
2082 5345 2281 5414 faeiat
2332 5368 2348 5413 z
2411 5345 2596 5437 quod

1052 5452 1227 5522 infra
1255 5451 1679 5545 probabitur,
1711 5474 1866 5521 eum
1892 5462 2232 5544 quaeretur
2268 5452 2352 5522 de
2425 5454 2598 5522 sim-

1033 5560 1371 5652 plicitate.
1408 5558 1492 5629 Et
1562 5559 1715 5630 ideo
1772 5559 2156 5643 dicendum,
2198 5561 2383 5653 quod
2438 5559 2598 5630 lieet

1055 5667 1193 5735 sint
1248 5665 1414 5736 inibi
1488 5687 1728 5733 omnes
1793 5665 2125 5735 bonitates
2191 5664 2591 5747 nobilitatis,

2780 906 2887 983 An
2934 928 3136 974 Amun
3183 906 3574 984 dicendum,
3611 907 3790 997 quod
3861 907 4086 997 ipsum
4154 900 4594 996 ‹li-'Aequana
4692 896 4718 908 “

2692 1014 2868 1081 citur
2930 1037 3309 1093 summum,
3372 1036 3646 1105 purum,
3682 1020 3750 1080 et
3786 1014 3883 1079 in'
3915 1013 4050 1080 line
4081 1012 4250 1078 sim-

2693 1117 3013 1209 plicitatis
3069 1117 3375 1187 bonumss
3435 1117 3553 1187 sed
3608 1139 3960 1186 summum
4007 1116 4250 1185 dicitur

2693 1234 3006 1317 respectu
3075 1227 3516 1295 eontinentiae
3557 1224 3937 1293 bonitatum
4004 1246 4251 1292 seeun-

2694 1335 2858 1402 dum
2920 1333 3338 1403 differentias
3405 1334 3790 1403 bonitatum
3867 1332 4246 1401 nobilium:

2688 1448 3224 1531 purumautem
3264 1440 3514 1508 dicitur
3540 1447 3818 1531 propter
3854 1428 4256 1533 impermixff

2691 1550 2950 1618 tionem
2993 1550 3400 1641 privationis
3458 1570 3611 1640 quae
3664 1570 3932 1638 semper
3995 1546 4256 1614 maehi-

2698 1669 2900 1728 natur
2928 1660 3014 1728 ad
3055 1660 3472 1728 maleficium
3499 1681 3515 1727 ε
3542 1659 3708 1748 finis
3733 1667 3963 1726 autem
3990 1656 4259 1749 simpli-

2697 1771 2928 1839 citatis
2981 1756 3054 1839 ἰη
3114 1770 3287 1838 bono
3355 1770 3604 1839 dieitur
3648 1776 3944 1859 propter
3982 1766 4256 1836 indiffe-
4333 1784 4338 1787 ’

2698 1881 2989 1949 rentiam
3045 1879 3362 1948 habentis
3416 1877 3792 1948 bonitatem
3832 1885 3901 1946 et
3936 1876 4268 1946 bonitatis.
4309 1864 4316 1865 f

2696 1985 2990 2056 habitae:
3033 1995 3105 2056 et
3142 1986 3274 2055 hoe
3320 1993 3421 2054 est
3466 1984 3650 2077 quod
3713 1983 3995 2053 Boetius
4057 1991 4258 2054 vocat

2698 2097 2885 2189 quod
2923 2104 3027 2165 est
3066 2105 3134 2165 et
3170 2117 3344 2165 esse.
3869 2116 3876 2121 ’

2789 2312 2895 2379 An
2939 2335 3008 2381 ιο
3056 2311 3243 2402 quod
3282 2308 3567 2378 ulterius
3624 2309 3972 2401 quaeritur,
4007 2306 4254 2377 Utrum
4281 2359 4364 2408 Ad
4382 2356 4600 2419 quassu.
4796 2390 4798 2396 A

2697 2420 2968 2513 possint
2994 2442 3145 2490 esse
3204 2419 3341 2487 duo
3398 2439 3668 2487 summe
3731 2416 3966 2485 bona?
4015 2415 4258 2485 Dicen-

2700 2529 2892 2611 dum,
2963 2527 3150 2620 quod
3218 2549 3386 2605 non,
3418 2527 3594 2594 sieut
3624 2524 3984 2616 probatum
4015 2530 4141 2592 est.
4172 2521 4261 2590 Et

2700 2637 2758 2706 si
2789 2635 3175 2727 objiciatur,
3219 2633 3404 2727 quod
3433 2632 3598 2713 duo,
3641 2631 3752 2701 vel
3791 2631 3942 2710 tria,
3983 2629 4095 2700 vel
4150 2630 4261 2698 in-

2704 2747 2896 2814 finita
2951 2767 3223 2815 summe
3292 2744 3472 2812 bona
3532 2742 3919 2831 cogitantur
4002 2739 4262 2830 maJora

2703 2874 2912 2945 quam
2980 2874 3199 2921 unum
3231 2873 3247 2919 ε
3283 2859 3350 2919 et
3416 2872 3573 2919 oum
3603 2871 3951 2916 summum
4000 2846 4260 2916 bonum

2702 2961 2789 3028 sit
2816 2982 2955 3051 quo
3003 2958 3227 3047 majus
3271 2957 3644 3049 excogitari
3701 2978 3840 3025 non
3893 2962 4140 3046 potest,
4192 2961 4267 3022 ut

2705 3066 2867 3135 dicit
2959 3063 3355 3146 Anselmus,
3441 3063 3713 3132 videtur
3795 3061 4040 3131 debere
4115 3083 4260 3130 esse

2702 3173 2902 3268 plura
2939 3174 3050 3244 vel
3093 3163 3385 3252 inlinita,
3448 3171 3810 3243 dicendum
3878 3169 4061 3263 quod
4124 3169 4268 3240 haee

2705 3291 2809 3352 est
2837 3281 3031 3352 falsa.
3075 3280 3284 3350 Plura
3309 3278 3422 3351 vel
3459 3278 3729 3348 infinita
3758 3300 4043 3377 summe·
4080 3276 4266 3346 bona

2705 3392 3118 3483 cogitantur,
3142 3387 3255 3458 vel
3282 3398 3445 3457 sunt
3483 3388 3745 3478 majora
3773 3408 3980 3480 quam
4002 3405 4261 3454 unum:

2703 3497 2892 3592 quod
2920 3497 3106 3567 enim
3148 3518 3291 3566 non
3330 3502 3556 3588 potest
3597 3493 3879 3587 cogitari
3921 3515 4069 3562 esse
4120 3514 4264 3560 non

2701 3616 2928 3701 potest
2983 3607 3270 3700 cogitari
3339 3627 3489 3675 esse
3556 3604 3777 3695 majus
3822 3601 4097 3695 aliquo:
4140 3601 4261 3671 sed

2702 3716 2900 3808 plura
2926 3715 3040 3785 vel
3078 3715 3347 3783 infinita
3384 3734 3656 3782 summe
3710 3709 3892 3779 bona
3927 3732 4068 3779 non
4095 3730 4264 3801 pos-

2702 3833 2864 3892 sunt
2902 3823 3187 3915 cogitnri
3229 3843 3403 3901 esse,
3436 3821 3613 3889 sicut
3663 3817 3907 3910 probat
3968 3815 4260 3907 objectio

2703 3930 2928 4000 Boetii
2960 3950 3170 4022 supra
3201 3928 3517 3997 inducta:
3553 3948 3717 4018 ergo
3761 3946 3901 3994 non
3974 3929 4261 4015 possunt

2704 4057 2878 4107 esse.

3153 4477 3661 4553 AllTlCULUS
3693 4480 3816 4552 111.

2708 4705 2957 4774 Utrum
3004 4699 3526 4795 purqatissimis
3592 4694 3929 4765 mentibus
3982 4704 4263 4764 tantum

3180 4814 3504 4877 cernatur
3539 4805 3725 4875 Deus
3750 4801 3791 4872 P

2791 5109 3058 5199 'Deinde
3088 5125 3411 5216 objicitur
3475 5125 3559 5196 do
3593 5125 3729 5197 hoo
3754 5123 3941 5217 quod
3969 5121 4253 5193 dicitur:
4340 5137 4346 5144 ·
4410 5134 4417 5142 ·

2705 5264 2742 5304 ι
2787 5235 2995 5323 Quod
3047 5233 3573 5328 purqatissimis
3638 5231 3975 5302 mentibus
4037 5232 4261 5299 cemi-

2701 5342 2922 5420 nitur,
2956 5348 3086 5410 eto.
3125 5364 3159 5406 r
3387 5411 3393 5417 ,
3697 5373 3700 5374 ⁷

2793 5449 3333 5542 purgatissimus
3385 5449 3571 5516 enim
3627 5448 3897 5515 animus
3952 5466 4094 5513 non
4158 5454 4261 5514 est

2702 5557 2833 5625 nisi
2899 5563 3233 5649 purgatus
3262 5577 3303 5623 a
3376 5551 3601 5644 eulpa,
3661 5561 3728 5622 et
3770 5575 3811 5621 a
3849 5551 4161 5621 miseria:
4190 5557 4260 5619 et

2703 5663 2931 5735 taliter
2957 5664 3230 5757 purgati
3259 5683 3402 5731 non
3439 5669 3601 5729 sunt
3645 5659 3777 5729 nisi
3830 5658 4058 5730 beati:
4092 5678 4253 5748 ergo

4056 5889 4080 5923 Ι
