4897 6388
500 301 503 306 (
596 313 792 419 ”2206
882 307 885 310 .

571 483 760 589 7⁵22„
789 528 891 588 est
934 543 1084 612 quae
1125 522 1192 587 in'
1231 540 1304 586 se
1361 522 1661 608 generat
1698 497 1783 582 esi
1826 509 1973 590 alio
2011 529 2027 576 ε
2071 506 2203 575 hoc

564 1547 582 1574 0
659 1519 826 1588 pore
856 1504 1218 1584 conceptus
1250 1483 1927 1582 etimpraegnationis
1957 1489 2022 1549 et
2049 1503 2208 1570 par·
2264 1541 2269 1545 .

325 2477 407 2524 Ad
414 2475 587 2534 obieet.
603 2474 641 2520 1.

423 3122 505 3169 Λᾶ
520 3124 566 3173 2,

327 4573 410 4620 Ad
439 4578 619 4633 quent.

659 639 889 699 autem
947 631 1131 698 Patri
1194 626 1383 694 nullo
1460 625 1664 694 modo
1723 618 2091 691 convenit:
2141 622 2208 683 et

658 740 810 808 ideo
853 746 1111 808 tantum
1164 745 1352 827 pater
1398 744 1521 804 est.
1564 733 1703 799 Nec
1740 731 1838 798 sic
1892 731 2081 816 pater
2134 730 2208 789 ut

657 849 728 915 in
760 849 1193 939 generatione
1223 851 1419 935 egeat
1452 841 1784 931 adjutorio
1813 833 2022 903 simili
2050 830 2201 907 sibi,

660 956 873 1023 tribus
912 955 993 1021 de
1036 955 1256 1020 causis
1292 975 1307 1020 ε
1352 970 1640 1041 quarum
1681 966 1818 1013 una
1860 949 1987 1020 est,
2053 940 2208 1029 quia

659 1063 1073 1152 adjutorium
1105 1063 1336 1129 uxoris
1377 1059 1573 1126 datur
1610 1057 1756 1124 viro
1789 1056 2067 1144 propter
2103 1048 2206 1115 sui

659 1169 1238 1260 imperfectionem
1271 1188 1423 1257 quae
1450 1166 1520 1232 in
1550 1163 1770 1232 Deum
1822 1179 1964 1227 non
2002 1154 2201 1224 cadit.

1512 373 1515 374 f
1646 341 1727 410 ι).
1780 336 1980 410 ΑιΒ.
2033 333 2245 401 MAG.
2303 334 2509 403 ean.
2564 305 2856 405 prmo.
2943 388 2947 391 ⁴
3007 353 3018 372 .‚
3073 319 3076 320 *

2761 819 3270 890 ARTICULUS
3325 820 3412 888 11.

2322 1037 2569 1103 Utrum
2616 1058 2815 1126 posse
2874 1057 3207 1124 qenerare
3260 1036 3351 1101 sit
3411 1034 3508 1101 ad
3570 1031 3869 1123 aliquid,

2738 1158 2741 1161 ’
2819 1143 2961 1209 sive
3013 1139 3363 1232 aliquid?

663 1276 978 1345 Secunda
1007 1285 1131 1356 est,
1167 1274 1350 1365 quod
1380 1272 1726 1365 generatio
1777 1264 2100 1354 recipitur
2137 1263 2206 1328 in
2309 1260 2313 1264 ’

661 1388 998 1477 adjutorio
1041 1409 1123 1454 ex
1176 1387 1325 1453 viro
1364 1407 1379 1452 ε
1426 1391 1492 1451 et
1542 1382 1692 1449 ideo
1734 1376 1997 1466 indiget
2028 1381 2208 1440 tem-

661 1615 817 1675 tus:
880 1605 948 1671 in
1013 1626 1148 1694 quo
1198 1611 1506 1690 tempore
1557 1598 1734 1692 filius
1803 1593 2097 1662 existens
2138 1589 2209 1655 in

659 1713 964 1805 potentia
1003 1734 1142 1778 non
1190 1715 1413 1801 potest
1461 1728 1606 1774 esse
1661 1708 2046 1772 coaeternus
2101 1692 2209 1762 vel

661 1842 930 1889 coaevus
969 1817 1387 1911 parentibus.
1421 1813 1643 1881 Tertia
1683 1810 1859 1878 ratio
1901 1812 2026 1885 est,
2053 1804 2210 1893 quia

663 1929 888 1996 omnis
917 1926 1070 1995 talis
1101 1933 1301 1992 natus
1348 1920 1767 2012 compositus
1805 1921 1910 1984 est
1947 1934 2033 1980 ex
2085 1910 2214 1977 du-

663 2036 822 2128 plici
852 2034 1227 2104 substantia
1265 2031 1474 2121 patris
1505 2035 1572 2096 et
1605 2025 1866 2095 matris.
1904 2020 2211 2088 Primum

664 2152 893 2212 autem
915 2140 1160 2209 horum
1194 2143 1528 2230 repugnat
1558 2129 1951 2225 perfectioni
1981 2133 2215 2228 poten-

666 2255 805 2333 tiae,
849 2251 1221 2320 secundum
1272 2243 1717 2315 cooeternitati
1774 2239 1989 2331 ipsius
2045 2233 2209 2315 nati,

668 2363 944 2432 tertium
977 2369 1201 2428 autem
1242 2353 1685 2445 simplicitati.

761 2470 865 2538 An
903 2493 967 2537 io
990 2465 1169 2558 quod
1201 2463 1541 2554 objicitur,
1580 2458 1761 2550 quod
1790 2452 2018 2526 solum
2041 2451 2218 2542 prin-

671 2579 926 2672 cipium
966 2577 1262 2646 activum
1301 2595 1440 2640 non
1469 2569 1715 2639 sufficit
1745 2565 1830 2636 ad
1884 2564 2213 2632 rationem

654 2690 906 2782 patris,
952 2683 1313 2756 dicendum
1372 2678 1555 2774 quod
1612 2676 1743 2747 hoc
1797 2695 2040 2744 verum
2089 2677 2213 2748 est,

673 2821 800 2868 nec
827 2804 1019 2886 pater
1054 2791 1348 2862 coelestis
1379 2788 1605 2857 solum
1653 2793 1753 2854 est
1803 2779 2219 2875 principium

672 2905 1012 2973 activum:
1058 2902 1197 2968 imo
1228 2896 1343 2965 dat
1382 2893 1832 2963 substantiam
1863 2908 2059 2955 suam
2095 2905 2112 2951 z
2155 2890 2222 2951 et

672 3013 846 3082 bene
874 3008 1200 3087 concedo,
1242 3004 1430 3098 quod
1457 3012 1699 3073 totam.

761 3122 867 3191 Ao
905 3143 970 3189 u>
1015 3140 1179 3188 vero
1211 3114 1395 3210 quod
1423 3120 1660 3182 contra
1698 3109 1829 3179 hoc
1878 3104 2215 3196 objicitur,

674 3228 1035 3300 dicendum
1094 3224 1278 3319 quod
1344 3220 1732 3315 hypostasis
1809 3223 1878 3285 et
1933 3233 2223 3304 persona

672 3348 830 3411 sunt
872 3336 1247 3413 substantia
1284 3356 1301 3404 z
1346 3354 1486 3402 non
1543 3325 1771 3399 tafnen
1827 3327 2223 3415 supponunt

671 3458 747 3518 ut
784 3446 1188 3526 substantia,
1222 3442 1340 3512 sed
1377 3449 1455 3509 ut
1501 3438 1586 3508 ad
1633 3433 1924 3529 aliquid:
1971 3439 2036 3500 et
2066 3430 2220 3499 ideo

672 3567 777 3628 est
813 3558 882 3625 in
938 3560 1341 3646 argumento
1395 3548 1843 3618 commutatio
1891 3539 2221 3634 praedica-

672 3664 881 3734 menti
919 3684 935 3729 ε
971 3659 1155 3754 quod
1203 3658 1387 3728 enim
1428 3655 1632 3723 Pater
1667 3662 1767 3722 est
1806 3646 2214 3726 substantia,

671 3782 776 3844 est
815 3772 965 3840 ideo
997 3770 1157 3863 quia
1194 3766 1382 3836 nulla
1412 3762 1820 3855 compositio
1849 3767 1955 3827 est
2001 3758 2069 3825 in
2115 3755 2223 3823 di-

670 3880 881 3960 vinis,
914 3901 1051 3947 non
1093 3901 1176 3947 ex
1224 3876 1484 3945 ratione
1537 3872 1770 3965 patris,
1827 3867 1989 3960 quia
2035 3873 2225 3957 pater

672 3999 802 4071 est,
843 3990 981 4058 imo
1021 3990 1117 4057 sie
1147 3995 1247 4057 est
1284 3984 1493 4053 aliud.
1531 3980 1721 4052 Unde
1751 3978 2080 4068 Magister
2116 3973 2224 4042 hic

674 4100 747 4168 in
772 4101 1028 4168 Littera
1061 4097 1394 4189 promittit
1428 4117 1501 4162 se
1532 4090 2008 4184 probaturum,
2043 4083 2225 4176 quod

674 4228 822 4277 esse
850 4216 1110 4298 patrem
1132 4227 1273 4273 non
1302 4211 1406 4272 est
1434 4225 1582 4271 esse
1612 4196 1898 4293 aliquid,
1930 4193 2049 4263 sed
2078 4216 2222 4263 esse

673 4314 761 4385 ad
799 4315 1080 4407 aliquid.

769 4529 874 4596 Ao
923 4550 1045 4595 uoc
1083 4527 1265 4620 quod
1324 4526 1669 4617 quaeritur,
1732 4523 1979 4594 Utrum
2032 4519 2227 4610 geni-

678 4645 791 4708 tus
842 4640 1066 4729 potius
1118 4636 1380 4706 dicatur
1436 4636 1670 4716 Filius,
1741 4654 1953 4727 quam
2007 4628 2230 4698 Filia?

677 4745 1082 4827 Dicendum,
1118 4747 1302 4839 quod
1334 4747 1431 4816 sic
1464 4770 1480 4815 1
1515 4744 1676 4836 quia
1724 4744 1839 4812 illa
1877 4740 2225 4834 generatio

674 4859 1164 4950 perfectissima
1205 4883 1343 4928 non
1382 4865 1606 4950 potest
1635 4878 1779 4925 esse
1810 4854 1946 4923 nisi
1976 4854 2044 4921 in
2084 4874 2228 4921 om·

677 4968 841 5035 nino
879 4968 1082 5036 simili
1117 4966 1280 5035 :tilia
1312 4976 1540 5034 autem
1585 4965 1779 5054 patri,
1817 4985 1941 5030 nec
1991 4960 2058 5027 in
2114 4981 2226 5028 ve·

676 5076 897 5153 ritate,
932 5100 1054 5144 nec
1096 5078 1162 5145 in
1213 5077 1431 5166 figura
1479 5074 1759 5141 omnino
1814 5066 2063 5138 similis
2099 5075 2221 5145 est,

677 5191 742 5251 et
775 5182 925 5250 ideo
958 5191 1193 5263 natum
1225 5183 1293 5250 in
1323 5189 1576 5250 aeterna
1604 5176 2042 5270 generatione
2070 5174 2226 5263 filia

683 5291 815 5360 dici
857 5313 994 5360 non
1022 5300 1267 5382 potest.

2405 1452 2720 1521 Secundo
2778 1452 3132 1543 quaeritur‚
3194 1451 3442 1520 Utrum
3499 1473 3700 1543 posse
3757 1473 3869 1542 ge-

2314 1582 2553 1628 nerare
2580 1561 2667 1628 sit
2706 1581 2901 1650 posse
2930 1558 3245 1651 aliquid?
3298 1618 3302 1622 .

2405 1670 2462 1737 1.
2511 1667 2596 1735 Et
2625 1666 2918 1745 videtur,
2971 1666 3161 1758 quod
3190 1688 3383 1734 non:
3433 1667 3593 1757 quia
3650 1666 3871 1758 Magi-

2316 1784 2453 1844 ster
2482 1774 2643 1843 dicit
2671 1776 2742 1843 in
2777 1776 3064 1860 Littera,
3098 1774 3285 1869 quogl
3322 1796 3525 1865 posse
3552 1775 3665 1844 vel
3695 1774 3870 1844 velle

2315 1888 2597 1977 gignere
2636 1883 2911 1965 Filium,
2945 1906 3089 1952 non
3135 1893 3237 1952 est
3291 1906 3518 1974 posse·
3548 1883 3660 1953 vel
3699 1883 3875 1953 velle

2317 1993 2596 2084 aliquid.

2406 2102 2471 2167 2.
2518 2100 2896 2182 Praeterea,'
2952 2099 3291 2168 Potentiae
3358 2098 3878 2191 distinguuntur
4011 2141 4014 2146 -

2318 2231 2437 2300 per
2490 2216 2727 2276 actus:
2780 2229 2944 2300 ergo
2983 2208 3294 2298 potentia
3338 2207 3486 2297 ejus
3539 2207 3724 2298 quod
3776 2214 3879 2276 est

2318 2315 2599 2407 aliquid,
2644 2315 2769 2383 erit
2809 2316 3120 2406 potentia
3176 2337 3314 2412 qua
3369 2323 3471 2383 est
3525 2337 3724 2406 posse
3761 2314 3881 2383 ali·

2320 2425 2534 2517 quid:
2580 2432 2647 2493 et
2684 2425 2986 2516 potentia
3032 2425 3182 2513 ejus
3220 2424 3412 2516 quod
3463 2433 3565 2493 est
3620 2424 3706 2493 ad
3760 2423 3880 2492 ali·

2323 2530 2509 2623 quid,
2544 2532 2673 2599 erit
2708 2531 3013 2621 potentia
3054 2552 3191 2620 qua
3230 2538 3333 2598 est
3370 2552 3571 2619 posse
3619 2529 3706 2598 ad
3759 2528 3880 2598 ali-

2324 2639 2586 2731 quid,et
2613 2660 2753 2707 non
2782 2636 3041 2729 aliquid
3071 2659 3090 2705 :
3125 2660 3283 2706 cum
3315 2639 3526 2729 igitur
3553 2660 3877 2730 generare

2321 2749 2408 2818 sit
2444 2748 2533 2817 ad
2554 2746 2836 2840 aliquid,
2872 2768 3077 2838 posse
3107 2769 3437 2839 generare
3478 2749 3605 2816 erit
3635 2746 3720 2816 ad
3749 2746 3881 2816 ali-

2324 2854 2513 2947 quid,
2546 2864 2616 2924 et
2642 2876 2781 2924 non
2809 2852 3096 2945 aliquid.

2413 2982 2477 3050 3.
2513 2980 2871 3061 Praeterea,
2905 2979 3123 3049 Posse
3151 3002 3479 3072 generare
3518 2981 3681 3050 dicit
3709 3001 3883 3049 con-

2322 3089 2604 3159 veniens
2633 3088 2844 3169 Patri,
2896 3097 2964 3158 et
3017 3109 3158 3157 non
3189 3087 3389 3168 Filio,
3431 3088 3543 3156 vel
3586 3086 3879 3179 Spiritui

2322 3205 2559 3266 sancto
2592 3218 2609 3264 ε
2671 3198 2741 3265 in
2805 3194 2996 3265 nullo
3064 3204 3299 3266 autem
3367 3194 3883 3288 distinguuntur

2325 3305 2529 3375 Pater
2592 3314 2659 3374 et
2708 3303 2942 3384 Filius,
3005 3305 3139 3372 nisi
3190 3305 3260 3372 in
3300 3327 3383 3374 eo
3424 3304 3610 3395 quod
3648 3314 3750 3374 est
3797 3304 3881 3373 ad

2322 3412 2624 3504 aliquid:
2683 3434 2847 3503 ergo
2902 3433 3106 3502 posse
3184 3433 3513 3501 generare
3578 3434 3718 3481 non
3781 3419 3884 3480 est

2324 3520 2603 3613 aliquid,
2648 3520 2765 3588 sed
2793 3518 2879 3588 ad
2916 3518 3206 3612 aliquid.

2412 3641 2479 3709 4.
2522 3633 2885 3718 Praet'erea‚
2956 3635 3037 3706 In
3104 3635 3544 3707 inferioribus
3600 3639 3697 3706 sic
3752 3646 3878 3719 est,

2325 3747 2510 3840 quod
2582 3746 2902 3839 potentiae
2969 3747 3213 3816 activae
3279 3754 3439 3815 sunt
3503 3746 3880 3817 secundum

2323 3859 2770 3952 proprietates
2847 3855 3289 3948 disponentes
3344 3856 3430 3925 ad
3498 3864 3753 3944 actum,
3810 3866 3886 3927 ut

2325 3967 2688 4037 calefacere
2717 3975 2818 4035 est
2871 3965 3054 4058 ignis
3082 3963 3462 4035 secundum
3502 3967 3886 4057 proprieta-

2326 4086 2462 4144 tem
2511 4074 2736 4156 calidi‚
2779 4083 2847 4143 et
2883 4073 3115 4143 lucere
3163 4072 3543 4143 secundum
3577 4075 3884 4167 proprie·

2327 4193 2538 4255 tatem
2580 4205 2731 4276 quae
2771 4192 2875 4252 est
2912 4183 3056 4263 lux,
3109 4191 3180 4254 et
3233 4182 3333 4252 sic
3377 4183 3461 4252 de
3490 4182 3642 4253 aliis
3672 4206 3689 4254 t
3722 4207 3887 4278 ergo

2325 4316 2482 4362 cum
2515 4313 2840 4384 generare
2878 4292 2965 4360 sit
3003 4299 3200 4360 actus
3238 4290 3490 4377 Patris,
3531 4291 3709 4361 unde
3764 4314 3890 4384 pa·

2324 4413 2428 4474 ter
2463 4409 2590 4487 est,
2650 4410 2719 4471 et
2755 4423 2897 4470 non
2960 4399 3144 4470 unde
3208 4399 3590 4470 substantia
3655 4401 3886 4471 divina

2328 4521 2453 4595 est,
2485 4510 2866 4603 proprietas
2919 4531 3074 4601 quae
3112 4508 3466 4579 constituit
3504 4511 3883 4601 potentiam

2329 4619 2412 4689 ad
2443 4628 2667 4688 actum
2724 4615 2942 4696 illum,
2988 4618 3119 4687 erit
3165 4617 3389 4688 Patris
3453 4620 3523 4687 in
3582 4643 3666 4690 eo
3704 4619 3888 4713 quod

2328 4737 2518 4821 pater
2545 4734 2671 4808 est,
2722 4735 2787 4795 et
2825 4749 2967 4796 non
2996 4726 3181 4796 unde
3237 4727 3620 4798 substantia
3656 4730 3887 4800 divina

2328 4845 2429 4905 est
2462 4858 2477 4905 :
2515 4834 2732 4904 sedin
2761 4857 2843 4904 eo
2886 4834 3073 4927 quod
3114 4845 3309 4927 pater
3338 4845 3466 4916 est,
3507 4837 3594 4906 ad
3629 4838 3888 4931 aliquid

2329 4952 2470 5015 est:
2541 4966 2702 5036 ergo
2760 4945 3142 5036 proprietas
3197 4944 3453 5014 faciens
3510 4947 3887 5017 secundum

2330 5057 2662 5123 rationem
2724 5052 3173 5145 intelligendi,
3229 5057 3617 5145 potentiam
3673 5079 3891 5150 gene-

2330 5162 2523 5234 randi
2562 5164 2834 5254 inipso,
2876 5161 2962 5230 ad
2990 5161 3255 5255 aliquid
3284 5171 3410 5244 est,
3473 5173 3541 5234 et
3592 5188 3733 5235 non
3769 5166 3892 5235 ali·

2332 5273 2541 5367 quid:
2576 5294 2738 5363 ergo
2767 5273 3073 5362 potentia
3103 5294 3257 5363 quae
3288 5282 3449 5341 esta
3477 5275 3891 5366 proprietate

2332 5384 2448 5453 illa
2476 5381 2851 5452 secundum
2892 5383 3234 5451 rationem
3275 5383 3728 5476 intelligendi,
3764 5386 3893 5456 erit

2332 5495 2418 5564 ad
2446 5492 2727 5585 aliquid,
2763 5499 2830 5584 et
2865 5514 3007 5561 non
3033 5490 3294 5584 aliquid
3326 5492 3665 5568 absolute.

2421 5593 2489 5673 5ss
2528 5601 2604 5672 Si
2631 5602 2803 5671 forte
2832 5602 3012 5673 dicat
3038 5601 3313 5694 aliquis,
3349 5603 3536 5696 quod
3563 5603 3711 5677 haec
3737 5624 3895 5700 pro·

2335 5717 2587 5810 prietas
2635 5734 2784 5805 quae
2822 5713 3201 5785 secundum
3259 5716 3597 5786 rationem
3639 5715 3895 5786 intelli-
