4897 6388
486 5449 554 5493 ad
589 5451 625 5496 Ι.

716 308 844 373 412
1697 302 1780 369 D.
1831 303 2031 370 ALB.
2082 303 2299 369 MAG.

714 452 1180 564 nio⁸fundatur
1207 497 1408 564 super
1449 474 1613 542 illud
1642 476 2005 565 Augustini
2063 473 2241 564 quod

714 581 825 650 hic
878 581 1186 659 habetur,
1251 610 1285 645 «
1359 580 1431 648 Si
1500 582 1702 649 Pater
1741 590 1806 650 et
1841 582 2049 648 Filius
2088 583 2248 647 dant

715 718 749 754 α
787 690 1115 780 Spiritum
1184 699 1518 768 sanctum,
1589 713 1714 756 nec
1767 692 1911 779 ipse
1962 690 2074 756 dat
2121 711 2240 754 se:

721 827 752 858 a
782 798 1031 889 aliquid
1063 811 1223 887 ergo
1269 806 1587 886 operatur
1651 797 1852 863 Pater
1907 806 1972 864 et
2041 797 2245 862 Filius

716 929 749 967 α
783 905 967 993 quod
997 927 1133 970 non
1174 912 1492 992 operatur
1533 903 1821 992 Spiritus
1877 913 2168 970 sanctus
2209 929 2241 962 »
2300 973 2308 977 ‚

711 1009 814 1075 Ex
880 1009 1009 1077 hoc
1065 1010 1249 1076 enim
1304 1010 1529 1075 innuit
1582 1010 2031 1100 Augustinus,
2066 1009 2248 1098 quod

711 1139 861 1183 cum
920 1117 1100 1195 dicit,
1148 1117 1439 1206 Spiritus
1494 1127 1767 1184 sanctus
1826 1118 1941 1183 dat
1979 1139 2074 1198 se,
2108 1138 2247 1182 non

711 1223 1027 1314 intelligit
1061 1224 1189 1291 nisi
1224 1246 1396 1313 opus
1445 1225 1905 1314 inspirationis
1947 1227 2012 1291 in
2054 1246 2248 1289 men-

710 1338 807 1397 tes
838 1330 1135 1398 fidelium
1184 1339 1301 1397 :et
1339 1329 1483 1398 haec
1536 1339 1636 1398 est
1692 1332 2025 1399 sententia
2080 1332 2249 1397 anti-

711 1459 1001 1526 quorum
1044 1436 1471 1525 Praepositivi
1511 1443 1576 1504 et
1607 1435 1949 1504 Gulielmi.

795 1543 932 1610 Alii
988 1543 1243 1626 dicunt,
1312 1542 1496 1632 quod
1553 1543 1712 1611 dare
1757 1545 1825 1610 in
1865 1546 2245 1611 accusativo

711 1640 847 1718 non
894 1650 1053 1718 dicit
1072 1649 1541 1718 auctoritatem
1573 1662 1875 1741 respectu
1923 1651 2100 1718 dati:
2132 1651 2245 1717 sed

707 1757 955 1825 sufficit
1011 1756 1391 1825 differentia
1447 1759 1816 1826 secundum
1871 1760 2242 1826 rationem:

708 1873 774 1931 et
804 1865 951 1932 ideo
980 1864 1383 1941 concedunt,
1415 1864 1603 1954 quod
1642 1863 1933 1954 Spiritus
1979 1873 2249 1930 sanctus

709 1971 881 2038 utin
919 1994 990 2039 se
1018 1971 1509 2049 consideratur,
1542 1970 1709 2039 dans
1768 1980 1894 2057 est,
1943 1981 2010 2039 et
2053 1970 2247 2037 datus

711 2085 814 2144 est
868 2076 1237 2146 secundum
1296 2076 1477 2167 quod
1536 2086 1639 2145 est
1705 2081 1772 2145 in
1826 2078 1955 2147 isto
1983 2077 2090 2146 vel
2129 2077 2245 2144 itto

712 2183 904 2272 cujus
935 2191 1230 2252 mentem
1262 2181 1633 2252 inhabitat:
1668 2193 1736 2252 et
1787 2184 1884 2253 illi
1913 2207 2050 2253 non
2080 2208 2250 2252 cou-

709 2289 980 2375 cedunt,
1022 2290 1205 2381 quod
1231 2290 1407 2358 idem
1437 2290 1525 2358 sit
1561 2288 1721 2359 dare
1742 2290 1926 2382 quod
1955 2292 2243 2372 mittere,

708 2398 815 2466 vel
848 2400 1248 2489 procedere:
1281 2405 1347 2467 et
1383 2397 1641 2485 dicunt,
1675 2399 1857 2490 quod
1899 2399 2072 2466 idem
2102 2407 2249 2489 pot-

710 2515 810 2575 est
844 2529 990 2575 esse
1017 2506 1188 2573 dans
1227 2514 1291 2574 et
1319 2505 1580 2587 datum,
1615 2516 1682 2576 et
1718 2507 1900 2598 quod
1945 2530 2082 2576 non
2136 2531 2248 2574 se-

711 2622 1010 2705 quuntur
1041 2615 1332 2682 rationes
1372 2613 1684 2682 inductae.

794 2721 998 2789 Tertii
1029 2721 1288 2802 dicunt,
1321 2721 1568 2812 quibus
1598 2723 1864 2791 videtur
1892 2723 2055 2791 mibi
2106 2748 2247 2791 ma-

707 2831 812 2922 gis
836 2853 980 2898 esse
1009 2828 1596 2908 consentiendum,
1630 2831 1812 2922 quod
1850 2830 2100 2922 duplex
2148 2841 2248 2900 est

705 2937 876 3006 dans
911 2944 978 3005 et
1016 2937 1291 3006 datum:
1328 2947 1590 3029 ponunt
1619 2940 1802 3007 enim
1844 2941 1968 3007 ista
2026 2962 2248 3030 quan-

704 3044 927 3136 doque
955 3043 1366 3127 dominium‚
1406 3053 1474 3112 et
1503 3044 1569 3111 in
1647 3069 1784 3137 quo
1847 3054 1949 3114 est
2017 3046 2246 3113 domi-

708 3150 898 3219 nium
958 3149 1120 3219 illud
1180 3149 1284 3219 vel
1317 3151 1507 3243 quasi
1573 3151 1954 3222 dominium
2007 3175 2023 3222 ε
2081 3154 2246 3245 quia

711 3278 847 3323 non
878 3253 991 3321 dat
1019 3255 1264 3345 aliquis
1294 3256 1427 3322 nisi
1456 3256 1650 3344 cujus
1679 3257 1997 3328 dominus
2023 3273 2147 3345 est,
2180 3275 2246 3333 et

709 3364 776 3430 in
815 3384 952 3453 quo
1013 3360 1217 3430 babet
1280 3364 1776 3433 auctoritatem.
1835 3365 1979 3436 lloc
2039 3374 2243 3440 modo

708 3492 832 3538 nec
899 3469 1097 3538 l'ater
1148 3468 1288 3553 dat,
1318 3492 1441 3539 nec
1487 3469 1721 3549 Filius.
1766 3497 1888 3544 nec
1952 3476 2244 3568 Spiritus

707 3585 977 3645 sanctus
1035 3576 1361 3666 Spiritum
1417 3588 1751 3647 sanctum.
1822 3580 2244 3678 Quandoque

711 3691 939 3752 autem
978 3683 1225 3750 dicitur
1252 3683 1421 3750 dans
1459 3695 1761 3776 respectu
1800 3688 1962 3767 dati,
2015 3716 2149 3760 non
2205 3718 2242 3762 a

714 3796 1044 3880 potestate
1073 3788 1384 3869 dominii,
1417 3788 1533 3856 sed
1566 3813 1604 3857 a
1634 3794 1702 3858 vi
1742 3798 2031 3865 amoris:
2074 3802 2245 3868 sicut

714 3906 817 3965 est
878 3897 1060 3963 datio
1141 3896 1315 3963 inter
1377 3897 1658 3974 amicos,
1707 3902 1937 3993 inqua
1973 3904 2244 3976 datione

719 4026 897 4072 unus
923 4002 1035 4069 dat
1067 4000 1235 4068 bene
1264 4001 1377 4068 alii
1422 4002 1603 4092 quod
1663 4003 1887 4086 babet,
1946 4019 2008 4077 et
2065 4014 2243 4103 quod

718 4112 860 4202 ipse
889 4119 1013 4187 est,
1045 4109 1215 4175 sicut
1277 4106 1437 4177 dicit
1498 4111 1758 4179 amicus
1812 4115 1894 4183 ad
1925 4119 2244 4200 amicum,

719 4216 863 4306 Ego
894 4217 980 4283 do
1013 4239 1118 4282 me
1175 4215 1332 4284 tibi:
1375 4214 1438 4284 et
1488 4215 1614 4283 bor
1647 4222 2030 4292 mentorum
2094 4230 2247 4317 Spi-

721 4324 887 4391 ritus
942 4333 1212 4390 sanctus
1269 4326 1348 4389 sit
1409 4324 1664 4393 «lunum
1747 4332 1976 4422 inquo
2017 4338 2246 4403 «nuntia

716 4430 898 4500 dona
925 4429 1288 4507 donantur,
1328 4432 1704 4500 concedunt
1737 4437 1916 4526 quod
1961 4441 2249 4529 Spiritus

717 4548 989 4606 sanctus
1017 4538 1131 4603 dat
1181 4560 1278 4603 se.
1317 4536 1388 4602 Si
1455 4540 1633 4607 enim
1671 4544 1737 4609 in
1796 4544 2244 4625 inferioribus,

720 4645 1032 4736 inquiunt
1066 4642 1183 4720 illi,
1215 4644 1472 4708 uiuit-ns
1537 4649 1756 4714 amico
1794 4650 1904 4717 «lat
1944 4677 2054 4721 se:
2099 4667 2161 4723 vt
2192 4662 2244 4724 si

718 4774 912 4818 amor
945 4748 1209 4837 medius
1239 4751 1353 4839 qni
1386 4758 1480 4814 est
1516 4750 1687 4819 init-t·
1717 4780 1856 4829 vos,
1891 4771 2057 4823 esset
2096 4785 2248 4850 per-

717 4880 884 4924 sona
916 4854 1229 4946 perfecta,
1292 4857 1587 4944 seipsum
1659 4870 1939 4952 uterque
1996 4870 2248 4934 azinco-

718 4985 868 5030 rum
926 4961 1112 5027 daret
1150 4962 1532 5049 integrum:
1588 4965 1675 5031 ita
1707 4989 1859 5033 cuin
1905 4969 1972 5035 in
2004 4970 2249 5041 divinis

719 5068 1011 5158 Spiritus
1049 5075 1321 5134 sanctus
1369 5068 1456 5133 sit
1493 5090 1711 5147 amor,
1772 5072 2002 5141 dicunt
2066 5081 2247 5168 quod

719 5175 861 5266 ipse
916 5173 1029 5239 dat
1083 5173 1409 5262 seipsum,
1467 5182 1528 5241 et
1573 5174 1700 5244 boc
1739 5180 2004 5248 videtur
2035 5187 2249 5274 magis

717 5279 1088 5371 probabile.

814 5388 1165 5455 Scamnum
1213 5387 1341 5456 boc
1390 5413 1551 5482 ergo
1593 5397 1965 5487 respondeo
1996 5400 2077 5466 ad
2110 5405 2248 5491 pri-

723 5520 938 5574 mum,
979 5497 1157 5587 quod
1235 5496 1402 5565 dans
1458 5508 1523 5567 et
1581 5498 1813 5570 datum
1879 5508 2245 5576 secundum

724 5604 1007 5694 primam
1069 5605 1508 5671 intentionem
1568 5605 1800 5676 dicunt
1841 5610 2247 5681 substantia·

2350 302 2559 371 ORD.
2611 301 2911 370 PRAED.

2354 473 2486 542 lem
2529 473 3037 542 distinctionem
3068 443 3290 541 dantis
3330 480 3396 538 et
3427 472 3588 548 dati,
3624 471 3742 539 sed
3772 494 3908 538 non

2351 581 2724 648 secundum
2765 581 3164 648 secundam.

2438 685 2543 750 An
2572 707 2769 751 Amul)
2801 683 3190 762 dicendum,
3226 683 3411 773 quod
3444 684 3510 747 in
3540 683 3905 749 donatione

2354 788 2648 878 Spiritus
2676 791 2892 856 sancti
2931 789 3068 855 duo
3109 798 3290 856 sunt.
3338 789 3565 856 Unum
3594 788 3778 877 quod
3806 797 3905 854 est

2351 894 2607 963 donum
2639 895 3037 985 principale,
3073 897 3259 986 quod
3299 905 3399 963 est
3420 895 3715 986 Spiritus
3743 917 3905 962 san-

2351 1011 2496 1070 ctus
2528 1003 2765 1071 datus:
2801 1001 2989 1070 aliud
3028 1013 3129 1071 est
3169 1003 3426 1069 donum
3478 1003 3662 1092 quod
3708 1002 3904 1069 datur

2350 1109 2420 1175 in
2460 1109 2604 1189 illo,
2668 1119 2734 1177 et
2789 1133 2945 1177 cum
2987 1109 3132 1178 illo.
3168 1112 3248 1177 In
3309 1109 3464 1192 illo,
3529 1109 3704 1186 dico,
3745 1109 3903 1198 quia

2352 1218 2493 1302 ipse
2523 1217 2903 1285 secundum
2962 1216 3427 1307 Augustinum
3486 1224 3587 1282 est
3645 1215 3901 1282 donum

2351 1325 2417 1389 in
2461 1346 2597 1413 quo
2629 1326 2865 1391 omnia
2902 1323 3083 1391 dona
3150 1323 3530 1391 donantur:
3567 1345 3719 1389 cum
3776 1322 3904 1389 illo

2350 1441 2579 1499 autem
2620 1432 2771 1500 ideo
2804 1433 2982 1517 dico,
3027 1433 3189 1523 quia
3244 1433 3463 1523 gratia
3531 1430 3906 1498 infunditur

2352 1535 2648 1626 Spiritus
2677 1539 2917 1620 sancti,
2951 1547 3020 1606 et
3049 1547 3357 1628 respectu
3387 1537 3569 1604 illius
3591 1538 3769 1628 quod
3793 1538 3907 1605 da-

2351 1653 2462 1711 tur
2496 1646 2565 1711 in
2604 1642 2786 1712 dono
2822 1645 3121 1736 Spiritus
3161 1647 3400 1726 sancti,
3435 1655 3683 1713 etcum
3727 1647 3900 1736 ipse,

2350 1755 2628 1843 ponitur
2658 1754 2968 1842 operatio
3000 1753 3225 1821 Patris
3264 1761 3331 1821 et
3375 1753 3516 1819 Filii
3560 1762 3628 1820 et
3684 1745 3917 1842 Spiri-'

2350 1871 2460 1927 tus
2489 1862 2700 1928 sancti
2730 1882 2745 1926 ε
2781 1862 2941 1951 quia
2990 1858 3126 1928 hoc
3152 1869 3256 1928 est
3294 1860 3572 1928 effectus
3616 1862 3685 1926 in
3715 1882 3905 1926 crea-

2352 1976 2505 2034 tura
2560 1967 3100 2035 substantialiter
3153 1965 3473 2035 disferens
3539 1989 3577 2034 a
3645 1965 3902 2057 Spiritu

2351 2084 2613 2144 sancto,

2439 2183 2545 2250 An
2598 2206 2797 2251 mun
2853 2181 3245 2262 dicendum,
3315 2182 3501 2274 quod
3572 2183 3901 2275 quidquid

2349 2290 2552 2358 datur
2578 2289 2953 2358 secundum
2982 2289 3170 2383 quod
3208 2290 3377 2357 dans
3417 2289 3623 2358 babet
3675 2289 3902 2360 domi-

2352 2403 2540 2467 nium
2573 2423 2777 2491 super
2814 2399 3081 2479 datum,
3114 2408 3182 2466 et
3210 2422 3294 2467 ex
3324 2399 3584 2467 ratione
3616 2402 3905 2470 auctori-

2357 2510 2514 2577 tatis
2545 2517 2610 2575 et
2649 2508 2938 2576 dominii
2962 2505 3170 2576 habet
3189 2509 3664 2576 auctoritatem
3696 2507 3898 2578 dandi

2352 2617 2523 2684 boc:
2597 2616 2706 2685 vel
2773 2627 3131 2708 separatur
3160 2617 3243 2684 ab
3281 2641 3366 2684 eo
3402 2616 3575 2696 loeo,
3610 2617 3716 2686 vel
3748 2641 3900 2700 usu,

2349 2726 2455 2794 vel
2491 2726 2727 2792 transit
2770 2726 2837 2791 in
2870 2727 3431 2793 communitatem
3464 2724 3741 2792 alterius
3777 2724 3906 2791 do-

2354 2834 2543 2902 minii
2576 2856 2591 2900 :
2635 2831 2756 2902 sed
2795 2855 2936 2900 non
2964 2834 3035 2901 in
3059 2833 3350 2928 ,datione
3383 2833 3498 2899 ubi
3534 2834 3704 2901 ratio
3742 2831 3904 2901 dan-

2352 2945 2437 3011 tis
2477 2963 2616 3010 non
2658 2940 2985 3009 fundatur
3011 2940 3140 3009 nisi
3175 2941 3243 3007 in
3274 2962 3551 3008 amore:
3593 2941 3754 3031 quia
3814 2940 3905 3008 ibi

2350 3045 2521 3115 dans
2581 3053 2888 3114 remanet
2928 3053 3139 3124 totus,
3209 3052 3276 3111 et
3330 3050 3514 3111 totus
3568 3043 3768 3111 datur
3801 3043 3906 3112 al-

2352 3154 2474 3221 teri
2510 3161 2574 3221 et
2604 3174 2640 3219 a
2671 3153 2925 3243 seipso,
2960 3159 3034 3219 ut
3065 3152 3256 3241 prius
3285 3151 3500 3241 patuit
3534 3151 3602 3218 in
3666 3171 3905 3217 exeni-

2352 3255 2463 3347 plo
2521 3258 2903 3324 amicorum
2961 3264 3031 3323 et
3067 3256 3322 3322 amoris
3378 3276 3643 3331 eorum,
3695 3255 3749 3321 si
3792 3254 3902 3322 ille

2349 3388 2546 3432 amor
2574 3372 2750 3432 esset
2787 3384 3106 3453 persona,
3139 3371 3304 3431 etse
3335 3363 3590 3430 donare
3645 3373 3897 3454 posset.

2438 3475 2544 3541 An
2581 3493 2780 3541 Αιιυο
2809 3469 3203 3550 dicendum,
3247 3469 3430 3562 quod
3460 3470 3906 3561 personaliter

2351 3590 2451 3649 est
2481 3580 2738 3649 donum
2771 3588 2837 3647 et
2866 3578 2954 3647 ab
2993 3588 3251 3647 aeterno
3288 3602 3409 3670 per
3451 3579 3900 3669 aptitudinem

2352 3686 2679 3769 donandi,
2737 3695 2811 3753 ut
2876 3684 3036 3754 dicit
3094 3687 3560 3776 Augustinus:
3602 3685 3718 3756 sed
3752 3690 3902 3759 licet
3969 3736 3985 3754 .

2352 3796 2437 3864 ab
2486 3807 2736 3864 :eterno
2794 3796 2879 3860 sit
2936 3793 3225 3878 donum,
3302 3805 3365 3863 et
3409 3819 3722 3886 persona,
3767 3822 3900 3868 non

2359 3914 2587 3970 tamen
2622 3903 2792 3969 ratio
2832 3901 2994 3968 doni
3036 3900 3412 3969 secundum
3490 3904 3766 3973 modum
3822 3909 3911 3974 si·

2359 4009 2724 4097 guiticandi
2783 4016 2882 4075 est
2950 4009 3125 4075 ratio
3182 4031 3534 4099 personae:
3590 4015 3748 4105 quia
3779 4014 3905 4081 do·-

2357 4144 2521 4187 num
2581 4119 2828 4186 dicitur
2882 4118 2971 4185 ab
3010 4118 3389 4209 aptitudine
3447 4122 3907 4193 donabilitatis

2359 4231 2668 4321 passivw,
2704 4227 2958 4295 scilicet
2988 4227 3170 4317 quod
3204 4227 3442 4296 «lunari
3478 4233 3726 4320 possit:
3761 4257 3910 4325 per·

2356 4361 2520 4403 sona
2592 4345 2818 4401 autem
2890 4334 3138 4401 dicitur
3212 4336 3278 4402 in
3357 4361 3450 4402 tw.
3516 4338 3591 4404 Et
3662 4340 3809 4406 ideo
3842 4343 3908 4408 in

2356 4453 2688 4534 «plantum
2722 4451 2817 4507 est
2857 4464 3143 4530 persona
3182 4452 3244 4508 et
3285 4442 3488 4518 lleus,
3543 4444 3741 4514 babet
3771 4448 3908 4513 vir-

2358 4561 2571 4620 tuti-m
2624 4550 2826 4617 «tandi
2905 4550 3127 4617 active
3162 4572 3177 4617 :
3212 4561 3278 4618 et
3336 4552 3402 4619 in
3444 4564 3773 4643 quantum
3810 4567 3907 4622 est

2361 4660 2645 4733 donum,
2681 4656 2886 4724 habet
2909 4658 3408 4749 congruitatem
3452 4670 3518 4725 ut
3552 4661 3917 4753 deturpas-

2360 4768 2529 4832 sive.
2596 4763 2676 4831 tit
2746 4763 2899 4830 ideo
2959 4766 3030 4831 in
3089 4776 3496 4856 argumento
3541 4767 3654 4834 illo
3686 4769 3912 4837 incidit

2360 4870 2625 4938 fallacia
2667 4869 3076 4936 accidentis:
3114 4872 3273 4959 quia
3316 4869 3463 4938 licet
3506 4896 3793 4962 persona
3850 4887 3916 4943 et

2361 4978 2545 5046 neus
2584 4988 2649 5044 et
2678 4977 2940 5044 donum
3001 4977 3087 5043 sit
3149 4977 3446 5067 Spiritus
3500 4991 3773 5047 sanctus
3829 4984 3914 5050 ab

2359 5095 2640 5165 aeterno,
2674 5108 2814 5153 non
2868 5093 3098 5152 tamen
3158 5094 3449 5173 oportet,
3494 5088 3677 5177 quod
3709 5113 3915 5160 omne

2361 5191 2545 5283 quod
2586 5192 2643 5257 ei
2676 5191 3001 5258 convenit
3042 5192 3110 5257 in
3152 5201 3481 5280 quantum
3506 5202 3605 5260 est
3625 5193 3914 5281 donum,

2362 5299 2726 5367 conveniat
2754 5298 2814 5364 ei
2874 5294 3112 5363 eadem
3176 5299 3436 5366 ratione
3476 5299 3542 5366 in
3585 5313 3915 5392 quantum

2365 5414 2466 5472 est
2505 5427 2638 5470 una
2667 5424 2958 5494 persona
2993 5404 3062 5468 in
3090 5403 3441 5473 Trinitate.

2452 5512 2556 5577 An
2589 5532 2743 5577 mam
2785 5508 3179 5589 dicendum,
3223 5511 3403 5599 quod
3465 5511 3615 5580 licet
3682 5512 3916 5584 datum

2361 5615 2735 5685 secundum
2804 5625 3034 5683 actum
3130 5638 3268 5683 non
3324 5619 3412 5684 sit
3479 5621 3546 5686 in
3590 5629 3916 5713 tempore,

4011 718 4088 762 Ad
4117 721 4155 763 2.

4004 3525 4085 3572 Ad
4110 3528 4155 3571 4.
