4897 6388
799 1343 992 1389 sotuuo.

834 1778 912 1823 Ad
948 1779 983 1825 l.

821 3194 890 3240 Ad
917 3193 964 3243 2.

1870 201 1966 268 IN
2011 201 2043 268 Ι
2092 197 2519 267 SENTENT.
2571 194 2794 265 DIST.
2848 193 3036 273 XVI,
3088 193 3173 273 A,
3226 193 3426 262 ART.
3482 194 3542 261 5.

1105 394 1230 460 per
1261 372 1596 462 Spiritum
1638 379 1972 440 sanctum.
2008 362 2188 438 Cum'
2221 377 2385 460 ergo
2418 367 2666 435 veritas

1105 480 1365 547 mundo
1427 479 1845 547 manifestari
1902 478 2158 555 debuit,
2216 473 2663 543 conveniebat

1103 587 1250 654 fieri
1282 610 1404 677 per
1435 588 1833 654 missionem
1868 578 2164 675 Spiritus
2195 583 2435 650 sancti.

1194 697 1261 761 2.
1303 696 1497 773 Item,
1552 692 1795 761 Matth.
1846 716 1915 772 X,
1974 693 2056 760 20
2091 716 2106 759 z
2144 693 2300 759 Non
2359 713 2472 758 vos
2509 691 2663 755 estis

1105 805 1231 893 qui
1278 802 1673 893 loquimini,
1705 800 1828 868 sed
1851 800 2156 890 Spiritus
2191 799 2431 866 Patris
2462 799 2664 864 vestri

1099 910 1225 999 qui
1276 909 1588 997 loquitur
1634 907 1708 973 in
1754 905 1961 973 vobis,
1997 905 2175 995 Ergo
2228 905 2314 971 ad
2371 904 2660 994 loquen-

1101 1017 1267 1084 dum
1323 1016 1393 1082 in
1444 1014 1888 1082 conversione
1929 1012 2249 1082 Gentium
2290 1011 2658 1080 mittendus

1101 1132 1204 1191 est
1244 1123 1539 1211 Spiritus
1578 1130 1875 1201 sanctuS,
1913 1145 2049 1190 non
2094 1120 2324 1188 Filius.

1195 1333 1514 1401 Sommo.
1593 1334 1999 1409 Dicendum,
2080 1332 2264 1423 quod
2324 1331 2653 1422 Spiritum

1096 1448 1412 1508 sanctum
1480 1440 1550 1524 in
1607 1449 1912 1509 creatura
1964 1462 2101 1507 non
2155 1439 2348 1505 unita
2401 1435 2651 1505 visibili

1096 1550 1274 1616 mitti
1305 1547 1781 1632 conveniebat,
1807 1548 2069 1615 -Filium
2099 1554 2327 1614 autem
2364 1547 2433 1613 in
2463 1568 2647 1614 crea-

1095 1664 1253 1724 tura
1289 1657 1482 1724 unita
1528 1656 1807 1724 visibili.

1183 1764 1286 1831 An
1335 1787 1400 1830 ιο
1479 1773 1710 1832 autem
1761 1765 1945 1853 quod
2016 1763 2236 1853 primo
2304 1762 2641 1851 objicitur,

1087 1872 1454 1941 dicendum
1488 1873 1670 1963 quod
1719 1874 2073 1942 instructio
2112 1872 2404 1963 pertinet
2441 1871 2640 1940 etiam

1082 1978 1170 2045 ad
1226 1979 1558 2070 Spiritum
1615 1987 1949 2048 sanctum.
1981 1979 2101 2047 Est
2154 1978 2337 2047 enim
2386 1978 2641 2044 instru-

1081 2087 1219 2153 ctio
1251 2109 1374 2176 per
1413 2086 2041 2177 interpretationem
2079 2093 2145 2153 et
2193 2083 2637 2163 locutionem,

1086 2201 1155 2261 et
1196 2193 1324 2261 ista
1381 2195 1705 2262 convenit
1739 2192 1970 2262 Verbo
2008 2200 2076 2261 et
2132 2192 2191 2260 ei
2237 2193 2352 2283 qui
2411 2199 2513 2260 est
2563 2214 2639 2259 os

1082 2302 1305 2371 Patris
1334 2325 1350 2370 ε
1379 2312 1446 2372 et
1484 2312 1585 2371 est
1615 2303 1968 2371 instructio
1998 2324 2135 2369 non
2161 2324 2284 2392 per
2319 2299 2633 2381 verbum,

1077 2410 1199 2478 sed
1245 2434 1365 2502 per
1421 2412 1936 2502 inspirationem
2003 2410 2329 2490 veritatiS,
2387 2418 2456 2478 et
2523 2408 2637 2476 illa

1073 2520 1401 2587 convenit
1442 2517 1725 2609 Spiritui
1767 2518 2091 2599 veritatis,
2140 2517 2207 2585 id
2255 2525 2382 2601 est,
2427 2539 2469 2583 a
2513 2539 2635 2584 ve-

1074 2625 1274 2694 ritate
1303 2626 1726 2717 procedenti,
1783 2627 1900 2718 qui
1939 2625 2296 2694 annuntiat
2343 2647 2424 2693 ea
2481 2648 2631 2716 quae

1072 2735 1320 2825 accipit
1368 2758 1409 2802 a
1456 2735 1741 2803 veritate
1775 2757 1791 2802 :
1826 2736 1999 2803 sicut
2037 2734 2292 2803 factum
2352 2732 2423 2801 in
2463 2734 2631 2801 mis-

1071 2842 1266 2911 sione
1319 2841 1616 2933 Spiritus
1681 2845 1897 2911 sancti
1931 2842 2386 2911 :illuminavit
2444 2842 2625 2910 enim

1074 2951 1373 3043 Spiritus
1428 2952 1516 3020 ad
1570 2952 1850 3044 plenum
1909 2951 2328 3020 intellectum
2387 2973 2625 3020 eorum

1073 3083 1229 3151 quae
1260 3061 1496 3129 audita
1527 3068 1720 3129 erant
1749 3083 1789 3128 a
1829 3059 2027 3128 Filio.

1169 3169 1273 3236 An
1344 3192 1544 3238 auru
1618 3167 1979 3238 dicendum
2065 3166 2301 3236 eodem
2390 3164 2618 3245 modo,

1072 3278 1262 3369 quod
1318 3279 1386 3346 in
1429 3288 1760 3370 quantum
1817 3276 2085 3346 auditus
2139 3284 2373 3345 causat
2421 3275 2621 3345 tidem

1068 3408 1224 3476 quae
1255 3393 1359 3454 est
1414 3408 1535 3476 per
1580 3385 1865 3454 verbum
1907 3383 2181 3467 Christi,
2221 3384 2319 3452 sic
2365 3406 2621 3452 conve-

1065 3490 1301 3560 niebat
1337 3491 1542 3560 Iidem
1574 3491 1803 3561 doceri
1834 3514 1956 3582 per
1984 3490 2286 3559 Verbum
2335 3490 2620 3558 missum

1064 3599 1136 3666 in
1176 3622 1479 3669 carnem.
1526 3598 1603 3667 ln
1659 3608 1989 3691 quantum
2039 3606 2265 3666 autem
2305 3596 2474 3666 tides
2520 3605 2624 3666 est

1061 3729 1383 3776 assensus
1414 3707 1654 3797 primae
1727 3706 2028 3774 veritatis
2058 3728 2195 3773 non
2235 3711 2460 3796 potest
2494 3702 2622 3771 lia-

1062 3813 1205 3883 beri
1247 3815 1377 3882 nisi
1420 3837 1540 3906 per
1588 3813 2125 3905 inspirationem.
2169 3811 2366 3882 Unde
2413 3813 2617 3881 etiam

1058 3921 1375 4013 Apostoli
1409 3923 1524 4013 qui
1583 3932 1741 3991 ante
1789 3921 2117 3991 flexibiles
2155 3928 2350 3990 erant
2405 3921 2473 3987 in
2517 3943 2619 3987 as·

1058 4052 1291 4107 sensu,
1335 4053 1492 4098 cum
1545 4029 1871 4098 haberent
1911 4028 2110 4097 tidem
2150 4052 2273 4120 per
2308 4028 2615 4096 auditum

1058 4136 1280 4222 verbi,
1314 4146 1550 4227 postea
1587 4136 1968 4205 contirmati
2010 4144 2194 4220 sunt,
2227 4157 2383 4204 cum
2416 4132 2619 4200 habe·

1058 4255 1212 4317 rent
1250 4270 1605 4316 assensum
1651 4271 1771 4339 per
1832 4247 2343 4339 inspirationem
2396 4243 2618 4336 Spiri-

1055 4368 1167 4426 tus
1196 4360 1412 4428 sanc-ti
1444 4358 1636 4427 missi
1669 4360 1738 4426 in
1769 4381 1909 4427 ρος.
1945 4357 2027 4425 Et
2056 4355 2186 4425 boc
2214 4364 2403 4424 notat
2436 4354 2612 4422 idem

1056 4468 1400 4536 Dominus
1442 4469 1510 4535 in
1567 4466 1700 4534 tine
1757 4466 1972 4545 Lucae,
2024 4488 2209 4547 xxw,
2254 4465 2339 4531 48
2400 4486 2417 4531 z
2493 4464 2614 4531 l'os

1056 4587 1316 4652 autem,
1360 4576 1702 4666 inquiens,
1742 4574 1961 4643 sedete
1991 4575 2059 4641 in
2115 4574 2415 4651 civitate,
2448 4592 2615 4661 quo·

1057 4685 1372 4776 adusque
1402 4684 1798 4752 induamini
1828 4684 2074 4751 virtute
2100 4706 2185 4749 ex
2213 4681 2383 4749 alto.

1327 5694 1438 5733 XXV

4198 185 4326 251 449

3366 360 3399 382 p

3215 584 3718 653 ARTICULUS
3773 586 3854 652 V.

2771 799 2999 882 Quare
3024 806 3186 863 sunt
3233 797 3369 864 duo
3401 797 3590 863 modi
3636 798 3978 862 missionis
4028 796 4223 873 Filii,
4259 807 4322 862 et

3241 906 3550 995 Spiritus
3576 906 3799 972 sancti
3819 907 3853 971 ⁴?

2853 1224 3115 1293 Deinde
3152 1225 3482 1314 quaeritur
3525 1224 3607 1291 de
3648 1222 3776 1291 hoc
3815 1223 3997 1313 quod
4044 1224 4206 1290 dicit
4249 1224 4314 1289 iu

2762 1335 3025 1401 Littera
3066 1336 3133 1400 in
3198 1334 3421 1422 primo
3454 1332 3778 1423 capitulo,
3842 1332 3959 1410 ibi,
4004 1331 4087 1411 A,
4125 1360 4159 1395 ε(
4202 1332 4317 1399 Ad

2760 1442 2950 1533 quod
2984 1442 3299 1524 dicimuS,
3345 1442 3513 1532 quia
3561 1444 3740 1508 sicut
3771 1441 3996 1508 Filius
4043 1439 4311 1506 duobus

2756 1550 2980 1616 modis
3008 1549 3262 1616 dicitur
3298 1550 3508 1626 mitti,
3543 1556 3670 1617 etc.
3719 1573 3751 1612 n

2842 1657 2928 1725 Et
2956 1665 3058 1725 est
3112 1657 3470 1736 dubitatio,
3507 1679 3716 1747 quare
3759 1658 3892 1724 sint
3934 1656 4067 1724 duo
4117 1656 4303 1724 modi

2751 1767 3098 1834 missionis
3138 1766 3288 1832 Filii
3331 1774 3396 1834 et
3428 1766 3722 1857 Spiritus
3751 1765 3987 1833 sancti.

2842 1876 2903 1941 1.
2937 1873 3110 1942 Cum
3142 1875 3326 1943 enim
3366 1874 3504 1943 sint
3539 1874 3691 1942 duae
3726 1884 3945 1965 partes
3975 1872 4299 1949 hominis,

2705 1967 3004 2050 'scilicet
3058 2006 3327 2074 corpus,
3373 1993 3439 2051 et
3488 1984 3742 2062 anima,
3802 1982 4067 2050 videtur
4118 1982 4301 2073 quod

2748 2099 2988 2159 neutro
3021 2091 3227 2159 modo
3268 2091 3531 2160 dicatur
3570 2089 3743 2158 mitti
3795 2090 3877 2157 ad
3923 2112 4192 2180 corpuS,
4230 2099 4301 2155 ut

2746 2200 3022 2289 quidam
3067 2199 3309 2268 volunt
3368 2200 3645 2268 reddere
3696 2201 4027 2267 rationem
4075 2222 4089 2267 ε
4134 2223 4297 2289 ergo

2741 2307 3034 2391 videtur,
3067 2306 3250 2398 quod
3289 2306 3496 2375 ambo
3549 2307 3732 2375 modi
3784 2308 3990 2396 accipi
4049 2305 4300 2374 debent

2741 2437 2947 2505 penes
3012 2422 3238 2506 partes
3294 2416 3543 2483 animae
3600 2438 3616 2482 ε
3681 2416 3798 2482 sed
3862 2438 4020 2481 cum
4082 2415 4296 2480 simus

2742 2522 2968 2613 imago
3000 2521 3151 2604 Dei,
3194 2546 3403 2613 penes
3448 2532 3583 2591 tres
3633 2521 3970 2614 potentias
4026 2521 4297 2588 videtur

2738 2627 2923 2718 quod
2959 2634 3095 2697 tres
3124 2628 3372 2697 debent
3411 2652 3558 2698 esse
3590 2627 3773 2696 modi
3812 2626 4178 2695 missionis.

2824 2739 2891 2807 2.
2962 2737 3157 2823 Item,
3226 2738 3462 2808 Missio
3529 2747 3632 2808 est
3692 2738 3776 2806 ad
3836 2736 4284 2806 revocandam

2735 2854 3113 2914 creaturam
3146 2846 3578 2931 rationalem,
3612 2855 3686 2914 ut
3722 2869 3924 2937 supra
3974 2844 4283 2912 habitum

2733 2959 2884 3019 est:
2929 2961 3288 3021 revocatur
3351 2962 3584 3022 autem
3659 2951 4030 3021 secundum
4075 2951 4287 3018 ratio-

2732 3058 3055 3138 nabilem,
3090 3060 3523 3142 irascibilem,
3549 3070 3611 3128 et
3633 3058 4225 3149 concupiscibilem
4262 3080 4277 3123 :

2731 3190 2894 3258 ergo
2935 3177 3072 3237 tres
3102 3167 3349 3238 debent
3380 3193 3526 3239 esse
3559 3167 3742 3237 modi
3775 3168 4140 3235 missionis.

2821 3382 3134 3451 Scurrae.
3198 3384 3526 3461 Dicimus,
3590 3383 3771 3474 quod
3830 3383 3964 3448 duo
4012 3390 4275 3449 tantum
4362 3402 4565 3449 soiuuo.

2730 3499 2884 3558 sunt
2927 3492 3136 3583 :quia
3181 3514 3337 3559 cum
3382 3491 3615 3559 missio
3672 3491 3976 3558 ostendat
4034 3489 4276 3557 distin·

2727 3599 3023 3667 ctionem
3063 3621 3371 3690 personae
3411 3622 3450 3668 a
3482 3623 3794 3691 persona,
3832 3622 3966 3665 non
4015 3606 4275 3689 poterat

2726 3705 2991 3774 ostendi
3035 3707 3159 3774 nisi
3211 3730 3331 3798 per
3359 3705 3789 3798 perceptibile
3829 3708 3891 3773 iu
3936 3706 4275 3773 intellectu

2726 3814 3099 3882 secundum
3136 3838 3233 3894 se,
3259 3815 3365 3884 vel
3396 3839 3516 3907 per
3551 3824 3901 3906 acceptum
3942 3840 3979 3881 a
4019 3837 4221 3881 sensu
4257 3835 4275 3884 t

2726 3931 2793 3990 et
2822 3922 2973 3991 ideo
3002 3932 3075 3991 ut
3115 3924 3530 3992 sufficienter
3577 3924 4145 3992 determinaretur
4170 3922 4280 3988 ‹li-

2726 4030 2998 4098 stinctio
3053 4054 3137 4098 ex
3179 4040 3365 4121 parte
3409 4054 3849 4121 personarum
3904 4030 4280 4121 proceden-

2726 4138 2923 4216 tium,
2968 4136 3362 4205 mittebatur
3398 4140 3596 4228 signo
3626 4138 3923 4205 sensibili
3960 4150 4023 4204 vt
4054 4137 4277 4227 speci«-

2730 4233 3165 4334 intelligibili.

2814 4349 3009 4432 ltem,
3070 4350 3241 4418 Cum
3309 4350 3546 4418 missio
3603 4350 3891 4419 adducat
3956 4355 4274 4441 gratiam.

2725 4482 2863 4528 non
2924 4468 3185 4550 poterat
3250 4481 3396 4526 esse
3440 4460 3656 4550 gratia
3712 4462 3839 4526 nisi
3900 4460 4276 4550 personalis

2727 4590 2877 4657 quae
2925 4576 3021 4633 est
3064 4567 3132 4633 iu
3181 4565 3506 4633 missione
3556 4566 3806 4633 visibili
3846 4568 4118 4645 collata,
4163 4567 4269 4636 vel

2723 4673 3125 4743 universalis
3155 4696 3309 4765 quae
3339 4683 3438 4741 est
3479 4673 3863 4742 redundans
3906 4677 3970 4742 in
4004 4698 4267 4756 omnes,

2721 4793 2784 4850 et
2826 4782 2940 4850 illa
2980 4782 3268 4850 eflicitur
3294 4779 3546 4847 visibili
3579 4782 3930 4872 utriusque
3960 4806 4267 4873 persona·

2723 4891 3073 4958 missione.

2810 5000 2915 5066 An
2962 5022 3043 5066 fa
3085 5008 3312 5065 autem
3354 5020 3505 5088 quae
3551 5007 3784 5065 contra
3825 4997 4262 5086 uinciuutur,
4324 5039 4403 5086 Μ
4439 5040 4526 5084 m
4552 5039 4595 5088 ρ,

2721 5107 3079 5173 «licendum
3123 5103 3306 5195 quod
3362 5128 3600 5173 omnes
3642 5106 4079 5196 perfectiones
4129 5108 4269 5176 illn-

2725 5238 2875 5282 rum
2923 5215 3201 5296 virium,
3252 5221 3318 5280 et
3354 5221 3490 5283 tres
3530 5213 3798 5281 habitus
3831 5215 4093 5284 illarum
4129 5220 4270 5284 vir-

2724 5330 2947 5390 tutum
2982 5322 3394 5390 reducuntur
3438 5321 3522 5389 ad
3557 5323 3960 5391 invisibilem
3997 5328 4271 5393 missin-

2728 5455 2881 5499 nem
2923 5454 2937 5498 :
2972 5454 3124 5521 qua·
3167 5431 3319 5498 licet
3364 5454 3501 5497 uno
3543 5431 3749 5498 modo
3800 5434 3910 5500 liat
3954 5434 4019 5500 in
4061 5459 4274 5525 gene-

2729 5562 2822 5618 re,
2860 5562 2992 5606 nun
3038 5548 3262 5605 tamen
3298 5562 3433 5605 inno
3478 5536 3682 5606 modo
3715 5539 3782 5605 lit
3823 5543 3888 5607 iu
3930 5543 4173 5631 specie.

3930 5681 3997 5730 ’.Ἢ
