4897 6388
740 264 909 331 510.
1733 262 1817 328 D.
1867 261 2068 329 ALB.
2121 260 2339 328 MAG.
2393 259 2601 327 om).
2659 258 2953 325 PRAED.

1831 867 2527 962 DISTINCTIO
2596 869 2840 961 XIX.

1624 1232 1740 1293 De
1825 1226 2329 1307 ,aliquantulo
2417 1226 3021 1288 Personarum.

949 1672 1035 1743 A.
1072 1666 1193 1742 De
1213 1664 1814 1765 proprietatibus
1854 1670 1928 1737 et
1964 1662 2532 1738 conditionibus
2568 1663 3137 1761 quodammodo
3172 1660 3704 1738 essentialibus

1264 1807 1339 1875 et
1374 1799 1929 1899 quodammodo
1944 1797 2487 1897 personalibus
2518 1798 2890 1873 trinitati-s·
2930 1807 3003 1874 el
3035 1797 3380 1874 uallatis,

815 2140 1040 2217 Nune
1081 2151 1485 2240 postquam
1521 2141 2119 2218 coaeternitatem
2164 2142 2392 2216 trium
2437 2165 2945 2241 personarum
2982 2165 3121 2240 pro
3186 2140 3496 2214 modulo
3553 2138 3931 2214 facultatis

719 2289 1002 2354 nostrie
1046 2278 1637 2368 insinuavimuS,
1691 2279 1850 2375 jam
1893 2279 1988 2354 de
2020 2278 2463 2354 earumdem
2525 2279 2967 2376 {equalitate
3020 2275 3312 2375 aliquid
3368 2276 3627 2373 eloqui
3669 2300 3930 2373 super·

715 2423 854 2488 est.
893 2413 1115 2488 Fides
1168 2412 1375 2487 enim
1416 2412 1813 2486 Catholiea
1869 2413 2070 2488 sicut
2099 2423 2555 2506 coaeternas,
2602 2412 2707 2487 ita
2744 2423 2820 2488 et
2861 2413 3302 2510 coaequales
3356 2422 3508 2486 tres
3554 2435 3922 2510 personas

713 2547 1007 2623 asserit.
1055 2547 1407 2646 ,Equalis
1450 2557 1565 2622 est
1602 2547 1808 2622 enim
1842 2546 1917 2621 in
1952 2547 2314 2623 omnibus
2346 2547 2553 2621 Patri
2589 2547 2857 2640 Filius,
2902 2558 2976 2623 et
3011 2548 3216 2622 Patri
3261 2557 3333 2622 et
3367 2545 3557 2620 Filio
3591 2545 3922 2644 Spiritus

713 2691 1054 2757 sanctus.
1102 2681 1296 2769 Quia
1328 2682 1444 2781 (ut
1479 2682 1961 2778 Augustinus
1995 2682 2068 2757 in
2128 2683 2320 2757 libro
2361 2682 2455 2758 de
2500 2682 2695 2757 Fide
2734 2683 2840 2758 ad
2898 2684 3221 2758 Petrum
3261 2697 3307 2770 ¹,
3339 2681 3680 2757 breviter
3753 2705 3926 2779 ape·

716 2817 924 2892 riens
955 2817 1343 2914 quomodo
1381 2815 1851 2914 intelligatur
1889 2815 2319 2916 aequalitas,
2356 2818 2606 2916 docet)
2641 2819 2904 2892 nullus
2958 2820 3234 2892 luorum
3280 2817 3516 2892 alium
3559 2827 3683 2889 aut
3722 2841 3925 2914 pra}-

717 2952 915 3027 cedit
949 2951 1404 3044 mternitate,
1441 2961 1572 3025 aut
1619 2951 1908 3026 excedit
1959 2951 2518 3048 magnitudine,
2556 2963 2692 3026 aut
2731 2963 3041 3051 superat
3087 2962 3463 3051 potestate
3503 2976 3517 3026 :
3557 2951 3739 3050 quia
3784 2977 3920 3027 ner

715 3087 926 3173 Filio,
959 3112 1099 3163 nee
1140 3086 1427 3186 Spiritu
1497 3098 1759 3162 saneto
1820 3090 2225 3185 (quantum
2297 3088 2389 3162 ad
2452 3099 2754 3163 natura!
2804 3088 3092 3162 ‹livinze
3138 3087 3508 3162 unitatem
3569 3088 3919 3186 pertinet)

714 3233 840 3296 aut
878 3222 1242 3316 anterior,
1279 3232 1411 3296 aut
1489 3223 1729 3320 major
1793 3234 1901 3297 est
1969 3223 2215 3313 Pater,
2293 3247 2428 3297 nee.
2491 3222 2730 3298 Filius
2790 3222 3080 3321 Spiritu
3141 3236 3435 3297 sancto.
3512 3223 3909 3297 ‚liternum

628 3435 640 3448 ,
712 3357 997 3457 quippe
1038 3368 1109 3433 et
1150 3357 1318 3432 sine
1363 3357 1577 3431 initio
1610 3368 1750 3452 est,
1793 3358 1996 3456 quod
2031 3357 2267 3433 Filius
2298 3359 2389 3433 (le
2428 3370 2706 3433 natura
2740 3358 2990 3432 Patris
3049 3358 3333 3433 exstitit
3373 3383 3389 3432 :
3424 3368 3501 3432 et
3543 3369 3916 3434 wternum

710 3520 797 3570 ac
825 3494 990 3570 siue
1034 3494 1248 3568 iuitio
1279 3505 1421 3586 est,
1466 3494 1668 3593 quud
1720 3494 2051 3593 Spiritus
2089 3505 2404 3569 sauctus
2452 3494 2546 3570 (le
2601 3505 2879 3570 natura
2952 3495 3201 3569 Patris
3263 3494 3585 3593 Filiique
3652 3519 3923 3593 prore-

712 3629 844 3703 dii.
882 3631 993 3703 ub
1037 3630 1178 3705 liur-
1211 3657 1394 3725 ergu
1431 3642 1581 3706 tres
1623 3654 1861 3705 unum
1919 3642 2118 3705 reete
2160 3630 2580 3725 credimus.
2643 3641 2714 3705 et
2766 3629 3098 3704 ‹lirimus
3163 3631 3406 3704 Deum
3457 3654 3473 3704 ;
3538 3631 3718 3727 quia
3775 3656 3921 3703 una

712 3792 1025 3867 prorsus
1064 3768 1481 3862 wternitas,
1522 3793 1673 3841 ιιιιει
1708 3767 2208 3861 immensitaS,
2257 3792 2411 3841 una
2473 3768 2934 3842 naturaliter
2970 3779 3083 3841 est
3141 3768 3368 3841 trium
3428 3793 3927 3866 pers-nmirum

714 3903 1102 3977 divinitas.
1143 3904 1332 3979 Eece
1397 3901 1731 3977 breviter
1767 3903 2187 4000 assignavit
2253 3902 2737 3997 Augustinus
2784 3902 2855 3975 in
2912 3927 3068 4001 quo
3132 3902 3362 3977 trium
3428 3929 3929 4004 personarunt

709 4037 1075 4113 consistat
1117 4038 1543 4135 wqualitas,
1586 4038 1872 4115 seilicet
1905 4039 2084 4138 quia
2117 4039 2263 4114 alia
2305 4039 2536 4113 aliam
2576 4065 2726 4113 non
2773 4039 3103 4130 exe-ellit,
3141 4051 3268 4112 aut
3307 4040 3763 4132 eeu-ruitum,
3799 4053 3923 4113 aut

717 4174 1274 4269 magnitudine,
1311 4187 1438 4250 aut
1476 4186 1868 4274 potestate.

2349 4519 2739 4610 aequalitate
2775 4542 3254 4609 personarum.
3283 4519 3385 4586 Ad
3412 4519 3919 4586 ‹listina-tionem

2360 4629 2548 4695 enim
2589 4651 3037 4718 personarum
3086 4630 3151 4695 in
3195 4628 3479 4709 «livinis,
3524 4628 3695 4695 sieut
3727 4653 3927 4719 supra

1196 4761 1448 4805 Divisio
1495 4760 1757 4804 rents.
2356 4733 2617 4802 dictum
2657 4744 2756 4801 est
2793 4736 2837 4819 ²,
2861 4734 3295 4825 exigebatur,
3330 4733 3513 4824 quod
3550 4746 3923 4803 remaneret

2354 4842 2709 4933 aequalitas
2751 4844 3061 4911 ess-entim
3099 4844 3166 4910 in
3198 4852 3442 4909 natura
3494 4842 3621 4910 sub
3665 4867 3794 4933 qua
3836 4843 3925 4909 ‹ti-

2355 4950 2829 5039 stinguuntur‚
2875 4960 2936 5017 et
2980 4949 3337 5040 :equalitas
3370 4948 3868 5040 prauliratiuuis
3902 4972 3916 5014 ε

803 5084 836 5123 α
860 5060 1058 5126 Nunc
1087 5069 1454 5149 postquam
1487 5057 2005 5124 coaeternitatem
2036 5056 2246 5122 trium
2355 5066 2420 5125 et
2461 5057 2543 5126 de
2574 5056 2680 5125 his
2733 5058 3057 5149 Magister
3111 5058 3521 5125 determinat
3586 5082 3796 5149 usque
3837 5059 3919 5126 ael

705 5188 1178 5255 personarum,
1215 5173 1344 5233 etc,
1379 5194 1410 5227 n
2358 5164 2584 5232 XXV!
2620 5166 3158 5234 distinctionem.

797 5273 917 5341 llic
949 5276 1180 5365 incipit
1227 5274 1521 5343 secunda
1570 5297 1722 5365 pars
1771 5272 1960 5339 istius
2010 5279 2245 5340 tracta·
2445 5273 2791 5343 Dividitur
2819 5284 3051 5341 autem
3089 5275 3155 5340 iu
3193 5280 3325 5340 tres
3359 5284 3579 5364 partes
3615 5296 3629 5340 ε
3669 5274 3732 5340 in
3762 5298 3925 5364 qua·

708 5391 816 5449 tus
846 5383 927 5452 de
964 5384 1315 5463 Trinitate,
1351 5385 1415 5451 in
1467 5407 1599 5474 qua
1631 5381 1949 5472 Magister
1994 5382 2131 5471 agit
2163 5381 2244 5448 de
2355 5403 2507 5448 rum
2538 5383 2759 5472 prima
2790 5383 2928 5471 agit
2963 5380 3046 5447 de
3072 5380 3264 5446 liisin
3294 5379 3539 5470 quibus
3562 5381 3928 5448 attenditur

777 5617 791 5652 ¹
826 5619 882 5674 S.
907 5619 1278 5701 ,tcocsrtsus‚
1305 5619 1382 5675 De
1408 5618 1545 5675 Fide
1576 5619 1648 5675 ad
1673 5620 1932 5687 Petrum,
1964 5634 2091 5689 cap.
2120 5618 2169 5672 1.
2427 5616 2447 5651 ²
2480 5615 2566 5672 cf.
2599 5616 2814 5686 Siqua,
2849 5614 2996 5669 llist.
3031 5614 3125 5668 lv.
