4897 6388
758 2223 960 2272 solutio.

1450 764 1949 836 ARTICULUS
1991 763 2180 831 XXI.

1037 996 1146 1062 An
1169 992 1229 1060 F
1235 991 1404 1059 ilius
1429 1011 1690 1083 semper
1707 996 2063 1080 qeneretur
2082 1010 2125 1054 α
2153 986 2386 1062 Patre,
2417 981 2597 1048 sieut

1447 1099 1769 1194 splendor
1805 1123 1846 1166 α
1881 1097 2139 1166 lumine
2160 1101 2196 1166 ?

1136 1417 1398 1486 Deinde
1457 1414 1780 1505 quaeritur
1826 1410 1907 1478 de
1958 1409 2089 1477 hoc
2136 1404 2320 1498 quod
2370 1401 2525 1470 dicit
2573 1395 2591 1439 ²

1048 1527 1400 1614 «Quoties
1459 1534 1685 1590 ortum
1748 1521 1963 1610 luerit
2023 1517 2253 1583 lumen
2318 1536 2403 1580 e.z·
2459 1533 2596 1601 quo

1042 1635 1370 1729 splendor
1397 1635 1643 1711 oritur,
1685 1639 1811 1700 etc.
1849 1656 1883 1693 n

1135 1742 1285 1811 Hoc
1323 1741 1508 1810 enim
1535 1736 1801 1808 videtur
1837 1734 2082 1803 falsum
2117 1729 2320 1823 :quia
2356 1750 2596 1797 secun-

1049 1851 1212 1920 dum
1272 1848 1401 1919 hoc
1465 1848 1673 1916 Filius
1722 1844 2066 1913 multoties
2130 1845 2593 1931 generaretur,

1050 1955 1236 2050 quod
1264 1954 1656 2025 haereticum
1695 1960 1816 2023 est.

1146 2173 1529 2241 Responsio.
1572 2169 1947 2240 Dicendum
1988 2145 2171 2261 quod
2207 2193 2347 2239 non
2387 2170 2599 2238 itera-

1052 2291 1166 2351 tur
1199 2279 1431 2350 divina
1467 2284 1837 2373 generatio,
1884 2280 2057 2347 sicut
2101 2278 2420 2370 splendor
2469 2281 2601 2349 ite-

1054 2398 1241 2460 ratur
1283 2413 1298 2460 :
1342 2390 1458 2460 sed
1491 2391 1650 2483 quia
1687 2390 2029 2482 generatio
2085 2412 2221 2457 non
2266 2386 2427 2458 dicit
2467 2388 2596 2456 nisi

2009 278 2105 348 IN
2150 277 2181 348 1
2233 270 2945 374 sENTENT.‚ms'1-.
2999 269 3120 348 lx,
3176 270 3261 337 N.

4126 265 4253 334 303

2702 428 3039 510 retionem
3070 461 3204 531 qua
3236 425 3465 507 Filius
3504 446 3606 509 est
3644 460 3683 504 a
3727 436 3928 506 Patre
3981 457 3995 501 :
4049 445 4114 503 et
4146 436 4258 503 illa

2703 551 3026 617 continue
3066 547 3598 634 demonstratur,
3652 552 3713 614 et
3757 568 3895 613 non
3934 542 4142 612 semel
4194 553 4258 610 et

2706 658 2930 725 deficit
2992 682 3007 724 :
3070 656 3222 725 ideo
3265 656 3509 746 recipit·
3559 654 3749 733 fides,
3810 652 3994 745 quod
4050 653 4257 720 Filius

2706 790 2977 856 semper
3014 774 3381 858 generatur
3423 787 3438 833 z
3484 774 3550 833 et
3606 788 3689 832 ex
3720 763 3851 832 hoc
3905 772 4065 830 tunc
4121 785 4257 829 non

2708 876 3042 965 sequitur,
3080 875 3266 965 quod
3297 895 3675 964 numquam
3727 871 4072 963 generatio
4115 872 4259 960 ejus

2706 984 3121 1074 perficiatur,
3165 981 3284 1050 sed
3323 981 3504 1073 quod
3543 980 3712 1050 ratio
3742 979 4113 1050 existentiae
4143 977 4262 1044 Fi-

2709 1090 2783 1158 lii
2814 1113 2853 1160 a
2891 1089 3094 1158 Patre
3125 1077 3457 1159 continue
3488 1088 3987 1159 demonstretur
4016 1086 4083 1153 in
4121 1082 4262 1152 Pa-

2709 1205 2811 1267 tre
2845 1206 2911 1265 et
2949 1196 3144 1266 Filio.

2801 1304 3107 1384 Qualiter
3142 1315 3373 1375 autem
3412 1304 3733 1397 splendor
3788 1305 4105 1373 continue
4142 1325 4265 1394 ge-

2712 1422 2989 1483 neratur
3017 1437 3056 1481 a
3078 1413 3254 1494 luce,
3282 1414 3526 1504 probat
3544 1413 3970 1504 Augustinus
3991 1413 4059 1478 in
4090 1410 4261 1479 libro

2710 1520 2805 1588 vl
2845 1544 3050 1611 supra
3091 1523 3429 1601 Genesim,
3461 1522 3557 1590 sic
3606 1544 3621 1589 ε
3673 1519 3872 1600 Quod
3916 1518 4265 1586 illumina-

2710 1638 2853 1698 tum
2876 1636 3000 1713 est,
3034 1651 3175 1697 non
3206 1629 3631 1697 illuminatur
3650 1627 3941 1719 amplius
3967 1650 3983 1695 :
4015 1626 4129 1695 sed
4151 1649 4265 1695 aer

2708 1732 3030 1805 continue
3073 1735 3498 1805 illuminatur
3535 1760 3576 1805 a
3614 1734 3757 1804 sole
3794 1744 4122 1825 praesente
4158 1757 4267 1802 so-

2707 1843 2772 1912 le
2807 1865 2823 1911 :
2868 1866 3031 1935 ergo
3070 1866 3453 1935 numquam
3495 1850 3719 1935 potest
3747 1841 3904 1924 dici,
3954 1839 4138 1932 quod
4179 1839 4265 1908 il-

2709 1951 3086 2020 luminatus
3125 1953 3213 2020 sit
3272 1974 3288 2022 ε
3350 1961 3417 2022 et
3454 1953 3524 2020 in
3564 1950 3812 2021 talibus
3857 1951 4060 2021 simul
4106 1963 4264 2020 sunt

2712 2058 3112 2140 illuminari,
3146 2067 3213 2129 et
3253 2059 3715 2131 illuminatum
3755 2083 3901 2129 esse
3953 2081 3969 2129 ε
4012 2059 4129 2129 sed
4167 2067 4264 2128 ta·

2712 2189 2871 2234 men
2902 2190 3067 2234 usus
3098 2165 3327 2248 habet,
3361 2166 3542 2259 quod
3584 2165 3953 2236 illuminari
3991 2168 4258 2247 dicitur,

2711 2275 2874 2365 quia
2910 2297 3094 2344 nunc
3122 2276 3347 2366 primo
3388 2276 3622 2366 recipit
3666 2276 3900 2344 lumen
3942 2297 3960 2340 ε
4001 2275 4263 2343 illumi-

2712 2391 2914 2452 natus
2942 2392 3199 2465 autem,
3233 2383 3508 2477 quando
3530 2385 3675 2474 jam
3708 2386 3964 2476 recipit.

1270 2911 1368 2991 N.
1417 2909 1639 3007 Quod
1661 2912 1915 2990 Filius
1949 2919 2721 3013 settipe1·yeaeee1·atur,
2766 2907 3277 3006 confirmatur
3313 2935 3414 2988 ex
3443 2910 3668 2990 dictis
3712 2908 4028 2987 Hilarii.

1149 3255 1493 3333 Hilarius
1531 3278 1840 3356 quoque
1879 3256 2060 3332 (licit
2101 3256 2375 3331 Filium
2417 3256 2632 3333 nasci
2665 3280 2759 3333 ex
2794 3257 3016 3333 Patre
3063 3257 3139 3330 in
3183 3256 3378 3331 libro
3405 3256 3540 3332 Vll
3583 3256 3677 3334 de
3726 3257 4099 3333 Trim'tate
4140 3254 4258 3330 his
4339 3252 4347 3258 ’

1051 3390 1313 3467 verbis
1348 3413 1366 3466 :
1400 3389 1690 3466 Vivens
1719 3390 1955 3483 Deus,
1998 3398 2074 3466 et
2105 3399 2400 3465 natura¹
2439 3399 2759 3466 mternoe
2791 3389 3126 3466 viventis
3167 3399 3505 3490 potestas
3532 3399 3649 3467 est
3681 3415 3700 3468 ε
3732 3400 3805 3468 et
3844 3390 4049 3491 quod
4080 3415 4257 3466 cum

1055 3533 1538 3602 sacramento
1587 3524 1928 3600 scientim
1969 3548 2134 3600 suae
2187 3547 2280 3600 ex
2318 3549 2411 3601 eo
2453 3524 2827 3620 nascitur,
2881 3548 3034 3599 non
3081 3526 3324 3625 potuit
3369 3526 3579 3601 aliud
3639 3550 3811 3603 esse
3861 3548 4090 3626 quam
4140 3526 4261 3600 vi-

1057 3685 1273 3738 vens·
1304 3661 1503 3739 Nam
1541 3684 1715 3735 cum
1756 3659 1886 3751 uit,
1935 3661 2162 3736 Sicut
2185 3660 2400 3736 misit
2434 3684 2557 3736 me
2595 3662 2864 3737 vivens
2911 3661 3182 3755 Pater,
3241 3668 3314 3738 et
3361 3687 3497 3761 eqo
3541 3663 3709 3738 vivo
3738 3668 4063 3762 propter
4098 3662 4264 3737 Ρα-

1053 3803 1245 3872 trem
1281 3814 1329 3891 ¹,
1399 3795 1659 3872 docuit
1697 3795 1927 3870 vitam
1985 3794 2059 3869 in
2104 3818 2186 3871 se
2244 3794 2813 3895 per·viventem
2859 3796 3162 3872 Patrem
3227 3794 3507 3873 inesse.
3571 3797 3766 3872 Ecce
3823 3797 3944 3874 hic
3996 3796 4259 3893 habes,

1057 3929 1241 4029 quia
1280 3927 1522 4004 Filius
1552 3926 1898 4004 nascitur
1924 3952 2016 4004 ex
2058 3927 2309 4004 Patre.

1159 4063 1376 4157 ltein,
1412 4061 1486 4136 in
1522 4061 1787 4138 eodem
1826 4085 1842 4137 ε
1887 4063 2078 4135 Cuin
2111 4061 2292 4135 dicit
2330 4060 2713 4155 Christus»,
2762 4061 2988 4135 Sic-nl
3024 4061 3269 4137 Pater
3326 4061 3554 4140 habet
3591 4063 3824 4139 vitam
3859 4063 3939 4138 in
3986 4071 4265 4141 semel-

1059 4196 1252 4297 1‘psO‚
1293 4197 1407 4272 sic
1457 4195 1670 4271 aedit
1695 4203 1769 4271 et
1819 4194 2028 4270 Filio
2066 4194 2345 4270 hahere
2387 4195 2620 4271 vitam
2676 4195 2757 4270 in
2808 4196 3221 4296 semetipso
3247 4208 3270 4244 ⁸
3299 4222 3326 4271 .·
3353 4197 3615 4273 omnia
3644 4198 3824 4274 viva
3859 4222 4001 4273 suu
4032 4220 4125 4273 ex
4160 4199 4269 4274 vi·

1055 4341 1284 4407 vente
1319 4339 1638 4407 testulus
1667 4340 1807 4406 est.
1853 4330 2071 4418 Quod
2100 4340 2354 4406 autem
2401 4354 2495 4406 ex
2543 4328 2727 4403 vivo
2768 4329 3035 4406 vivum
3102 4342 3365 4406 natum
3401 4341 3544 4426 est,
3590 4333 3818 4409 habet
3852 4331 4268 4410 nativitatis

1060 4467 1481 4567 perlectum
1510 4462 1536 4500 ⁸
1572 4466 1739 4543 sine
1772 4465 2107 4541 novitate
2150 4474 2474 4541 nuturw.
2512 4464 2684 4540 Non
2721 4466 2927 4541 enim
2962 4489 3252 4543 novum
3296 4466 3649 4567 estquod
3690 4491 3783 4544 ex
3812 4467 3992 4542 vivo
4030 4493 4271 4567 genc-

1061 4614 1275 4679 ratur
1314 4603 1392 4678 in
1433 4599 1727 4698 vivum,
1761 4603 1943 4701 quia
1985 4627 2124 4678 nec
2155 4626 2248 4678 ex
2278 4602 2521 4678 nihilo
2581 4611 2699 4679 est
2759 4626 2777 4678 ε
2822 4615 2901 4679 et
2958 4603 3112 4679 vitu
3151 4623 3333 4703 qum
3375 4603 3851 4681 nativitatem
3896 4602 4131 4681 sumit
4179 4629 4272 4682 ex

1059 4739 1241 4834 vitu,
1288 4761 1603 4815 necesse
1632 4747 1746 4814 est
1785 4762 1923 4837 per
1959 4747 2258 4813 nuturoe
2290 4737 2663 4814 unitatem
2707 4750 2783 4815 et
2810 4741 3169 4839 perfectio
3201 4738 3626 4816 nativitatis
3668 4754 4267 4838 sacramentum,

1062 4885 1142 4949 ut
1181 4885 1257 4951 et
1288 4875 1364 4948 in
1399 4873 1704 4950 vivente
1745 4873 1976 4968 vivat,
2010 4884 2083 4950 et
2126 4872 2198 4947 in
2233 4897 2315 4949 se
2372 4874 2651 4950 habeat
2687 4872 2928 4950 vitam
2968 4873 3391 4952 viventem.
3456 4877 3651 4953 Ecce
3709 4886 3786 4954 et
3840 4876 3962 4951 hic
4034 4877 4271 4954 habes

1063 5012 1246 5112 quia
1285 5021 1700 5111 generatur
1728 5035 1821 5088 ex
1859 5011 2036 5086 vivo
2075 5011 2348 5087 vivens
2377 5010 2646 5088 Filius.

1166 5148 1381 5237 Item,
1428 5147 1504 5223 in
1547 5148 1810 5224 eodem
1859 5174 1874 5224 :
1915 5147 1995 5221 In
2039 5147 2200 5221 Deo
2241 5155 2480 5223 totum
2524 5148 2733 5246 quod
2768 5159 2884 5224 est
2917 5148 3156 5226 vivit:
3208 5150 3419 5227 Deus
3446 5150 3655 5226 euim
3696 5150 3849 5226 vita
3883 5160 4025 5247 est,
4069 5161 4137 5227 et
4180 5175 4274 5228 ex

1136 5456 1154 5490 ¹
1185 5450 1353 5510 toan.
1384 5463 1458 5518 vl,
1490 5453 1580 5507 58.

1137 5545 1162 5583 ²
1186 5546 1354 5602 lomi.
1386 5558 1440 5610 v,
1471 5544 1562 5598 20.

1138 5634 1162 5670 ⁸
1190 5631 1343 5689 tdit.
1374 5630 1541 5687 Joan.
1576 5630 1902 5697 Altonume,
1928 5631 2256 5703 profectum.
