4897 6388
643 374 725 436 90
1488 439 1498 450 ,
1614 369 1701 437 D.
1756 369 1950 436 ALB.
1995 368 2469 438 MAG.·ORD.
2523 367 2821 446 PRAED.

1754 980 2445 1083 DISTINCTIO
2517 980 2681 1074 ΙΙΙ.

641 1371 729 1443 Α.
789 1367 1075 1467 Incipit
1136 1364 1527 1441 ostendere
1576 1360 1950 1461 quomodo
2007 1382 2155 1456 per
2205 1365 2635 1433 creaturam
2677 1359 3026 1455 potuerit
3081 1362 3439 1457 coquosci
3494 1361 3837 1436 Creator.

734 1814 1144 1912 Apostolus
1202 1834 1535 1908 namque
1576 1811 1707 1901 ait,
1751 1807 1955 1905 quod
1998 1806 2414 1883 invisibilia
2470 1806 2651 1900 Dei,
2695 1830 2743 1881 a
2782 1812 3137 1880 creatura
3189 1807 3492 1899 mundi,
3531 1830 3680 1905 per
3744 1829 3835 1881 ea

636 1974 805 2049 quae
852 1948 1059 2046 facta
1095 1954 1297 2038 sunt,
1333 1945 1745 2039 intellecta,
1790 1943 2365 2040 conspiciuntur
2398 1968 2425 2015 .·
2458 1941 2932 2042 sempiterna
2979 1965 3278 2040 quoque
3320 1923 3509 2042 'ejus
3563 1942 3832 2029 virtus,

633 2093 705 2161 el
747 2083 1111 2159 divinita-s·
1151 2087 1195 2156 ⁸.
1244 2083 1391 2158 Per
1442 2090 1870 2157 creaturam
1935 2079 2199 2154 mundi
2263 2078 2715 2176 intelligitur
2783 2078 3038 2164 home,
3081 2089 3395 2176 propter
3443 2079 3834 2155 excellen-

631 2222 815 2296 tiam
857 2243 1009 2318 qua
1069 2219 1369 2296 excellit
1436 2219 1635 2294 inter
1699 2218 1889 2292 alias
1933 2227 2350 2308 creaturaS,
2404 2215 2525 2289 vel
2568 2223 2883 2313 propter
2921 2214 3543 2290 convenientiam
3603 2238 3834 2313 quam

635 2358 863 2433 habet
903 2379 1077 2431 cum
1137 2353 1346 2428 omni
1406 2362 1784 2429 creatura.
1835 2352 2078 2425 llomo
2145 2373 2327 2447 ergo
2390 2344 2822 2448 invisibilia
2885 2345 3042 2421 Dei
3102 2346 3498 2425 intellectu
3558 2348 3840 2424 mentis

634 2489 1076 2588 conspicere
1119 2486 1388 2586 potuit,
1431 2487 1553 2561 vel
1594 2485 1821 2561 etiam
1863 2482 2286 2581 conspexit,
2327 2504 2471 2578 per
2518 2503 2610 2555 ea
2660 2501 2835 2579 quae
2881 2478 3093 2576 sacta
3129 2487 3336 2574 sunt,
3381 2480 3456 2555 id
3500 2491 3641 2575 est,
3700 2504 3840 2581 per

633 2634 1024 2699 creaturas
1062 2622 1404 2696 visibiles
1431 2621 1550 2696 vel
1584 2619 2036 2694 invisibiles.
2080 2620 2142 2693 A
2176 2616 2479 2691 duobus
2510 2614 2716 2691 enim
2749 2614 3202 2712 juvabatur,
3247 2615 3566 2705 scilicet,
3603 2641 3645 2692 a
3697 2641 3842 2692 na-

631 2772 801 2835 tura
849 2782 1000 2857 qua
1048 2769 1072 2805 ²
1120 2755 1512 2831 rationalis
1551 2765 1740 2849 erat,
1786 2764 1860 2829 et
1894 2754 1988 2828 ab
2036 2752 2399 2852 operibus
2453 2775 2499 2826 a
2535 2750 2698 2826 Deo
2760 2749 3003 2843 factiS,
3065 2760 3147 2845 ut
3215 2753 3842 2829 manifestaretur

629 2895 915 2970 basuini
967 2893 1273 2969 veritas.
1322 2891 1652 2989 Ideoque
1693 2891 2100 2989 Apostolus
2132 2888 2342 2980 dixit,
2388 2887 2585 2975 Quia
2624 2887 2836 2961 Deus
2891 2886 3266 2962 revelavit
3318 2888 3474 2964 illis
3526 2900 3573 2978 ⁸,
3625 2890 3839 2966 scili-

621 3043 765 3125 cet,
810 3032 996 3105 dum
1036 3028 1209 3104 fecit
1248 3051 1505 3125 opera,
1542 3026 1620 3100 in
1664 3026 1947 3124 quibus
1986 3023 2300 3100 artificis
2337 3023 2831 3121 aliquatenus
2875 3025 3167 3101 relucet
3200 3023 3605 3099 indicium.

1123 3540 1359 3586 litvtsto
1403 3540 1669 3584 TexrtS.

717 3760 746 3789 α
788 3727 1159 3818 Apostolus
1196 3750 1489 3816 namque
1534 3728 1659 3803 ait,
1702 3727 1891 3817 quod
1927 3728 2166 3792 imw'si-

623 3836 970 3913 bilialtei,
1015 3844 1144 3903 etc.
1190 3862 1224 3896 ιο
1259 3832 1334 3901 ln
1384 3832 1507 3899 hac
1550 3835 1742 3900 tertia
1789 3833 2161 3900 distinctio·

620 3967 699 4010 ue
742 3943 1060 4033 Magister
1098 3942 1312 4030 tangit
1343 3941 1523 4007 illam
1557 3948 1814 4031 partem
1849 3941 2159 4008 veniendi

618 4055 685 4121 in
766 4054 1224 4141 cognitionem
1299 4051 1642 4119 Trinitatis
1717 4060 1779 4117 et
1857 4053 2156 4131 unitatis,

618 4182 769 4248 quac
838 4168 935 4225 est
1001 4181 1119 4247 per
1173 4158 1463 4224 rationes
1531 4167 1596 4224 et
1653 4156 2152 4224 similitudines.

617 4265 786 4330 Sunt
821 4274 1047 4331 autem
1079 4262 1213 4331 duo
1250 4265 1316 4331 in
1349 4287 1496 4354 quae
1540 4263 1875 4341 ducimur,
1918 4273 1980 4329 et
2021 4263 2155 4329 duo

618 4373 862 4463 quibps
899 4374 1251 4440 ducimur:
1290 4375 1354 4440 in
1388 4396 1535 4463 quae
1566 4373 1877 4440 ducimur
1907 4374 2150 4454 unitas,

618 4493 680 4550 et
710 4483 999 4549 Trinitas
1035 4505 1049 4548 :
1087 4483 1331 4572 quibus
1362 4481 1699 4562 ducimur,
1746 4483 1939 4559 rati0‚
1974 4490 2034 4548 et
2075 4483 2159 4547 si·

623 4592 955 4660 militudo.
992 4593 1071 4659 tit
1121 4592 1272 4659 ideo
1321 4592 1645 4658 dividitur
1684 4594 1749 4659 iu
1798 4592 1964 4659 «luas
2005 4616 2161 4682 par-

618 4710 717 4767 tes
754 4725 767 4768 :
806 4703 871 4767 in
902 4724 1191 4792 quarum
1226 4702 1437 4790 prima
1477 4701 1693 4791 tangit
1734 4700 2010 4768 modum
2045 4724 2157 4767 ve·

619 4808 843 4875 niendi
901 4810 970 4876 in
1037 4809 1495 4899 cognitionem
1554 4808 1830 4876 unitatis
1878 4809 2158 4876 ducente

619 4917 895 4983 ratione.
967 4914 1036 4982 ln
1096 4916 1386 4983 secunda
1436 4917 1651 5005 tangit
1698 4916 1977 4984 modum
2033 4940 2158 4984 vc-

617 5022 842 5091 niendi
895 5024 960 5089 in
1019 5021 1380 5114 aliqualem
1421 5024 1880 5113 coguitionem
1936 5024 2160 5090 Trini-

615 5131 770 5197 tatis
798 5129 1084 5198 ducente
1124 5129 1588 5213 similitudine,
1635 5128 1749 5207 ibi,
1789 5130 1860 5210 F,
1898 5160 1929 5194 «
1964 5133 2159 5199 Nunc

615 5246 821 5306 restat
850 5238 1216 5317 ostendere,
1250 5248 1375 5306 etc.

704 5345 930 5412 Prima
1013 5344 1254 5413 harum
1335 5348 1630 5438 partium
1699 5348 2021 5416 dividitur
2087 5349 2154 5416 in

683 5621 700 5656 ¹
735 5619 820 5676 Ad
853 5621 1098 5675 Roman.
1133 5633 1172 5685 ι,
1205 5620 1295 5676 20.

681 5708 703 5743 ⁸
735 5707 925 5763 Editio
954 5709 1121 5767 Joan.
1156 5706 1462 5765 Alleaume
1493 5705 1669 5766 babet
1698 5726 1840 5781 quae.

2277 3421 2568 3504 quatuor
2606 3436 2811 3505 penes
2840 3424 3137 3505 quatuor
3173 3416 3475 3485 rationes
3504 3438 3674 3507 quas
3711 3414 3837 3483 ad-

2276 3519 2456 3589 ducit
2490 3520 2812 3611 Magister
2840 3520 2920 3588 ad
2954 3520 3383 3611 probandum
3405 3523 3626 3591 Deum
3657 3545 3832 3603 esse,

2274 3634 2336 3691 et
2379 3649 2587 3694 unum
2621 3650 2769 3695 esse
2806 3647 2822 3694 ε
2859 3649 3031 3716 quas
3071 3627 3367 3696 rationes
3417 3626 3648 3696 multis
3679 3651 3835 3695 mo-

2272 3734 2373 3800 dis
2404 3735 2836 3803 variaverunt
2868 3734 3088 3812 multi,
3124 3735 3294 3803 sicut
3327 3736 3525 3827 plane
3564 3733 3827 3803 extrahi

2273 3852 2492 3932 potest
2525 3866 2563 3909 a
2606 3845 2891 3912 Littera.
2938 3841 3012 3909 In
3044 3843 3265 3932 prima
3339 3842 3580 3934 probat
3621 3843 3833 3933 Magi·

2270 3959 2405 4016 ster
2433 3974 2551 4041 per
2588 3949 2902 4018 effectum
2928 3971 3074 4017 esse
3115 3949 3335 4017 Deum
3380 3974 3498 4042 per
3542 3949 3823 4017 modum

2268 4059 2500 4147 prima?
2529 4080 2776 4125 causae.
2814 4056 2887 4124 ln
2928 4056 3225 4124 secunda
3257 4081 3375 4146 per
3423 4056 3828 4147 dispositio-

2269 4187 2385 4230 nes
2433 4166 2745 4231 inventas
2801 4168 2867 4231 in
2926 4162 3282 4232 effectibus
3315 4163 3559 4254 probat
3610 4163 3828 4231 Deum

2266 4296 2410 4339 esse
2469 4274 2974 4361 incorporeum,
3040 4278 3103 4337 et
3173 4271 3697 4347 immutabilem,
3761 4281 3826 4338 et

2265 4378 2404 4446 lta-c
2436 4380 2669 4468 incipit
2712 4377 2827 4455 ibi,
2865 4377 2941 4457 C,
2973 4403 3007 4442 ι
3049 4376 3210 4444 Alio
3241 4381 3449 4446 etiam
3489 4377 3690 4444 modo
3721 4401 3820 4443 ee·

2268 4489 2564 4564 malem,
2600 4495 2728 4554 etc.
2777 4511 2809 4549 n
2868 4485 2940 4552 ln
2997 4487 3186 4553 tertia
3230 4489 3475 4554 iterum
3526 4510 3644 4576 per
3681 4485 3826 4553 dis-

2269 4598 2674 4686 positionem
2728 4597 3073 4661 inventam
3136 4597 3202 4661 in
3253 4593 3602 4663 effectibus
3658 4616 3823 4684 pro-

2269 4700 2375 4767 bat
2411 4701 2628 4768 Deum
2676 4723 2822 4768 esse
2869 4724 3218 4768 summum
3263 4700 3548 4779 bonum,
3584 4699 3702 4780 ibi,
3739 4700 3820 4779 D,

2270 4836 2302 4873 ι
2350 4809 2968 4878 Consideraceremt
2996 4810 3232 4892 etiam,
3267 4817 3394 4875 etc.
3435 4834 3470 4872 n
3510 4807 3582 4874 lu
3627 4830 3827 4899 quar·

2268 4925 2330 4983 ta
2369 4923 2437 4987 et
2475 4916 2712 4983 ultima
2752 4914 2996 5006 probat
3044 4914 3263 4982 Deum
3323 4937 3468 4983 esse
3526 4916 3819 5005 speciem

2267 5025 2572 5091 omnium
2598 5025 2979 5114 specierum
3011 5031 3420 5106 creatarum,
3455 5032 3521 5090 et
3543 5021 3672 5091 hoc
3700 5045 3822 5113 per

2266 5132 2877 5201 considerationem
2921 5131 3168 5220 speciei
3219 5132 3509 5199 inventoe
3562 5134 3627 5198 in
3658 5130 3826 5199 ess'e-

2265 5239 2506 5325 ctibus,
2549 5240 2667 5325 ibi,
2713 5240 2792 5319 13,
2830 5266 2864 5305 ι
2896 5238 3396 5307 laeelellexeremt
3425 5242 3634 5308 etiam
3681 5263 3828 5332 spe-

2264 5352 2431 5418 ciem
2469 5350 2838 5441 corporis,»
2885 5356 3014 5415 etc.

2331 5620 2352 5654 ⁸
2386 5617 2629 5692 Vulgata
2657 5612 2857 5683 babet,
2885 5610 2962 5671 ad
3012 5614 3261 5669 Roman.
3295 5630 3335 5683 t,
3378 5616 3443 5670 ¹9
3475 5631 3490 5670 τ
3525 5614 3663 5670 oeus
3701 5608 3816 5668 illis

2260 5708 2653 5777 manifestavit.
