4897 6388
266 1078 470 1128 Solutio.
547 1067 556 1073 ’

303 1133 374 1180 Ad
401 1138 440 1181 1.

561 327 691 432 ‘0³58

552 513 796 605 influit
814 553 1017 622 super
1045 483 1506 601 causalitatem
1537 556 1742 624 quam
1773 532 2107 601 secunda-

554 642 705 710 ria:
765 641 894 710 sed
947 643 1150 710 Pater
1222 652 1352 712 est
1385 646 1802 736 principium
1841 665 1978 711 non
2023 642 2104 714 do

552 749 927 840 principio:
964 773 1124 841 ergo
1156 754 1374 843 magis
1413 751 1634 819 influit
1660 752 2103 848 spirationem

555 879 759 949 quam
798 859 1030 928 Filius.

651 1067 960 1144 Somno.
995 1075 1241 1142 Omnia
1282 1073 1674 1164 hujusmodi
1705 1086 2104 1168 argumenta

554 1185 748 1254 facile
787 1186 1145 1254 solvuntur
1181 1209 1301 1277 per
1337 1186 1708 1256 antedicta:
1733 1189 1742 1246 Ξ
1768 1189 1925 1278 quia
1961 1210 2102 1256 non

555 1296 775 1387 magis
805 1295 1015 1385 spirat
1042 1295 1242 1364 Pater
1278 1320 1485 1387 quam
1524 1297 1734 1366 Filius
1768 1322 1782 1366 :
1827 1305 1894 1365 et
1920 1297 2106 1388 quod

556 1401 717 1469 dicit
758 1400 1241 1493 PhilosophuS,
1276 1403 1594 1496 intelligit
1639 1405 1720 1473 de
1774 1406 1993 1473 causis
2030 1407 2101 1473 in

407 1516 426 1530 ‘⁹
556 1509 803 1601 quibus
868 1534 1008 1580 non
1074 1519 1175 1580 est
1229 1513 1517 1603 aequalis
1564 1514 1914 1585 influentia
1953 1540 1981 1584 .:
2044 1520 2102 1586 si

157 2725 170 2738 .
280 2688 364 2737 Ad
392 2687 440 2740 8.

554 1621 887 1694 enim-ex
979 1622 1350 1716 principiis,
1388 1623 1825 1722 influentibus
1896 1650 2114 1722 super*

555 1723 1060 1793 conclusionem
1160 1728 1634 1828 cognoscimus
1657 1805 1678 1831 „
1712 1731 2099 1801 conclusio-

551 1852 735 1911 nem,
772 1853 1045 1901 necesse
1074 1840 1174 1900 est
1201 1840 1277 1900 ιιι
1321 1835 1648 1927 principia
1678 1837 1894 1928 ‘magis
1931 1833 2112 1930 cog-⁸

551 1959 914 2006 noscamus
975 1960 992 2005 ε
1061 1938 1214 2006 talis
1273 1948 1499 2009 autem
1556 1941 1908 2011 diversitas
1955 1968 2095 2014 non

550 2052 692 2113 est
713 2044 928 2118 inter
952 2044 1227 2119 Patrem
1263 2055 1350 2121 et
1367 2046 1675 2126 Filium.
1727 2052 1886 2140 quia
1937 2051 2178 2128 licet

547 2148 752 2226 Peter
776 2152 912 2240 det
955 2160 1024 2222 et
1058 2152 1267 2228 Filius
1295 2155 1614 2260 accipiat,
1644 2163 1875 2232 tamen
1913 2158 2110 2238 idem.
2185 2241 2188 2262 ἱ

543 2260 810 2364 accipit,
843 2268 912 2354 et
938 2241 1336 2362 secundum
1386 2245 1739 2368 aequelem
1763 2255 2098 2386 simplici-

540 2374 750 2438 tatem
782 2367 878 2439 'et
877 2345 1204 2490 virtutem
1252 2357 1348 2439 ιιι
1367 2369 1466 2440 est
1494 2369 1565 2440 in'
1612 2347 1837 2454 Patre,
1870 2365 1937 2445 et
1971 2398 2094 2477 per

543 2469 908 2570 acceptum
925 2459 1347 2571 ‘aequipotens
1376 2489 1479 2550 est
1497 2481 1683 2551 Petri
1711 2478 1924 2569 denti,
1955 2485 2090 2553 nisi

479 2597 482 2600 “
546 2586 776 2678 quod
759 2610 831 2655 ιιι
858 2586 1060 2659 Patre
1086 2597 1190 2658 est
1214 2591 1599 2664 auotoritas.

587 2695 737 2774 An
780 2718 981 2774 suun
1026 2695 1440 2779 dicendum,¹
1435 2643 1654 2800 quod
1682 2700 2110 2806 principali·

544 2812 648 2908 ter
679 2825 823 2872 non
866 2786 1062 2918 ponit
1097 2805 1370 2930 magis,
1417 2803 1537 2910 sed
1590 2789 2110 2936 auctoritatem,

540 2917 618 2980 ιιι
646 2905 928 2980 dictum
940 2919 1065 2981 est.

628 3017 735 3087 An
778 3015 992 3089 Anum
1023 3003 1416 3102 dicendum,
1425 3015 1642 3113 quod
1693 3009 1898 3092 Pete'r
1947 3043 2088 3091 non

542 3133 646 3197 est
678 3148 882 3203 causa
924 3129 1148 3220 prima
1190 3127 1367 3211 Filii,
1416 3150 1545 3202 nee
1591 3129 1796 3205 'etiem
1850 3130 2092 3223 princi-2

537 3237 730 3329 pium
756 3235 1183 3329 primarium,
1215 3246 1495 3331 propter
1535 3239 1828 3314 rationes
1873 3240 2089 3319 dictes

536 3344 1036 3447 inkpraecedenti
1071 3348 1465 3443 quaestione.

981 3670 1480 3748 ARTICULUS
1516 3673 1639 3747 1V.

535 3881 644 3950 An
673 3881 1138 3981 principalius
1165 3883 1600 4061 τοιοεᾶἑι
1490 3907 1535 3963 α
1565 3885 1776 4007 Patre
1799 3907 2009 3977 quam
2038 3909 2082 3955 a

1249 4016 1270 4060 ι
1307 4014 1372 4061 ιο

623 4311 886 4383 Deinde
934 4316 1257 4406 quaeritur
1310 4313 1392 4384 de
1454 4315 1585 4385 hoc
1644 4315 1829 4408 quod
1881 4316 2079 4386 dicit:

540 4446 578 4488 ι
616 4423 723 4494 De
754 4444 891 4521 quo
919 4423 1231 4517 procedit
1251 4422 1737 4517 principaliter
1780 4423 2087 4519 Spiritus

535 4534 846 4612 sanctus,
899 4538 1027 4600 etc.
1074 4560 1108 4595 n

621 4638 908 4723 Videtur
933 4641 1114 4712 enim
1144 4640 1388 4710 falsum
1428 4662 1446 4710 τ
1490 4643 1649 4738 quie

1409 377 1438 392 ··
1503 361 1623 430 ·.·D
1649 345 1887 432 fALB.
1923 359 2142 429 MAG.
2196 357 2401 427 ORD.
2455 355 2756 455 PRAED.
2854 377 2863 416 i

2304 532 2365 596 1.
2403 467 2612 597 Sido
2663 527 2787 595 tibi
2842 548 3123 617 aequum
3172 525 3289 614 jus
3344 523 3416 590 in
3465 519 3661 604 meiS,
3696 507 3799 587 exe

2213 646 2371 705 tunc
2415 658 2685 726 aequnm
2734 634 2939 703 etiam
2990 632 3203 702 habes
3251 629 3774 701 auctoritatem:

2212 767 2371 835 ergo
2411 765 2568 810 cum
2601 743 2803 810 Pater
2832 741 3090 809 dederit
3142 738 3318 809 Filio
3365 758 3640 827 aequum
3664 735 3777 823 jus

2212 860 2282 925 in
2311 855 2476 934 suis,
2510 861 2586 919 ut
2624 855 2839 943 possit
2864 852 3125 942 spirare
3154 873 3241 918 ex
3280 849 3520 917 eadem
3549 853 3779 915 aucto-

2213 961 2428 1037 ritate,
2491 959 2760 1027 videtur
2796 958 3010 1026 Filius
3048 957 3307 1048 spirare
3346 955 3520 1024 sicut
3546 954 3771 1038 Pater,

2213 1071 2394 1137 etita
2425 1067 2912 1161 principaliter,
2954 1089 3083 1136 nec
3120 1067 3596 1135 auctoritatem
3649 1083 3774 1131 nec

2212 1176 2632 1266 prioritatem
2663 1198 2791 1244 nec
2829 1173 3329 1265 plenitudinem
3369 1179 3593 1262 potest
3648 1191 3777 1237 no·-

2211 1293 2391 1352 tare:
2453 1305 2614 1374 ergo
2654 1283 2908 1351 locutio
2948 1279 3350 1372 simpliciter
3377 1278 3549 1351 falsa
3583 1277 3781 1347 vide·

2210 1400 2340 1459 tur.

2295 1501 2359 1565 2.
2396 1498 2761 1583 Praeterea,
2800 1495 2873 1564 Si
2914 1493 3061 1564 haec
3102 1493 3522 1572 conceditur,
3570 1491 3777 1585 Spiri-

2208 1617 2313 1677 tus
2350 1619 2624 1677 sanctus
2662 1615 2765 1680 est
2792 1629 2833 1674 a
2863 1606 3068 1674 Patre
3096 1604 3585 1699 principaliter,
3627 1610 3774 1695 pot-

2203 1725 2390 1786 estne
2436 1717 2750 1787 similiter
2764 1739 2888 1808 per
2905 1715 3303 1808 oppositum
3320 1714 3597 1783 concedi
3614 1713 3766 1793 ista,

2207 1825 2498 1917 Spiritus
2528 1831 2803 1894 sanctus
2849 1832 2955 1896 est
3003 1846 3045 1892 a
3074 1822 3250 1891 Filio
3291 1821 3692 1891 secundario
3729 1819 3768 1888 Ρ

2202 1933 2511 2018 Videtur,
2545 1933 2731 2025 quod
2756 1933 2896 2002 sic:
2929 1933 3094 2022 quie
3131 1931 3380 1999 dicitur
3410 1930 3771 2022 principa-

2204 2043 2360 2115 liter
2383 2050 2696 2137 respectu
2723 2041 3161 2124 secundarii„
3238 2105 3241 2110 .
3370 2115 3375 2122 ,

2259 2242 2625 2328 'Seno-rm..
2682 2239 3096 2340 Dicendum,
3135 2221 3375 2351 ''quod
3467 2258 3761 2349 Spiritus

2198 2375 2471 2436 sanctus
2495 2367 2745 2437 dicitur
2768 2375 2818 2435 a*
2847 2366 3052 2435 Patre
3097 2364 3563 2459 principaliter
3595 2388 3765 2457 pro-

2197 2477 2432 2547 cedere
2478 2485 2765 2569 ·propter
2815 2478 3299 2551 auctoritatem
3353 2497 3506 2566 qum
3541 2483 3644 2546 est
3689 2475 3758 2547 in

2105 2641 2108 2654 .
2198 2584 2423 2656 Patre.

3849 2249 4048 2296 Sotnuo.

2283 2693 2390 2765 An
2437 2715 2504 2760 ω
2552 2657 2795 2767 Ιειιιιθιιι
2862 2692 3051 2820 quod
3115 2699 3357 2764 contra
3410 2691 3753 2783 objicitur,
3783 2685 3819 2741 ῑ
3864 2683 4008 2731 *³¹-

2198 2800 2559 2870 dicendum
2633 2800 2820 2894 quod
2882 2803 2943 2870 si
2983 2810 3056 2871 tu
3113 2800 3236 2870 das
3277 2799 3449 2869 mihi
3486 2822 3760 2893 aequum

2190 2909 2303 2999 jus
2367 2910 2438 2977 in
2500 2909 2664 2992 tuis,
2705 2930 2900 3002 oeque
2954 2931 3240 3001 possum
3271 2909 3408 2978 tuis
3444 2909 3546 2977 uti
3590 2911 3765 2978 sicut

2197 3027 2307 3085 tu:
2367 3016 2489 3088 sed
2548 3018 2684 3089 nisi
2729 3018 2862 3089 sim
2926 3018 3274 3110 ingratus,
3314 3016 3756 3090 collationem

2198 3127 2415 3218 ipsam
2454 3147 2726 3221 semper
2752 3127 2825 3199 in
2853 3132 2921 3201 te
2949 3125 3215 3202 refero:
3258 3134 3325 3199 et
3345 3125 3444 3197 sic
3470 3134 3572 3199 est
3594 3126 3769 3199 inter

2199 3236 2471 3305 Patrem
2508 3244 2575 3306 et
2621 3234 2914 3306 Filium:
2959 3236 3121 3330 quie
3187 3235 3399 3305 Filius
3456 3234 3656 3306 refert
3696 3235 3765 3301 in

2196 3345 2469 3416 Patrem
2545 3344 2730 3440 quod
2807 3344 2875 3413 in
2921 3347 3209 3415 veritate
3258 3369 3463 3415 suum
3522 3355 3648 3431 est,
3680 3366 3762 3413 eo

2196 3453 2378 3546 quod
2405 3453 2494 3524 ab
2523 3454 2668 3524 illo.

2281 3560 2387 3627 An
2428 3581 2630 3629 Αιιιιιι
2666 3559 3063 3642 dicendum,
3114 3559 3304 3653 quod
3347 3583 3489 3630 non
3535 3567 3760 3652 potest

2192 3667 2341 3739 haec
2367 3667 2674 3754 concedi,
2727 3667 3025 3762 Spiritus
3054 3674 3158 3742 est
3195 3691 3241 3741 e
3284 3667 3485 3743 Patre
3514 3669 3761 3761 princi-

2191 3774 2459 3869 paliter,
2532 3783 2601 3846 et
2663 3797 2707 3844 a
2759 3773 2935 3846 Filio
2965 3775 3398 3856 secundario,
3445 3784 3513 3846 et
3560 3774 3764 3867 hujus

2193 3910 2393 3959 cause
2430 3896 2535 3957 est
2566 3911 2583 3957 z
2618 3887 2778 3982 quie
2832 3887 3153 3981 principii
3216 3890 3585 3958 auctoritas
3623 3910 3760 3957 non

2193 3996 2515 4088 importet
2558 3997 2892 4066 rationem
2961 3996 3213 4088 prioris
3272 3995 3386 4066 vel
3442 3998 3647 4091 primi
3692 3999 3764 4066 in

2192 4104 2412 4189 Patre,
2450 4111 2528 4172 ιιι
2552 4126 2762 4197 supro.
2797 4113 3259 4175 monstratum
3285 4113 3391 4178 est
3422 4129 3441 4178 ε
3485 4116 3569 4179 ·et
3607 4105 3761 4177 ideo

2192 4232 2332 4281 non
2377 4213 2751 4303 opponitur
2809 4212 3246 4296 secundario,
3286 4212 3410 4286 sed
3454 4213 3518 4283 ei
3575 4214 3760 4307 quod

2193 4327 2294 4386 est
2329 4318 2414 4386 ab
2472 4318 2610 4388 elio
2647 4318 2900 4390 hebere
2929 4320 3119 4412 quod
3161 4320 3459 4412 Spiritus
3489 4330 3762 4389 sanctus

2194 4425 2512 4517 procedat
2562 4426 2648 4495 ab
2687 4428 2885 4519 ipso:
2966 4437 3033 4497 et
3088 4426 3235 4498 haec
3269 4429 3668 4498 conceditur
3693 4438 3758 4499 et

2193 4555 2433 4602 verum
2471 4544 2598 4604 est.

638 5103 734 5184 D.
775 5103 913 5183 Em
960 5102 1222 5184 eodem
1261 5125 1490 5183 sensu
1529 5102 1757 5183 etiam
1805 5103 2092 5185 dicitur
2130 5105 2477 5205 Spiritus
2529 5114 2839 5183 sanctus
2865 5107 3197 5207 proprie
3223 5106 3652 5208 procedere

1956 5263 2006 5314 α
2039 5238 2305 5315 Patre.

641 5542 752 5616 Ex
790 5538 1058 5616 eodem
1098 5563 1331 5616 sensu
1363 5540 1593 5617 etiem
1632 5542 1912 5619 dicitur
1938 5545 2352 5644 procedere
2390 5547 2701 5646 proprie
2749 5547 2844 5623 de
2886 5548 3145 5624 Patre.
3194 5548 3418 5626 Unde
3468 5549 3746 5627 Hiero-

544 5698 826 5776 nymus
862 5675 939 5750 in
982 5673 1456 5774 expositione
1495 5676 1907 5761 Catholicoe
1938 5677 2115 5757 fidei
2146 5680 2601 5785 Nicaenique
2642 5681 2974 5797 symboli
3006 5684 3166 5760 nit:
3211 5685 3621 5763 Credimus
3657 5686 3737 5763 in

3862 3544 3935 3593 Ad
3960 3546 4006 3593 2.
