4897 6388
858 756 937 802 Ad
976 763 1019 804 3.

861 1620 942 1664 Ad
966 1623 1011 1667 ⁴.

847 2264 918 2307 Ad
961 2267 1006 2312 5.

1319 364 1350 436 ἴ·
1459 431 1462 436 ,
1943 357 2034 422 ΙΝ
2082 356 2109 422 1
2161 356 2585 425 SENTENT.
2636 357 2863 444 DIST.
2914 357 3105 436 XIX,
3160 359 3243 435 Α,
3277 358 3478 427 ART.
3513 360 3578 425 5.
4215 360 4346 429 517

1134 535 1652 622 comparatione
1682 532 1767 600 ad
1796 532 1996 598 aliam
2045 534 2109 597 in
2142 555 2274 620 qua
2303 541 2403 599 est
2441 531 2676 598 eadem
2788 532 2873 597 do
2908 554 3045 597 non
3075 530 3201 596 sibi
3236 541 3335 597 est
3369 554 3382 595 ;
3430 554 3590 620 ergo
3632 553 3755 598 nec
3805 530 4157 621 aequalitas
4215 531 4345 598 sibi

1138 640 1482 728 quantitas
1519 636 1850 704 virtualis.
2787 645 2938 702 est:
2983 659 3145 726 ergo
3196 638 3323 703 ista
3372 638 3758 726 significant
3805 660 4133 726 personas
4188 661 4337 727 quae

1221 745 1328 812 An
1388 767 1586 828 Aaron
1626 742 2008 829 dicendum,
2070 746 2253 834 quod
2309 746 2463 812 licet
2515 768 2680 835 pro-
2786 744 2851 809 in
2883 744 3267 833 pluralitate
3299 753 3362 811 et
3394 743 3720 811 relatione
3752 745 4157 812 consistunt.

1134 874 1365 919 cessus
1411 850 1783 918 voluntatis
1841 873 1977 918 non
2045 855 2358 942 importet
2416 850 2677 941 aequale
2874 852 2936 918 3.
3000 852 3197 932 Item,
3260 851 3658 919 Essentialia
3709 853 4164 941 praedicantur
4205 853 4340 919 sin-

1135 960 1216 1028 de
1251 960 1514 1026 ratione
1543 962 1990 1027 emanationis
2034 963 2099 1026 in
2131 983 2399 1050 genere,
2444 967 2675 1026 tamen
2781 959 3106 1047 gulariter
3144 959 3225 1026 de
3259 957 3564 1048 pluribus
3596 960 3666 1024 in
3696 981 3965 1026 summa
4004 983 4018 1026 :
4064 961 4190 1025 ista
4221 981 4335 1024 au·

1132 1074 1339 1156 prout
1377 1066 1577 1133 estin
1616 1065 1861 1133 divinis
1893 1068 2209 1156 importat
2242 1092 2255 1134 :
2292 1071 2450 1158 quia
2483 1072 2550 1135 in
2580 1066 2677 1133 di·
2783 1072 2918 1132 tem
2950 1066 3030 1133 de
3089 1065 3398 1155 pluribus
3452 1067 3518 1132 in
3562 1089 3832 1132 summa
3882 1067 4334 1156 praedicantur

1134 1174 1312 1241 vinis
1343 1195 1482 1241 non
1539 1182 1942 1262 potestesse
1990 1198 2312 1244 emanans
2372 1181 2499 1245 nisi
2554 1204 2674 1271 per
2780 1174 3135 1265 pluraliter
3167 1176 3501 1243 :dicimus
3560 1178 3742 1243 enim
3793 1177 3976 1267 quod
4019 1176 4221 1243 Pater
4268 1186 4334 1243 et

1130 1283 1367 1351 omnia
1423 1282 1704 1372 aequalis
1747 1305 1764 1351 :
1823 1292 2051 1350 tamen
2108 1285 2288 1352 illam
2336 1289 2668 1357 rationem
2779 1280 2989 1348 Filius
3022 1292 3088 1350 et
3129 1281 3423 1371 Spiritus
3454 1291 3726 1350 sanctus
3774 1305 3912 1349 non
3955 1291 4116 1349 sunt
4155 1306 4331 1349 unus

1130 1410 1284 1478 quae
1347 1392 1627 1480 ponitur
1665 1393 1733 1458 in
1782 1391 2184 1482 objiciendo,
2241 1396 2674 1465 attenderunt
2776 1389 3084 1479 aequalis,
3138 1389 3253 1456 sed
3303 1388 3528 1477 plures
3577 1389 3873 1480 aequales
3926 1412 3940 1456 ε
3998 1412 4161 1479 ergo
4202 1390 4330 1457 ista

1132 1502 1249 1590 qui
1279 1498 1452 1566 Filio
1493 1502 2120 1590 appropriaverunt.

1139 1673 1142 1678 .
1218 1607 1325 1674 An
1365 1629 1565 1674 amun
1636 1607 2019 1685 dicendum,
2091 1611 2272 1699 quod
2336 1633 2532 1679 amor
2597 1623 2670 1681 ut

1128 1735 1325 1780 amor
1352 1735 1490 1781 non
1515 1722 1619 1781 est
1635 1712 1914 1803 aequalis
1934 1717 2212 1795 amanti,
2243 1739 2361 1785 nec
2380 1718 2666 1784 verbum

1127 1828 1203 1887 ut
1240 1818 1530 1888 verbum
1562 1819 1821 1909 aequale
1850 1819 2094 1889 dicenti
2141 1845 2156 1890 :
2216 1823 2331 1890 sed
2371 1846 2568 1891 amor
2593 1832 2668 1890 ut

1127 1929 1197 1994 in
1235 1927 1512 2006 divinis,
1546 1934 1613 1996 et
1640 1925 1924 1996 verbum
1956 1939 2033 1996 ut
2056 1929 2178 1997 Dei
2239 1931 2549 2010 verbum,
2583 1930 2666 1997 de

1124 2037 1524 2104 necessitate
1563 2034 1813 2104 habent
1851 2036 2299 2127 aequalitatem
2348 2062 2504 2108 cum
2554 2040 2665 2107 di-

1121 2151 1316 2209 cente
1350 2151 1418 2209 et
1455 2150 1751 2222 amante,
1786 2151 1860 2209 ut
1888 2143 2139 2211 dictum
2179 2155 2300 2212 est.

1208 2251 1314 2317 An
1345 2272 1642 2318 un‘runm
1672 2250 2055 2334 dicendum,
2082 2255 2264 2344 quod
2297 2256 2661 2345 Dionysius

1120 2359 1427 2449 loquitur
1463 2360 1545 2428 de
1592 2364 2096 2452 comparatione
2136 2375 2516 2433 creatorum
2573 2367 2657 2435 ad

1116 2479 1460 2537 creantem
1496 2493 1512 2537 ε
1557 2471 1717 2561 quia
1750 2471 2017 2539 illorum
2053 2472 2229 2542 Deus
2269 2483 2369 2542 est
2397 2498 2600 2545 eausa
2634 2500 2650 2544 ε

1113 2587 1179 2646 et
1207 2601 1345 2646 non
1388 2589 1673 2669 possunt
1699 2581 1758 2647 ei
1789 2583 2185 2672 aequiparari
2223 2605 2238 2650 ε
2282 2584 2396 2650 sed
2427 2608 2651 2675 perso·

1112 2708 1216 2754 nae
1271 2698 1429 2754 sunt
1466 2690 1976 2779 oequipotentes,
2036 2700 2099 2759 et
2155 2715 2292 2759 non
2350 2705 2450 2762 est
2517 2717 2650 2762 una

1105 2816 1311 2862 causa
1349 2794 1653 2882 alterius,
1695 2797 1810 2865 sed
1844 2799 2242 2889 principium
2299 2822 2315 2866 ε
2370 2810 2434 2869 et
2495 2803 2647 2871 ideo

1105 2904 1404 3000 aequales
1433 2908 1562 2976 sibi
1594 2910 1881 2978 invicem
1912 2932 2056 2978 esse
2085 2923 2391 3002 possunt.

1555 3329 2050 3398 An'rlcnms
2103 3330 2185 3398 Υ.

1103 3539 1295 3626 Quid
1323 3540 1712 3630 se'ynificen!
1751 3544 1880 3608 isla
1926 3546 2230 3619 nomina,
2271 3545 2638 3635 muamus

1184 3659 1248 3716 e!
1292 3651 1606 3740 equalis,
1666 3652 2052 3717 similitude»
2107 3664 2169 3718 v!
2215 3655 2467 3720 sitnilae‘s·
2509 3679 2532 3722 .·
2572 3666 2636 3720 et

1184 3768 1416 3826 ulrum
1460 3761 1671 3827 I’ater
1707 3770 1769 3827 e!
1801 3762 2026 3827 Filius
2055 3772 2116 3827 e!
2145 3764 2451 3853 Spiritus
2477 3789 2631 3830 san·

1179 3875 1327 3935 clus
1359 3878 1647 3958 possunt
1676 3866 1813 3933 dia-i
1841 3891 1978 3933 mm
2006 3869 2368 3959 :equalitas
2395 3871 2435 3937 Ρ

1182 4185 1436 4253 Deinde
1460 4187 1784 4277 quwritur
1811 4188 1891 4252 ele
1922 4186 2046 4254 lim·
2071 4189 2248 4278 quod
2282 4189 2467 4263 ‹lie-it.
2505 4190 2619 4260 ihi.

1090 4326 1122 4357 κ
1167 4298 1339 4363 Ecce
1370 4294 1656 4362 breviter
1684 4298 2058 4385 asse‘qnaril
2086 4300 2512 4387 ,dermannus
2556 4301 2623 4366 e'n

1080 4428 1218 4497 quo
1250 4406 1461 4473 trium
1501 4428 1952 4497 personarum
1986 4409 2287 4474 emisisti!
2323 4410 2624 4499 ‹vquali-

1080 4522 1214 4591 ιω,
1255 4521 1386 4583 etc.
1423 4538 1456 4579 ι

1173 4617 1472 4687 Dubium
1504 4620 1684 4688 enim
1728 4630 1943 4710 potest
1984 4645 2129 4689 esse
2159 4622 2317 4713 qnid
2365 4626 2623 4710 signiti-

1079 4737 1230 4797 cent
1275 4731 1398 4796 ista
1456 4728 1760 4800 nomina.
1802 4727 2148 4819 :equalitas
2204 4741 2267 4797 et
2310 4730 2615 4821 wqualis,

1079 4843 1144 4905 et
1183 4834 1567 4902 similitudo
1608 4845 1668 4901 et
1711 4835 1997 4901 similis?

1165 4939 1454 5007 Videtur
1535 4941 1743 5017 enim,
1804 4943 1985 5032 qnod
2051 4947 2412 5014 notiones:
2457 4949 2615 5037 quia

1172 5051 1231 5118 ¹.
1265 5048 1730 5141 Quaecumque
1772 5052 1837 5118 in
1885 5051 2130 5118 «livinis
2188 5063 2424 5122 notant
2476 5056 2617 5122 dis-

1075 5159 1477 5238 cretionem,
1536 5156 1914 5248 signiticant
1954 5182 2030 5225 ea
2081 5160 2322 5249 quibus
2372 5163 2444 5229 lit
2502 5163 2615 5230 illa

1070 5266 1388 5333 discretio
1432 5316 1452 5347 ,
1501 5265 1616 5331 sed
1698 5266 1821 5332 ista
1896 5268 1962 5332 in
2039 5268 2285 5334 divinis
2351 5269 2613 5359 signiti-

1071 5384 1227 5442 cant
1259 5373 1372 5441 illa
1402 5372 1647 5465 quibus
1681 5374 1751 5440 lit
1783 5373 1890 5441 illa
1922 5375 2230 5443 discretio
2275 5400 2291 5444 :
2327 5376 2467 5445 lia-c
2499 5403 2615 5445 au·

1072 5492 1209 5549 tem
1242 5488 1402 5548 sunt
1431 5481 1742 5548 notiones
1782 5505 1803 5547 .·
1846 5503 2006 5571 ergo
2058 5484 2179 5550 ista
2228 5484 2610 5574 significant

1071 5590 1413 5658 notiones.

1159 5700 1224 5764 2.
1263 5695 1460 5773 Item,
1491 5693 1786 5760 llilarius
1824 5695 2005 5777 dicit,
2058 5698 2240 5787 quod
2287 5700 2610 5767 similitu-

2776 1517 2913 1562 non
2955 1496 3339 1587 significant
3370 1499 3758 1578 essentiam,
3794 1507 3866 1564 ut
3905 1497 4197 1565 videtur.

2871 1600 3003 1669 San
3032 1625 3331 1672 CONTRA:

2868 1712 2928 1776 1.
2971 1711 3133 1778 Tres
3192 1735 3497 1802 personae
3557 1735 3695 1780 non
3761 1720 3921 1779 sunt
3976 1735 4193 1779 unum
4251 1714 4321 1779 in

2772 1819 3280 1907 personalitate,
3341 1820 3499 1910 quia
3579 1819 4027 1910 personalitas
4121 1821 4322 1887 unius

2772 1945 2913 1990 non
2969 1934 3072 1992 est
3135 1925 3579 2016 personalitas
3646 1926 3922 1994 alterius
3958 1936 4072 1994 :et
4108 1950 4321 1994 unum

2773 2032 3143 2121 requiritur
3208 2032 3291 2099 ad
3359 2033 3619 2123 aequale
3670 2055 3866 2101 esse:
3931 2056 4096 2124 ergo
4184 2056 4322 2101 non

2770 2144 2929 2204 sunt
2960 2139 3256 2230 aequales
3314 2141 3382 2207 in
3431 2139 3959 2229 personalitate:
4004 2163 4167 2230 ergo
4208 2164 4325 2208 ne-

2769 2265 2954 2311 cesse
3013 2252 3113 2311 est
3187 2247 3241 2312 si
3313 2254 3471 2313 sunt
3539 2245 3860 2337 aequaleS,
3933 2246 4119 2336 quod
4186 2246 4321 2313 sint

2766 2350 3062 2441 aequales
3094 2354 3160 2419 in
3202 2353 3494 2421 essentia
3523 2361 3588 2420 et
3619 2352 4120 2421 essentialibus.

2855 2462 2919 2528 2.
2957 2459 3153 2541 ltem,
3190 2461 3599 2529 Notionibus
3629 2471 3787 2529 sunt
3816 2485 4127 2552 personae
4161 2463 4318 2530 inoe-

2764 2566 3024 2655 quales,
3105 2568 3265 2658 quia
3335 2567 3533 2636 l’ater
3597 2567 3798 2635 habet
3873 2577 4030 2647 treS,
4103 2568 4313 2636 Filius

2760 2673 2953 2754 duas,
3028 2674 3321 2767 Spiritus
3378 2689 3651 2745 sanctus
3730 2700 3977 2746 unam:
4051 2702 4217 2770 ergo
4255 2680 4312 2746 si

2760 2791 2916 2850 sunt
2949 2785 3272 2874 aequaleS,
3308 2784 3438 2854 hoc
3477 2788 3600 2854 erit
3641 2786 3711 2853 in
3744 2786 4038 2855 essentia
4096 2795 4162 2855 et
4213 2808 4313 2853 es-

2753 2891 3178 2959 sentialibus.

2842 3001 2909 3068 3.
2962 2998 3159 3080 ltem,
3254 3002 3522 3093 Triplex
3613 3003 3913 3071 ambitus
3998 3001 4307 3071 virtualis

2752 3106 3150 3197 quantitatis
3220 3109 3332 3199 qui
3388 3130 3590 3199 supra
3634 3109 4126 3178 determinatus
4175 3118 4300 3189 est,

2749 3216 3069 3283 convenit
3139 3240 3443 3307 persona?
3523 3220 3740 3308 gratia
3808 3219 4149 3298 essentie,
4238 3228 4305 3287 et

2750 3347 2886 3391 non
2927 3326 3142 3415 gratia
3196 3324 3481 3415 alicujus
3516 3348 3822 3416 persona&
3889 3325 4300 3395 determina-

2746 3442 2828 3499 1ae
2873 3456 2889 3500 ε
2924 3455 3087 3523 ergo
3129 3434 3419 3511 videtur,
3463 3434 3645 3524 quod
3684 3432 3968 3525 aequalis
4007 3442 4074 3502 et
4113 3435 4300 3502 simi·

2743 3538 2825 3604 lis
2874 3540 3103 3607 dicunt
3164 3543 3552 3622 essentiam,
3596 3549 3663 3609 et
3720 3563 3859 3608 non
3911 3542 4292 3617 notionem.

2743 3645 2848 3712 vel
2884 3670 3270 3738 personam.

2833 3877 3162 3945 Varenus
3197 3881 3540 3970 qua-ritur,
3580 3879 3820 3947 l'trum
3866 3882 4081 3971 possit
4132 3881 4288 3962 dici,

2743 3982 2947 4051 l'ater
2983 3995 3049 4052 et
3111 3985 3316 4052 Filius
3373 3996 3435 4052 et
3480 3986 3776 4076 Spiritus
3826 3998 4102 4055 sanctus
4135 3996 4291 4053 sunt

2742 4112 2874 4158 una
2915 4091 3322 4181 aequalitas?

2827 4196 2905 4264 Et
2974 4199 3245 4266 videtur
3310 4201 3491 4291 quod
3550 4203 3696 4271 sic:
3743 4204 3903 4294 qnia
3943 4213 4099 4269 sum
4158 4225 4291 4269 una

2733 4307 3027 4373 essentia
3059 4330 3208 4397 qua·
3240 4319 3336 4375 est
3367 4308 3719 4398 aequalitas
3760 4313 3966 4379 trium
4031 4332 4048 4377 ε
4124 4335 4289 4400 ergo

2731 4412 3026 4494 videtur,
3063 4416 3243 4505 quod
3276 4418 3411 4483 sint
3440 4440 3573 4485 una
3604 4419 3986 4510 aequalitas.

2822 4622 3131 4693 Suam-m.
3162 4625 3568 4705 Dicendum,
3611 4627 3796 4719 quod
3832 4630 3957 4696 ista
4003 4630 4283 4698 nomina

2727 4734 3036 4822 aequalis,
3082 4735 3353 4813 similis,
3394 4746 3454 4802 et
3498 4736 3904 4815 similitudo,
3951 4747 4013 4804 et
4048 4762 4285 4829 :equa-

2731 4841 2907 4913 litas.
2974 4844 3039 4909 in
3117 4866 3242 4909 suo
3312 4843 3651 4912 intellectu
3720 4843 4050 4913 claudunt
4118 4846 4285 4930 «luo,

2729 4949 2981 5017 scilicet
3036 4950 3388 5019 distinctas
3439 4975 3789 5042 personas,
3833 4964 3897 5022 et
3950 4956 4284 5023 unitatem

2729 5058 3089 5124 essentiae:
3136 5058 3253 5124 sed
3303 5060 3576 5149 quando
3626 5070 3697 5127 ut
3746 5071 4064 5131 concreta
4113 5064 4288 5131 acci·

2728 5165 3031 5254 piuntur‚
3104 5174 3265 5231 tunc
3350 5166 3737 5255 significant
3817 5191 4145 5258 personas
4216 5171 4284 5237 in

2730 5280 2939 5349 recte,
2984 5280 3047 5338 et
3082 5273 3451 5340 essentiam
3492 5273 3560 5339 in
3603 5273 3885 5365 obliquo
3926 5298 3941 5342 ε
3977 5285 4039 5343 et
4074 5300 4288 5367 quan·

2726 5376 2813 5444 do
2889 5380 3318 5469 accipiuntur
3386 5389 3456 5447 ut
3510 5381 3874 5460 abstracta,
3923 5382 3999 5452 tit
4037 5408 4073 5452 e
4114 5408 4286 5453 con-

2726 5507 2951 5565 verso,
2996 5486 3178 5577 qnod
3211 5488 3463 5555 scilicet
3500 5488 3885 5580 significant
3918 5493 4281 5560 essentiam

2728 5592 2796 5659 in
2831 5603 3013 5660 recto
3065 5604 3127 5661 et
3170 5617 3494 5687 personas
3537 5598 3603 5662 in
3655 5594 3983 5689 obliquo:
4026 5598 4144 5665 sed
4177 5610 4285 5666 ta-

2728 5723 2887 5768 men
2936 5704 3228 5771 retinent
3294 5724 3563 5793 semper
3616 5713 4024 5794 utrumque:
4066 5713 4131 5773 et
4165 5728 4283 5796 per

4352 1648 4449 1694 Sed
4486 1657 4671 1698 contra.

4392 3909 4577 3962 ene-t.

4378 4661 4576 4710 zotnuo.
