4897 6388
699 2034 782 2081 Ad
824 2036 865 2087 1,

704 2359 784 2404 Ad
823 2362 864 2406 2.

701 2470 779 2515 Ad
822 2477 870 2523 3.

652 2888 731 2935 Ad
753 2894 925 2947 quent.

694 4490 775 4537 Ad
813 4494 857 4541 4,

1754 358 1850 426 IN
1898 360 1927 426 1
1978 321 2403 427 SENTENT.
2457 356 2687 425 11131.
2740 358 2931 435 ΧΧΙ,
2986 358 3059 436 c,
3112 317 3314 427 m.
3370 359 3433 427 4.

975 531 1096 599 est,
1146 525 1318 591 sicut
1348 533 1502 592 ante
1526 526 1918 594 immediate
1977 527 2231 595 dictum
2290 536 2415 593 est.
2458 525 2530 593 Si

972 639 1200 699 autem
1232 635 1319 699 sit
1364 634 1702 721 adjectum
1734 635 2080 724 praedicati
2118 659 2131 703 ε
2169 644 2331 704 tunc
2372 633 2536 702 abs-

973 759 1103 826 que
1148 738 1355 805 dubio
1426 741 1791 831 improprie
1839 751 1906 809 et
1965 742 2101 811 fere
2161 745 2536 832 incongrue

974 846 1275 933 ponitur,
1311 867 1389 912 eo
1450 846 1631 936 quod
1667 847 2060 940 adjungitur
2092 850 2383 917 termino
2418 848 2535 937 qui

973 962 1072 1018 est
1120 951 1375 1020 locutio
1442 959 1829 1025 communis
1871 959 1940 1024 in
1979 957 2251 1025 divinis,
2299 957 2537 1024 Potest

974 1068 1200 1128 tamen
1242 1060 1370 1128 dici
1401 1070 1679 1153 propter
1708 1065 2133 1155 Magistrum,
2175 1066 2358 1156 quod
2390 1071 2537 1154 pot-

975 1175 1074 1234 est
1105 1168 1312 1235 teneri
1367 1168 1867 1252 adverbialiter,
1910 1181 1978 1240 et
2013 1174 2109 1240 sic
2175 1180 2276 1240 est
2304 1194 2471 1239 vera
2513 1193 2529 1239 t

971 1273 1077 1340 vel
1122 1275 1582 1358 nominaliter,
1636 1287 1702 1346 et
1734 1287 1896 1347 tunc
1924 1279 2188 1348 notabit
2216 1278 2538 1348 solitudi-

974 1405 1128 1449 nem
1188 1385 1364 1450 circa
1392 1385 1640 1469 Deum,
1675 1395 1743 1454 ct
1777 1394 1941 1455 tunc
2005 1395 2106 1455 est
2133 1385 2343 1454 falsa:
2378 1385 2539 1453 licet

973 1491 1157 1558 enim
1198 1491 1646 1560 conliteamur
1683 1517 1899 1562 unum
1953 1494 2202 1575 Deum,
2247 1515 2386 1560 non
2429 1500 2540 1560 ta-

976 1620 1132 1664 men
1167 1597 1455 1667 dicimus
1485 1599 1709 1668 solum
1753 1600 1973 1671 Deum
2009 1623 2025 1667 z
2062 1609 2128 1670 et
2159 1600 2316 1669 licet
2343 1599 2538 1667 dica-

975 1727 1128 1772 mus
1161 1728 1372 1774 unum
1402 1708 1627 1775 solum
1657 1708 1905 1788 Deum,
1943 1731 2081 1776 non
2139 1717 2369 1777 tamen
2427 1706 2538 1774 di-

973 1814 1193 1881 cimus
1249 1814 1472 1884 solum
1529 1816 1754 1885 Deum
1805 1837 2000 1885 csse:
2046 1824 2114 1884 et
2150 1815 2356 1904 hujus
2421 1838 2538 1882 ra-

975 1922 1070 1989 tio
1102 1929 1287 2010 patet
1317 1945 1403 1991 ex
1429 1922 1794 2013 praedictis.

1069 2028 1415 2097 Diccxmm
1449 2052 1613 2122 ergo
1646 2030 1730 2098 ad
1769 2032 2095 2121 primum,
2157 2029 2341 2121 quod
2382 2029 2537 2096 Ma-

979 2137 1187 2226 gister
1224 2137 1466 2226 accipit
1513 2136 1706 2205 solus
1765 2137 1918 2207 loco
1959 2137 2162 2227 hujus
2218 2136 2537 2204 dictionis

978 2254 1275 2312 lantum.

1072 2353 1173 2417 An
1212 2376 1408 2419 Actu»
1440 2360 1620 2444 patet
1651 2352 1902 2422 solutio
1931 2375 2053 2445 per
2099 2352 2439 2443 praedicta.

1071 2463 1174 2527 An
1231 2484 1507 2540 seem-:ss
1564 2460 1925 2530 dicendum
1954 2461 2141 2553 quod
2185 2484 2323 2530 non
2372 2483 2539 2553 pro-

984 2569 1127 2659 prie
1158 2571 1437 2659 ponitur
1476 2592 1492 2637 :
1526 2569 1669 2649 sed,
1702 2579 1780 2639 ut
1808 2570 2063 2639 dictum
2105 2578 2232 2654 est,
2296 2569 2538 2637 adver·

985 2674 1271 2744 bialiter.

1068 2890 1173 2956 An
1215 2912 1277 2956 111
1325 2891 1509 2981 quod
1547 2890 1829 2959 ulterius
1888 2893 2235 2982 quaeritur,
2292 2890 2534 2960 dicen-

978 2996 1138 3064 dum
1173 2996 1357 3089 quod
1388 2995 1529 3066 haec
1585 3006 1685 3066 est
1717 3020 1901 3082 vera,
1946 2998 2147 3066 Pater
2185 3006 2284 3066 est
2352 3021 2532 3065 unus

975 3104 1161 3173 solus
1201 3105 1384 3173 Deus
1417 3127 1434 3176 ε
1477 3115 1541 3173 01
1574 3106 1641 3198 1)*
1687 3108 1875 3174 Deus
1907 3114 2174 3175 tenetur
2201 3107 2532 3174 essentia·

977 3214 1153 3284 liter.
1189 3214 1331 3283 Nec
1370 3215 1680 3308 sequitur
1706 3239 1789 3284 ex
1822 3214 1954 3284 hoc
1997 3238 2014 3284 ε
2059 3237 2224 3308 ergo
2290 3214 2532 3284 solita-

973 3323 1113 3391 rius
1150 3332 1253 3392 est
1286 3323 1697 3393 Deuszlicet
1736 3324 1919 3393 enim
1968 3324 2056 3393 sit
2112 3346 2289 3392 unus
2340 3324 2530 3392 solus

976 3430 1182 3511 110113,
1256 3454 1393 3500 11011
1439 3440 1668 3501 tamen
1697 3435 2030 3524 sequitur,
2062 3431 2241 3524 quod
2286 3432 2373 3500 sit
2410 3455 2533 3500 so-

972 3537 1076 3606 lus
1119 3540 1299 3607 neus
1357 3540 1668 3609 absolute
1711 3563 1728 3608 ε
1792 3542 1953 3632 quia
2008 3539 2076 3631 ly
2116 3564 2294 3608 emus
2337 3549 2531 3608 notat

971 3645 1472 3717 distinctionem
1505 3650 1680 3717 circa
1711 3648 2000 3717 formam
2053 3647 2200 3730 Dei,
2231 3658 2299 3716 et
2320 3647 2529 3716 dictio

970 3754 1313 3824 exclusiva
1345 3755 1715 3825 adveniens
1743 3755 2040 3825 excludit
2067 3755 2260 3848 plura
2310 3780 2349 3824 a
2380 3779 2532 3847 par-

975 3865 1365 3954 ticipatione
1405 3863 1586 3931 1111113
1624 3864 1885 3944 formae,
1919 3865 2167 3955 quibus
2216 3863 2529 3955 pluribus

968 3969 1074 4038 vel
1108 3970 1340 4038 multis
1370 3971 1739 4062 opponitur
1758 3972 1985 4039 unitas
2014 3972 2377 4063 importata
2407 3995 2530 4063 per

969 4069 1035 4161 1)*
1068 4093 1246 4137 unus
1280 4093 1296 4139 :
1345 4094 1498 4139 cum
1533 4080 1762 4139 autem
1804 4071 2050 4139 dicitur
2095 4073 2282 4140 solus
2328 4073 2527 4140 abso·

967 4177 1128 4256 lute,
1166 4186 1515 4246 notaretur
1543 4179 1837 4246 solitudo
1882 4202 1898 4248 ε
1945 4182 2103 4271 quia
2133 4179 2329 4248 aliter
2366 4204 2528 4249 con·

965 4309 1129 4375 grue
1161 4308 1299 4352 non
1339 4285 1700 4355 adderetur
1728 4286 1785 4353 ei
1822 4286 1887 4377 1)·
1907 4287 2120 4366 solus,
2166 4296 2235 4354 ut
2268 4287 2523 4355 dictum

967 4402 1090 4461 est.
1141 4432 1149 4438 -

1055 4502 1158 4569 An
1199 4525 1263 4569 10
1330 4502 1513 4594 quod
1579 4503 1895 4592 objicitur
1953 4504 2035 4572 de
2094 4506 2522 4594 expositione

971 4610 1301 4701 Magistri,
1335 4611 1695 4679 dicendum
1720 4611 1902 4702 quod
1943 4613 2010 4680 in
2051 4613 2332 4681 veritate
2373 4615 2526 4680 Au-

967 4721 1281 4809 gustinus
1339 4719 1648 4800 intendit,
1693 4720 1874 4810 quod
1913 4718 2107 4789 cadat
2164 4722 2230 4787 111
2282 4720 2521 4810 subje-

967 4840 1076 4898 cto
1111 4856 1126 4897 :
1191 4829 1305 4898 sed
1339 4830 1662 4921 Magister
1690 4832 1932 4922 accipit
1968 4854 2241 4899 sensum
2273 4856 2524 4901 secun-

968 4934 1130 5002 dum
1164 4936 1475 5003 ordinem
1528 4935 1922 5019 verborum,
1965 4944 2029 5004 et
2092 4960 2230 5005 11011
2271 4960 2523 5007 secun-

967 5044 1126 5112 dum
1154 5046 1603 5115 intentionem
1656 5046 2044 5137 Augustini.

1201 5865 1316 5904 XXV

4058 360 4182 427 561

3092 846 3595 916 ARTICULUS
3627 847 3743 916 IV.

2766 1063 2872 1129 An
2904 1064 3038 1129 ista
3065 1064 3158 1129 sit
3188 1086 3369 1140 vera,
3410 1064 3705 1130 Trinitas
3734 1073 3830 1130 est
3879 1063 4069 1130 solus

3300 1174 3484 1239 Deus
3519 1169 3558 1237 P

2735 1488 2996 1557 Deinde
3026 1491 3351 1580 quaeritur
3380 1489 3461 1558 de
3510 1489 3635 1557 hac
3675 1512 3877 1579 quam
3942 1489 4192 1557 ibidem

2641 1599 2861 1689 ponit,
2895 1597 2978 1681 B,
3026 1625 3060 1661 «
3097 1600 3396 1666 Trinitas
3440 1599 3658 1666 simul
3706 1599 3984 1690 proprie
4020 1599 4196 1666 dici-

2645 1713 2764 1770 tur
2798 1726 2937 1771 esse
2970 1703 3162 1771 solus
3216 1706 3428 1784 Deam,
3464 1713 3590 1772 etc.
3639 1730 3671 1770 >›

2736 1811 2898 1879 Haec
2962 1811 3147 1880 enim
3194 1811 3465 1880 videtur
3493 1813 3774 1879 omnino
3841 1811 4031 1889 salsa,
4083 1810 4190 1878 vel

2645 1920 3024 2012 incongrua
3068 1943 3084 1989 ε
3129 1921 3290 2011 quia
3328 1943 3483 1990 cum
3516 1920 3583 2012 1)*
3622 1921 3813 1988 solus
3850 1943 3988 1988 non
4044 1941 4198 2011 pos-

2644 2029 2729 2096 sit
2769 2051 2917 2098 esse
2942 2029 3353 2120 adjectivum
3387 2031 3656 2098 termini
3713 2030 4094 2097 communis
4126 2028 4197 2094 in

2644 2137 3013 2226 praedicato
3046 2139 3276 2228 positi,
3338 2159 3464 2205 nec
3500 2135 3807 2225 subjecti,
3871 2136 4028 2226 quia
4057 2156 4195 2202 non

2645 2242 2967 2308 convenit
2996 2263 3152 2308 cum
3211 2241 3516 2329 subjecto
3562 2241 3633 2306 in
3668 2261 3916 2330 genere
3952 2261 3967 2306 ε
4000 2239 4199 2307 vide-

2644 2356 2755 2417 tur
2810 2347 2980 2416 nihil
3024 2371 3174 2417 esse
3236 2347 3444 2431 dictu,
3518 2347 3808 2414 Trinitas
3858 2356 3959 2416 est
4012 2347 4198 2416 solus

2650 2454 2854 2523 DcuS.

2735 2562 2811 2630 Si
2848 2563 3023 2632 forte
3070 2563 3281 2645 dicas,
3333 2561 3517 2653 quod
3563 2561 3633 2653 1)*
3680 2563 3866 2629 Deus
3911 2583 4050 2628 non
4098 2567 4200 2628 est

2644 2672 2930 2739 omnino
2960 2671 3351 2739 communis
3381 2670 3712 2738 terminus
3742 2670 3913 2737 sicut
3958 2666 4192 2747 1101110.

2642 2801 2728 2848 00
2770 2778 2956 2871 quod
3003 2801 3143 2848 non
3193 2787 3294 2848 est
3358 2775 3945 2848 communicabilis
3994 2779 4061 2844 in
4099 2776 4199 2844 di·

2641 2891 2926 2959 vinitate
2978 2892 3293 2960 033οη1110
3350 2889 3532 2959 :hoc
3571 2887 3739 2957 1111111
3800 2898 3899 2957 031
3961 2912 3977 2956 :
4036 2889 4198 2978 quia

2642 2998 2846 3070 habet
2904 3001 3467 3069 communitatem
3526 3002 4029 3092 suppositorum
4074 3022 4090 3066 ε
4128 2999 4198 3090 1)*

2637 3108 2835 3177 solus
2891 3118 3123 3177 autem
3195 3130 3316 3201 per
3380 3110 3710 3176 rationem
3790 3107 4196 3177 exclusionis

2636 3239 2847 3308 quam
2878 3217 3230 3309 importat,
3272 3215 3435 3284 dicit
3494 3216 3944 3307 privationem
4000 3237 4197 3285 asso·

2639 3322 2956 3391 ciationis
2980 3323 3052 3390 in
3081 3322 3454 3414 suppositis
3495 3344 3510 3389 :
3548 3329 3612 3390 et
3673 3321 3766 3389 ita
3821 3323 4192 3412 incongrue

2636 3431 2912 3500 videtur
2938 3431 2999 3500 ei
3031 3431 3215 3502 addi.

2730 3541 2834 3607 An
2865 3562 2991 3609 noc
3020 3539 3151 3608 dici
3177 3546 3422 3631 potest,
3446 3539 3554 3607 vel
3584 3539 3764 3630 quod
3793 3538 3935 3608 haec
3955 3539 4182 3620 dictio.

2636 3645 2859 3725 solus,
2892 3643 3375 3715 adverbialiter
3418 3646 3694 3737 ponitur
3756 3668 3879 3737 pro
3935 3645 4183 3726 solum,

2640 3754 2748 3824 vel
2782 3763 3104 3823 tantum:
3167 3753 3275 3823 vel
3330 3754 3510 3846 quod
3567 3753 3850 3823 refertur
3910 3754 3996 3823 ad
4024 3754 4191 3823 sub-

2628 3863 2916 3954 jectum,
2979 3885 3118 3931 non
3184 3864 3400 3955 gratia
3467 3863 3758 3954 generis,
3806 3863 3923 3931 sed
3970 3863 4189 3955 gratia

2637 3975 2940 4042 contenti
3011 3972 3191 4042 :sed
3248 3971 3376 4041 hoc
3446 3971 3614 4040 nihil
3689 3996 3834 4040 esse
3892 3973 4181 4051 videtur,

2638 4104 2794 4148 cum
2825 4081 3181 4172 supposita
3218 4080 3352 4148 sint
3385 4080 3599 4171 plura.
3655 4088 3721 4147 et
3778 4080 3844 4170 1)*
3883 4080 4072 4148 solus
4101 4083 4190 4150 sit

2635 4188 3005 4280 singularis
3035 4190 3354 4257 numeri:
3409 4198 3474 4256 et
3535 4188 3685 4256 ideo
3752 4198 3881 4256 stat
3934 4189 4023 4256 1111
4065 4212 4187 4278 pro

2638 4305 2931 4366 tantum.

2728 4404 2860 4474 Sed
2902 4414 3141 4474 contra
3191 4402 3366 4472 hanc
3424 4403 3832 4471 solutionem
3873 4403 4186 4492 objicitur

2634 4513 2755 4593 sic,
2818 4511 3003 4603 quod
3059 4510 3434 4580 secundum
3484 4509 3613 4579 hoc
3662 4521 3759 4579 est
3800 4510 3945 4579 haec
3998 4534 4181 4597 vera,

2630 4622 2927 4689 Trinitas
2970 4629 3073 4690 est
3129 4629 3393 4689 tantum
3454 4619 3658 4687 Deus.
3712 4619 3961 4700 Quaero
3991 4644 4179 4710 ergo,

2636 4733 2880 4802 Utrum
2913 4733 3120 4801 etiam
3180 4731 3328 4801 haec
3388 4733 3473 4799 sit
3526 4755 3688 4800 vera
3763 4755 3801 4799 a
3858 4754 4186 4801 conversa

2632 4841 2955 4933 simplici,
3012 4851 3280 4911 tantum
3341 4842 3523 4910 Deus
3579 4850 3679 4909 est
3712 4841 4031 4925 Trinitas,
4075 4840 4182 4909 vel

2632 4949 2821 5017 solus
2864 4949 3045 5018 Deus
3084 4958 3186 5018 est
3247 4949 3595 5016 Trinitas?
3665 4947 3945 5017 Videtur
4002 4946 4187 5040 quod

2633 5059 2728 5126 sic
2799 5080 2815 5126 :
2880 5059 3042 5149 quia
3093 5057 3276 5126 Deus
3353 5064 3453 5125 est
3517 5057 3836 5137 Trinitas,
3887 5065 3952 5125 et
4017 5055 4184 5125 nihil

2632 5162 2819 5257 quod
2854 5189 2992 5235 non
3022 5167 3112 5234 sit
3141 5165 3325 5235 Deus
3355 5173 3456 5233 est
3509 5163 3801 5234 Trinitas
3834 5187 3851 5233 z
3894 5187 4055 5257 ergo
4086 5188 4189 5233 so·

2631 5271 2737 5342 lus
2775 5273 2961 5342 Deus
3028 5283 3131 5343 est
3173 5271 3492 5352 Trinium,
3551 5271 3662 5341 vel
3700 5282 3962 5341 tantum
4004 5273 4186 5341 Deus

2629 5389 2730 5450 est
2756 5381 3079 5450 Trinitas.

2721 5485 2858 5555 Snn
2896 5512 3155 5557 cos-rm
3189 5512 3205 5558 ε
3244 5488 3450 5557 Solus
3497 5488 3682 5557 Deus
3711 5497 3813 5557 est
3836 5487 4123 5557 Trinitas
4157 5508 4174 5557 ε

2628 5617 2796 5687 ergo
2838 5594 3045 5666 Pater
3080 5595 3605 5678 estTrinitaS,et
3635 5595 3844 5665 Filius
3869 5605 3993 5684 est,
4016 5606 4176 5678 etc..

2630 5705 2793 5795 quia
2871 5729 3152 5797 possum
3228 5706 3631 5776 descendere
3675 5707 3742 5774 in
3807 5705 3976 5775 Deo,
4037 5705 4180 5773 Etsi

3891 5849 3958 5897 :m

4209 5541 4308 5589 Sed
4350 5546 4538 5590 eontra.
