4897 6388
730 393 879 474 ‚620

749 560 1078 646 stincfio,
1120 583 1275 632 non
1308 554 1715 640 diversitas
1769 552 1890 626 vel
1933 547 2207 622 divisio
2241 545 2400 619 sive
2439 536 2850 637 separatio.
2889 534 3109 609 Unde
3140 525 3593 606 Ambrosius
3635 531 3709 604 in
3754 530 3946 605 libro

748 700 778 773 1
818 697 910 772 de
940 696 1316 770 Trinitate
1351 716 1368 765 :
1406 690 1581 764 Non
1613 686 1916 784 estipse
1950 685 2177 757 Pater
2207 678 2340 777 qui
2365 676 2631 766 Filius,
2668 651 2797 746 sed
2829 671 3027 744 inter
3066 668 3366 741 Patrem
3412 665 3783 740 etlvilium
3818 689 3951 741 ex-

752 854 1019 932 pressa
1050 826 1437 903 distinctio
1466 834 1607 898 est.

1707 369 1817 448 D.
1861 377 2071 445 ALB.
2118 373 2333 442 MAG.
2388 369 2596 438 ORD.
2645 365 2943 434 PRAED.

1561 1270 1624 1342 Ι.
1669 1264 2068 1354 Quomodo
2118 1261 2455 1336 Trinitas
2495 1255 2607 1331 ibi
2632 1247 3124 1350 accipiatur?

842 1620 1035 1694 Cum
1075 1639 1265 1690 vero
1299 1612 1605 1704 dicitur,
1651 1608 2018 1700 Prinna-5,
2081 1604 2154 1677 id
2189 1597 2613 1699 significari
2642 1594 2956 1669 videtur
3006 1588 3216 1688 quod
3265 1583 3750 1683 significatur
3780 1612 3951 1663 cum

747 1754 1054 1847 dicitur,
1093 1761 1244 1825 tres
1284 1767 1640 1847 personae
1678 1766 1694 1817 ε
1744 1751 1826 1816 ut
1855 1740 2060 1815 sicut
2111 1761 2264 1811 non
2307 1742 2556 1834 potest
2594 1729 2773 1823 dici,
2820 1728 3048 1801 Pater
3075 1731 3193 1799 est
3219 1731 3375 1797 tres
3406 1743 3788 1819 personoe,
3822 1724 3945 1797 vel

737 1887 992 1963 Filius
1030 1895 1145 1961 est
1181 1894 1749 1981 tres-personae,
1783 1875 1889 1950 ita
1919 1897 2073 1948 non
2116 1872 2341 1947 debet
2369 1867 2547 1962 dici,
2592 1866 2821 1939 Pater
2859 1869 2975 1935 est
3002 1857 3358 1950 TrinitaS,
3399 1857 3522 1931 vel
3556 1857 3794 1934 Filius
3832 1867 3948 1933 est

739 2001 1069 2096 Trinitas
1083 2075 1100 2092 .

1155 2534 1661 2611 ARTICULUS
1706 2532 1865 2602 Vll.

947 2752 1135 2840 Quid
1166 2754 1256 2820 sit
1287 2747 1632 2839 distinqui
1661 2745 1732 2811 in
1764 2741 2020 2810 divinis
2048 2737 2089 2807 ?

826 3071 1085 3142 Deinde
1117 3069 1444 3160 quaeritur
1469 3065 1553 3133 de
1575 3063 1706 3132 hoc
1736 3059 1922 3153 quod
1949 3058 2129 3132 dicit,
2166 3053 2284 3133 ibi,

741 3181 824 3260 G,
872 3209 904 3244 κ
952 3181 1122 3250 Cum
1154 3186 1379 3245 aulem
1411 3172 1732 3250 dicimus,
1775 3169 2292 3237 distincta-sunt

733 3312 1061 3384 personae,
1096 3298 1225 3355 etc.
1266 3315 1297 3347 »
1761 3278 1766 3282 ’

833 3396 958 3463 llic
989 3395 1169 3463 enim
1212 3390 1447 3483 incipit
1495 3412 1650 3481 pars
1698 3385 1996 3456 secunda
2049 3382 2293 3451 distin-

737 3502 1011 3580 ctioniS,
1046 3502 1113 3568 in
1146 3523 1277 3591 qua
1318 3497 1534 3587 tangit
1565 3494 1729 3586 quid
1776 3490 2158 3584 significent
2186 3487 2294 3554 di-

742 3612 1003 3678 ctiones
1043 3605 1448 3681 notionales,
1501 3602 1883 3678 distinctus,
1934 3596 2289 3678 discretus,

743 3717 1035 3786 trinitas.
1092 3714 1172 3781 Et
1216 3736 1422 3804 penes
1469 3713 1598 3779 ista
1656 3710 1783 3776 tria
1834 3729 1958 3797 per
1985 3705 2292 3773 ordinem

744 3833 903 3893 sunt
928 3823 1037 3891 hic
1068 3825 1191 3892 tria
1222 3820 1518 3913 capitula
1550 3843 1567 3886 ε
1605 3826 1672 3887 et
1700 3815 1852 3885 haec
1879 3815 2112 3882 omnia
2144 3812 2293 3905 pla-

2396 2336 2488 2381 na
2513 2319 2693 2393 sunt,
2728 2309 2780 2378 si
2824 2306 3242 2398 intelligatur
3276 2303 3436 2396 quid
3480 2314 3579 2374 est
3614 2309 3961 2400 distingui

2396 2428 2464 2488 et
2509 2417 2819 2487 discerni.
2858 2485 2880 2506 ‚

2483 2526 2852 2596 Distinctio
2910 2522 3118 2614 igitur
3165 2519 3233 2588 in
3303 2518 3551 2586 divinis
3606 2532 3707 2591 est
3755 2533 3942 2592 actus

2397 2634 2743 2703 notionem
2814 2650 3268 2720 consequens,
3337 2628 3406 2692 in
3457 2638 3784 2716 quantum
3838 2640 3941 2699 est

2398 2739 2772 2832 proprietas
2794 2732 3170 2826 personalis
3205 2754 3221 2799 ε
3257 2731 3358 2800 sic
3377 2733 3557 2800 enim
3589 2735 3973 2829 distingui<

2396 2855 2507 2914 tur
2534 2866 2670 2913 una
2698 2863 2987 2933 persona
3018 2838 3103 2908 ab
3133 2839 3291 2907 alia.
3344 2839 3680 2909 Discrelio
3711 2851 3940 2912 autem

2395 2959 2496 3021 est
2525 2950 2703 3020 idem
2726 2947 3098 3017 secundum
3129 2944 3440 3014 ordinem
3479 2955 3545 3012 et
3576 2972 3934 3017 numerum

2397 3078 2866 3150 personarum,
2910 3053 3023 3144 qui
3055 3060 3158 3121 est
3209 3052 3278 3118 in
3321 3051 3618 3120 divinis:
3653 3055 3938 3124 discreta

2394 3166 2577 3235 enim
2635 3160 3079 3232 numerabilia
3108 3168 3288 3229 sunt.
3335 3159 3469 3227 Sed
3498 3165 3811 3253 conlusio
3840 3172 3940 3233 est

2398 3274 2801 3366 compositio
2850 3293 3087 3340 eorum
3153 3291 3306 3361 qnae
3367 3281 3812 3341 numerantur
3856 3273 3944 3341 ad

2399 3384 2717 3461 invicem.
2752 3378 3134 3450 inordinata
3177 3400 3193 3445 ε
3239 3386 3304 3445 et
3354 3377 3424 3443 in
3480 3375 3725 3448 divinis
3781 3380 3943 3449 dicit

2402 3490 2864 3581 acceptionem
2894 3484 3199 3575 ejusdem
3238 3482 3366 3553 sub
3406 3483 3687 3553 diversis
3716 3488 3943 3555 nomi-

2403 3596 2627 3674 nibus,
2697 3603 2771 3663 ut
2845 3592 3108 3662 dicebat
3175 3590 3535 3660 sabellius,
3593 3594 3941 3663 Alienatio

2406 3714 2635 3773 autem
2673 3702 2835 3771 dicit
2889 3701 3253 3768 scissuram
3319 3721 3439 3789 per
3496 3703 3943 3771 remotionem

2411 3813 2611 3879 unius
2640 3810 2724 3879 ab
2754 3810 2916 3893 aliu,
2949 3816 3023 3875 ut
3051 3807 3313 3878 dicebat
3345 3807 3570 3878 Arius.

1444 4275 1539 4348 K.
1575 4273 1744 4347 Iloc
1773 4271 2078 4349 videtur
2101 4269 2580 4349 contrarium
2620 4293 2781 4345 esse
2801 4267 3230 4369 praedictis.

845 4611 986 4686 llic
1019 4635 1165 4682 nun
1202 4619 1314 4683 est
1358 4604 2133 4706 praetermittendum,
2176 4604 2380 4703 quod
2414 4627 2587 4679 cum
2620 4627 2854 4702 supra
2880 4603 3168 4678 dictum
3204 4602 3569 4678 sitDeuun
3615 4632 3756 4684 nec
3796 4610 3950 4685 sin-

746 4750 1094 4843 gularem
1143 4772 1279 4819 nec
1315 4740 1815 4840 multiplicem
1857 4764 2027 4816 esse
2088 4739 2642 4833 confitendum,
2688 4739 2917 4836 idque
2959 4739 3418 4813 Sanctorum
3466 4746 3946 4821 auctoritati-

750 4885 897 4957 bus
928 4880 1017 4953 sit
1064 4881 1635 4966 contii-matum,
1673 4874 1748 4948 in
1793 4874 2266 4949 contrarium
2323 4875 2629 4950 videtur
2682 4874 2966 4951 sentire
3022 4873 3391 4969 IsidoruS,
3449 4876 3765 4957 dicens:
3813 4884 3950 4957 ni-

751 5016 1304 5114 stinguendum
1337 5024 1450 5090 est
1482 5013 1683 5085 inter
1735 5010 2149 5086 trinitatem
2185 5021 2260 5086 et
2310 5011 2704 5086 unitatem.
2744 5014 2874 5087 Est
2930 5012 3134 5088 enim
3200 5013 3454 5086 unitas
3515 5014 3833 5116 simplex
3873 5032 3949 5095 et

753 5152 1197 5249 singularis,
1236 5149 1536 5223 trinitas
1569 5170 1752 5220 vero
1799 5145 2196 5244 multiplex
2239 5156 2312 5221 et
2364 5147 2864 5222 numerabilis
2901 5172 2917 5224 ε
2965 5146 3148 5247 quia
3206 5146 3505 5221 trinitas
3562 5163 3675 5225 est
3716 5156 3943 5229 trium

753 5290 1038 5364 unitas.
1087 5289 1278 5361 licre
1322 5283 1697 5358 unitatem
1761 5281 1947 5355 dicit
1986 5304 2156 5356 esse
2188 5281 2689 5379 singularem,
2753 5294 2826 5359 et
2884 5284 3298 5358 trinitatem
3336 5284 3831 5383 multiplicem
3871 5302 3947 5367 et

753 5422 1336 5498 numerabilem.
1376 5418 1525 5494 Sed
1581 5416 1674 5490 ad
1736 5418 1882 5490 hoc
1933 5415 2290 5511 dicimus,
2343 5418 2527 5515 quia
2582 5419 3050 5515 singularem
3112 5418 3407 5516 accepit
3461 5418 3659 5496 sicut
3718 5426 3952 5501 etalii

752 5555 1138 5653 accipiunt
1185 5577 1423 5627 unum
1470 5578 1486 5625 ε
1535 5549 2042 5648 multiplicem
2083 5575 2267 5625 vero
2308 5561 2384 5627 et
2421 5554 3012 5647 numerabilem,
3076 5552 3278 5627 sicut
3323 5550 3455 5626 alii
3516 5554 3779 5636 dicunt
3812 5563 3952 5637 tri-

751 5715 970 5767 num.
