4897 6388
441 2049 642 2097 solutio.

382 2378 465 2426 Ad
489 2379 533 2430 ¹.
554 2377 707 2426 202³.

466 5582 539 5626 ad
570 5586 610 5628 4.

720 329 850 396 248

721 503 906 570 vices
944 510 1333 593 temporum
1372 497 1516 572 non
1570 496 1884 573 haberes:
1944 505 2105 595 quia
2157 502 2273 570 ubi

723 609 945 677 forma
1011 609 1199 677 nulla
1267 618 1391 690 est,
1459 613 1645 680 vices
1703 620 2089 701 temporum
2130 623 2311 678 esse*

724 739 866 784 non
905 725 1237 806 possunt:
1296 741 1459 809 ergo
1523 720 1805 786 materia
1850 720 2075 808 prima
2138 741 2276 786 non

727 824 966 913 recipit
1011 821 1311 912 aliquam
1370 825 1713 893 formam:
1773 825 2045 894 videtur
2117 848 2277 916 ergo

729 931 913 1021 quod
951 953 1087 997 non
1118 932 1243 998 fuit
1273 942 1535 1000 mutata
1563 957 1685 1024 per
1721 934 2093 1002 accidentia
2125 958 2141 1000 t
2216 940 2279 1001 et

728 1040 822 1105 ita
848 1039 1121 1106 videtur
1151 1040 1732 1108 incommutabilis
1783 1044 1849 1107 in
1916 1064 2042 1110 suo
2100 1051 2277 1110 statu

726 1147 958 1223 fuisse,
1004 1149 1175 1214 sicut
1206 1148 1435 1215 divina
1459 1150 1774 1217 essentia.

820 1257 886 1322 5.
924 1255 1119 1335 Item,
1154 1256 1540 1325 Accidentis
1582 1280 1720 1325 non
1786 1267 1887 1326 est
1924 1249 2273 1352 *accidenffi

733 1362 894 1452 quia
943 1361 1136 1429 aliter
1190 1370 1533 1452 oporteret
1563 1367 1659 1432 ire
1719 1368 1789 1431 in
1847 1365 2185 1433 infinitum
2261 1391 2276 1433 :

732 1491 895 1559 ergo
949 1491 1075 1535 nec
1130 1469 1462 1538 accidenti
1528 1474 1847 1542 convenit
1911 1472 2280 1540 accidentia

735 1576 1029 1664 recipere
1077 1599 1092 1642 :
1136 1586 1203 1642 et
1231 1578 1328 1644 sic
1358 1579 1681 1644 convenit
1709 1578 2062 1659 accidenti,
2098 1580 2284 1670 quod

731 1683 819 1751 sit
859 1683 1442 1766 incommutabile,
1516 1689 1690 1754 sicut
1753 1686 2128 1755 substantia
2186 1688 2284 1756 di·

731 1811 917 1857 vina.

830 2014 1136 2085 Sem-no.
1174 2017 1578 2097 Dicendum,
1612 2019 1795 2109 quod
1832 2021 2001 2088 nulli
2042 2045 2286 2091 conve·

734 2125 836 2190 nit
864 2123 1035 2192 nihil
1073 2126 1354 2193 omnino
1390 2126 1706 2217 recipere,
1750 2129 1878 2196 nisi
1952 2129 2076 2197 soli
2116 2129 2316 2208 sub-‚

732 2233 998 2300 stantiae
1025 2231 1292 2300 divinae.
1606 2247 1607 2252 ’
1734 2237 1741 2243 ’

824 2342 929 2409 An
968 2363 1224 2409 ramim
1251 2365 1415 2434 ergo
1447 2344 1629 2434 quod
1660 2344 1977 2434 objicitur
2021 2346 2103 2415 de
2143 2347 2285 2415 for-

737 2469 872 2531 ma,
927 2445 1288 2515 dicendum
1346 2447 1531 2539 quod
1587 2448 1837 2541 duplex
1896 2460 2000 2520 est
2061 2453 2280 2543 subje-

731 2567 942 2637 ctum,
975 2557 1228 2625 scilicet
1257 2558 1435 2648 quod
1504 2568 1606 2627 est
1658 2560 2039 2650 subjectum
2095 2562 2279 2655 quod

728 2673 830 2731 est
876 2663 1202 2733 accidenti
1271 2672 1530 2733 naturoe
1588 2662 2071 2746 et'individui,
2103 2670 2281 2738 sicut

726 2780 827 2839 est
864 2769 1106 2839 albedo
1147 2780 1211 2839 et
1278 2771 1563 2862 nigredo
1597 2793 1616 2840 t
1686 2783 1750 2841 et
1805 2772 1966 2842 huic
2006 2797 2145 2843 non
2176 2786 2276 2845 est

728 2877 988 2969 aliquid
1052 2877 1431 2967 subjectum
1499 2881 1627 2947 nisi
1695 2885 2151 2973 compositum
2189 2907 2275 2953 ex

728 2987 1013 3054 materia
1051 2994 1116 3054 et
1145 2986 1387 3064 forma.
1432 2998 1499 3056 et
1527 2988 1711 3078 quod
1741 2999 1843 3058 est
1872 2999 1938 3059 et
1977 3013 2114 3082 quo
2144 3001 2270 3072 est,

727 3104 793 3163 et
822 3094 957 3162 tale
995 3094 1374 3184 subjectum
1438 3117 1579 3164 non
1647 3105 1869 3188 potest
1922 3119 2069 3167 esse
2134 3099 2275 3168 l'or-

726 3224 889 3270 ma:
933 3211 1000 3270 et
1055 3211 1156 3271 est
1221 3203 1602 3292 subjectum
1672 3206 1856 3297 quod
1920 3191 2275 3297 subjicitur

721 3309 1117 3400 proprietati
1148 3332 1291 3377 suae
1317 3318 1384 3378 et
1412 3312 1736 3401 potentiae
1782 3313 1890 3381 vel
1940 3314 2055 3381 alii
2111 3337 2273 3406 pas-

721 3416 901 3483 sioni
932 3438 1072 3484 suae
1112 3417 1427 3506 promite,
1471 3427 1536 3485 et
1566 3417 1666 3486 sic
1690 3418 2071 3507 subjectum
2098 3420 2270 3490 bene

721 3529 822 3588 est
863 3522 1076 3590 forma
1112 3547 1127 3589 ε
1165 3521 1277 3588 illa
1305 3530 1536 3591 autem
1567 3526 1793 3613 passio
1822 3525 1933 3594 vel
1970 3530 2272 3618 proprie-

721 3636 826 3696 tas
854 3648 994 3694 non
1027 3627 1126 3695 est
1155 3650 1277 3717 per
1312 3631 1678 3697 essentiam
1712 3630 1889 3700 idem
1919 3634 2114 3723 cujus
2168 3644 2267 3703 est

719 3735 1121 3825 proprietas.
1187 3733 1270 3803 Et
1333 3736 1561 3826 quoad
1638 3739 1936 3829 primum
1988 3741 2267 3810 modum

719 3841 969 3910 dicitur
1002 3840 1222 3909 forma
1254 3842 1698 3923 invariabili&
1740 3855 1808 3913 et
1836 3868 1975 3915 non
2041 3849 2270 3939 quoad

718 3947 1097 4018 secundum
1128 3949 1434 4017 modum.

813 4063 951 4132 Sed
988 4067 1043 4132 si
1071 4064 1201 4133 hoc
1248 4066 1505 4134 dictum
1546 4068 1863 4137 Auctoris
1907 4073 2050 4141 Sex
2074 4074 2272 4164 prin-

718 4172 1056 4262 cipiorum
1097 4174 1465 4264 accipiatur
1501 4176 1909 4264 generaliter
1951 4178 2034 4246 de
2081 4182 2268 4248 omni

717 4276 960 4354 sortita,
997 4287 1216 4368 potest
1252 4279 1381 4349 dici
1416 4281 1685 4362 melius,
1714 4284 1899 4374 quod
1947 4285 2104 4354 licet
2131 4286 2272 4354 l'or-

724 4407 834 4453 ma
901 4386 968 4453 in
1027 4409 1098 4454 se
1162 4388 1452 4478 simplex
1509 4390 1619 4474 sit,
1695 4413 1834 4459 non
1892 4401 2120 4462 tamen
2180 4396 2272 4463 ita

723 4491 1012 4582 simplex
1055 4501 1150 4560 est
1192 4495 1356 4584 quin
1397 4496 1609 4586 possit
1640 4518 1785 4564 esse
1813 4522 1972 4589 pars
1999 4521 2277 4591 compo-

725 4595 864 4673 siti,
906 4603 973 4663 et
1013 4596 1165 4663 ideo
1203 4597 1315 4665 alii
1368 4608 1468 4666 est
1508 4600 2013 4691 componibilis,
2066 4613 2135 4673 et
2179 4607 2275 4673 sic

729 4703 1077 4771 mutabilis
1108 4715 1175 4774 et
1220 4707 1611 4777 variabilis:
1648 4709 1800 4779 licet
1856 4734 1998 4780 non
2051 4716 2278 4784 varie-

726 4819 840 4878 tur
884 4811 1060 4879 sicut
1110 4812 1177 4879 id
1234 4814 1417 4904 quod
1473 4816 1832 4907 subjicitur
1884 4821 2272 4889 mutationi.

729 4917 907 4996 Quia
980 4918 1227 4987 dicitur
1274 4921 1528 4992 mobile
1587 4927 1689 5013 (ut
1743 4924 1907 4994 dicit
1960 4925 2276 4996 Philoso-

728 5018 933 5111 phus)
964 5022 1448 5115 multipliciter,
1487 5026 1743 5097 scilicet
1788 5037 1864 5096 ut
1894 5028 2275 5119 subJ’ectum

730 5134 985 5202 motus.
1028 5139 1095 5197 et
1136 5139 1209 5198 ut
1259 5131 1326 5198 id
1366 5133 1553 5223 quod
1600 5133 1916 5223 abjicitur
1952 5145 2170 5222 motu,
2212 5147 2280 5205 et

731 5235 905 5303 sicut
943 5235 1011 5303 id
1058 5238 1263 5305 etiam
1310 5240 1496 5331 quod
1541 5244 1916 5334 acquiritur
1951 5266 2075 5335 per
2121 5267 2278 5312 mo-

730 5353 903 5412 tum.
951 5344 1036 5413 Et
1081 5347 1269 5416 nullo
1320 5348 1593 5418 illorum
1642 5361 1956 5421 motuum
2004 5353 2278 5423 mobilis

730 5461 831 5519 est
859 5450 1069 5531 Deua,
1101 5454 1208 5522 vel
1240 5458 1531 5524 essentia
1559 5457 1811 5527 divina.

822 5561 924 5629 An
955 5586 1080 5631 noc
1107 5574 1334 5632 autem
1374 5567 1561 5656 quod
1589 5569 1909 5659 objicitur
1945 5571 2027 5640 de
2060 5580 2279 5640 mate-

733 5668 857 5751 ria,
892 5670 1249 5738 dicendum
1291 5673 1474 5762 quod
1505 5674 1559 5740 si
1593 5680 1873 5744 materia
1912 5679 2132 5768 prima
2160 5701 2280 5746 vo-

1748 322 1834 400 n2
1885 332 2085 402 ALB.
2140 330 2356 399 MAG.
2408 331 2614 400 ono.
2673 330 3004 432 PRAED.2

3884 422 3918 444 Α

2386 510 2579 570 cetur
2631 483 3032 570 substantia·
3065 503 3393 580 materiae,
3438 502 3833 570 secundum·
3869 491 3938 570 id
4023 489 4028 494 ’

2384 609 2570 700 quod
2600 619 2704 678 est
2741 631 2860 700 per
2909 609 3329 678 intellectum
3371 619 3679 700 separata
3719 633 3757 677 a
3794 611 3936 700 pri-

2384 718 2662 785 vatione
2707 724 2775 785 et
2828 718 3133 808 potentia
3190 716 3593 806 subjicibilis
3641 716 3872 784 formae
3914 739 3928 782 :

2387 834 2548 892 tunc
2598 848 2839 892 verum
2891 833 2990 892 est
3039 824 3224 915 quod
3271 823 3431 892 dicit
3486 824 3931 915 AugustinuS,

2366 932 2573 1023 -quod
2605 934 2753 1022 ipsa
2781 943 2883 1001 est
2911 941 3099 1000 extra
3127 940 3422 1022 tempus»,
3456 941 3522 999 et
3544 941 3704 1000 tunc
3731 934 3934 1000 etiam

2372 1070 2527 1115 ¹non
2558 1057 2658 1115 est
2699 1047 3106 1137 receptibilis
3136 1048 3401 1129 formae,
3436 1070 3516 1114 eo
3557 1047 3740 1137 quod
3770 1047 3934 1115 ordo

2388 1157 2600 1245 ipsius
2629 1154 2716 1222 ad
2751 1155 3043 1238 formam
3084 1154 3393 1221 sublatus
3441 1164 3542 1221 est
3571 1155 3653 1222 ab
3704 1177 3783 1220 ea
3819 1177 3938 1243 per

2388 1260 2808 1328 intellectum
2844 1285 2859 1329 :
2895 1261 3011 1328 sed
3041 1269 3272 1328 tamen
3312 1260 3535 1328 adhuc
3572 1260 3775 1327 habet
3811 1259 3938 1327 ha-

2387 1367 2764 1435 bitudinem
2793 1367 2880 1435 ad
2909 1366 3298 1436 Creatorem
3334 1367 3709 1435 secundum
3754 1368 3931 1457 quod
4013 1443 4016 1444 ἢ

2386 1475 2534 1563 ipsa
2573 1472 2782 1540 exivit
2814 1475 2881 1539 in
2912 1494 3058 1541 esse
3105 1472 3188 1540 de
3232 1469 3446 1539 nihilo
3485 1494 3501 1539 ε
3535 1480 3601 1538 et
3641 1471 3754 1539 ille
3790 1473 3934 1538 exi-

2371 1589 2497 1646 tus
2527 1580 2847 1671 quaedam
2893 1580 3183 1648 variatio
3239 1587 3364 1659 est,
3411 1602 3562 1670 quae
3593 1602 3732 1647 non
3766 1602 3938 1647 con-

2366 1689 2582 1756 venit
2614 1688 2791 1759 Deo.
3189 1683 3196 1692 ⁴

2362 1822 2367 1827 ·
2477 1794 2840 1874 Praeterea,
2901 1795 3186 1865 Materia
3231 1794 3390 1866 licet
3432 1818 3573 1863 non
3620 1796 3707 1864 sit
3756 1816 3935 1886 pars,

2366 1910 2619 1970 tamen
2674 1911 2899 1993 potest
2954 1925 3102 1972 esse
3147 1926 3306 1995 pars
3349 1928 3365 1972 ε
3417 1904 3595 1971 etita
3634 1911 3734 1970 est
3783 1925 3939 1970 sus-

2389 2008 2726 2100 ceptibilis
2755 2008 3076 2089 alteriue,
3144 2009 3214 2079 id
3243 2018 3369 2119 est,
3413 2009 3792 2077 substantia
3817 2031 3940 2076 sua

2389 2115 2870 2207 componibilis
2924 2126 3025 2185 est
3090 2138 3249 2185 cum
3308 2118 3609 2208 potentia
3665 2115 3749 2183 ad
3811 2115 3939 2183 sor-

2390 2249 2602 2306 mam,
2636 2235 2703 2295 et
2732 2227 2936 2296 etiam
2968 2250 3126 2297 cum
3157 2227 3378 2295 forma
3412 2248 3428 2295 ε
3463 2235 3532 2294 et
3557 2228 3655 2294 sic
3681 2234 3783 2295 est
3809 2249 3938 2292 va-

2390 2333 2645 2403 riabilis
2673 2337 2746 2404 in
2782 2337 3108 2426 potentia.
3148 2334 3223 2403 Si
3254 2338 3436 2404 enim
3478 2333 3645 2405 ordo
3686 2333 3770 2402 ad
3807 2357 3938 2425 po-

2386 2444 2668 2513 tentiam
2707 2443 3145 2513 abstrahatur
3172 2467 3213 2512 a
3261 2444 3569 2526 materia,
3601 2445 3747 2533 ipsa
3794 2466 3931 2511 non

2384 2553 2515 2621 erit
2567 2554 2853 2622 materia
2917 2576 2934 2622 z
2993 2555 3154 2645 quia
3211 2552 3703 2622 secundum·id
3749 2550 3929 2641 quod

2383 2669 2509 2740 est,
2559 2660 2916 2751 subjicitur
2971 2661 3290 2752 potentiae
3365 2670 3432 2729 et
3486 2661 3848 2750 privationi
3907 2681 3924 2726 ε

2383 2789 2547 2859 ergo
2607 2791 2729 2859 per
2783 2767 3206 2839 intellectum
3272 2778 3697 2860 separantem
3746 2777 3931 2836 ante-

2381 2896 2589 2965 quam
2630 2875 3053 2966 subjiciatur,
3084 2878 3407 2969 potentiae
3438 2886 3541 2944 est
3579 2875 3931 2964 subjicibi-

2381 2979 2486 3049 tis.
2534 2981 2609 3051 Si
2647 2982 2821 3054 forte
2858 2986 3071 3068 dicas,
3111 2983 3298 3075 quod
3336 3006 3476 3054 non
3504 2989 3607 3051 est
3648 2983 3932 3071 subjici-

2379 3088 2537 3160 bilis
2572 3093 2942 3184 privationi
2980 3103 3046 3163 et
3085 3094 3405 3184 potentiae
3442 3091 3815 3161 secundum
3861 3091 3927 3158 id

2378 3202 2563 3294 quod
2593 3212 2722 3283 est,
2765 3212 2929 3272 tunc
2954 3202 3162 3272 ibitur
3202 3203 3276 3271 in
3320 3202 3662 3270 infinitum
3708 3225 3725 3269 :
3768 3202 3927 3291 quia

2377 3309 2851 3399 subjicibilitas
2880 3332 3034 3402 quae
3083 3319 3186 3380 est
3233 3311 3410 3378 inter
3446 3310 3820 3400 potentiam
3860 3318 3925 3376 et

2377 3418 2760 3498 materiam,
2822 3428 2924 3486 est
2969 3418 3174 3485 etiam
3225 3418 3528 3508 potentia
3588 3414 3924 3507 quaedam.

2376 3537 2442 3596 et
2481 3527 2640 3596 huic
2661 3528 2910 3597 iterum
2956 3548 3093 3595 uon
3122 3528 3251 3595 erit
3281 3522 3680 3616 subjicibilis
3708 3526 3927 3615 seipsa

2378 3658 2499 3727 per
2536 3632 2852 3704 eamdem
2902 3633 3235 3702 rationem
3289 3653 3306 3699 ε
3357 3629 3490 3699 hoc
3526 3639 3753 3698 autem
3796 3632 3929 3696 im-

2374 3740 2697 3833 possibile
2743 3747 2849 3810 est
2880 3762 2898 3808 ε
2932 3762 3095 3831 ergo
3126 3738 3352 3830 seipsa
3397 3736 3797 3825 subjicibilis
3824 3748 3927 3804 est

2374 3852 2768 3942 privationi,
2802 3859 2869 3919 et
2898 3851 2992 3918 ita
3028 3851 3254 3940 seipsa
3291 3846 3639 3916 variabilis
3683 3856 3808 3926 est.
3843 3845 3925 3914 Bt

2376 3959 2505 4027 hoc
2552 3980 2691 4026 non
2738 3958 3059 4027 convenit
3090 3955 3268 4025 Deo.
3315 3954 3510 4023 Unde
3559 3976 3696 4022 non
3743 3962 3924 4021 tenet

2377 4067 2672 4155 objectio
2711 4065 2796 4134 de
2837 4067 3147 4136 materia.

2466 4176 2576 4242 An
2607 4195 2672 4239 m
2710 4171 2895 4263 quod
2923 4171 3242 4261 objicitur
3268 4171 3352 4240 de
3382 4171 3748 4251 accidente,
3781 4180 3926 4261 pot-

2378 4292 2479 4350 est
2508 4282 2638 4351 dici
2686 4280 2873 4373 quod
2928 4281 3151 4372 ipsum
3208 4278 3537 4348 mutabile
3580 4289 3704 4358 est,
3753 4282 3925 4347 sicut

2380 4388 2564 4482 quod
2620 4384 2938 4480 abjicitur
2989 4397 3058 4459 et
3111 4388 3428 4478 adjicitur
3474 4389 3847 4456 mutatione
3909 4409 3925 4455 ε

2385 4497 2568 4566 Deus
2600 4488 2827 4566 autem
2858 4496 3049 4567 nullo
3082 4496 3315 4565 modo.

4032 4216 4111 4262 Ad
4134 4217 4178 4262 ὓ.
