4897 6388
1722 280 1816 347 ΙΝ
1862 279 1892 346 Ι
1943 275 2365 345 SENTENT.
2418 270 2648 339 DIST.
2702 271 2965 352 XXIV,
3017 272 3102 351 A,
3156 271 3357 339 ART.
3418 273 3480 341 I.

1411 373 1442 390 t

980 465 1071 535 ta,
1115 454 1387 544 subjicit
1427 452 1820 542 exemplum
1880 449 1961 516 de
2032 444 2528 535 significatione

981 569 1216 647 trium,
1261 566 1379 644 ibi,
1428 563 1506 646 E,
1558 587 1591 628 α
1622 563 1734 630 Ila
1784 561 1992 626 etiam
2040 578 2193 624 cum
2235 555 2530 621 dicimus

4069 268 4196 335 605

2640 412 2824 507 tioiie
2857 448 3081 507 totum
3114 449 3217 508 est
3260 441 3480 527 majus
3511 438 3812 529 qualibet
3850 445 4040 528 parte
4084 436 4197 501 :in

2644 546 2785 614 Deo
2829 557 3063 614 autem
3105 546 3277 613 nihil
3311 547 3444 612 tale
3478 554 3577 612 est
3611 568 3625 612 :
3679 567 3840 636 ergo
3881 544 4023 611 Deo
4063 540 4199 608 hu-

983 686 1114 742 tres
1153 695 1292 740 esse
1332 691 1684 761 personaS,
1727 673 1853 734 etc.
1893 691 1924 726 υ
1968 663 2043 730 In
2095 670 2311 739 sexta,
2370 657 2528 726 sub·
2629 654 2939 743 jusmodi
3000 676 3329 720 numerus
3382 676 3521 720 non
3564 654 3907 741 competit.
3968 648 4041 716 Si
4074 671 4197 715 au-

976 783 1125 870 jicit
1182 775 1573 867 exemplum
1639 774 1722 841 de
1796 771 2290 862 significatione
2357 766 2526 833 duo-

988 913 1165 972 rum,
1201 888 1319 964 ibi,
1354 885 1430 969 F,
1470 913 1501 946 «
1536 883 1877 953 Similiter
1902 903 2058 948 cum
2090 880 2365 957 dicitur,
2392 877 2531 942 duo

985 1007 1176 1077 sunt,
1217 997 1420 1062 Pater
1457 1002 1522 1059 et
1549 990 1797 1069 Filius,
1833 997 1959 1058 etc.
2002 1014 2034 1053 »

1462 1514 1966 1588 ARTICULUS
2017 1514 2068 1581 1.

1220 1743 1330 1809 An
1376 1761 1702 1807 numerus
1741 1737 1830 1803 sit
1874 1737 1943 1801 in
1986 1733 2239 1801 divinis
2281 1728 2321 1796 ?

1090 2057 1235 2132 Hic·
1284 2072 1440 2131 ante
1513 2062 1852 2129 Litteram
1912 2061 2178 2148 oportet
2245 2073 2544 2143 quaerere

1000 2173 1163 2253 duo,
1205 2170 1461 2240 scilicet
1488 2191 1574 2236 an
1623 2188 1951 2235 numerus
1992 2165 2078 2230 sit
2119 2163 2185 2228 in
2236 2160 2488 2227 (livinis
2515 2161 2547 2225 ‘2

1001 2281 1110 2363 Et,
1170 2288 1400 2347 utrum
1453 2276 1741 2344 univoce
1793 2274 1879 2341 sit
1928 2273 1995 2340 in
2051 2269 2297 2337 divinis
2355 2275 2419 2334 et
2477 2267 2545 2332 in

999 2387 1332 2459 creaturis
1368 2387 1401 2452 ’ἶ

1087 2603 1294 2671 Ciam
1343 2623 1601 2669 ramum
1633 2597 2020 2690 proceditur
2048 2595 2143 2662 sic
2170 2617 2185 2662 :

1093 2711 1153 2777 1.
1215 2706 1391 2775 Dicit
1430 2705 1755 2783 Isidorus,
1805 2703 1985 2795 quod
2018 2723 2340 2770 numerus
2377 2699 2549 2767 dici-

1002 2827 1112 2887 tur
1149 2820 1343 2911 quasi
1376 2824 1582 2884 nutus
1624 2815 1965 2894 memeriS,
1999 2813 2064 2881 id
2103 2821 2229 2896 est,
2273 2811 2551 2879 divisio-

1001 2927 1104 2994 nis
1147 2950 1163 2994 :
1208 2924 1393 2994 nulla
1433 2933 1658 2993 autem
1706 2922 1952 2991 divisio
2008 2930 2109 2990 est
2161 2921 2228 2988 in
2268 2919 2542 2998 divinis,

1002 3037 1160 3126 quia
1213 3035 1415 3103 I‘ater
1452 3044 1552 3102 est
1604 3035 1673 3101 in
1715 3032 1913 3116 Filio,
1961 3043 2027 3100 et
2074 3056 2109 3100 e
2157 3053 2487 3099 converso
2525 3051 2541 3098 ε

1005 3144 1298 3236 Spiritus
1327 3151 1600 3212 sanctus
1631 3142 1698 3210 in
1739 3150 2054 3234 utroque,
2087 3151 2150 3209 et
2189 3165 2225 3209 e
2256 3162 2548 3208 conver-

1007 3278 1084 3322 so
1118 3276 1133 3320 ε
1169 3277 1333 3344 ergo
1366 3251 1595 3320 nullus
1625 3272 1974 3320 numerus.

1093 3363 1161 3427 2.
1196 3359 1397 3439 Item,
1435 3359 1713 3428 Boetius
1748 3358 1814 3425 in
1847 3356 2018 3425 libro
2050 3358 2132 3425 de
2167 3356 2499 3425 Trinitate
2528 3376 2551 3421 .·

1020 3501 1050 3535 α
1073 3469 1219 3538 lIoc
1249 3493 1405 3538 vere
1437 3492 1647 3536 unum
1671 3468 1972 3558 estquod
1997 3466 2162 3536 nulli
2197 3468 2457 3543 nititur,
2483 3466 2551 3533 in

1016 3602 1152 3671 quo
1193 3578 1421 3646 nullus
1459 3601 1807 3647 numerus.
1835 3605 1866 3640 ιο
1896 3576 2302 3666 litintelligit
2327 3575 2408 3644 de
2442 3575 2555 3642 di-

1005 3686 1183 3754 vinis
1239 3709 1255 3753 :
1299 3710 1462 3777 ergo
1501 3686 1566 3752 in
1618 3684 1864 3752 divinis
1903 3684 2128 3752 nullus
2168 3693 2267 3750 est
2316 3705 2555 3750 nume-

1008 3817 1143 3862 rus.

1098 3904 1162 3971 3.
1210 3901 1408 3979 Item,
1455 3903 1505 3968 A
1543 3923 1977 3992 quocumque
2027 3911 2415 3969 removetur
2443 3923 2559 3989 ge-

1016 4034 1168 4091 nus,
1230 4019 1294 4078 et
1362 4011 1619 4101 species
1682 4033 1696 4077 :
1750 4010 1864 4077 sed
1935 4012 2002 4077 iu
2063 4010 2204 4078 Ileo
2263 4033 2399 4077 non
2457 4016 2560 4075 est

1011 4121 1356 4211 quantitas
1383 4144 1396 4188 :
1442 4143 1604 4210 ergo
1646 4142 1767 4188 nec
1797 4128 1893 4187 est
1926 4122 2183 4212 species
2212 4119 2562 4210 quantita-

1017 4229 1101 4295 tis
1132 4251 1282 4320 quae
1315 4237 1415 4296 est
1445 4250 1797 4298 numerus.

1113 4336 1168 4405 5.
1234 4334 1424 4410 Item,
1488 4332 1855 4411 Numerus,
1914 4344 1983 4403 ut
2030 4334 2187 4404 dicit
2251 4334 2563 4401 Philoso-

1017 4443 1192 4534 pbus
1245 4445 1312 4510 in
1362 4442 1421 4510 X
1448 4446 1695 4534 prima·
1725 4443 2206 4537 philosophi-v,
2250 4455 2349 4513 est
2392 4444 2565 4511 mul·

1018 4552 1235 4621 titudo
1278 4561 1670 4621 mensurata
1729 4577 1848 4645 per
1888 4579 2096 4622 unum
2136 4579 2151 4623 ε
2206 4553 2319 4622 sed
2385 4553 2565 4621 Deus

1020 4662 1419 4753 simpliciter
1467 4665 1839 4732 immensus
1890 4675 2040 4734 est:
2086 4689 2248 4755 ergo
2301 4666 2366 4732 in
2419 4664 2566 4754 ipso

1023 4769 1252 4839 nullus
1285 4795 1608 4839 numerus
1647 4782 1775 4842 est.

1111 4879 1175 4945 3.
1245 4876 1438 4959 Item,
1512 4879 1673 4949 Sive
1734 4880 2147 4971 accipiamus
2204 4901 2565 4947 numerum

1025 4985 1527 5067 mathematice,
1562 4989 1705 5057 sive
1746 4989 2118 5057 secundum
2152 4989 2333 5080 quod
2364 4998 2464 5056 est
2497 4988 2565 5054 in

1027 5118 1097 5162 re
1131 5102 1512 5175 numerata,
1547 5095 1816 5164 videtur
1844 5097 1987 5166 Deo
2019 5120 2154 5165 non
2183 5105 2569 5190 competere

1027 5229 1357 5275 numerus
1393 5229 1408 5273 :
1438 5228 1762 5275 numerus
1799 5208 1981 5275 enim
2021 5207 2566 5285 mathematicuS,

1030 5317 1172 5383 sive
1212 5337 1349 5405 quo
1394 5338 1857 5395 numeramus,
1894 5326 1966 5384 ut
2001 5317 2160 5385 dicit
2201 5317 2573 5385 Iloetiusin

1032 5421 1208 5490 libro
1240 5422 1320 5489 de
1366 5424 1716 5504 Trinitate,
1762 5425 1835 5492 Iit
1878 5425 2228 5493 iteratione
2268 5423 2574 5513 ejusdem

1038 5530 1341 5611 unitatis,
1386 5554 1508 5598 sua
1557 5532 2037 5624 aggregatione
2081 5541 2297 5602 totum
2341 5555 2579 5601 nume·

1042 5660 1188 5704 rum
1241 5640 1762 5709 constituentis:
1805 5640 1923 5709 sed
1972 5641 2039 5708 in
2091 5640 2202 5709 illa
2239 5663 2579 5732 aggrega—

2641 770 2779 828 tem
2812 783 3141 828 numerus
3183 762 3252 827 in
3287 784 3355 827 re
3397 767 3755 827 numerata
3799 758 4190 847 accipiatur,

2641 868 2822 935 idem
2856 878 2958 936 est
2988 892 3135 936 esse
3169 868 3237 934 in
3261 890 3547 935 numero
3576 866 3761 957 quod
3800 873 3900 933 est
3937 886 4083 932 esse
4123 863 4192 928 in

2642 999 2965 1044 mensura
3005 998 3148 1044 suae
3207 976 3605 1067 quantitatis
3645 973 3948 1040 discretae
3985 993 4000 1038 ε
4063 970 4198 1037 hoc

2643 1089 2874 1147 autem
2939 1082 3086 1149 Deo
3173 1082 3420 1148 iterum
3495 1101 3632 1146 non
3701 1077 4041 1154 convenit,
4120 1083 4195 1140 ut

2643 1189 2890 1277 probat
2937 1189 3262 1279 Magister
3300 1187 3411 1255 hic
3459 1209 3673 1277 :ergo
3724 1185 3793 1252 in
3850 1184 3993 1251 Deo
4055 1204 4191 1249 non

2646 1306 2747 1364 est
2787 1319 3143 1364 numerus».

2738 1405 2872 1472 San
2912 1429 3164 1473 coNTnA
3202 1428 3218 1473 ε

2743 1514 2802 1578 1.
2842 1512 3083 1582 Unitas
3114 1520 3216 1580 est
3243 1512 3546 1602 potentia
3578 1512 3801 1579 omnis
3831 1528 4194 1575 numerus:

2645 1623 2833 1690 Deus
2875 1629 3131 1699 autem,
3187 1628 3261 1686 ut
3318 1620 3479 1687 dicit
3527 1619 3806 1687 Boetius
3845 1615 4204 1684 absolutis·

2649 1730 2822 1797 sime
2864 1738 2967 1796 est
3017 1751 3218 1813 unu3‚
3273 1730 3366 1796 ita
3405 1738 3480 1796 ut
3517 1728 3828 1796 videatur
3884 1748 4027 1794 esse
4067 1724 4207 1815 pri-

2653 1859 2846 1902 mum
2893 1859 3111 1903 unum
3147 1857 3163 1902 :
3199 1857 3363 1927 ergo
3386 1837 3457 1903 in
3496 1857 3575 1903 eo
3610 1843 3710 1903 est
3740 1834 4038 1925 potentia
4061 1854 4206 1899 om·

2652 1945 2762 2011 nis
2800 1966 3161 2013 numerus·

2743 2053 2810 2119 2.
2856 2050 3053 2129 Item,
3102 2049 3567 2141 Philosophus
3606 2051 3675 2117 in
3705 2048 3770 2116 X
3790 2049 4034 2140 primae
4054 2046 4213 2139 plei-

2654 2158 2987 2249 losopleiae
3024 2157 3197 2237 vult,
3257 2157 3443 2249 quod
3503 2155 4083 2248 simplicissimum
4138 2155 4207 2220 in

2654 2266 2965 2358 quolibet
2991 2289 3245 2358 genere
3292 2275 3395 2334 est
3434 2267 3731 2357 primum
3772 2281 3984 2332 unum
4025 2286 4214 2331 men·

2654 2399 2898 2445 surans
2938 2376 3173 2443 omnia
3213 2375 3346 2444 alia
3387 2397 3538 2465 quae
3569 2382 3728 2442 sunt
3758 2373 4058 2463 ejusdem
4086 2395 4212 2463 ge-

2657 2506 2888 2572 neris:
2944 2502 3064 2572 sed
3105 2503 3289 2571 Deus
3346 2500 3925 2593 simplicissimum
3989 2507 4089 2568 est
4145 2500 4212 2566 in

2654 2635 2907 2703 genere
2964 2609 3363 2679 substantiae
3432 2634 3452 2676 ε
3520 2632 3681 2700 ergo
3732 2611 3873 2699 ipse
3930 2616 4029 2676 est
4084 2608 4217 2698 pri·

2657 2744 2849 2789 mum
2897 2742 3115 2789 unum
3155 2742 3294 2811 quo
3346 2720 3575 2787 omnia
3634 2719 3763 2786 alia
3808 2740 4215 2786 mensuran-

2659 2836 2797 2896 tur.

2746 2935 2947 3016 Item,
2991 2933 3486 3026 Philosophus,
3548 2933 3801 3001 ibidem
3866 2956 3881 2999 :
3930 2931 4003 2998 In
4049 2930 4217 2999 sub-

2657 3045 2908 3111 stantia
2938 3066 3214 3112 necesse
3254 3052 3358 3111 est
3388 3051 3461 3110 ut
3491 3041 3805 3110 similiter
3832 3040 3918 3109 sit
3955 3063 4164 3107 unum
4193 3060 4209 3107 :

2659 3150 2791 3220 hoc
2830 3151 3015 3219 enim
3052 3148 3412 3220 consimile
3473 3157 3574 3218 est
3625 3150 3692 3216 in
3743 3147 4087 3218 omnibus.
4138 3146 4218 3215 Et

2661 3262 2752 3328 ibi
2793 3261 2956 3329 dicit
2986 3269 3459 3330 commentum
3501 3259 3644 3328 liaec
3684 3259 3888 3327 verba
3922 3281 3938 3327 ε
3989 3256 4215 3327 Unum

2662 3369 2729 3434 in
2786 3366 3187 3436 substantiis
3262 3374 3363 3435 est
3434 3365 3618 3457 quod
3665 3374 3766 3434 est
3806 3366 4217 3456 principium

2661 3501 2808 3545 esse
2840 3499 3103 3553 earum,
3137 3485 3206 3544 et
3235 3476 3645 3567 principium
3688 3476 3950 3542 numeri
3982 3498 4217 3543 earum

2663 3586 2849 3677 quod
2903 3585 3130 3653 existit
3182 3586 3253 3652 in
3311 3585 3709 3652 substantiis
3752 3593 3868 3652 :et
3906 3583 4222 3661 intendit,

2662 3719 2820 3764 cum
2845 3694 3007 3762 huic
3031 3694 3236 3762 suerit
3258 3695 3563 3782 junctum
3597 3692 3782 3783 quod
3811 3692 4222 3760 declaratum

2664 3812 2764 3871 est
2828 3804 2894 3870 in
2968 3801 3143 3870 libro
3213 3801 3692 3891 l’leysicorum,
3752 3801 4002 3869 scilieet
4045 3800 4224 3892 quod

2666 3913 2930 4001 primus
2963 3917 3191 3976 motor
3230 3909 3372 3975 sive
3403 3911 3621 3999 prima
3680 3932 3882 3976 eausa
3920 3917 4021 3975 est
4053 3907 4230 3974 indi-

2665 4016 2958 4084 visibitis
3006 4025 3070 4083 et
3130 4015 3567 4106 impartibilis
3625 4038 3764 4083 non
3804 4014 4063 4083 babens
4094 4038 4228 4082 ma·

2668 4121 3104 4213 guitudinem
3182 4125 3484 4212 penitus,
3557 4121 3686 4189 hoc
3733 4146 3880 4191 esse
3928 4124 4222 4213 primum

2669 4244 3012 4300 motorem
3045 4231 3442 4299 absolutum
3465 4230 3550 4298 ab
3582 4232 3768 4299 omni
3802 4231 4082 4299 materia
4119 4253 4135 4298 ε
4166 4241 4233 4299 et

2669 4338 3133 4408 declarabitur
3192 4348 3370 4429 post,
3415 4338 3597 4431 quod
3652 4336 3781 4407 hoc
3826 4362 3962 4406 non
4010 4339 4231 4407 solum

2672 4457 2780 4515 est
2870 4447 3283 4537 principium
3367 4455 3716 4537 tamquam
3804 4455 4052 4525 motor,
4118 4448 4235 4515 sed

2673 4563 3030 4646 tamquam
3065 4554 3284 4623 forma
3316 4564 3382 4622 et
3424 4555 3578 4621 linis
3613 4577 3628 4621 :
3672 4563 3736 4622 et
3797 4566 3957 4624 tunc
4021 4554 4239 4624 decla·

2673 4663 2961 4746 rabitur,
3036 4663 3223 4755 quod
3292 4662 3460 4730 illud
3518 4671 3617 4731 est
3691 4688 3899 4732 unum
3962 4664 4042 4733 de
4102 4689 4237 4755 quo

2678 4772 3042 4863 probatum
3083 4782 3211 4849 est,
3258 4771 3440 4862 quod
3475 4780 3571 4839 est
3620 4774 4022 4863 principium
4072 4774 4239 4841 sub-

2676 4881 2947 4950 stautiae
2985 4904 3002 4950 z
3038 4882 3215 4948 sieut
3257 4879 3422 4948 illud
3463 4890 3565 4947 est
3603 4880 4014 4948 declaratum
4056 4881 4234 4972 quod

2678 4997 2781 5056 est
2860 4997 3053 5056 actus
3130 4985 3414 5053 ultimus
3471 4986 3575 5052 cui
3636 5008 3773 5053 non
3829 4986 4240 5055 admiscetur

2680 5096 2994 5187 potentia
3019 5094 3333 5162 cumino,

2773 5206 2838 5271 3.
2888 5203 3082 5280 Item,
3149 5200 3635 5293 I’hilosophuS,
3686 5200 3935 5270 ibidem
4004 5224 4019 5270 :
4066 5202 4237 5271 Illud

2682 5313 2868 5380 enim
2910 5309 3096 5401 quod
3139 5333 3279 5377 nou
3318 5309 3670 5393 dividitur,
3724 5309 3968 5378 dicitur
3998 5333 4235 5393 uuum,

2684 5420 3066 5491 secundum
3099 5418 3288 5510 quod
3321 5441 3458 5488 non
3489 5419 3811 5487 dividitur
3844 5443 3860 5487 ε
3902 5419 4087 5490 Deus
4125 5445 4240 5491 au-

2685 5541 2825 5599 tem
2878 5532 3179 5599 maxime
3210 5540 3312 5598 est
3363 5530 3791 5599 indivisibilis
3825 5554 3840 5598 :
3884 5554 4047 5623 ergo
4088 5557 4242 5602 ma-

2687 5641 2872 5709 xime
2904 5662 3083 5708 unus
3116 5660 3133 5707 τ
3170 5662 3336 5731 ergo
3366 5641 3685 5709 convenit
3714 5643 3773 5709 ei
3805 5664 3948 5709 esse
3980 5665 4189 5710 unum
4220 5661 4237 5711 ε

4228 1447 4323 1497 Sed
4361 1453 4547 1502 contra,
