4897 6388
900 495 1017 569 ‘Ad
1050 523 1088 568 1.

1976 325 2686 411 ....1N.1‘s,EN‘rENT.·
2732 327 2958 404 msT.
3013 334 3069 421 1,
3117 335 3202 415 A,
3252 296 3454 409 m.
3504 341 3574 409 5.·
3617 392 3633 421 .‚

1301 501 1404 568 An
1479 522 1736 568 ramum
1801 521 1961 586 ergo
2030 496 2212 589 quod
2268 499 2607 591 objicitur,
2658 498 2756 571 di·-

1210 607 1505 676 cendum
1536 603 1723 696 quod
1751 607 1880 672 ista
1943 607 2219 675 scientia
2264 607 2755 700 principalissi-

1207 738 1321 782 me
1361 713 1607 781 dicitur
1630 713 1982 803 sapientia,
2014 739 2095 784 eo
2133 715 2317 807 quod
2354 718 2503 806 ipsa
2531 724 2634 784 est
2670 716 2753 784 de

1205 817 1583 897 altissimiS,
1655 829 1717 889 et
1794 821 2119 891 altissimo
2158 822 2361 890 modo
2398 847 2413 890 ε
2451 823 2612 912 quia
2669 823 2750 890 de

1204 926 1353 993 Deo
1385 949 1506 1016 per
1535 928 1864 1020 principia
1895 929 2047 996 fidei
2074 949 2089 995 ε
2116 926 2265 995 aliae
2288 936 2516 996 autem
2541 929 2756 997 scien-

1205 1033 1318 1101 tiae
1362 1057 1516 1126 quae
1575 1058 1615 1103 a
1678 1034 2113 1125 Philosophis
2187 1044 2345 1103 sunt
2427 1036 2747 1117 inventae,

1205 1144 1332 1211 etsi
1387 1145 1738 1236 sapientiae
1801 1144 2131 1223 dicantur,
2221 1146 2380 1235 quia
2442 1153 2602 1213 sunt
2668 1145 2750 1213 de

1203 1250 1544 1331 alti8‚non
1577 1259 1804 1320 tamen
1833 1260 1990 1320 sunt
2019 1252 2345 1320 altissimo
2377 1254 2610 1336 mode,
2630 1252 2750 1321 sed

1201 1361 1433 1451 potius
1497 1380 1618 1447 per
1683 1358 2013 1451 principia
2078 1381 2226 1450 quae
2291 1358 2417 1426 sub
2485 1360 2748 1426 ratione

1096 1489 1107 1497 ·
1201 1476 1387 1536 sunt.
1450 1466 1565 1536 Sic
1593 1467 1743 1536 dico
1784 1471 2013 1549 etiam,
2047 1467 2231 1559 quod
2257 1467 2404 1558 ipsa
2440 1465 2554 1535 vel
2602 1467 2750 1535 sola

924 2798 1006 2846 Ad
1034 2799 1078 2849 2.

856 3551 1128 3607 Adnue.

1201 1575 1417 1644 libera
1453 1583 1577 1654 est,
1611 1576 1721 1645 vel
1751 1575 1902 1643 aliis
1920 1576 2195 1644 liberior
2226 1594 2243 1644 ε
2285 1575 2531 1644 dicitur
2562 1575 2745 1644 enim

1201 1684 1485 1754 scientia
1522 1684 1732 1753 libera
1752 1685 1949 1775 (sicut
1978 1684 2222 1752 dicitur
2257 1683 2744 1774 Philosophus)

1200 1799 1278 1859 ut
1305 1792 1518 1861 homo
1549 1791 1744 1870 liber,
1789 1791 2063 1872 scilicet,
2134 1792 2292 1882 quia
2329 1793 2547 1883 gratia
2611 1792 2740 1870 sui,

1199 1905 1268 1966 et
1307 1920 1448 1967 non
1475 1907 1754 1989 propter
1790 1896 2075 1967 alterum
2124 1907 2225 1966 est
2265 1919 2282 1963 t
2325 1905 2395 1966 et
2455 1897 2589 1967 hoc
2645 1905 2748 1966 est

1198 2014 1478 2096 propter
1531 2006 1776 2074 scitum
1850 2005 2035 2097 quod
2107 2005 2426 2098 quaeritur
2482 2006 2551 2072 in
2600 2004 2739 2087 illa,

1198 2111 1385 2203 quod
1415 2120 1695 2204 propter
1712 2136 1784 2181 se
1812 2112 2263 2181 desideratum
2285 2120 2386 2181 est
2417 2133 2433 2179 ε
2460 2111 2594 2181 hoc
2628 2135 2746 2180 au-

1193 2229 1334 2288 tem
1369 2222 1711 2313 praecipue
1738 2220 1918 2290 Deus
1948 2228 2074 2302 est,
2108 2242 2310 2313 quem
2341 2242 2581 2289 omnes
2618 2220 2746 2288 sci-

1194 2350 1267 2397 re
1317 2327 1602 2397 scientia
1667 2327 2094 2397 beatificante
2161 2327 2593 2397 desiderant:
2674 2334 2742 2394 et

1190 2435 1348 2504 ideo
1408 2435 1625 2504 libera
1673 2442 1796 2520 est,
1892 2436 2051 2527 quia
2105 2434 2236 2505 hoc
2296 2435 2542 2504 scitum
2598 2457 2737 2504 non

1191 2544 1520 2635 quaeritur
1599 2553 1874 2634 propter
1964 2543 2169 2622 aliud,
2255 2541 2373 2611 sed
2459 2550 2739 2633 propter

1189 2677 1289 2726 se.

1278 2764 1386 2832 Ao
1429 2785 1492 2832 m
1534 2762 1716 2853 quod
1762 2763 2045 2832 ulterius
2099 2760 2436 2852 objicitur,
2498 2761 2736 2831 dicen-

1190 2872 1356 2942 dum
1389 2874 1573 2965 quod
1619 2895 1757 2941 non
1788 2871 2112 2962 quaeritur
2155 2869 2454 2961 cognitio
2495 2869 2581 2937 ad
2620 2891 2734 2938 ve·

1187 2985 1460 3053 ritatem
1491 3005 1612 3074 per
1649 2979 2063 3049 intellectum
2112 2986 2401 3058 tantum,
2442 2977 2565 3046 sed
2610 2999 2733 3070 per

1184 3091 1511 3161 affectum
1586 3096 1653 3158 et
1724 3087 2219 3156 substantiam:
2264 3094 2327 3155 et
2376 3085 2531 3154 ideo
2582 3109 2726 3156 non

1185 3210 1287 3272 est
1360 3199 1797 3279 intellectiva,
1864 3197 1983 3266 s'ed
2044 3194 2393 3265 affectiva:
2426 3196 2588 3288 quia
2617 3197 2731 3265 in-

1179 3308 1493 3378 tellectus
1549 3306 1901 3379 ordinatur
1971 3304 2056 3372 ad
2110 3302 2427 3372 affectum
2495 3311 2572 3371 ut
2636 3304 2724 3373 ad

1183 3417 1426 3487 finem.

1274 3526 1383 3593 Au
1412 3546 1609 3592 Αιιυυ
1649 3521 1831 3613 quod
1860 3527 2093 3588 contra
2121 3517 2459 3607 objicitur,
2493 3518 2731 3589 dicen-

1188 3637 1354 3704 dum
1395 3640 1499 3702 est
1534 3629 1720 3723 quod
1748 3629 1900 3697 finis
1936 3627 2255 3696 doctrinae
2295 3626 2477 3696 illius
2513 3627 2730 3697 deter-

1186 3746 1492 3814 minatur
1517 3740 1603 3808 ab
1634 3737 1987 3831 Apostolo,
2020 3737 2106 3805 ad
2138 3735 2388 3818 Titum,
2425 3760 2474 3817 ι,
2508 3738 2576 3820 9,
2609 3735 2726 3806 ubi

1182 3852 1470 3922 dicitur:
1530 3848 2058 3940 Amplectenlem
2100 3868 2280 3927 cum,
2334 3846 2461 3938 qui
2493 3867 2727 3915 secun·

1181 3959 1352 4028 dum
1391 3956 1776 4025 doctrinam
1832 3963 1953 4035 εει,
1983 3950 2260 4041 fidelem
2311 3974 2717 4035 sermonem,

1181 4077 1259 4136 ut
1280 4076 1524 4158 potens
1555 4064 1651 4131 si!
1679 4062 2029 4129 exhortari
2066 4060 2134 4127 in
2165 4060 2476 4129 doctrina
2517 4085 2720 4147 sono,

1175 4184 1241 4243 cl
1305 4196 1417 4241 eos
1460 4171 1587 4264 qui
1639 4166 2111 4238 contradicunt
2176 4189 2484 4260 arquerc.
2540 4169 2722 4239 Finis

1177 4288 1408 4351 autem
1438 4278 1738 4348 scientiae
1776 4274 2025 4365 duplex
2084 4283 2209 4354 est,
2249 4274 2505 4344 scilicet
2559 4277 2723 4346 ulti·
2781 4313 2784 4316 ·

1177 4402 1369 4470 mus,
1402 4396 1470 4457 et
1508 4386 1857 4456 ordinatus
1906 4383 1991 4452 ad
2043 4383 2257 4452 illum.
2303 4384 2434 4464 Qui
2492 4408 2534 4454 a
2563 4389 2723 4479 qui..

1176 4499 1469 4570 busdam
1502 4497 1656 4566 linis
1675 4502 1957 4564 vocatur
1991 4493 2298 4579 ultimus,
2336 4495 2589 4565 veritas
2619 4506 2722 4568 est

1176 4609 1490 4680 allectiva
1546 4604 1981 4673 beatificans:
2049 4602 2204 4670 finis
2258 4611 2487 4672 autem
2552 4606 2718 4675 citra

1178 4719 1372 4789 illum
1422 4724 1550 4796 est,
1593 4723 1668 4784 ut
1723 4714 1883 4781 boni
1952 4711 2215 4780 fiamus.
2292 4712 2432 4781 Nec
2485 4722 2718 4785 tamen

1173 4829 1486 4919 sequitur
1540 4821 1725 4914 quod
1778 4820 1920 4910 ipsa
1975 4822 2062 4887 sit
2101 4819 2375 4888 moralis
2407 4820 2719 4891 Philoso-

1171 4934 1360 5027 phia,
1400 4931 1511 5000 vel
1548 4929 1647 4997 illi
1677 4925 2130 4996 subalternata
2175 4951 2190 4994 ε
2250 4928 2527 4997 moralis
2572 4951 2716 4997 non

1170 5049 1297 5119 est,
1342 5038 1501 5129 quia
1569 5056 1794 5102 mores
1852 5053 1990 5099 non
2030 5039 2185 5099 sunt
2241 5031 2522 5102 ultimus
2560 5034 2715 5103 linis

1170 5148 1242 5216 in
1273 5169 1379 5226 ea,
1420 5152 1496 5213 ut
1526 5141 1833 5210 habitum
1873 5149 1970 5207 est
2005 5161 2021 5207 ε
2068 5138 2526 5209 subalternata
2573 5165 2714 5211 non

1171 5267 1297 5336 est,
1361 5256 1520 5348 quia
1592 5251 1872 5321 scientia
1944 5250 2398 5319 subalternata
2474 5254 2715 5344 accipit

1170 5362 1503 5457 principia
1543 5367 1610 5427 et
1666 5380 1901 5426 causas
1938 5356 2459 5425 subalternantis
2506 5380 2523 5425 ε
2594 5360 2714 5428 sed

1170 5474 1297 5541 ista
1356 5469 1641 5539 scientia
1694 5488 1835 5533 non
1892 5465 2130 5555 accipit
2185 5465 2270 5532 ab
2308 5465 2560 5557 aliqua,
2595 5466 2714 5534 sed

1168 5579 1449 5675 propria
1476 5576 1685 5646 habet
1712 5572 2040 5665 principia
2073 5573 2224 5642 lidei
2284 5583 2350 5642 et
2403 5576 2714 5666 proprias

1168 5711 1408 5760 causas
1442 5683 1815 5756 secundum
1865 5682 2303 5752 intentionem
2363 5684 2614 5764 meriti,
2649 5692 2713 5753 et

2863 505 3014 574 ideo
3046 529 3184 576 non
3214 510 3457 601 accipit
3496 511 3580 579 ab
3619 512 3793 597 aliis,
3829 513 3949 581 sed
3987 513 4138 581 aliae
4194 515 4413 585 famu·

2858 611 3087 682 lantur
3123 619 3210 684 ei.

3308 1039 3815 1111 ARTICULUS
3868 1044 3952 1111 V.

2854 1266 2959 1331 De
2986 1264 3205 1332 modis
3231 1267 3615 1357 exponendi
3638 1290 3909 1336 sacram
3936 1269 4399 1361 Scripturam.

4331 348 4414 416 19

2889 1620 2892 1623 ι
2940 1575 3197 1655 Quarto
3242 1582 3311 1646 et
3367 1578 3636 1665 ultimo,
3680 1580 4025 1662 Quaeritur
4073 1586 4154 1654 de
4193 1588 4400 1658 modo

2850 1682 3357 1771 expositionum
3397 1693 3465 1754 et
3491 1687 3973 1776 probationum
4008 1692 4179 1780 ejus.

2939 1790 3024 1858 Et
3053 1791 3372 1881 objicitur
3407 1795 3548 1864 sic:

2939 1900 3177 1970 Omnis
3214 1904 3499 1973 scientia
3551 1906 3870 1978 distincta
3913 1911 3998 1979 ab
4055 1912 4204 1981 aliis
4232 1936 4400 2004 pro-,-

2848 2008 3074 2094 prium
3130 2008 3336 2079 habet
3390 2010 3699 2082 habitum
3743 2025 4088 2108 regentem
4131 2028 4197 2087 et
4242 2042 4401 2110 pro·

2845 2114 3070 2204 prium
3109 2115 3667 2201 instrumentum,
3693 2122 3943 2213 quibus
3976 2127 4282 2215 procedit
4309 2127 4398 2196 ad

2844 2243 3047 2290 usum
3077 2231 3144 2292 et
3171 2224 3257 2292 ad
3286 2248 3483 2317 opus,
3518 2230 3693 2297 sicut
3746 2232 4095 2301 rationalis
4152 2233 4396 2303 Philo-

2846 2328 3086 2420 sophia
3138 2333 3562 2423 opinionem,
3622 2346 3692 2405 et
3736 2338 4243 2431 syllogismum,
4283 2343 4394 2412 vel

2846 2450 3370 2530 argumentum:
3417 2441 3563 2513 haec
3608 2447 3890 2517 scientia
3939 2449 4254 2519 distincta
4291 2460 4395 2520 est

2845 2544 2929 2613 ab
2958 2545 3149 2618 aliis:
3212 2570 3376 2641 ergo
3432 2554 3786 2644 proprium
3824 2552 4030 2625 habet
4075 2556 4391 2627 habitum

2841 2664 3189 2748 regentem
3229 2659 3297 2727 in
3327 2682 3431 2746 ea,
3465 2670 3529 2729 et
3563 2661 4117 2752 instrumentum.

2928 2888 3117 2969 Quen
3170 2912 3596 2977 concitemus,
3674 2896 3973 2969 dicentes
4028 2904 4216 2993 quod
4257 2904 4390 2974 ha-

2839 2997 3019 3067 bitus
3055 3000 3202 3089 ejus
3227 3000 3460 3072 lumen
3482 3004 3638 3072 fidei
3669 3015 3771 3075 est
3802 3029 3819 3075 :
3855 3008 4384 3084 instrumentum

2842 3113 3069 3175 autem
3097 3106 3349 3200 duplex
3377 3111 3758 3182 secundum
3797 3114 4136 3207 duplicem
4178 3121 4384 3191 linem

2838 3214 3161 3284 doctrinae
3221 3224 3290 3285 et
3340 3219 3533 3302 artis,
3565 3222 3685 3312 qui
3749 3221 3999 3313 duplex
4050 3228 4204 3296 linis
4231 3252 4389 3321 pro·

2835 3321 3085 3391 missus
3120 3330 3223 3392 est
3261 3324 3330 3392 in
3364 3328 3770 3423 auctoritate
3806 3330 4148 3420 Apostoli,
4198 3336 4388 3405 scili-

2837 3439 2967 3512 cet,
3015 3429 3359 3502 exhortari
3415 3434 3486 3502 in
3542 3434 3851 3506 doctrina
3895 3460 4086 3523 sana,
4118 3451 4186 3512 et
4226 3467 4388 3515 con·

2834 3534 3239 3605 tradicentes
3276 3537 3645 3610 revincere.

2926 3643 3009 3711 Et
3046 3644 3268 3735 quoad
3327 3645 3880 3720 exhortationem
3934 3651 4142 3723 habet
4204 3679 4381 3749 qua-

2836 3752 3207 3842 druplicem
3269 3755 3796 3845 expositionem,
3848 3759 4101 3831 scilicet
4157 3763 4378 3836 histo·

2834 3857 3097 3937 rialem,
3129 3856 3592 3949 allegoricam,
3625 3861 3986 3949 moralem,
4018 3875 4086 3936 et
4114 3893 4381 3964 anago-

2830 3967 3095 4058 gicam:
3144 3988 3441 4057 quorum
3471 3968 3835 4040 modorum
3894 3996 4220 4046 numerus
4248 3979 4381 4049 du-

2830 4073 3094 4165 pliciter
3146 4081 3371 4163 potest
3423 4076 3665 4167 accipi,
3706 4078 3964 4150 scilicet
4000 4086 4223 4175 quoad
4255 4111 4378 4158 ex-

2829 4189 3222 4272 ponentem,
3265 4190 3333 4251 et
3372 4183 3600 4274 quoad
3637 4188 3969 4278 exposita.

2919 4288 3161 4369 Quoad
3188 4301 3644 4383 exponentem
3673 4296 3774 4365 sic
3805 4319 3822 4366 ε
3883 4298 4117 4371 Primo
4147 4328 4376 4376 occur-

2832 4400 2918 4466 rit
2981 4421 3222 4468 sensus
3266 4401 3633 4470 ostendens
3680 4401 4066 4488 historiam,
4099 4419 4166 4481 et
4220 4415 4373 4484 ideo

2828 4504 3193 4574 historicus
3220 4527 3463 4575 sensus
3490 4516 3591 4577 est
3618 4507 3689 4577 in
3737 4511 4082 4585 intellectu
4125 4543 4376 4591 secun-

2828 4611 2992 4679 dum
3057 4611 3241 4703 quod
3297 4613 3665 4684 reflectitur
3713 4617 3804 4686 ad
3866 4642 4167 4694 sensum.
4229 4627 4374 4699 Cir·

2828 4730 3168 4789 cumstant
3208 4731 3437 4791 autem
3475 4723 3698 4793 adhuc
3754 4727 3882 4796 tria
3925 4729 4371 4826 intellectum,

2828 4829 3083 4897 scilicet
3112 4827 3387 4899 habitus
3416 4830 3817 4904 illuminans
3864 4840 3984 4928 qui
4020 4851 4123 4912 est
4176 4844 4368 4926 tides,

2826 4935 2888 5001 ei
2919 4935 3115 5003 sicin
3180 4936 3331 5027 ipso
3388 4944 3493 5007 est
3547 4938 3957 5032 allegoricus
3985 4969 4225 5018 sensus
4253 4956 4369 5045 qui

2825 5041 3114 5111 aedificat
3143 5042 3374 5123 tidem,
3411 5044 3587 5115 sicut
3612 5045 3776 5116 dicit
3806 5050 4198 5144 Gregorius.
4232 5059 4375 5128 Cir-

2827 5155 3122 5218 cumstat
3147 5151 3354 5218 etiam
3402 5153 3627 5243 ipsum
3671 5154 4066 5232 intellectus
4129 5171 4375 5257 practi-

2825 5278 2968 5333 cus,
3038 5265 3107 5325 et
3167 5257 3263 5326 sic
3319 5257 3388 5324 in
3446 5259 3596 5349 ipso
3641 5282 3765 5351 per
3805 5265 4246 5341 reflexionem
4287 5277 4373 5345 ad

2824 5366 3090 5454 praxim
3148 5364 3292 5433 sive
3348 5388 3546 5457 opus,
3606 5378 3709 5438 est
3772 5394 4012 5445 sensus
4063 5383 4368 5455 moralis.

2822 5471 3127 5539 Tertium
3164 5471 3347 5564 quod
3376 5474 3769 5546 circumstat
3792 5480 4046 5571 ipsum,
4088 5498 4191 5557 est
4217 5491 4373 5563 finis

2826 5577 3245 5662 beatificam,
3279 5588 3345 5649 et
3384 5582 3582 5651 sicin
3625 5584 3777 5675 ipso
3815 5611 3937 5679 per
3989 5601 4377 5672 conversio·

2827 5708 2985 5755 nem
3035 5687 3118 5756 ad
3177 5688 3430 5779 ipsum,
3474 5698 3576 5758 est
3629 5714 3893 5790 sensus*
3926 5707 4373 5797 anagogicus,

4478 2962 4676 3016 sotnuo.
