4897 6388
597 113 605 246 -r-m—
596 43 601 74 -·

1714 361 1805 425 lN
1841 360 1880 425 :1
1932 358 2357 424 SENTENT.
2420 356 2643 426 msT.

1475 843 1976 914 ARTICULUS
2027 845 2148 914 IX.

1193 1061 1397 1144 Quod
1428 1063 1610 1128 Deus
1645 1062 1736 1127 sil
1772 1082 2117 1127 summum
2150 1059 2426 1128 bonum.

1141 1421 1168 1455 α
1193 1391 1807 1460 consideraverunt
1823 1392 2053 1474 etiam,
2078 1399 2249 1458 etc.»
2278 1390 2405 1459 Hic
2424 1391 2590 1459 inci·

1037 1502 1138 1592 pit
1163 1501 1356 1568 tertia
1382 1501 1552 1567 ratio
1584 1499 1653 1565 in
1684 1521 1815 1591 qua
1847 1500 2090 1566 iterum
2120 1521 2240 1589 per
2278 1502 2593 1589 proprie-

1044 1616 1214 1675 tates
1245 1607 1557 1675 inventas
1597 1608 1667 1674 in
1723 1615 2027 1675 creatura
2079 1606 2320 1697 probat
2365 1607 2592 1675 Deum

1042 1739 1393 1784 summum
1471 1715 1753 1790 bonum,
1846 1724 1912 1782 et
1967 1738 2084 1806 per
2164 1737 2594 1806 consequens

1043 1849 1260 1895 unum
1298 1849 1313 1894 z
1351 1827 1509 1916 quia
1540 1847 1885 1891 summum
1909 1824 2162 1892 bonum
2198 1848 2335 1893 non
2371 1833 2597 1916 potest

1042 1957 1191 2004 esse
1230 1933 1358 2001 nisi
1394 1954 1632 2009 unum,
1677 1939 1751 1999 ut
1805 1954 2008 2022 supra
2054 1932 2417 2022 probatum
2464 1942 2590 2001 est.

1041 2041 1127 2111 Et
1154 2040 1479 2110 fundatur
1518 2041 1686 2108 ratio
1717 2062 1919 2130 super
1983 2040 2149 2109 duas
2196 2040 2595 2122 divisioneS,

1042 2171 1334 2243 quarum
1366 2147 1649 2215 alteram
1683 2146 1983 2226 dimittit,
2037 2171 2117 2217 eo
2161 2148 2345 2239 quod
2376 2172 2498 2241 per
2527 2171 2600 2218 se

1044 2265 1255 2350 patet,
1296 2255 1577 2335 scilicet,
1630 2255 2034 2324 divisionem
2092 2259 2267 2326 entis
2317 2259 2386 2325 in
2432 2257 2604 2326 sub-

1047 2366 1394 2443 stantiam,
1455 2372 1522 2432 et
1587 2364 1896 2432 accidens
1965 2386 1981 2432 ε
2043 2375 2309 2434 constat
2383 2368 2598 2453 enim,

1051 2474 1238 2567 quod
1294 2472 1534 2542 melior
1589 2483 1690 2541 est
1734 2473 2109 2542 substantia
2166 2499 2372 2567 quam
2416 2475 2602 2546 acci-

1051 2582 1244 2662 dens»,
1289 2584 1450 2673 quia
1506 2581 1812 2650 accidens
1868 2604 2005 2650 non
2043 2591 2145 2651 est
2182 2585 2311 2652 nisi
2350 2607 2605 2653 secun-

1054 2690 1218 2759 dum
1278 2688 1493 2780 quid:
1557 2688 1722 2756 nihil
1772 2698 1999 2757 autem
2059 2691 2149 2757 ita
2206 2689 2607 2782 simpliciter

1054 2808 1157 2867 est
1186 2798 1361 2867 sicut
1389 2797 1599 2866 Deus,
1635 2798 1892 2866 Divisio
1922 2798 2053 2866 alia
2083 2810 2207 2880 est,
2242 2800 2428 2891 quod
2451 2801 2611 2869 sub·

1060 2907 1467 2974 stantiarum
1500 2903 1629 2972 alia
1670 2915 1769 2972 est
1807 2929 2156 2996 corporea,
2214 2906 2346 2976 alia
2392 2908 2609 2978 incor-

1057 3036 1266 3105 porea
1297 3034 1448 3103 quae
1478 3021 1579 3079 est
1609 3013 1882 3102 spiritus
1906 3014 2368 3106 incorporeus,
2412 3015 2612 3085 ethic

1053 3121 1303 3213 estqui
1345 3142 1486 3188 non
1525 3129 1625 3187 est
1658 3129 1846 3188 actus
1866 3131 1927 3190 et
1971 3122 2288 3214 perfectio
2319 3122 2610 3214 alicujus

1064 3233 1370 3324 corporis
1407 3256 1423 3301 :
1495 3241 1560 3298 et
1625 3241 1910 3312 constat,
1982 3234 2162 3325 quod
2228 3235 2611 3305 substantia

1058 3338 1435 3432 spiritualis
1488 3340 1731 3409 melior
1803 3350 1902 3411 est
1952 3364 2157 3433 quam
2218 3365 2548 3434 corporea
2590 3365 2607 3413 t

1064 3472 1223 3518 cum
1250 3457 1478 3518 autem
1511 3459 1874 3542 utrumque
1930 3452 2013 3519 sit
2044 3460 2425 3536 causatum,
2459 3476 2616 3522 cau·

1063 3579 1139 3625 sa
1171 3556 1417 3626 melior
1465 3557 1589 3626 erit
1648 3560 1715 3626 in
1774 3558 2109 3627 inlinitum
2164 3582 2373 3651 quam
2420 3561 2620 3652 spiri·

1070 3673 1206 3733 tus.

1539 4084 2041 4153 AnTlcttLUS
2093 4085 2181 4153 X.

1205 4298 1308 4365 De
1336 4296 1480 4363 alio
1521 4295 1720 4363 modo
1749 4296 2191 4386 coyteoscendi
2228 4301 2477 4367 Deum.

1170 4617 1227 4682 Ι.
1259 4613 1393 4683 Sed
1421 4612 1528 4682 his
1560 4614 1933 4682 rationibus
1954 4615 2190 4706 positis
2221 4613 2456 4683 incidit
2486 4615 2621 4684 du-

1073 4722 1265 4792 bium
1300 4745 1316 4792 t
1353 4725 1511 4816 quia
1551 4723 1915 4813 Dionysius
1944 4722 2138 4792 docet
2178 4724 2309 4791 alia
2338 4725 2453 4792 via
2499 4748 2624 4794 ve-

1078 4833 1222 4900 nire
1255 4832 1323 4898 in
1352 4833 1814 4922 cognitionem
1871 4830 2015 4909 Dei,
2059 4833 2151 4899 sic
2201 4830 2431 4899 dicens
2469 4856 2485 4900 ε
2521 4833 2622 4902 Ex

1074 4941 1385 5008 omnium
1415 4940 1847 5008 existentium
1877 4939 2303 5009 ordinatione
2333 4943 2508 5010 sicut
2537 4965 2622 5011 ex

1075 5046 1225 5137 ipso
1264 5047 1610 5137 proposita
1667 5056 1733 5114 et
1775 5047 2105 5137 imagines
2162 5048 2495 5139 quasdam
2553 5058 2623 5118 et

1081 5154 1606 5223 assimilationes
1671 5154 2054 5223 divinorum
2123 5157 2332 5247 ipsius
2398 5179 2625 5225 exem·

1074 5260 1369 5352 plarium
1404 5259 1719 5337 habente,
1753 5262 1837 5329 ad
1894 5261 2058 5331 illud
2108 5263 2294 5354 quod
2350 5274 2451 5332 est
2505 5288 2628 5333 su-

1075 5391 1199 5459 per
1227 5370 1463 5438 omnia
1499 5369 1614 5437 via
1643 5378 1706 5438 et
1732 5369 1969 5439 ordine
1997 5372 2372 5440 secundum
2412 5374 2631 5443 virtu-

1151 5614 1167 5649 ¹
1203 5612 1259 5668 S.
1295 5612 1616 5680 Diosxsics,
1649 5613 1770 5671 Lib.
1804 5614 1876 5671 de
1905 5615 2207 5673 Divinilnus
2256 5619 2628 5685 nominibus,

1075 5717 1203 5773 cap.
1237 5701 1291 5755 8.

2699 356 2818 431 m,
2874 323 2958 432 η’,
3014 355 3213 423 ΛΒΤ.
3267 356 3306 420 9
3349 354 3458 420 ET
3499 355 3604 422 10.
3960 372 3970 382 ·
4093 395 4100 402 -
4163 357 4246 441 99

2698 534 2834 592 tem
2896 523 3326 591 ascendimus
3382 523 3450 589 in
3509 523 3697 590 omni
3757 521 4124 605 oblatione,
4186 529 4252 589 et

2701 655 3007 710 excessu,
3054 641 3120 699 et
3151 633 3220 700 in
3275 633 3587 699 omniurn
3646 654 3850 699 causa
3891 644 3934 696 ¹.
3972 630 4099 698 Hic
4128 653 4253 696 au-

2698 751 2833 809 tem
2867 740 3193 830 Magister
3223 763 3362 807 non
3403 740 3598 807 docet
3630 738 3988 807 ascendere
4020 738 4147 804 nisi
4182 738 4250 803 in

2700 873 2902 918 causa
2937 857 3232 919 tantum.

2792 960 2854 1024 2.
2896 956 3258 1036 Praeterea,
3321 955 3633 1034 Videtur,
3670 955 3853 1046 quod
3911 955 4255 1023 ablatione

2701 1088 2840 1134 non
2872 1065 3280 1133 ascendatur
3327 1065 3397 1129 in
3455 1065 3672 1131 Deum
3710 1087 3724 1131 :
3778 1064 3934 1153 quia
3981 1062 4252 1153 negatio

2703 1172 2874 1240 nihil
2905 1174 3102 1262 ponit
3134 1195 3150 1240 ε
3187 1171 3359 1239 nihil
3390 1181 3616 1240 autem
3658 1194 3942 1262 ponenS,
3978 1170 4145 1239 nihil
4172 1174 4254 1242 de

2704 1284 2937 1374 aliquo
3005 1282 3381 1351 certificat:
3447 1304 3608 1372 ergo
3657 1305 3777 1371 per
3824 1284 4254 1372 negationem

2704 1391 2876 1460 nihil
2917 1391 3349 1471 certificatur,
3401 1400 3469 1459 et
3505 1386 3939 1483 cognoscitur
3966 1391 4045 1459 de
4075 1391 4243 1461 Dee.

2797 1501 2929 1569 San
2959 1523 3211 1569 CONTRA
3247 1524 3261 1568 :

2797 1608 3052 1677 Contra
3080 1607 3215 1677 hoc
3253 1616 3480 1677 autem
3529 1618 3629 1677 est
3666 1608 3850 1700 quod
3897 1610 4056 1679 dicit
4091 1611 4251 1677 Dio·

2707 1721 2942 1810 nysius
2984 1719 3053 1785 in
3097 1718 3375 1788 Coelesli
3422 1718 3826 1786 Ilierarcleia
3865 1742 3887 1785 .·
3929 1718 4256 1810 Negatio-

2708 1851 2828 1895 nes
2861 1829 2929 1894 in
2963 1827 3105 1895 Deo
3132 1836 3289 1894 sunt
3319 1848 3526 1906 verae,
3564 1826 4046 1896 affirmationes
4094 1851 4253 1896 vero

2707 1937 3160 2024 incompactae
3202 1933 3248 2000 ².

2800 2044 2838 2111 3
2911 2043 2995 2111 Et
3058 2043 3489 2135 Augustinus
3549 2043 3730 2123 dicit,
3803 2044 3983 2134 quod
4036 2045 4262 2114 verius

2710 2151 3150 2242 cognoscitur
3189 2150 3351 2241 quid
3387 2174 3523 2218 non
3572 2152 3683 2230 sit,
3720 2174 3925 2244 quam
3957 2152 4118 2243 quid
4146 2154 4258 2221 sit.

2711 2256 2998 2325 Etdicit
3037 2256 3247 2335 idem,
3294 2255 3479 2347 quod
3526 2256 3819 2325 multum
3865 2257 4144 2347 profecit
4190 2257 4263 2323 in

2713 2365 3108 2455 cognitione
3140 2363 3374 2432 divina
3418 2384 3434 2432 ε
3472 2364 3631 2454 quia
3667 2363 3825 2432 licet
3871 2387 4007 2432 non
4037 2372 4265 2455 posset

2718 2469 3227 2562 apprehendere
3259 2470 3423 2562 quid
3464 2479 3564 2540 est
3620 2471 3828 2555 DeuS,
3880 2480 4105 2539 tamen
4151 2494 4266 2562 ap·

2717 2578 3080 2671 prehendit
3110 2578 3273 2670 quid
3308 2601 3447 2646 non
3487 2579 3597 2646 sit.

4278 1541 4369 1589 Sed
4392 1551 4575 1589 contra.

2809 2793 3170 2873 Umentes,
3234 2790 3579 2872 Quoeritur
3641 2792 3723 2862 de
3789 2793 3937 2860 aliis
4001 2793 4265 2861 duobus
4295 2832 4586 2890 onmium.

2718 2900 2972 2981 modis,
3002 2899 3259 2969 scilicet
3299 2900 3697 2980 eminentia,
3723 2909 3792 2970 et
3820 2923 4024 2969 causa
4057 2923 4073 2969 t
4111 2903 4267 2992 quia

2717 3011 3041 3078 videntur
3081 3033 3229 3079 esse
3263 3033 3397 3077 una
3429 3019 3493 3080 et
3541 3011 3776 3079 eadem
3812 3035 3828 3079 :
3890 3034 4043 3079 cum
4088 3014 4268 3079 enim

2720 3118 3157 3212 procedimus
3197 3141 3237 3186 a
3270 3123 3553 3189 causato
3597 3120 3665 3187 in
3713 3142 4011 3200 causam,
4045 3119 4274 3188 eleva-

2720 3251 2876 3296 mus
2913 3250 3194 3296 causam
3237 3250 3446 3319 super
3486 3228 3932 3320 proprietates
3989 3231 4267 3308 causati,

2723 3344 2798 3404 ut
2827 3358 3033 3427 supra
3065 3333 3325 3404 dictum
3366 3343 3491 3405 est.

2816 3550 3128 3620 Soncrro.
3168 3549 3575 3634 Dicendum,
3603 3551 3788 3641 quod
3819 3550 3948 3619 illae
3982 3559 4115 3619 tres
4147 3554 4270 3621 viae
4365 3584 4558 3632 somno,

2726 3658 3154 3749 accipiuntur
3188 3656 3560 3726 secundum
3592 3681 3670 3726 ea
3712 3658 3779 3724 in
3820 3657 4062 3748 quibus
4102 3658 4273 3729 relu-

2726 3774 2828 3834 cet
2861 3765 3145 3834 Creator
3178 3787 3194 3833 :
3231 3775 3348 3833 aut
3379 3766 3559 3833 enim
3594 3764 3705 3833 illa
3728 3774 3884 3834 sunt
3903 3765 4273 3857 symbolice

2727 3872 2872 3936 sive
2902 3868 3263 3960 figurative
3292 3871 3765 3940 convenientia
3798 3878 4085 3956 tantum,
4117 3882 4182 3941 et
4206 3874 4275 3940 in

2728 3978 2863 4044 illis
2900 3987 3002 4046 est
3032 3981 3310 4070 propria
3346 3979 3462 4047 via
3497 3980 3878 4071 negationis
3909 3982 4054 4049 sive
4084 3981 4280 4050 obla-

2730 4085 2963 4165 tionis,
2997 4094 3068 4153 ut
3101 4085 3300 4177 lapis,
3336 4084 3443 4154 leo
3460 4095 3522 4152 et
3555 4085 3944 4175 hujusmodi
3981 4111 3998 4155 ε
4031 4099 4141 4156 aut
4181 4112 4278 4158 se·

2729 4194 3028 4263 cundum
3071 4216 3217 4263 rem
3267 4217 3390 4286 per
3427 4195 3614 4287 prius
3660 4196 3730 4264 in
3775 4195 3942 4275 Deo,
3986 4195 4138 4266 licet
4169 4221 4279 4266 se-

2730 4301 3032 4371 cundum
3064 4324 3319 4371 nomen
3358 4325 3497 4371 non
3548 4305 3637 4371 ita
3705 4303 3991 4395 perfecte
4020 4306 4279 4396 possint

2730 4412 3131 4503 significari,
3181 4420 3251 4481 et
3308 4414 3407 4481 sic
3452 4421 3609 4480 sunt
3664 4435 3789 4504 per
3841 4414 4278 4483 eminentiam

2731 4519 3164 4610 exponenda,
3195 4527 3270 4587 ut
3307 4527 3408 4589 est
3453 4520 3617 4599 vita,
3653 4521 3970 4598 essentia,
4014 4520 4281 4590 intelle-

2729 4636 2904 4707 ctuS,
2958 4636 3025 4695 et
3072 4635 3320 4696 caetera
3358 4625 3777 4717 hujusmodi,
3838 4636 3904 4698 et
3960 4626 4105 4698 haec
4150 4654 4282 4698 vo-

2729 4746 2972 4806 cantur
3000 4738 3321 4827 mystica,
3372 4744 3446 4805 ut
3495 4737 3655 4805 dicit
3700 4737 4115 4831 Dionysius:
4164 4749 4283 4809 aut

2730 4854 3066 4937 quantum
3099 4844 3185 4912 ad
3225 4853 3512 4934 utraque
3553 4846 3992 4924 conveniunt,
4041 4870 4281 4917 secun-

2734 4952 2896 5020 dum
2940 4951 3128 5044 quod
3181 4951 3267 5019 ab
3320 4951 3435 5020 illo
3484 4959 3668 5036 sunt,
3719 4961 3784 5020 et
3831 4953 3926 5022 sic
3954 4954 4065 5023 via
4111 4963 4210 5024 est
4239 4976 4280 5022 a

2732 5070 3010 5132 causato
3051 5062 3123 5129 in
3162 5083 3463 5129 causam.

2825 5173 2927 5237 An
2969 5192 3226 5237 ramim
3256 5191 3420 5260 ergo
3464 5168 3850 5246 dit-endum,
3900 5173 4079 5263 quod
4131 5174 4283 5241 Ma-

2733 5279 2944 5369 gister
2975 5300 3114 5344 non
3154 5279 3373 5367 tangit
3417 5274 3523 5344 hic
3564 5300 3802 5346 onmes
3844 5279 3988 5346 vias
4035 5281 4280 5372 quibus

2733 5384 3061 5476 possibile
3099 5392 3202 5453 est
3229 5385 3464 5453 venire
3502 5385 3571 5451 in
3621 5387 4078 5476 cognitionem
4126 5390 4277 5477 nei,

4391 5230 4470 5278 Ad
4500 5230 4539 5277 Ι.

2809 5629 2831 5664 ²
2863 5628 3015 5697 loen,
3053 5626 3132 5682 De
3159 5626 3381 5682 cwlesti
3412 5628 3765 5697 hierarchia,
3795 5647 3923 5704 cap.
3956 5635 4009 5688 2.
