4897 6388
1837 283 1928 348 ΙΝ
1979 283 2009 348 Ι
2058 283 2486 382 8ΕΝΊῈΝΤ.
2544 282 2768 349 DIS‘l'.
2824 279 3080 363 XXlll,
3138 283 3463 363 E,aAlt'1'.
3509 286 3573 350 5.

1080 453 1345 520 ratione
1389 453 1794 542 proedicatur
1818 454 1900 520 de
1933 453 2150 520 tribus
2186 474 2202 522 ε
2268 476 2430 544 ergo
2493 454 2644 522 abs·

1082 560 1290 628 trabit
1320 561 1405 626 ab
1438 562 1758 627 omnibus
1801 570 1862 626 et
1905 584 2026 650 per
2062 562 2480 630 intellectum
2544 571 2645 630 est

1078 669 1524 736 abstractum.
1561 668 1906 758 Quidquid
1945 679 2176 738 autem
2218 682 2319 740 est
2368 672 2639 739 abstra-

1081 775 1255 844 hens
1324 786 1388 843 et
1456 776 1872 844 abstractum
1938 802 2054 869 per
2105 781 2523 848 intellectum
2556 781 2638 846 ab

1081 881 1188 949 his
1246 882 1328 948 de
1399 881 1646 972 quibus
1709 885 2130 974 prm-dicatur,
2201 896 2305 955 est
2361 889 2636 953 univer·

1081 990 1220 1056 sale
1261 1013 1276 1059 ;
1320 1013 1486 1080 ergo
1519 1014 1809 1080 persona
1839 1003 1938 1061 est
1966 995 2352 1062 universale
2396 1016 2411 1063 ε
2476 1017 2638 1085 ergo

1087 1098 1473 1165 universale
1530 1108 1633 1166 est
1708 1100 1776 1166 in
1840 1101 2114 1182 divinis,
2185 1102 2370 1192 quod
2437 1111 2642 1192 negat

1089 1205 1397 1273 Boetius,

1175 1313 1239 1379 4.
1287 1313 1486 1393 Item,
1552 1314 1947 1383 Universale
2014 1325 2117 1384 est
2173 1318 2358 1407 quod
2399 1327 2498 1384 est
2565 1318 2635 1383 in

1088 1419 1321 1487 multis
1354 1430 1420 1489 et
1449 1421 1533 1488 de
1567 1421 1798 1489 multis
1833 1444 1847 1488 :
1883 1422 1999 1490 sed
2032 1446 2324 1514 persona
2357 1427 2424 1491 in
2457 1425 2638 1492 divi-

1089 1528 1193 1593 nis
1232 1528 1431 1594 estin
1465 1527 1772 1618 pluribus
1812 1530 1990 1597 etde
2049 1529 2355 1620 pluribus
2391 1555 2406 1599 :
2472 1554 2635 1622 ergo

1088 1642 1191 1701 est
1219 1634 1605 1703 universale
1639 1637 1724 1703 ad
1756 1636 1891 1705 illa.

1177 1743 1242 1808 ὃ.
1291 1740 1363 1809 Si
1403 1742 1577 1810 forte
1606 1742 1815 1823 dicae,
1868 1745 2052 1834 quod
2107 1755 2209 1813 est
2274 1767 2643 1813 commune

1087 1848 1465 1916 secundum
1497 1849 1714 1918 solam
1749 1851 2110 1930 rationem,
2162 1862 2229 1920 et
2285 1862 2388 1920 est
2444 1874 2643 1921 com-

1082 1976 1290 2022 mune
1357 1954 1737 2024 seeundum
1806 1979 2000 2024 rem:
2063 1966 2131 2026 et
2188 1981 2481 2049 persona
2538 1967 2640 2026 est

1079 2084 1448 2130 commune
1485 2064 1861 2131 secundum
1895 2066 2224 2133 rationem
2282 2065 2528 2148 solam,
2572 2074 2640 2134 et

1076 2157 1214 2236 non
1245 2169 1621 2238 seeundum
1665 2194 1833 2241 rem.
1870 2171 2137 2240 CONTRA
2181 2195 2197 2242 t
2255 2173 2638 2243 Commune

1078 2277 1455 2346 secundum
1489 2280 1742 2347 remia
1796 2279 2045 2347 divinis
2097 2289 2198 2348 est
2267 2304 2637 2350 commune

1078 2388 1452 2456 secundum
1495 2409 1691 2457 esse:
1731 2398 1796 2457 et
1866 2390 2114 2458 realem
2173 2393 2639 2460 communita-

1064 2504 1204 2563 tem
1267 2520 1404 2562 non
1469 2495 1677 2565 habet
1731 2497 2008 2589 aliquod
2061 2500 2473 2579 universale,
2516 2500 2634 2567 sed

1079 2601 1286 2673 habet
1351 2607 1917 2675 communitatem
1986 2607 2359 2677 secundum
2422 2610 2637 2677 ratio·-

1080 2735 1263 2795 nem‚
1335 2714 1475 2780 cui.
1512 2713 1875 2805 respondet
1913 2714 1984 2782 in
2038 2739 2109 2784 re
2173 2718 2633 2784 communitas

1077 2842 1385 2909 perseam
1430 2843 1444 2887 :
1483 2823 1643 2911 quia
1685 2821 1835 2890 licet
1865 2845 2011 2890 esse
2043 2822 2290 2890 habeat
2345 2824 2412 2889 in
2474 2825 2628 2906 iste,
2666 2867 2675 2876 ·

1080 2935 1301 3017 potest
1334 2937 1562 2995 tamen
1604 2951 1751 2997 esse
1794 2931 1861 2996 in
1892 2927 2053 3004 alio,
2105 2939 2171 2997 et
2242 2930 2632 3021 multiplici·

1072 3042 1176 3101 ter
1202 3035 1578 3103 secundum
1609 3058 1759 3104 esse
1800 3036 1868 3103 in
1909 3035 2015 3103 his
2056 3038 2122 3104 in
2156 3038 2406 3128 quihus
2473 3045 2573 3104 est
2608 3060 2623 3104 ε

1072 3151 1134 3211 et
1216 3141 1347 3212 hoc
1421 3145 1792 3213 rectissime
1882 3144 2160 3215 videtur
2258 3147 2629 3215 convenire

1067 3275 1379 3342 personae
1415 3272 1433 3321 ε
1469 3254 1628 3345 quia
1663 3277 1953 3345 persona
1986 3253 2190 3324 hahet
2219 3278 2368 3323 esse
2402 3256 2469 3323 in
2505 3255 2632 3324 Pa-

1072 3368 1173 3426 tre
1239 3371 1306 3427 et
1346 3360 1547 3442 Filio,
1591 3369 1657 3429 et
1733 3361 2196 3454 multipliciter
2248 3362 2624 3431 secundum

1073 3491 1219 3535 esse
1275 3468 1580 3538 inillis:
1654 3471 1813 3561 quia
1870 3470 2185 3557 dicimus,
2256 3471 2439 3563 quod
2493 3480 2628 3540 tres

1068 3583 1223 3640 sunt
1266 3575 1522 3665 plures,
1565 3584 1633 3643 et
1673 3598 1812 3644 non
1864 3600 2001 3645 una
2058 3599 2344 3669 persona
2381 3599 2398 3646 :
2460 3598 2625 3668 ergo

1075 3705 1362 3772 persona
1399 3691 1469 3750 ut
1514 3685 1899 3752 universale
1937 3685 2020 3752 de
2052 3685 2268 3753 trihus
2297 3685 2627 3776 praedica-

1076 3798 1209 3855 tur.
1256 3789 1328 3855 Si
1364 3789 1536 3857 forte
1565 3788 1775 3869 dieas,
1808 3792 1981 3859 sicut
2011 3791 2148 3860 sere
2177 3814 2415 3860 omnes
2458 3815 2625 3860 eva-

1070 3894 1266 3978 dunt,
1302 3895 1485 3986 quod
1521 3918 1814 3986 persona
1846 3906 1946 3965 est
1974 3920 2340 3966 commune
2378 3921 2623 3966 secun-

1066 4001 1231 4069 dnm
1303 4004 1794 4094 negationem:
1870 4016 1933 4072 et
2001 4004 2145 4075 haec
2184 4008 2460 4095 negatio
2485 4029 2624 4075 non

1068 4123 1306 4180 causat
1338 4114 1725 4183 universale
1761 4138 1775 4182 ε
1811 4117 1970 4206 quia
2001 4115 2186 4184 nulla
2239 4124 2397 4184 sunt
2454 4114 2624 4183 adeo

1065 4220 1389 4289 distantia
1420 4224 1589 4313 quin
1630 4223 1804 4291 benc·
1845 4227 2352 4293 communicant
2386 4226 2455 4293 in
2515 4248 2628 4294 ne·

1070 4329 1345 4418 gatione
1382 4351 1398 4395 ε
1435 4328 1604 4397 sicut
1654 4329 1859 4409 Deus,
1895 4340 1954 4398 et
2001 4331 2169 4422 lapis
2209 4333 2625 4400 conveniunt

1069 4437 1137 4502 in
1173 4458 1311 4503 non
1354 4461 1503 4505 esse
1537 4459 1835 4529 capram,
1883 4439 1988 4507 vel
2050 4442 2116 4507 in
2184 4441 2321 4507 alio
2377 4464 2627 4509 secun-

1068 4544 1233 4611 dum
1267 4546 1699 4635 negationem
1732 4548 1915 4615 dicto
1957 4571 1973 4615 ε
2013 4547 2142 4617 hoc
2193 4548 2362 4616 nihil
2429 4558 2532 4617 est
2602 4572 2619 4616 :

1069 4660 1230 4746 quia
1295 4657 1725 4725 individuum
1795 4681 1932 4727 non
1974 4669 2074 4726 est
2140 4661 2295 4728 talis
2350 4663 2624 4752 negatio

1071 4785 1222 4853 quae
1257 4762 1425 4830 nihil
1459 4774 1693 4854 ponat,
1739 4765 1851 4832 sed
1886 4766 2113 4857 potius
2143 4769 2416 4854 negatio
2470 4790 2629 4836 con-

1069 4892 1365 4960 sequens
1406 4871 1473 4939 id
1505 4871 1690 4962 quod
1719 4894 1841 4963 per
1868 4896 1937 4942 se
1969 4883 2069 4942 est
2137 4896 2352 4942 unum
2400 4898 2416 4941 :
2462 4897 2626 4966 ergo

1071 5001 1364 5069 persona
1392 4978 1551 5047 licet
1580 5001 1719 5047 non
1763 4983 2021 5050 ratione
2065 4980 2433 5051 individuoe
2464 4983 2626 5050 sub·

1063 5089 1350 5167 stantiae,
1388 5098 1617 5158 tamen
1664 5092 1924 5159 ratione
1965 5092 2113 5182 ejus
2171 5115 2379 5184 super
2441 5092 2630 5184 quod

1063 5192 1389 5263 fundatur
1437 5197 1914 5278 individuatio,
1977 5197 2286 5267 causabit
2347 5200 2630 5268 univer-

1058 5301 1238 5370 sale.

1162 5408 1360 5490 ltem,
1394 5411 1567 5479 Cum
1618 5413 1886 5494 dicitur,
1944 5414 2246 5484 l‘ersona
2312 5424 2414 5483 est
2459 5414 2632 5482 sub-

1079 5517 1328 5585 stantia
1413 5519 1786 5601 individua,
1847 5523 2224 5594 substantia
2315 5522 2501 5593 cadit
2563 5524 2639 5593 in

1082 5634 1264 5694 recto
1333 5626 1402 5694 in
1463 5628 1826 5711 intellectu,
1906 5642 1969 5701 et
2008 5656 2323 5724 personae
2385 5635 2650 5707 indivi-

4156 282 4282 349 5925

2750 454 2961 520 duum
2994 463 3067 521 ut
3126 455 3304 522 illius
3361 455 3747 524 substantiae
3813 454 4164 544 dispositio
4224 462 4289 520 et

2754 563 3173 650 proprietas:
3225 586 3386 651 ergo
3459 565 3790 653 significat
3848 563 4286 653 principalius

2751 667 3201 734 substantiam
3242 668 3661 748 affirmative,
3696 694 3898 761 quam
3957 672 4286 737 rationem

2751 776 3214 865 dispositionis
3272 779 3602 867 significet
3677 783 4027 869 negative:
4074 788 4139 846 et
4194 782 4288 845 sic

2750 883 3000 951 solutio
3044 885 3155 950 illa
3188 885 3357 952 nihil
3393 887 3659 954 videtur
3688 887 3933 954 valere.

2840 992 3037 1072 Item,
3076 995 3352 1062 Boetius
3392 996 3573 1072 dicit,
3617 996 3796 1086 quod
3846 999 4069 1064 omnis
4135 1020 4288 1085 pet·-

2750 1123 2918 1168 sona
2950 1102 3285 1191 significat
3312 1102 3753 1170 substantiam
3795 1113 3868 1171 ut
3914 1105 4285 1194 subjectam

2752 1214 2819 1275 et
2882 1211 3301 1298 suppositam
3358 1232 3372 1276 :
3454 1209 3562 1279 hic
3616 1218 3839 1279 autem
3911 1211 4288 1279 intellectus

2753 1338 2890 1384 non
2932 1326 3031 1385 est
3062 1320 3456 1408 negativus:
3501 1342 3659 1410 ergo
3707 1319 3873 1387 nihil
3942 1329 4041 1387 est
4104 1320 4288 1410 quod

2754 1424 3029 1513 quidam
3063 1424 3320 1502 dicunt,
3360 1448 3712 1514 personam
3773 1449 3918 1493 esse
3976 1449 4292 1493 commu-

2755 1551 2914 1597 nem
2947 1531 3321 1598 secundum
3356 1533 3803 1621 negationem.

2844 1740 3155 1809 Somno.
3222 1741 3595 1810 Dicendum
3660 1744 3803 1810 sine
3870 1743 4283 1833 praejttdiciO,

2750 1848 2934 1938 quod
2990 1847 3241 1937 duplex
3303 1858 3403 1915 est
3482 1850 3959 1933 communitas,
4036 1850 4288 1919 scilicet

2736 1971 2922 2037 esse,
2957 1960 3024 2022 et
3064 1956 3368 2023 rationis,
3420 1955 3887 2024 Communitas
3935 1966 4158 2024 autem
4221 1959 4286 2024 in

2747 2086 2897 2133 esse
2962 2073 3028 2130 et
3084 2067 3376 2132 essentia
3434 2065 3665 2134 eadem
3751 2089 4063 2144 numero,
4152 2090 4288 2135 non

2747 2180 2970 2262 potest
3018 2173 3306 2241 inveniri
3343 2176 3467 2240 nisi
3511 2176 3576 2240 in
3614 2174 3857 2242 divinis
3906 2173 4292 2266 hypostasi-

2747 2280 2903 2359 bus,
2946 2290 3009 2348 et
3052 2303 3190 2348 non
3227 2283 3289 2347 in
3323 2281 3548 2372 aliqua
3579 2290 3813 2350 natura
3835 2291 4060 2350 creata
4089 2305 4104 2349 :
4133 2285 4289 2372 qnia

2749 2411 2955 2456 omne
2986 2396 3284 2456 creatum
3320 2399 3416 2457 est
3456 2392 3933 2480 compositum,
4001 2401 4066 2459 et
4137 2391 4286 2458 ideo

2744 2497 2927 2563 idem
2954 2519 3239 2563 numero
3271 2497 3636 2564 secundum
3680 2521 3824 2566 esse
3866 2520 4003 2564 non
4066 2506 4286 2588 potest

2710 2601 2893 2668 ‘esse
2932 2601 3000 2667 in
3068 2601 3351 2668 diversis
3423 2602 3741 2689 subjectis
3807 2611 3874 2669 et
3928 2602 4280 2669 distinctis.

2742 2707 3220 2775 Communitas
3284 2718 3510 2776 autem
3571 2711 3849 2777 rationis
3933 2710 4284 2799 multiplex

2734 2828 2889 2885 -estz
2924 2819 3233 2908 qtnedatn
3266 2820 3447 2886 enim
3488 2830 3586 2887 est
3644 2820 4014 2887 seeundum
4085 2829 4287 2886 natu-

2743 2947 2886 2991 ram
2920 2947 3354 2993 communem
3407 2950 3523 3018 per
3579 2928 3882 2995 eamdem
3956 2930 4284 2996 rationem

2736 3034 3209 3124 participatam
3278 3057 3315 3100 a
3384 3034 3710 3124 pluribus,
3808 3058 3960 3126 qnae
4045 3047 4281 3104 natura

2734 3143 3126 3210 communis
3212 3142 3627 3211 abstrahitur
3706 3144 3789 3211 ah
3868 3167 4282 3237 unoquoque

2739 3250 3041 3335 illorum,
3102 3262 3164 3318 et
3227 3253 3595 3320 secundum
3655 3278 3798 3320 esse
3853 3256 3919 3321 in
3979 3254 4278 3346 quolibet

2736 3359 3011 3429 illorum
3039 3362 3602 3450 cotttpositionem
3654 3361 3910 3430 habens
3976 3386 4129 3430 cum
4198 3388 4280 3430 eo

2733 3468 2918 3561 quod
2950 3468 3289 3537 contrahit
3316 3493 3463 3538 eam
3495 3471 3575 3537 ad
3611 3470 3733 3538 hoc
3765 3482 3825 3539 et
3858 3472 3940 3539 ad
3968 3472 4128 3540 illud
4160 3496 4174 3540 ε
4208 3483 4271 3539 et

2734 3575 2848 3643 illa
2882 3587 3127 3645 natura
3169 3577 3318 3645 l'aeit
3351 3579 3750 3653 universale.
3785 3589 3852 3649 et
3900 3580 4271 3648 secundnm

2733 3694 2953 3753 totum
3000 3708 3195 3776 posse
3236 3687 3417 3778 qnod
3450 3686 3644 3755 habet
3681 3689 3791 3756 illa
3830 3699 4095 3763 natura.
4139 3714 4272 3757 non

2732 3802 2836 3861 est
2867 3794 2935 3861 in
2961 3817 3122 3865 unce».
3162 3796 3309 3863 licet
3342 3798 3421 3863 sit
3458 3799 3521 3863 in
3554 3822 3634 3863 eo
3664 3799 4033 3866 seeundum
4074 3821 4265 3867 esse:

2734 3900 2890 3969 ideo
2931 3900 3071 3970 hoec
3105 3912 3342 3969 natura
3394 3904 3646 3971 exc-edit
3705 3906 4049 3995 quodlibet
4121 3907 4275 3972 illo·

2735 4032 2917 4093 rum,
2950 4008 3033 4076 de
3073 4032 3210 4101 quo
3253 4013 3646 4100 pra-dicatur
3682 4012 3903 4103 quoad
3940 4035 4175 4104 posse:
4212 4024 4272 4079 et

2732 4117 2895 4208 quia
2960 4127 3064 4184 est
3139 4120 3204 4184 in
3265 4143 3346 4185 eo
3404 4120 3768 4187 seeundum
3841 4130 4055 4188 totum
4132 4147 4277 4189 esse

2733 4250 2962 4305 suum,
3010 4227 3160 4293 ideo
3200 4238 3298 4295 est
3334 4231 3502 4297 ratic·
3532 4229 3879 4315 cujuslibet
3918 4256 4152 4299 eorum
4194 4234 4275 4298 ‹h-

2732 4355 2873 4425 quo
2913 4333 3343 4425 przedieatur.
3389 4338 3493 4402 vel
3552 4360 3702 4427 pars
3752 4339 4027 4405 rationis
4104 4340 4273 4425 ejus,

2732 4442 2842 4510 vel
2874 4441 3299 4532 simpliciter,
3336 4454 3403 4511 ut
3449 4448 3512 4513 in
3544 4470 3811 4535 genere.
3855 4448 3960 4513 vel
4029 4448 4272 4538 specie.

2732 4557 2800 4619 et
2830 4549 3252 4619 differentia:
3287 4552 3390 4619 vel
3431 4555 3798 4623 seeundum
3857 4556 4046 4647 qnid,
4108 4557 4275 4623 sient

2733 4666 2833 4724 est
2870 4657 2936 4724 in
2982 4660 3286 4748 proprio,
3355 4668 3416 4726 et
3484 4661 3844 4729 accidente.
3908 4662 4016 4730 Est
4073 4664 4273 4730 etiam

2734 4767 3196 4832 communitas
3255 4766 3583 4834 resultans
3666 4794 3746 4838 ex
3840 4772 4277 4861 proportione

2735 4869 3125 4961 aliquorum
3156 4872 3238 4939 ad
3283 4895 3519 4955 unum,
3556 4876 3734 4967 qnod
3764 4880 4084 4945 convenit
4115 4878 4275 4944 utri·

2737 4999 2895 5069 que,
2977 4979 3351 5048 secundum
3411 4992 3633 5049 tamen
3709 4984 4036 5052 diversa:
4108 4986 4280 5052 sicut

2736 5094 2843 5153 est
2879 5086 3337 5154 communitas
3403 5091 3855 5179 proportionis
3932 5092 4280 5180 regiminis

2738 5193 2937 5260 navis
3001 5199 3069 5260 et
3115 5192 3393 5277 schotae,
3470 5196 3551 5261 ad
3629 5196 4147 5287 gubernatorem
4215 5207 4280 5266 et

2737 5301 3263 5372 scholasticum:
3299 5305 3479 5397 quod
3511 5316 3734 5375 tamen
3787 5310 4042 5400 regenti
4114 5332 4280 5376 con-

2741 5416 2932 5482 venit
2989 5424 3247 5483 naturae
3314 5419 3681 5487 secundum
3737 5428 3952 5488 artem
4027 5419 4284 5509 guber-

2751 5523 2988 5602 nandi,
3045 5532 3107 5590 et
3166 5524 3565 5594 scholastico
3632 5528 3998 5596 secundum
4066 5537 4281 5597 artem

2766 5631 3046 5702 docendi
3070 5630 3364 5699 litteras:
3399 5635 3555 5723 quia
3610 5643 3835 5703 tamea
3900 5633 4140 5702 similis
4188 5644 4283 5703 est

4389 1787 4581 1833 solutio.
