4897 6388
645 332 775 404 302
1636 342 1721 409 n.
1773 345 1971 416 ΑΕΒ.
2023 348 2242 434 MAG.
2299 349 2506 424 ORD.
2562 334 2867 454 rRAEn.

3694 474 3731 498 4*

643 530 949 606 semper
978 502 1345 587 nescitur.
1383 514 1599 594 Unde
1641 517 1746 592 ait
1784 518 1862 591 in
1904 521 2094 596 libro
2138 523 2505 601 Proverb.
2550 499 2710 614 vni,
2742 526 2885 602 25:
2925 529 3121 603 Ante
3146 549 3420 603 omnes
3453 523 3701 599 colles·
3726 519 3850 621 gel

643 654 862 719 nerat
887 670 1008 721 me
1034 649 1456 725 Dominus¹
1506 677 1712 728 :non
1769 665 1848 729 ut
1887 658 2199 755 quidam
2256 661 2452 736 male
2485 663 2782 759 legunt,
2849 654 3327 762 qenet·auit².
3395 660 3536 735 llis
3594 659 3848 735 verbis

640 791 899 880 aperte
940 787 1274 861 ostendit
1312 789 1706 886 OrigeneS,
1742 815 1925 869 sane
1967 795 2114 869 dici
2147 819 2371 894 posse
2403 807 2480 872 et
2534 796 2843 888 debere,
2934 799 3177 874 Filius
3246 816 3556 896 semper
3610 794 3848 872 nasci·

638 925 814 1028 turf
852 921 1056 1017 quod
1088 922 1394 998 videtur
1432 925 1895 1000 contrarium
1943 927 2051 1001 illi
2109 931 2344 1006 verbo
2404 930 2755 1030 Gregorii
2834 919 3268 1031 praemisso,
3329 909 3625 1008 scilicet
3689 953 3843 1004 uon

637 1076 1052 1151 possumus
1084 1057 1365 1152 dicere,
1407 1040 1709 1156 semper
1740 1062 2103 1137 nascitur.

633 1860 741 1937 M.
784 1858 1144 1958 Exponit
1185 1857 1593 1956 praemissa
1629 1860 1861 1970 verba
1923 1861 2302 1962 Greyorii,
2337 1889 2433 1942 ne
2460 1871 2784 1969 putetur
2822 1866 3030 1974 inter
3064 1866 3444 1972 Doctores
3475 1891 3634 1944 esse
3672 1861 3846 1944 con·¹

2021 1999 2405 2078 trarietas.
2990 1997 2997 2002 “
3042 1997 3047 2002 ’
3282 1995 3285 2000 ’

727 2441 876 2518 Sed
917 2465 1017 2521 ne
1055 2441 1246 2519 tanti
1286 2447 1655 2521 Auctores
1691 2446 1836 2524 sibi
1877 2448 2398 2530 contradicere
2438 2433 2645 2525 inre
2684 2413 2913 2544 mnia,
2940 2427 3379 2546 videantur,
3416 2449 3551 2527 itta
3596 2449 3832 2527 verba

628 2575 979 2676 Gregorii
1019 2576 1354 2675 henigne
1395 2578 1983 2679 interpretemur
2016 2607 2033 2658 :
2078 2582 2486 2679 Dominus,
2523 2583 2803 2682 inquit,
2831 2584 3065 2660 Jesus
3102 2593 3283 2660 ante
3329 2592 3675 2683 tempora
3707 2607 3836 2659 na·

629 2720 754 2788 tus
784 2722 900 2788 est
929 2714 1022 2789 de
1054 2713 1282 2789 Patre
1319 2736 1336 2788 ε
1373 2715 1489 2789 vel
1534 2715 1812 2814 potius,
1856 2716 2038 2817 quia
2078 2740 2220 2794 nee
2260 2718 2491 2817 coepit
2531 2719 2744 2794 nasei
2802 2741 2947 2795 nee
2996 2718 3251 2811 desiit,
3315 2718 3669 2795 dieamus
3707 2742 3834 2795 ve·

585 2844 818 2944 rius,
872 2871 1176 2948 semper
1214 2855 1468 2925 natus.
1515 2849 1661 2926 Sed
1703 2861 1990 2951 quanto
2046 2852 2306 2929 verius
2370 2852 2655 2928 dicitur
2731 2855 2908 2950 hoc,
2955 2852 3249 2931 scilicet
3317 2853 3528 2953 quod
3585 2852 3824 2928 Filius

626 3005 934 3082 semper
963 2993 1191 3059 natus
1230 2992 1372 3078 est,
1413 3007 1645 3082 quam
1704 2983 1921 3082 illud,
1955 2984 2246 3063 scilieet
2300 2986 2507 3087 quod
2548 2987 2644 3063 de
2699 2987 2929 3066 Patre
2969 2998 3149 3065 ante
3208 2995 3560 3087 tempora
3601 2996 3825 3063 natus

625 3119 800 3198 est?
831 3119 1027 3196 Illud
1067 3119 1272 3197 enim
1308 3119 1608 3197 sincera
1637 3129 1714 3197 et
1750 3119 2141 3198 Catholica
2179 3119 2370 3198 fides
2407 3131 2619 3199 tenet
2657 3146 2748 3198 ac
2789 3121 3185 3223 proedieat,
3222 3130 3305 3198 ut
3343 3120 3577 3199 istud.
3631 3119 3826 3210 Qua·

622 3281 704 3335 re
735 3280 920 3355 ergo
945 3257 1078 3353 ait,
1112 3256 1460 3333 dicamus
1487 3256 1768 3352 verius,
1803 3280 1977 3334 cum
2011 3267 2424 3359 utrumque
2455 3259 2745 3364 pariter
2783 3258 2884 3335 sit
2910 3283 3186 3337 verum
3211 3258 3254 3333 ⁴?
3284 3258 3435 3335 nisi
3477 3257 3662 3358 quia
3696 3281 3829 3332 vo-

620 3392 826 3471 lebat
854 3389 1181 3493 intelligi
1223 3393 1368 3469 hoc
1399 3393 1493 3467 nd
1538 3393 1899 3491 majorem
1954 3391 2416 3472 evidentiam
2479 3404 2554 3472 et
2592 3393 3174 3493 expressionem
3230 3393 3581 3469 veritatis
3644 3390 3821 3482 dici,

619 3555 852 3631 quam
892 3530 1110 3605 illud.
1159 3530 1298 3608 nis
1327 3530 1608 3607 etenim
1650 3530 1905 3606 verbis
1967 3530 2220 3608 omnis
2276 3530 2800 3608 calumniandi
2854 3532 3195 3609 versutis
3253 3530 3641 3607 haereticis
3685 3528 3826 3605 ob-

618 3665 944 3743 struitur
971 3664 1253 3760 aditus,
1297 3666 1579 3766 quibus
1618 3665 1895 3741 Christi
1917 3665 2350 3743 secundum
2391 3665 2774 3743 Deitatem
2798 3666 3231 3765 generatiO,
3266 3663 3703 3754 sineinitiO,
3749 3673 3823 3739 et

616 3800 781 3878 sine
824 3802 976 3878 fine
1017 3826 1214 3898 esse,
1259 3825 1350 3878 uc
1388 3801 1718 3902 perfecta
1749 3810 2240 3879 monstratur.
2285 3801 2458 3878 Non
2492 3811 2754 3878 autem
2784 3801 2979 3878 adeo
3009 3813 3274 3901 aperte
3320 3824 3632 3900 semper
3672 3824 3821 3875 nta-

622 3936 1026 4015 nifestatur
1073 3936 1387 4033 veritae,
1448 3962 1621 4013 eum
1655 3934 1958 4027 dicitur,
2016 3934 2248 4013 Filius
2298 3947 2476 4014 ante
2529 3949 2879 4037 tempora
2927 3935 3243 4034 genitus
3280 3945 3398 4011 est
3436 3935 3533 4011 de
3568 3934 3817 4030 Patre,

615 4073 734 4149 vel
776 4071 1017 4148 Filius
1055 4097 1362 4173 semper
1392 4071 1732 4149 nuscitur
1760 4073 1852 4150 de
1884 4073 2134 4151 Patre.
2171 4074 2263 4149 Et
2301 4071 2474 4148 ideo
2507 4072 2692 4149 dicit
2724 4069 3178 4169 Gregorius,
3215 4070 3422 4171 quod
3459 4093 3612 4145 non
3658 4093 3823 4169 pos·

612 4234 883 4285 sumus
910 4210 1194 4305 dicere,
1225 4235 1528 4310 semper
1549 4210 1910 4285 nascitur.
1947 4207 2146 4304 Non,
2184 4209 2531 4308 inquam,
2566 4208 2671 4284 ita
2703 4206 3290 4303 convenienter,
3331 4231 3484 4281 non
3519 4206 3620 4282 ita
3649 4230 3822 4280 con·

610 4370 801 4444 grue
832 4346 929 4420 ud
968 4346 1582 4446 explanationem
1619 4341 2006 4421 veritatis:
2045 4353 2292 4444 potest
2345 4355 2605 4421 tamen
2670 4343 2852 4439 dici,
2904 4343 2968 4418 si
3033 4365 3221 4418 sane
3264 4316 3742 4438 inteiligatur
3794 4364 3811 4417 ε

608 4506 913 4581 semper
943 4481 1147 4557 enim
1207 4481 1547 4557 nascitur
1585 4478 1821 4555 Filius
1888 4479 1980 4556 de
2041 4480 2291 4575 Patre,
2326 4489 2410 4555 ut
2438 4480 2544 4556 uit
2586 4479 2994 4576 Origenes,
3033 4502 3189 4552 non
3220 4477 3430 4576 quod
3472 4474 3816 4576 quotidie

609 4612 924 4693 iteretur
963 4616 1094 4693 itta
1131 4616 1553 4716 generatiO,
1589 4614 1718 4691 sed
1762 4612 1943 4718 quia
1973 4638 2277 4718 semper
2305 4623 2444 4691 est.
2492 4614 2819 4715 Semper
2876 4636 3064 4710 ergo
3109 4611 3481 4702 nascitur,
3549 4610 3619 4686 id
3674 4618 3812 4705 est,

610 4751 969 4829 nativitas
1000 4752 1170 4850 ejus
1201 4751 1662 4851 sempiterna
1696 4759 1834 4828 est.

684 5081 699 5121 ¹
735 5085 898 5159 Vulg.
931 5082 1129 5156 habet,
1173 5085 1449 5142 l’roverb.
1486 5102 1606 5153 vm,
1657 5090 1724 5140 25
1757 5102 1772 5141 :
1807 5088 1951 5143 Ante
1987 5052 2148 5144 coita
2175 5100 2275 5156 eoo
2296 5086 2674 5159 parturiebar.

679 5174 704 5212 ²
726 5176 1026 5244 Onicnun,
1057 5175 1314 5232 Romilia
1340 5176 1387 5232 11
1417 5176 1478 5232 in
1504 5175 1718 5233 Jerem.
1750 5186 1829 5232 vt.
