<?xml version="1.0" encoding="UTF-8"?>
<!DOCTYPE html PUBLIC "-//W3C//DTD XHTML 1.0 Transitional//EN"
    "http://www.w3.org/TR/xhtml1/DTD/xhtml1-transitional.dtd">
<html xmlns="http://www.w3.org/1999/xhtml" xml:lang="en" lang="en">
 <head>
  <title>
</title>
<meta http-equiv="Content-Type" content="text/html;charset=utf-8" />
  <meta name='ocr-system' content='tesseract 3.04.00' />
  <meta name='ocr-capabilities' content='ocr_page ocr_carea ocr_par ocr_line ocrx_word'/>
</head>
<body>
  <div class='ocr_page' id='page_1' title='image "balbertimagnira03chgoog_0055.png"; bbox 0 0 4897 6388; ppageno 0'>
   <div class='ocr_carea' id='block_1_1' title="bbox 690 1029 900 1077">
    <p class='ocr_par' dir='ltr' id='par_1_1' title="bbox 690 1029 900 1077">
     <span class='ocr_line' id='line_1_1' title="bbox 690 1029 900 1077; baseline -0.014 -1"><span class='ocrx_word' id='word_1_1' title='bbox 690 1029 900 1077; x_wconf 72' lang='lat' dir='ltr'><strong>solutio·</strong></span> 
     </span>
    </p>
   </div>
   <div class='ocr_carea' id='block_1_2' title="bbox 1826 194 3324 274">
    <p class='ocr_par' dir='ltr' id='par_1_2' title="bbox 1826 194 3324 274">
     <span class='ocr_line' id='line_1_2' title="bbox 1826 194 3324 274; baseline 0.001 -11"><span class='ocrx_word' id='word_1_2' title='bbox 1826 198 1919 264; x_wconf 69' lang='lat' dir='ltr'><strong>IN</strong></span> <span class='ocrx_word' id='word_1_3' title='bbox 1970 194 2396 265; x_wconf 84' lang='lat' dir='ltr'><strong>SENTENT.</strong></span> <span class='ocrx_word' id='word_1_4' title='bbox 2454 195 2674 264; x_wconf 84' lang='lat' dir='ltr'><strong>DIST.</strong></span> <span class='ocrx_word' id='word_1_5' title='bbox 2728 196 2777 273; x_wconf 88' lang='lat'><strong>1,</strong></span> <span class='ocrx_word' id='word_1_6' title='bbox 2834 196 2914 274; x_wconf 90' lang='lat' dir='ltr'><strong>G,</strong></span> <span class='ocrx_word' id='word_1_7' title='bbox 2970 197 3165 265; x_wconf 77' lang='lat' dir='ltr'><strong>ART.</strong></span> <span class='ocrx_word' id='word_1_8' title='bbox 3216 200 3324 265; x_wconf 83' lang='lat'><strong>20.</strong></span> 
     </span>
    </p>
   </div>
   <div class='ocr_carea' id='block_1_3' title="bbox 1511 298 1543 320">
    <p class='ocr_par' dir='ltr' id='par_1_3' title="bbox 1511 298 1543 320">
     <span class='ocr_line' id='line_1_3' title="bbox 1511 298 1543 320; baseline 0 0"><span class='ocrx_word' id='word_1_9' title='bbox 1511 298 1543 320; x_wconf 61' lang='grc'><strong>4*</strong></span> 
     </span>
    </p>
   </div>
   <div class='ocr_carea' id='block_1_4' title="bbox 970 366 2535 889">
    <p class='ocr_par' dir='ltr' id='par_1_4' title="bbox 970 366 2535 889">
     <span class='ocr_line' id='line_1_4' title="bbox 970 366 2527 450; baseline -0.003 -11"><span class='ocrx_word' id='word_1_10' title='bbox 970 379 1093 439; x_wconf 89' lang='lat' dir='ltr'><strong>etc.</strong></span> <span class='ocrx_word' id='word_1_11' title='bbox 1131 399 1161 435; x_wconf 71' lang='lat' dir='ltr'><strong>n&gt;</strong></span> <span class='ocrx_word' id='word_1_12' title='bbox 1246 366 1518 439; x_wconf 68' lang='lat' dir='ltr'><strong>CoNrnA&#39;</strong></span> <span class='ocrx_word' id='word_1_13' title='bbox 1556 393 1569 436; x_wconf 90' lang='lat'>:</span> <span class='ocrx_word' id='word_1_14' title='bbox 1614 369 1816 437; x_wconf 88' lang='lat' dir='ltr'><strong>Joan.</strong></span> <span class='ocrx_word' id='word_1_15' title='bbox 1874 394 2035 450; x_wconf 74' lang='lat' dir='ltr'><strong>xvii,</strong></span> <span class='ocrx_word' id='word_1_16' title='bbox 2083 372 2121 439; x_wconf 87' lang='lat'><strong>3</strong></span> <span class='ocrx_word' id='word_1_17' title='bbox 2162 395 2175 440; x_wconf 76' lang='grc' dir='ltr'>ε</span> <span class='ocrx_word' id='word_1_18' title='bbox 2217 374 2376 439; x_wconf 72' lang='lat' dir='ltr'><strong>Haec</strong></span> <span class='ocrx_word' id='word_1_19' title='bbox 2432 378 2527 436; x_wconf 78' lang='lat' dir='ltr'><strong>est</strong></span> 
     </span>
     <span class='ocr_line' id='line_1_5' title="bbox 971 478 2525 568; baseline -0.004 -22"><span class='ocrx_word' id='word_1_20' title='bbox 971 488 1204 546; x_wconf 83' lang='lat' dir='ltr'><strong>autem</strong></span> <span class='ocrx_word' id='word_1_21' title='bbox 1263 478 1407 544; x_wconf 84' lang='lat' dir='ltr'><strong>vita</strong></span> <span class='ocrx_word' id='word_1_22' title='bbox 1446 485 1727 567; x_wconf 41' lang='lat' dir='ltr'><strong>„eterna</strong></span> <span class='ocrx_word' id='word_1_23' title='bbox 1769 500 1790 543; x_wconf 93' lang='grc'><strong>.·</strong></span> <span class='ocrx_word' id='word_1_24' title='bbox 1840 480 1927 545; x_wconf 75' lang='lat' dir='ltr'><strong>Ut</strong></span> <span class='ocrx_word' id='word_1_25' title='bbox 1985 486 2390 568; x_wconf 74' lang='lat' dir='ltr'><strong>coynoscant</strong></span> <span class='ocrx_word' id='word_1_26' title='bbox 2438 484 2525 550; x_wconf 84' lang='lat' dir='ltr'><strong>te,</strong></span> 
     </span>
     <span class='ocr_line' id='line_1_6' title="bbox 970 580 2527 674; baseline -0.005 -21"><span class='ocrx_word' id='word_1_27' title='bbox 970 585 1201 653; x_wconf 79' lang='lat' dir='ltr'><strong>solum</strong></span> <span class='ocrx_word' id='word_1_28' title='bbox 1268 605 1505 649; x_wconf 78' lang='lat' dir='ltr'><strong>verum</strong></span> <span class='ocrx_word' id='word_1_29' title='bbox 1568 585 1813 663; x_wconf 83' lang='lat' dir='ltr'><strong>Deum,</strong></span> <span class='ocrx_word' id='word_1_30' title='bbox 1872 594 1934 651; x_wconf 83' lang='lat' dir='ltr'><strong>et</strong></span> <span class='ocrx_word' id='word_1_31' title='bbox 2001 605 2199 674; x_wconf 85' lang='lat' dir='ltr'><strong>quem</strong></span> <span class='ocrx_word' id='word_1_32' title='bbox 2255 580 2527 657; x_wconf 73' lang='lat' dir='ltr'><strong>misisti,</strong></span> 
     </span>
     <span class='ocr_line' id='line_1_7' title="bbox 972 677 2535 782; baseline -0.004 -22"><span class='ocrx_word' id='word_1_33' title='bbox 972 695 1211 760; x_wconf 82' lang='lat' dir='ltr'><strong>Jesum</strong></span> <span class='ocrx_word' id='word_1_34' title='bbox 1246 691 1596 758; x_wconf 74' lang='lat' dir='ltr'><em>Christum</em></span> <span class='ocrx_word' id='word_1_35' title='bbox 1633 714 1647 757; x_wconf 91' lang='lat'>:</span> <span class='ocrx_word' id='word_1_36' title='bbox 1683 677 1845 782; x_wconf 79' lang='lat' dir='ltr'><strong>ergo</strong></span> <span class='ocrx_word' id='word_1_37' title='bbox 1877 690 2165 771; x_wconf 86' lang='lat' dir='ltr'><strong>videtur,</strong></span> <span class='ocrx_word' id='word_1_38' title='bbox 2202 687 2384 778; x_wconf 91' lang='lat' dir='ltr'><strong>quod</strong></span> <span class='ocrx_word' id='word_1_39' title='bbox 2414 710 2535 754; x_wconf 91' lang='lat' dir='ltr'><strong>co-</strong></span> 
     </span>
     <span class='ocr_line' id='line_1_8' title="bbox 980 797 2210 889; baseline 0 -26"><span class='ocrx_word' id='word_1_40' title='bbox 980 797 1197 889; x_wconf 86' lang='lat' dir='ltr'><strong>gnitio</strong></span> <span class='ocrx_word' id='word_1_41' title='bbox 1239 797 1384 865; x_wconf 86' lang='lat' dir='ltr'><strong>sive</strong></span> <span class='ocrx_word' id='word_1_42' title='bbox 1424 799 1599 866; x_wconf 83' lang='lat' dir='ltr'><strong>visio</strong></span> <span class='ocrx_word' id='word_1_43' title='bbox 1633 801 1718 865; x_wconf 88' lang='lat' dir='ltr'><strong>sit</strong></span> <span class='ocrx_word' id='word_1_44' title='bbox 1751 807 1891 866; x_wconf 87' lang='lat' dir='ltr'><strong>tota</strong></span> <span class='ocrx_word' id='word_1_45' title='bbox 1933 818 2210 863; x_wconf 76' lang='lat' dir='ltr'><strong>merces,</strong></span> 
     </span>
    </p>
   </div>
   <div class='ocr_carea' id='block_1_5' title="bbox 984 979 2543 1533">
    <p class='ocr_par' dir='ltr' id='par_1_5' title="bbox 984 979 2543 1533">
     <span class='ocr_line' id='line_1_9' title="bbox 1077 979 2534 1099; baseline -0.005 -20"><span class='ocrx_word' id='word_1_46' title='bbox 1077 1012 1387 1081; x_wconf 76' lang='lat' dir='ltr'><strong>Somrm.</strong></span> <span class='ocrx_word' id='word_1_47' title='bbox 1420 1013 1616 1079; x_wconf 82' lang='lat' dir='ltr'><strong>Visio</strong></span> <span class='ocrx_word' id='word_1_48' title='bbox 1675 1031 1825 1099; x_wconf 84' lang='lat' dir='ltr'><strong>quae</strong></span> <span class='ocrx_word' id='word_1_49' title='bbox 1878 1017 1979 1076; x_wconf 88' lang='lat' dir='ltr'><strong>est</strong></span> <span class='ocrx_word' id='word_1_50' title='bbox 2034 1016 2176 1076; x_wconf 91' lang='lat' dir='ltr'><strong>tota</strong></span> <span class='ocrx_word' id='word_1_51' title='bbox 2252 979 2534 1090; x_wconf 76' lang='lat' dir='ltr'><strong>merceS,</strong></span> 
     </span>
     <span class='ocr_line' id='line_1_10' title="bbox 984 1114 2543 1206; baseline -0.005 -19"><span class='ocrx_word' id='word_1_52' title='bbox 984 1131 1088 1188; x_wconf 88' lang='lat' dir='ltr'><strong>est</strong></span> <span class='ocrx_word' id='word_1_53' title='bbox 1115 1121 1291 1188; x_wconf 89' lang='lat' dir='ltr'><strong>visio</strong></span> <span class='ocrx_word' id='word_1_54' title='bbox 1323 1119 1532 1187; x_wconf 87' lang='lat' dir='ltr'><strong>amati</strong></span> <span class='ocrx_word' id='word_1_55' title='bbox 1565 1125 1629 1184; x_wconf 89' lang='lat' dir='ltr'><strong>et</strong></span> <span class='ocrx_word' id='word_1_56' title='bbox 1659 1116 1900 1196; x_wconf 87' lang='lat' dir='ltr'><strong>habiti,</strong></span> <span class='ocrx_word' id='word_1_57' title='bbox 1933 1126 1998 1185; x_wconf 88' lang='lat' dir='ltr'><strong>et</strong></span> <span class='ocrx_word' id='word_1_58' title='bbox 2036 1115 2180 1184; x_wconf 85' lang='lat' dir='ltr'><strong>haec</strong></span> <span class='ocrx_word' id='word_1_59' title='bbox 2199 1114 2543 1206; x_wconf 80' lang='lat' dir='ltr'><strong>perficitur</strong></span> 
     </span>
     <span class='ocr_line' id='line_1_11' title="bbox 988 1220 2540 1315; baseline -0.006 -20"><span class='ocrx_word' id='word_1_60' title='bbox 988 1231 1056 1295; x_wconf 89' lang='lat' dir='ltr'><strong>in</strong></span> <span class='ocrx_word' id='word_1_61' title='bbox 1115 1249 1376 1304; x_wconf 88' lang='lat' dir='ltr'><strong>amore,</strong></span> <span class='ocrx_word' id='word_1_62' title='bbox 1449 1235 1516 1293; x_wconf 89' lang='lat' dir='ltr'><strong>et</strong></span> <span class='ocrx_word' id='word_1_63' title='bbox 1573 1234 1673 1292; x_wconf 89' lang='lat' dir='ltr'><strong>est</strong></span> <span class='ocrx_word' id='word_1_64' title='bbox 1738 1226 1912 1293; x_wconf 87' lang='lat' dir='ltr'><strong>visio</strong></span> <span class='ocrx_word' id='word_1_65' title='bbox 1966 1245 2248 1315; x_wconf 86' lang='lat' dir='ltr'><strong>pascens</strong></span> <span class='ocrx_word' id='word_1_66' title='bbox 2282 1244 2296 1287; x_wconf 92' lang='lat'>:</span> <span class='ocrx_word' id='word_1_67' title='bbox 2362 1220 2540 1287; x_wconf 89' lang='lat' dir='ltr'><strong>unde</strong></span> 
     </span>
     <span class='ocr_line' id='line_1_12' title="bbox 984 1328 2541 1410; baseline -0.006 -7"><span class='ocrx_word' id='word_1_68' title='bbox 984 1335 1132 1403; x_wconf 82' lang='lat' dir='ltr'><strong>haec</strong></span> <span class='ocrx_word' id='word_1_69' title='bbox 1162 1358 1302 1402; x_wconf 87' lang='lat' dir='ltr'><strong>uon</strong></span> <span class='ocrx_word' id='word_1_70' title='bbox 1346 1332 1572 1401; x_wconf 74' lang='lat' dir='ltr'><strong>dissert</strong></span> <span class='ocrx_word' id='word_1_71' title='bbox 1611 1357 1651 1401; x_wconf 88' lang='lat' dir='ltr'><strong>a</strong></span> <span class='ocrx_word' id='word_1_72' title='bbox 1693 1333 2037 1410; x_wconf 77' lang='lat' dir='ltr'><strong>fruitione,</strong></span> <span class='ocrx_word' id='word_1_73' title='bbox 2073 1329 2191 1397; x_wconf 91' lang='lat' dir='ltr'><strong>sed</strong></span> <span class='ocrx_word' id='word_1_74' title='bbox 2231 1337 2332 1397; x_wconf 88' lang='lat' dir='ltr'><strong>est</strong></span> <span class='ocrx_word' id='word_1_75' title='bbox 2364 1328 2541 1396; x_wconf 86' lang='lat' dir='ltr'><strong>idem</strong></span> 
     </span>
     <span class='ocr_line' id='line_1_13' title="bbox 987 1440 2223 1533; baseline -0.006 -24"><span class='ocrx_word' id='word_1_76' title='bbox 987 1444 1142 1533; x_wconf 90' lang='lat' dir='ltr'><strong>ipsi,</strong></span> <span class='ocrx_word' id='word_1_77' title='bbox 1179 1440 1500 1508; x_wconf 84' lang='lat' dir='ltr'><strong>differens</strong></span> <span class='ocrx_word' id='word_1_78' title='bbox 1533 1442 1599 1507; x_wconf 90' lang='lat' dir='ltr'><strong>in</strong></span> <span class='ocrx_word' id='word_1_79' title='bbox 1639 1440 1901 1508; x_wconf 89' lang='lat' dir='ltr'><strong>ratione</strong></span> <span class='ocrx_word' id='word_1_80' title='bbox 1931 1445 2223 1504; x_wconf 88' lang='lat' dir='ltr'><strong>tantum.</strong></span> 
     </span>
    </p>
   </div>
   <div class='ocr_carea' id='block_1_6' title="bbox 1411 1840 2124 1911">
    <p class='ocr_par' dir='ltr' id='par_1_6' title="bbox 1411 1840 2124 1911">
     <span class='ocr_line' id='line_1_14' title="bbox 1411 1840 2124 1911; baseline 0 -4"><span class='ocrx_word' id='word_1_81' title='bbox 1411 1840 1919 1911; x_wconf 76' lang='lat' dir='ltr'>ARTICULUS</span> <span class='ocrx_word' id='word_1_82' title='bbox 1970 1840 2124 1908; x_wconf 83' lang='lat' dir='ltr'><strong>XX.</strong></span> 
     </span>
    </p>
   </div>
   <div class='ocr_carea' id='block_1_7' title="bbox 993 2024 2552 2204">
    <p class='ocr_par' dir='ltr' id='par_1_7' title="bbox 993 2024 2552 2204">
     <span class='ocr_line' id='line_1_15' title="bbox 993 2024 2552 2116; baseline 0 -24"><span class='ocrx_word' id='word_1_83' title='bbox 993 2025 1105 2092; x_wconf 79' lang='lat' dir='ltr'><strong>An</strong></span> <span class='ocrx_word' id='word_1_84' title='bbox 1152 2046 1351 2091; x_wconf 83' lang='lat' dir='ltr'><strong>omne</strong></span> <span class='ocrx_word' id='word_1_85' title='bbox 1399 2024 1593 2115; x_wconf 81' lang='lat' dir='ltr'><strong>quod</strong></span> <span class='ocrx_word' id='word_1_86' title='bbox 1654 2036 1750 2093; x_wconf 83' lang='lat' dir='ltr'><strong>est</strong></span> <span class='ocrx_word' id='word_1_87' title='bbox 1811 2027 1882 2093; x_wconf 82' lang='lat' dir='ltr'><strong>in</strong></span> <span class='ocrx_word' id='word_1_88' title='bbox 1920 2036 2259 2116; x_wconf 81' lang='lat' dir='ltr'><strong>quantum</strong></span> <span class='ocrx_word' id='word_1_89' title='bbox 2298 2035 2421 2105; x_wconf 80' lang='lat' dir='ltr'><strong>est,</strong></span> <span class='ocrx_word' id='word_1_90' title='bbox 2457 2034 2552 2092; x_wconf 78' lang='lat' dir='ltr'><strong>est</strong></span> 
     </span>
     <span class='ocr_line' id='line_1_16' title="bbox 1600 2134 1939 2204; baseline 0 -1"><span class='ocrx_word' id='word_1_91' title='bbox 1600 2135 1853 2204; x_wconf 80' lang='lat' dir='ltr'><strong>bonum</strong></span> <span class='ocrx_word' id='word_1_92' title='bbox 1898 2134 1939 2203; x_wconf 82' lang='lat'><em>?</em></span> 
     </span>
    </p>
   </div>
   <div class='ocr_carea' id='block_1_8' title="bbox 998 2396 2570 4002">
    <p class='ocr_par' dir='ltr' id='par_1_8' title="bbox 998 2396 2550 2706">
     <span class='ocr_line' id='line_1_17' title="bbox 1087 2396 2546 2488; baseline 0.001 -25"><span class='ocrx_word' id='word_1_93' title='bbox 1087 2396 1351 2466; x_wconf 78' lang='lat' dir='ltr'><strong>Deinde</strong></span> <span class='ocrx_word' id='word_1_94' title='bbox 1392 2396 1712 2487; x_wconf 86' lang='lat' dir='ltr'><strong>objicitur</strong></span> <span class='ocrx_word' id='word_1_95' title='bbox 1767 2398 1849 2465; x_wconf 89' lang='lat' dir='ltr'><strong>de</strong></span> <span class='ocrx_word' id='word_1_96' title='bbox 1905 2398 2035 2466; x_wconf 87' lang='lat' dir='ltr'><strong>hoc</strong></span> <span class='ocrx_word' id='word_1_97' title='bbox 2093 2398 2275 2488; x_wconf 87' lang='lat' dir='ltr'><strong>quod</strong></span> <span class='ocrx_word' id='word_1_98' title='bbox 2335 2398 2546 2466; x_wconf 88' lang='lat' dir='ltr'><strong>dicit:</strong></span> 
     </span>
     <span class='ocr_line' id='line_1_18' title="bbox 1001 2505 2550 2591; baseline 0.002 -21"><span class='ocrx_word' id='word_1_99' title='bbox 1001 2530 1035 2570; x_wconf 73' lang='grc' dir='ltr'>ι</span> <span class='ocrx_word' id='word_1_100' title='bbox 1084 2505 1271 2588; x_wconf 83' lang='lat' dir='ltr'><strong>Quia</strong></span> <span class='ocrx_word' id='word_1_101' title='bbox 1324 2508 1516 2574; x_wconf 76' lang='lat' dir='ltr'><strong>Deus</strong></span> <span class='ocrx_word' id='word_1_102' title='bbox 1565 2505 1780 2574; x_wconf 80' lang='lat' dir='ltr'><strong>bonus</strong></span> <span class='ocrx_word' id='word_1_103' title='bbox 1845 2516 1967 2591; x_wconf 82' lang='lat' dir='ltr'><strong>est,</strong></span> <span class='ocrx_word' id='word_1_104' title='bbox 2024 2529 2265 2573; x_wconf 79' lang='lat' dir='ltr'><strong>smnus</strong></span> <span class='ocrx_word' id='word_1_105' title='bbox 2302 2529 2326 2574; x_wconf 88' lang='lat'><strong>.·</strong></span> <span class='ocrx_word' id='word_1_106' title='bbox 2367 2515 2431 2573; x_wconf 78' lang='lat' dir='ltr'><strong>el</strong></span> <span class='ocrx_word' id='word_1_107' title='bbox 2482 2509 2550 2573; x_wconf 78' lang='lat' dir='ltr'><strong>in</strong></span> 
     </span>
     <span class='ocr_line' id='line_1_19' title="bbox 998 2614 2416 2706; baseline -0.002 -25"><span class='ocrx_word' id='word_1_108' title='bbox 998 2625 1341 2706; x_wconf 82' lang='lat' dir='ltr'><strong>quantum</strong></span> <span class='ocrx_word' id='word_1_109' title='bbox 1378 2637 1646 2695; x_wconf 76' lang='lat' dir='ltr'><strong>sumus,</strong></span> <span class='ocrx_word' id='word_1_110' title='bbox 1691 2614 1852 2683; x_wconf 80' lang='lat' dir='ltr'><strong>boni</strong></span> <span class='ocrx_word' id='word_1_111' title='bbox 1885 2639 2151 2695; x_wconf 82' lang='lat' dir='ltr'><strong>sumus,</strong></span> <span class='ocrx_word' id='word_1_112' title='bbox 2195 2625 2322 2685; x_wconf 91' lang='lat' dir='ltr'><strong>etc.</strong></span> <span class='ocrx_word' id='word_1_113' title='bbox 2382 2643 2416 2678; x_wconf 73' lang='lat' dir='ltr'>n</span> 
     </span>
    </p>

    <p class='ocr_par' dir='ltr' id='par_1_9' title="bbox 1000 2722 2554 3016">
     <span class='ocr_line' id='line_1_20' title="bbox 1098 2722 2553 2815; baseline 0.002 -27"><span class='ocrx_word' id='word_1_114' title='bbox 1098 2724 1155 2792; x_wconf 90' lang='lat' dir='ltr'><strong>l.</strong></span> <span class='ocrx_word' id='word_1_115' title='bbox 1190 2722 1373 2790; x_wconf 90' lang='lat' dir='ltr'><strong>Dicit</strong></span> <span class='ocrx_word' id='word_1_116' title='bbox 1406 2724 1591 2791; x_wconf 87' lang='lat' dir='ltr'><strong>enim</strong></span> <span class='ocrx_word' id='word_1_117' title='bbox 1629 2725 2055 2815; x_wconf 76' lang='lat' dir='ltr'><strong>Augustinus</strong></span> <span class='ocrx_word' id='word_1_118' title='bbox 2088 2746 2103 2790; x_wconf 89' lang='lat'>:</span> <span class='ocrx_word' id='word_1_119' title='bbox 2150 2723 2311 2791; x_wconf 83' lang='lat' dir='ltr'><strong>Esse</strong></span> <span class='ocrx_word' id='word_1_120' title='bbox 2340 2732 2439 2793; x_wconf 87' lang='lat' dir='ltr'><strong>est</strong></span> <span class='ocrx_word' id='word_1_121' title='bbox 2471 2722 2553 2791; x_wconf 91' lang='lat' dir='ltr'><strong>ab</strong></span> 
     </span>
     <span class='ocr_line' id='line_1_21' title="bbox 1000 2832 2554 2923; baseline -0.001 -24"><span class='ocrx_word' id='word_1_122' title='bbox 1000 2840 1157 2900; x_wconf 88' lang='lat' dir='ltr'><strong>ente</strong></span> <span class='ocrx_word' id='word_1_123' title='bbox 1197 2832 1421 2921; x_wconf 90' lang='lat' dir='ltr'><strong>primo</strong></span> <span class='ocrx_word' id='word_1_124' title='bbox 1454 2841 1472 2877; x_wconf 91' lang='lat'><strong>¹</strong></span> <span class='ocrx_word' id='word_1_125' title='bbox 1512 2855 1722 2923; x_wconf 85' lang='lat' dir='ltr'><strong>:ergo</strong></span> <span class='ocrx_word' id='word_1_126' title='bbox 1753 2832 2022 2901; x_wconf 87' lang='lat' dir='ltr'><strong>deberet</strong></span> <span class='ocrx_word' id='word_1_127' title='bbox 2054 2832 2274 2902; x_wconf 90' lang='lat' dir='ltr'><strong>dicere</strong></span> <span class='ocrx_word' id='word_1_128' title='bbox 2320 2856 2334 2902; x_wconf 91' lang='lat'><strong>:</strong></span> <span class='ocrx_word' id='word_1_129' title='bbox 2380 2833 2554 2913; x_wconf 85' lang='lat' dir='ltr'><strong>Quia</strong></span> 
     </span>
     <span class='ocr_line' id='line_1_22' title="bbox 1002 2938 1662 3016; baseline 0.002 -12"><span class='ocrx_word' id='word_1_130' title='bbox 1002 2938 1191 3006; x_wconf 87' lang='lat' dir='ltr'><strong>Deus</strong></span> <span class='ocrx_word' id='word_1_131' title='bbox 1220 2947 1348 3016; x_wconf 84' lang='lat' dir='ltr'><strong>est,</strong></span> <span class='ocrx_word' id='word_1_132' title='bbox 1393 2962 1662 3006; x_wconf 88' lang='lat' dir='ltr'><strong>sumus.</strong></span> 
     </span>
    </p>

    <p class='ocr_par' dir='ltr' id='par_1_10' title="bbox 1004 3043 2563 3442">
     <span class='ocr_line' id='line_1_23' title="bbox 1093 3043 2556 3138; baseline 0 -25"><span class='ocrx_word' id='word_1_133' title='bbox 1093 3048 1162 3113; x_wconf 82' lang='lat'><strong>2.</strong></span> <span class='ocrx_word' id='word_1_134' title='bbox 1217 3045 1414 3125; x_wconf 81' lang='lat' dir='ltr'><strong>Item,</strong></span> <span class='ocrx_word' id='word_1_135' title='bbox 1458 3043 1679 3114; x_wconf 87' lang='lat' dir='ltr'><strong>Omne</strong></span> <span class='ocrx_word' id='word_1_136' title='bbox 1736 3047 1922 3138; x_wconf 89' lang='lat' dir='ltr'><strong>quod</strong></span> <span class='ocrx_word' id='word_1_137' title='bbox 1960 3057 2059 3115; x_wconf 89' lang='lat' dir='ltr'><strong>est</strong></span> <span class='ocrx_word' id='word_1_138' title='bbox 2116 3048 2182 3114; x_wconf 90' lang='lat' dir='ltr'><strong>in</strong></span> <span class='ocrx_word' id='word_1_139' title='bbox 2224 3056 2556 3138; x_wconf 87' lang='lat' dir='ltr'><strong>quantum</strong></span> 
     </span>
     <span class='ocr_line' id='line_1_24' title="bbox 1004 3151 2563 3246; baseline 0.001 -26"><span class='ocrx_word' id='word_1_140' title='bbox 1004 3160 1133 3234; x_wconf 85' lang='lat' dir='ltr'><strong>est,</strong></span> <span class='ocrx_word' id='word_1_141' title='bbox 1176 3151 1439 3222; x_wconf 89' lang='lat' dir='ltr'><strong>bonum</strong></span> <span class='ocrx_word' id='word_1_142' title='bbox 1471 3162 1573 3221; x_wconf 89' lang='lat' dir='ltr'><strong>est</strong></span> <span class='ocrx_word' id='word_1_143' title='bbox 1608 3176 1623 3221; x_wconf 90' lang='lat'>:</span> <span class='ocrx_word' id='word_1_144' title='bbox 1662 3178 1826 3245; x_wconf 83' lang='lat' dir='ltr'><strong>ergo</strong></span> <span class='ocrx_word' id='word_1_145' title='bbox 1857 3176 2061 3222; x_wconf 88' lang='lat' dir='ltr'><strong>omne</strong></span> <span class='ocrx_word' id='word_1_146' title='bbox 2093 3154 2275 3246; x_wconf 87' lang='lat' dir='ltr'><strong>quod</strong></span> <span class='ocrx_word' id='word_1_147' title='bbox 2315 3164 2413 3223; x_wconf 86' lang='lat' dir='ltr'><strong>est</strong></span> <span class='ocrx_word' id='word_1_148' title='bbox 2447 3154 2563 3222; x_wconf 77' lang='lat' dir='ltr'><strong>lia-</strong></span> 
     </span>
     <span class='ocr_line' id='line_1_25' title="bbox 1005 3259 2560 3354; baseline 0.002 -26"><span class='ocrx_word' id='word_1_149' title='bbox 1005 3260 1120 3328; x_wconf 87' lang='lat' dir='ltr'><strong>bet</strong></span> <span class='ocrx_word' id='word_1_150' title='bbox 1150 3259 1559 3339; x_wconf 85' lang='lat' dir='ltr'><strong>bonitatem,</strong></span> <span class='ocrx_word' id='word_1_151' title='bbox 1602 3271 1668 3331; x_wconf 88' lang='lat' dir='ltr'><strong>et</strong></span> <span class='ocrx_word' id='word_1_152' title='bbox 1697 3261 1972 3330; x_wconf 88' lang='lat' dir='ltr'><strong>bonitas</strong></span> <span class='ocrx_word' id='word_1_153' title='bbox 2010 3270 2109 3331; x_wconf 88' lang='lat' dir='ltr'><strong>est</strong></span> <span class='ocrx_word' id='word_1_154' title='bbox 2152 3262 2331 3331; x_wconf 89' lang='lat' dir='ltr'><strong>idem</strong></span> <span class='ocrx_word' id='word_1_155' title='bbox 2378 3262 2560 3354; x_wconf 88' lang='lat' dir='ltr'><strong>quod</strong></span> 
     </span>
     <span class='ocr_line' id='line_1_26' title="bbox 1007 3395 1415 3442; baseline -0.007 0"><span class='ocrx_word' id='word_1_156' title='bbox 1007 3396 1155 3442; x_wconf 87' lang='lat' dir='ltr'><strong>esse</strong></span> <span class='ocrx_word' id='word_1_157' title='bbox 1185 3395 1415 3439; x_wconf 88' lang='lat' dir='ltr'><strong>suum.</strong></span> 
     </span>
    </p>

    <p class='ocr_par' dir='ltr' id='par_1_11' title="bbox 1012 3479 2570 4002">
     <span class='ocr_line' id='line_1_27' title="bbox 1101 3479 2565 3561; baseline 0.002 -14"><span class='ocrx_word' id='word_1_158' title='bbox 1101 3483 1168 3549; x_wconf 86' lang='lat'><strong>3.</strong></span> <span class='ocrx_word' id='word_1_159' title='bbox 1217 3479 1413 3561; x_wconf 82' lang='lat' dir='ltr'><strong>ltem,</strong></span> <span class='ocrx_word' id='word_1_160' title='bbox 1450 3479 1523 3547; x_wconf 84' lang='lat' dir='ltr'><strong>Si</strong></span> <span class='ocrx_word' id='word_1_161' title='bbox 1570 3490 1742 3548; x_wconf 85' lang='lat' dir='ltr'><strong>esset</strong></span> <span class='ocrx_word' id='word_1_162' title='bbox 1803 3505 1979 3549; x_wconf 91' lang='lat' dir='ltr'><strong>unus</strong></span> <span class='ocrx_word' id='word_1_163' title='bbox 2018 3482 2292 3550; x_wconf 77' lang='lat' dir='ltr'><strong>effectus</strong></span> <span class='ocrx_word' id='word_1_164' title='bbox 2346 3507 2565 3551; x_wconf 78' lang='lat' dir='ltr'><strong>causae</strong></span> 
     </span>
     <span class='ocr_line' id='line_1_28' title="bbox 1012 3586 2569 3678; baseline 0.002 -23"><span class='ocrx_word' id='word_1_165' title='bbox 1012 3586 1329 3678; x_wconf 84' lang='lat' dir='ltr'><strong>duplicis,</strong></span> <span class='ocrx_word' id='word_1_166' title='bbox 1366 3588 1572 3654; x_wconf 85' lang='lat' dir='ltr'><strong>unius</strong></span> <span class='ocrx_word' id='word_1_167' title='bbox 1612 3587 1943 3668; x_wconf 70' lang='lat' dir='ltr'><strong>mediatae,</strong></span> <span class='ocrx_word' id='word_1_168' title='bbox 1986 3589 2263 3657; x_wconf 85' lang='lat' dir='ltr'><strong>alterius</strong></span> <span class='ocrx_word' id='word_1_169' title='bbox 2322 3591 2569 3658; x_wconf 87' lang='lat' dir='ltr'><strong>imme-</strong></span> 
     </span>
     <span class='ocr_line' id='line_1_29' title="bbox 1016 3694 2570 3777; baseline -0.001 -15"><span class='ocrx_word' id='word_1_170' title='bbox 1016 3694 1242 3777; x_wconf 82' lang='lat' dir='ltr'><strong>diatoe,</strong></span> <span class='ocrx_word' id='word_1_171' title='bbox 1279 3704 1543 3762; x_wconf 88' lang='lat' dir='ltr'><strong>remota</strong></span> <span class='ocrx_word' id='word_1_172' title='bbox 1577 3718 1777 3763; x_wconf 86' lang='lat' dir='ltr'><strong>causa</strong></span> <span class='ocrx_word' id='word_1_173' title='bbox 1822 3695 2112 3764; x_wconf 86' lang='lat' dir='ltr'><strong>mediata</strong></span> <span class='ocrx_word' id='word_1_174' title='bbox 2144 3719 2282 3764; x_wconf 89' lang='lat' dir='ltr'><strong>non</strong></span> <span class='ocrx_word' id='word_1_175' title='bbox 2343 3721 2570 3765; x_wconf 83' lang='lat' dir='ltr'><strong>remo-</strong></span> 
     </span>
     <span class='ocr_line' id='line_1_30' title="bbox 1017 3801 2570 3896; baseline 0.003 -27"><span class='ocrx_word' id='word_1_176' title='bbox 1017 3811 1222 3870; x_wconf 79' lang='lat' dir='ltr'><strong>vetur</strong></span> <span class='ocrx_word' id='word_1_177' title='bbox 1251 3801 1535 3871; x_wconf 84' lang='lat' dir='ltr'><strong>etl&#39;ectus</strong></span> <span class='ocrx_word' id='word_1_178' title='bbox 1602 3803 1939 3871; x_wconf 85' lang='lat' dir='ltr'><strong>mediatus</strong></span> <span class='ocrx_word' id='word_1_179' title='bbox 1998 3827 2013 3871; x_wconf 73' lang='grc' dir='ltr'>ε</span> <span class='ocrx_word' id='word_1_180' title='bbox 2049 3805 2221 3872; x_wconf 88' lang='lat' dir='ltr'><strong>sicut</strong></span> <span class='ocrx_word' id='word_1_181' title='bbox 2277 3815 2460 3896; x_wconf 89' lang='lat' dir='ltr'><strong>patet</strong></span> <span class='ocrx_word' id='word_1_182' title='bbox 2490 3806 2570 3873; x_wconf 90' lang='lat' dir='ltr'><strong>de</strong></span> 
     </span>
     <span class='ocr_line' id='line_1_31' title="bbox 1021 3909 2567 4002; baseline 0.001 -25"><span class='ocrx_word' id='word_1_183' title='bbox 1021 3911 1288 4001; x_wconf 88' lang='lat' dir='ltr'><strong>pictura</strong></span> <span class='ocrx_word' id='word_1_184' title='bbox 1345 3909 1528 3992; x_wconf 87' lang='lat' dir='ltr'><strong>alba,</strong></span> <span class='ocrx_word' id='word_1_185' title='bbox 1588 3921 1652 3979; x_wconf 89' lang='lat' dir='ltr'><strong>et</strong></span> <span class='ocrx_word' id='word_1_186' title='bbox 1717 3910 2057 3988; x_wconf 73' lang='lat' dir='ltr'><strong>albedine,</strong></span> <span class='ocrx_word' id='word_1_187' title='bbox 2108 3921 2171 3979; x_wconf 88' lang='lat' dir='ltr'><strong>et</strong></span> <span class='ocrx_word' id='word_1_188' title='bbox 2238 3913 2491 4002; x_wconf 79' lang='lat' dir='ltr'><strong>pictore</strong></span> <span class='ocrx_word' id='word_1_189' title='bbox 2553 3935 2567 3978; x_wconf 89' lang='lat'><strong>:</strong></span> 
     </span>
    </p>
   </div>
   <div class='ocr_carea' id='block_1_9' title="bbox 1021 4017 2585 4544">
    <p class='ocr_par' dir='ltr' id='par_1_12' title="bbox 1021 4017 2585 4544">
     <span class='ocr_line' id='line_1_32' title="bbox 1021 4017 2575 4088; baseline 0 -2"><span class='ocrx_word' id='word_1_190' title='bbox 1021 4042 1145 4086; x_wconf 86' lang='lat' dir='ltr'><strong>ens</strong></span> <span class='ocrx_word' id='word_1_191' title='bbox 1188 4018 1255 4085; x_wconf 90' lang='lat' dir='ltr'><strong>in</strong></span> <span class='ocrx_word' id='word_1_192' title='bbox 1314 4017 1465 4087; x_wconf 90' lang='lat' dir='ltr'><strong>Deo</strong></span> <span class='ocrx_word' id='word_1_193' title='bbox 1524 4026 1624 4085; x_wconf 91' lang='lat' dir='ltr'><strong>est</strong></span> <span class='ocrx_word' id='word_1_194' title='bbox 1682 4041 1884 4087; x_wconf 81' lang='lat' dir='ltr'><strong>causa</strong></span> <span class='ocrx_word' id='word_1_195' title='bbox 1954 4019 2344 4088; x_wconf 86' lang='lat' dir='ltr'><strong>immediata</strong></span> <span class='ocrx_word' id='word_1_196' title='bbox 2400 4021 2575 4087; x_wconf 85' lang='lat' dir='ltr'><strong>entis</strong></span> 
     </span>
     <span class='ocr_line' id='line_1_33' title="bbox 1022 4126 2578 4217; baseline -0.001 -21"><span class='ocrx_word' id='word_1_197' title='bbox 1022 4128 1259 4209; x_wconf 85' lang='lat' dir='ltr'><strong>creati,</strong></span> <span class='ocrx_word' id='word_1_198' title='bbox 1303 4126 1566 4195; x_wconf 88' lang='lat' dir='ltr'><strong>bonum</strong></span> <span class='ocrx_word' id='word_1_199' title='bbox 1607 4128 1677 4195; x_wconf 88' lang='lat' dir='ltr'><strong>in</strong></span> <span class='ocrx_word' id='word_1_200' title='bbox 1719 4127 1861 4196; x_wconf 83' lang='lat' dir='ltr'><strong>Deo</strong></span> <span class='ocrx_word' id='word_1_201' title='bbox 1910 4130 2085 4195; x_wconf 89' lang='lat' dir='ltr'><strong>entis</strong></span> <span class='ocrx_word' id='word_1_202' title='bbox 2123 4127 2425 4217; x_wconf 89' lang='lat' dir='ltr'><strong>ejusdem</strong></span> <span class='ocrx_word' id='word_1_203' title='bbox 2479 4139 2578 4195; x_wconf 76' lang='lat' dir='ltr'><strong>est</strong></span> 
     </span>
     <span class='ocr_line' id='line_1_34' title="bbox 1625 4237 2580 4328; baseline 0 -25"><span class='ocrx_word' id='word_1_204' title='bbox 1625 4259 1639 4304; x_wconf 74' lang='grc' dir='ltr'>ε</span> <span class='ocrx_word' id='word_1_205' title='bbox 1683 4259 1845 4327; x_wconf 83' lang='lat' dir='ltr'><strong>ergo</strong></span> <span class='ocrx_word' id='word_1_206' title='bbox 1900 4238 2121 4327; x_wconf 89' lang='lat' dir='ltr'><strong>posito</strong></span> <span class='ocrx_word' id='word_1_207' title='bbox 2179 4238 2356 4328; x_wconf 78' lang='lat' dir='ltr'><strong>quod</strong></span> <span class='ocrx_word' id='word_1_208' title='bbox 2403 4237 2580 4303; x_wconf 78' lang='lat' dir='ltr'><strong>lleus</strong></span> 
     </span>
     <span class='ocr_line' id='line_1_35' title="bbox 1028 4343 2581 4424; baseline -0.001 -11"><span class='ocrx_word' id='word_1_209' title='bbox 1028 4368 1169 4413; x_wconf 86' lang='lat' dir='ltr'><strong>non</strong></span> <span class='ocrx_word' id='word_1_210' title='bbox 1235 4347 1324 4414; x_wconf 89' lang='lat' dir='ltr'><strong>sit</strong></span> <span class='ocrx_word' id='word_1_211' title='bbox 1397 4343 1647 4424; x_wconf 88' lang='lat' dir='ltr'><strong>bonus,</strong></span> <span class='ocrx_word' id='word_1_212' title='bbox 1723 4344 1945 4412; x_wconf 80' lang='lat' dir='ltr'><strong>adhuc</strong></span> <span class='ocrx_word' id='word_1_213' title='bbox 2022 4346 2394 4413; x_wconf 78' lang='lat' dir='ltr'><strong>remanebit</strong></span> <span class='ocrx_word' id='word_1_214' title='bbox 2462 4368 2581 4412; x_wconf 85' lang='lat' dir='ltr'><strong>eus</strong></span> 
     </span>
     <span class='ocr_line' id='line_1_36' title="bbox 1029 4451 2585 4544; baseline -0.001 -23"><span class='ocrx_word' id='word_1_215' title='bbox 1029 4462 1363 4531; x_wconf 83' lang='lat' dir='ltr'><strong>creatum,</strong></span> <span class='ocrx_word' id='word_1_216' title='bbox 1408 4451 1593 4543; x_wconf 90' lang='lat' dir='ltr'><strong>quod</strong></span> <span class='ocrx_word' id='word_1_217' title='bbox 1625 4462 1727 4520; x_wconf 86' lang='lat' dir='ltr'><strong>est</strong></span> <span class='ocrx_word' id='word_1_218' title='bbox 1756 4452 2035 4522; x_wconf 77' lang='lat' dir='ltr'><strong>effectus</strong></span> <span class='ocrx_word' id='word_1_219' title='bbox 2065 4452 2225 4521; x_wconf 87' lang='lat' dir='ltr'><strong>boni</strong></span> <span class='ocrx_word' id='word_1_220' title='bbox 2257 4452 2442 4544; x_wconf 89' lang='lat' dir='ltr'><strong>quod</strong></span> <span class='ocrx_word' id='word_1_221' title='bbox 2484 4460 2585 4521; x_wconf 89' lang='lat' dir='ltr'><strong>est</strong></span> 
     </span>
    </p>
   </div>
   <div class='ocr_carea' id='block_1_10' title="bbox 1021 4236 1569 4330">
    <p class='ocr_par' dir='ltr' id='par_1_13' title="bbox 1021 4236 1569 4330">
     <span class='ocr_line' id='line_1_37' title="bbox 1021 4236 1569 4330; baseline -0.002 -26"><span class='ocrx_word' id='word_1_222' title='bbox 1021 4259 1231 4330; x_wconf 79' lang='lat' dir='ltr'><strong>causa</strong></span> <span class='ocrx_word' id='word_1_223' title='bbox 1275 4236 1569 4303; x_wconf 82' lang='lat' dir='ltr'><strong>mediata</strong></span> 
     </span>
    </p>
   </div>
   <div class='ocr_carea' id='block_1_11' title="bbox 1030 4558 1602 4629">
    <p class='ocr_par' dir='ltr' id='par_1_14' title="bbox 1030 4558 1602 4629">
     <span class='ocr_line' id='line_1_38' title="bbox 1030 4558 1602 4629; baseline -0.002 0"><span class='ocrx_word' id='word_1_224' title='bbox 1030 4583 1235 4629; x_wconf 87' lang='lat' dir='ltr'><strong>causa</strong></span> <span class='ocrx_word' id='word_1_225' title='bbox 1275 4558 1602 4628; x_wconf 84' lang='lat' dir='ltr'><strong>mediata.</strong></span> 
     </span>
    </p>
   </div>
   <div class='ocr_carea' id='block_1_12' title="bbox 1034 4663 2587 4865">
    <p class='ocr_par' dir='ltr' id='par_1_15' title="bbox 1034 4663 2587 4865">
     <span class='ocr_line' id='line_1_39' title="bbox 1126 4663 2587 4760; baseline -0.001 -28"><span class='ocrx_word' id='word_1_226' title='bbox 1126 4666 1198 4733; x_wconf 89' lang='lat' dir='ltr'><strong>Si</strong></span> <span class='ocrx_word' id='word_1_227' title='bbox 1260 4666 1453 4743; x_wconf 87' lang='lat' dir='ltr'><strong>dicis,</strong></span> <span class='ocrx_word' id='word_1_228' title='bbox 1516 4665 1699 4757; x_wconf 89' lang='lat' dir='ltr'><strong>quod</strong></span> <span class='ocrx_word' id='word_1_229' title='bbox 1741 4663 1883 4733; x_wconf 73' lang='lat' dir='ltr'><strong>liaec</strong></span> <span class='ocrx_word' id='word_1_230' title='bbox 1952 4674 2050 4733; x_wconf 85' lang='lat' dir='ltr'><strong>est</strong></span> <span class='ocrx_word' id='word_1_231' title='bbox 2090 4690 2266 4760; x_wconf 24' lang='lat' dir='ltr'><strong>’vera</strong></span> <span class='ocrx_word' id='word_1_232' title='bbox 2309 4688 2323 4734; x_wconf 71' lang='grc' dir='ltr'>ε</span> <span class='ocrx_word' id='word_1_233' title='bbox 2369 4664 2587 4733; x_wconf 73' lang='lat' dir='ltr'><strong>Omne</strong></span> 
     </span>
     <span class='ocr_line' id='line_1_40' title="bbox 1034 4772 2585 4865; baseline 0 -24"><span class='ocrx_word' id='word_1_234' title='bbox 1034 4772 1222 4865; x_wconf 88' lang='lat' dir='ltr'><strong>quod</strong></span> <span class='ocrx_word' id='word_1_235' title='bbox 1260 4781 1363 4841; x_wconf 83' lang='lat' dir='ltr'><strong>est</strong></span> <span class='ocrx_word' id='word_1_236' title='bbox 1434 4775 1503 4840; x_wconf 89' lang='lat' dir='ltr'><strong>in</strong></span> <span class='ocrx_word' id='word_1_237' title='bbox 1569 4782 1901 4864; x_wconf 82' lang='lat' dir='ltr'><strong>quantum</strong></span> <span class='ocrx_word' id='word_1_238' title='bbox 1960 4783 2083 4849; x_wconf 87' lang='lat' dir='ltr'><strong>est,</strong></span> <span class='ocrx_word' id='word_1_239' title='bbox 2155 4774 2410 4841; x_wconf 90' lang='lat' dir='ltr'><strong>bonum</strong></span> <span class='ocrx_word' id='word_1_240' title='bbox 2462 4783 2585 4841; x_wconf 83' lang='lat' dir='ltr'><strong>est.</strong></span> 
     </span>
    </p>
   </div>
   <div class='ocr_carea' id='block_1_13' title="bbox 1127 4881 1437 4951">
    <p class='ocr_par' dir='ltr' id='par_1_16' title="bbox 1127 4881 1437 4951">
     <span class='ocr_line' id='line_1_41' title="bbox 1127 4881 1437 4951; baseline 0.003 -1"><span class='ocrx_word' id='word_1_241' title='bbox 1127 4881 1396 4950; x_wconf 72' lang='lat' dir='ltr'><strong>CoxrnA</strong></span> <span class='ocrx_word' id='word_1_242' title='bbox 1421 4905 1437 4951; x_wconf 75' lang='lat' dir='ltr'><strong>t</strong></span> 
     </span>
    </p>
   </div>
   <div class='ocr_carea' id='block_1_14' title="bbox 1040 4987 2594 5299">
    <p class='ocr_par' dir='ltr' id='par_1_17' title="bbox 1040 4987 2594 5299">
     <span class='ocr_line' id='line_1_42' title="bbox 1132 4987 2591 5084; baseline -0.001 -27"><span class='ocrx_word' id='word_1_243' title='bbox 1132 4990 1487 5061; x_wconf 79' lang='lat' dir='ltr'><strong>intellecto</strong></span> <span class='ocrx_word' id='word_1_244' title='bbox 1548 4991 1733 5084; x_wconf 86' lang='lat' dir='ltr'><strong>quod</strong></span> <span class='ocrx_word' id='word_1_245' title='bbox 1790 4990 1975 5059; x_wconf 89' lang='lat' dir='ltr'><strong>Deus</strong></span> <span class='ocrx_word' id='word_1_246' title='bbox 2015 5014 2152 5058; x_wconf 89' lang='lat' dir='ltr'><strong>non</strong></span> <span class='ocrx_word' id='word_1_247' title='bbox 2201 4992 2284 5058; x_wconf 91' lang='lat' dir='ltr'><strong>sit</strong></span> <span class='ocrx_word' id='word_1_248' title='bbox 2345 4987 2591 5072; x_wconf 90' lang='lat' dir='ltr'><strong>bonus,</strong></span> 
     </span>
     <span class='ocr_line' id='line_1_43' title="bbox 1040 5096 2592 5189; baseline -0.003 -20"><span class='ocrx_word' id='word_1_249' title='bbox 1040 5100 1265 5169; x_wconf 84' lang='lat' dir='ltr'><strong>adhuc</strong></span> <span class='ocrx_word' id='word_1_250' title='bbox 1301 5110 1604 5169; x_wconf 78' lang='lat' dir='ltr'><strong>remanet</strong></span> <span class='ocrx_word' id='word_1_251' title='bbox 1645 5123 1765 5168; x_wconf 87' lang='lat' dir='ltr'><strong>ens</strong></span> <span class='ocrx_word' id='word_1_252' title='bbox 1804 5109 2104 5169; x_wconf 87' lang='lat' dir='ltr'><strong>creatum</strong></span> <span class='ocrx_word' id='word_1_253' title='bbox 2146 5122 2353 5189; x_wconf 71' lang='lat' dir='ltr'><strong>:ergo</strong></span> <span class='ocrx_word' id='word_1_254' title='bbox 2396 5096 2592 5165; x_wconf 90' lang='lat' dir='ltr'><strong>intel·</strong></span> 
     </span>
     <span class='ocr_line' id='line_1_44' title="bbox 1044 5203 2594 5299; baseline -0.005 -22"><span class='ocrx_word' id='word_1_255' title='bbox 1044 5210 1218 5278; x_wconf 87' lang='lat' dir='ltr'><strong>lecto</strong></span> <span class='ocrx_word' id='word_1_256' title='bbox 1275 5207 1458 5299; x_wconf 88' lang='lat' dir='ltr'><strong>quod</strong></span> <span class='ocrx_word' id='word_1_257' title='bbox 1528 5208 1712 5275; x_wconf 89' lang='lat' dir='ltr'><strong>Deus</strong></span> <span class='ocrx_word' id='word_1_258' title='bbox 1752 5231 1889 5276; x_wconf 87' lang='lat' dir='ltr'><strong>non</strong></span> <span class='ocrx_word' id='word_1_259' title='bbox 1929 5210 2012 5276; x_wconf 88' lang='lat' dir='ltr'><strong>sit</strong></span> <span class='ocrx_word' id='word_1_260' title='bbox 2071 5206 2313 5280; x_wconf 85' lang='lat' dir='ltr'><strong>bonus,</strong></span> <span class='ocrx_word' id='word_1_261' title='bbox 2376 5203 2594 5272; x_wconf 87' lang='lat' dir='ltr'><strong>adhuc</strong></span> 
     </span>
    </p>
   </div>
   <div class='ocr_carea' id='block_1_15' title="bbox 1122 5453 2600 5520">
    <p class='ocr_par' dir='ltr' id='par_1_18' title="bbox 1122 5453 2600 5520">
     <span class='ocr_line' id='line_1_45' title="bbox 1122 5453 2600 5520; baseline 0.001 -11"><span class='ocrx_word' id='word_1_262' title='bbox 1122 5458 1137 5492; x_wconf 81' lang='lat'><strong>¹</strong></span> <span class='ocrx_word' id='word_1_263' title='bbox 1169 5455 1225 5509; x_wconf 91' lang='lat' dir='ltr'><strong>S.</strong></span> <span class='ocrx_word' id='word_1_264' title='bbox 1259 5456 1638 5520; x_wconf 52' lang='lat' dir='ltr'><strong>Ausim-isus,</strong></span> <span class='ocrx_word' id='word_1_265' title='bbox 1674 5453 1773 5508; x_wconf 76' lang='lat' dir='ltr'><strong>Lib</strong></span> <span class='ocrx_word' id='word_1_266' title='bbox 1829 5453 1849 5510; x_wconf 91' lang='lat'>1</span> <span class='ocrx_word' id='word_1_267' title='bbox 1893 5454 1965 5506; x_wconf 73' lang='lat' dir='ltr'><strong>«le</strong></span> <span class='ocrx_word' id='word_1_268' title='bbox 1998 5456 2272 5510; x_wconf 79' lang='lat' dir='ltr'><strong>Doctrina</strong></span> <span class='ocrx_word' id='word_1_269' title='bbox 2330 5454 2600 5511; x_wconf 72' lang='lat' dir='ltr'><strong>christia·</strong></span> 
     </span>
    </p>
   </div>
   <div class='ocr_carea' id='block_1_16' title="bbox 1051 5550 1427 5627">
    <p class='ocr_par' dir='ltr' id='par_1_19' title="bbox 1051 5550 1427 5627">
     <span class='ocr_line' id='line_1_46' title="bbox 1051 5550 1427 5627; baseline -0.008 -24"><span class='ocrx_word' id='word_1_270' title='bbox 1051 5566 1150 5627; x_wconf 84' lang='lat' dir='ltr'><strong>na,</strong></span> <span class='ocrx_word' id='word_1_271' title='bbox 1182 5565 1308 5619; x_wconf 84' lang='lat' dir='ltr'><strong>cap.</strong></span> <span class='ocrx_word' id='word_1_272' title='bbox 1337 5550 1427 5602; x_wconf 73' lang='lat'><strong>132.</strong></span> 
     </span>
    </p>
   </div>
   <div class='ocr_carea' id='block_1_17' title="bbox 4096 197 4179 264">
    <p class='ocr_par' dir='ltr' id='par_1_20' title="bbox 4096 197 4179 264">
     <span class='ocr_line' id='line_1_47' title="bbox 4096 197 4179 264; baseline 0.024 -2"><span class='ocrx_word' id='word_1_273' title='bbox 4096 197 4179 264; x_wconf 72' lang='lat'><strong>45</strong></span> 
     </span>
    </p>
   </div>
   <div class='ocr_carea' id='block_1_18' title="bbox 2643 364 4182 457">
    <p class='ocr_par' dir='ltr' id='par_1_21' title="bbox 2643 364 4182 457">
     <span class='ocr_line' id='line_1_48' title="bbox 2643 364 4182 457; baseline 0.003 -25"><span class='ocrx_word' id='word_1_274' title='bbox 2643 364 2945 433; x_wconf 78' lang='lat' dir='ltr'><strong>remanet</strong></span> <span class='ocrx_word' id='word_1_275' title='bbox 2990 365 3247 432; x_wconf 89' lang='lat' dir='ltr'><strong>bonum</strong></span> <span class='ocrx_word' id='word_1_276' title='bbox 3288 374 3609 441; x_wconf 86' lang='lat' dir='ltr'><strong>creatum,</strong></span> <span class='ocrx_word' id='word_1_277' title='bbox 3647 367 3829 457; x_wconf 91' lang='lat' dir='ltr'><strong>quod</strong></span> <span class='ocrx_word' id='word_1_278' title='bbox 3875 378 3974 436; x_wconf 87' lang='lat' dir='ltr'><strong>est</strong></span> <span class='ocrx_word' id='word_1_279' title='bbox 4014 391 4182 436; x_wconf 90' lang='lat' dir='ltr'><strong>con-</strong></span> 
     </span>
    </p>
   </div>
   <div class='ocr_carea' id='block_1_19' title="bbox 2640 474 4180 565">
    <p class='ocr_par' dir='ltr' id='par_1_22' title="bbox 2640 474 4180 565">
     <span class='ocr_line' id='line_1_49' title="bbox 2640 474 4180 565; baseline 0.001 -26"><span class='ocrx_word' id='word_1_280' title='bbox 2640 481 2743 540; x_wconf 86' lang='lat' dir='ltr'><strong>tra</strong></span> <span class='ocrx_word' id='word_1_281' title='bbox 2787 474 3100 542; x_wconf 84' lang='lat' dir='ltr'><strong>Boetium</strong></span> <span class='ocrx_word' id='word_1_282' title='bbox 3135 498 3149 541; x_wconf 78' lang='lat' dir='ltr'><em>z</em></span> <span class='ocrx_word' id='word_1_283' title='bbox 3198 497 3359 565; x_wconf 83' lang='lat' dir='ltr'><strong>ergo</strong></span> <span class='ocrx_word' id='word_1_284' title='bbox 3399 475 3699 564; x_wconf 87' lang='lat' dir='ltr'><strong>primum</strong></span> <span class='ocrx_word' id='word_1_285' title='bbox 3738 474 4009 552; x_wconf 88' lang='lat' dir='ltr'><strong>falsum,</strong></span> <span class='ocrx_word' id='word_1_286' title='bbox 4046 478 4180 542; x_wconf 88' lang='lat' dir='ltr'><strong>sci-</strong></span> 
     </span>
    </p>
   </div>
   <div class='ocr_carea' id='block_1_20' title="bbox 2644 580 4202 2490">
    <p class='ocr_par' dir='ltr' id='par_1_23' title="bbox 2644 580 4178 767">
     <span class='ocr_line' id='line_1_50' title="bbox 2644 580 4178 672; baseline 0 -25"><span class='ocrx_word' id='word_1_287' title='bbox 2644 580 2821 661; x_wconf 85' lang='lat' dir='ltr'><strong>licet,</strong></span> <span class='ocrx_word' id='word_1_288' title='bbox 2875 583 3056 672; x_wconf 90' lang='lat' dir='ltr'><strong>quod</strong></span> <span class='ocrx_word' id='word_1_289' title='bbox 3097 605 3299 649; x_wconf 88' lang='lat' dir='ltr'><strong>omne</strong></span> <span class='ocrx_word' id='word_1_290' title='bbox 3340 583 3521 671; x_wconf 89' lang='lat' dir='ltr'><strong>quod</strong></span> <span class='ocrx_word' id='word_1_291' title='bbox 3577 592 3676 650; x_wconf 88' lang='lat' dir='ltr'><strong>est</strong></span> <span class='ocrx_word' id='word_1_292' title='bbox 3732 583 3801 648; x_wconf 92' lang='lat' dir='ltr'><strong>in</strong></span> <span class='ocrx_word' id='word_1_293' title='bbox 3850 589 4178 671; x_wconf 86' lang='lat' dir='ltr'><strong>quantum</strong></span> 
     </span>
     <span class='ocr_line' id='line_1_51' title="bbox 2646 689 3208 767; baseline -0.002 -12"><span class='ocrx_word' id='word_1_294' title='bbox 2646 697 2769 767; x_wconf 88' lang='lat' dir='ltr'><strong>est,</strong></span> <span class='ocrx_word' id='word_1_295' title='bbox 2802 689 3058 755; x_wconf 85' lang='lat' dir='ltr'><strong>bonum</strong></span> <span class='ocrx_word' id='word_1_296' title='bbox 3086 699 3208 756; x_wconf 88' lang='lat' dir='ltr'><strong>est.</strong></span> 
     </span>
    </p>

    <p class='ocr_par' dir='ltr' id='par_1_24' title="bbox 2649 795 4196 2040">
     <span class='ocr_line' id='line_1_52' title="bbox 2737 795 4182 871; baseline 0 -10"><span class='ocrx_word' id='word_1_297' title='bbox 2737 796 2930 871; x_wconf 85' lang='lat' dir='ltr'><strong>Item,</strong></span> <span class='ocrx_word' id='word_1_298' title='bbox 2998 796 3069 862; x_wconf 83' lang='lat' dir='ltr'><strong>Si</strong></span> <span class='ocrx_word' id='word_1_299' title='bbox 3111 796 3244 863; x_wconf 90' lang='lat' dir='ltr'><strong>duo</strong></span> <span class='ocrx_word' id='word_1_300' title='bbox 3273 799 3408 862; x_wconf 86' lang='lat' dir='ltr'><strong>sint</strong></span> <span class='ocrx_word' id='word_1_301' title='bbox 3456 795 3733 864; x_wconf 84' lang='lat' dir='ltr'><strong>effectus</strong></span> <span class='ocrx_word' id='word_1_302' title='bbox 3789 797 3986 862; x_wconf 88' lang='lat' dir='ltr'><strong>unius</strong></span> <span class='ocrx_word' id='word_1_303' title='bbox 4025 818 4182 863; x_wconf 90' lang='lat' dir='ltr'><strong>cau-</strong></span> 
     </span>
     <span class='ocr_line' id='line_1_53' title="bbox 2649 901 4182 980; baseline -0.001 -11"><span class='ocrx_word' id='word_1_304' title='bbox 2649 924 2764 979; x_wconf 87' lang='lat' dir='ltr'><strong>sae,</strong></span> <span class='ocrx_word' id='word_1_305' title='bbox 2829 924 3002 967; x_wconf 88' lang='lat' dir='ltr'><strong>unus</strong></span> <span class='ocrx_word' id='word_1_306' title='bbox 3082 902 3439 980; x_wconf 78' lang='lat' dir='ltr'><strong>mediatuS,</strong></span> <span class='ocrx_word' id='word_1_307' title='bbox 3509 901 3677 970; x_wconf 85' lang='lat' dir='ltr'><strong>alter</strong></span> <span class='ocrx_word' id='word_1_308' title='bbox 3732 902 4182 979; x_wconf 86' lang='lat' dir='ltr'><strong>immediatus,</strong></span> 
     </span>
     <span class='ocr_line' id='line_1_54' title="bbox 2653 1010 4188 1078; baseline 0 -2"><span class='ocrx_word' id='word_1_309' title='bbox 2653 1018 2912 1076; x_wconf 85' lang='lat' dir='ltr'><strong>remota</strong></span> <span class='ocrx_word' id='word_1_310' title='bbox 2971 1032 3169 1076; x_wconf 87' lang='lat' dir='ltr'><strong>causa</strong></span> <span class='ocrx_word' id='word_1_311' title='bbox 3248 1010 3551 1078; x_wconf 66' lang='lat' dir='ltr'><strong>mediata„</strong></span> <span class='ocrx_word' id='word_1_312' title='bbox 3602 1032 3739 1077; x_wconf 90' lang='lat' dir='ltr'><strong>non</strong></span> <span class='ocrx_word' id='word_1_313' title='bbox 3804 1019 4188 1078; x_wconf 83' lang='lat' dir='ltr'><strong>removetur</strong></span> 
     </span>
     <span class='ocr_line' id='line_1_55' title="bbox 2652 1107 4181 1207; baseline 0.001 -23"><span class='ocrx_word' id='word_1_314' title='bbox 2652 1118 2926 1184; x_wconf 79' lang='lat' dir='ltr'><strong>effectus</strong></span> <span class='ocrx_word' id='word_1_315' title='bbox 2980 1119 3091 1207; x_wconf 89' lang='lat' dir='ltr'><strong>qui</strong></span> <span class='ocrx_word' id='word_1_316' title='bbox 3160 1126 3473 1184; x_wconf 86' lang='lat' dir='ltr'><strong>causatus</strong></span> <span class='ocrx_word' id='word_1_317' title='bbox 3530 1107 3630 1183; x_wconf 81' lang='lat' dir='ltr'><strong>est</strong></span> <span class='ocrx_word' id='word_1_318' title='bbox 3679 1139 3795 1206; x_wconf 89' lang='lat' dir='ltr'><strong>per</strong></span> <span class='ocrx_word' id='word_1_319' title='bbox 3836 1118 4181 1185; x_wconf 85' lang='lat' dir='ltr'><strong>medium:</strong></span> 
     </span>
     <span class='ocr_line' id='line_1_56' title="bbox 2654 1223 4186 1306; baseline 0.001 -16"><span class='ocrx_word' id='word_1_320' title='bbox 2654 1223 2771 1291; x_wconf 92' lang='lat' dir='ltr'><strong>sed</strong></span> <span class='ocrx_word' id='word_1_321' title='bbox 2827 1247 2945 1291; x_wconf 87' lang='lat' dir='ltr'><strong>ens</strong></span> <span class='ocrx_word' id='word_1_322' title='bbox 2986 1232 3085 1291; x_wconf 86' lang='lat' dir='ltr'><strong>est</strong></span> <span class='ocrx_word' id='word_1_323' title='bbox 3158 1247 3196 1290; x_wconf 86' lang='lat' dir='ltr'><strong>a</strong></span> <span class='ocrx_word' id='word_1_324' title='bbox 3274 1224 3415 1291; x_wconf 91' lang='lat' dir='ltr'><strong>Deo</strong></span> <span class='ocrx_word' id='word_1_325' title='bbox 3457 1224 3872 1306; x_wconf 80' lang='lat' dir='ltr'><strong>immediate,</strong></span> <span class='ocrx_word' id='word_1_326' title='bbox 3927 1223 4186 1291; x_wconf 86' lang='lat' dir='ltr'><strong>bonum</strong></span> 
     </span>
     <span class='ocr_line' id='line_1_57' title="bbox 2652 1332 4186 1423; baseline 0.002 -26"><span class='ocrx_word' id='word_1_327' title='bbox 2652 1341 2880 1398; x_wconf 85' lang='lat' dir='ltr'><strong>autem</strong></span> <span class='ocrx_word' id='word_1_328' title='bbox 2921 1354 3058 1398; x_wconf 91' lang='lat' dir='ltr'><strong>non</strong></span> <span class='ocrx_word' id='word_1_329' title='bbox 3100 1332 3226 1398; x_wconf 89' lang='lat' dir='ltr'><strong>nisi</strong></span> <span class='ocrx_word' id='word_1_330' title='bbox 3279 1332 3344 1397; x_wconf 89' lang='lat' dir='ltr'><strong>in</strong></span> <span class='ocrx_word' id='word_1_331' title='bbox 3375 1340 3527 1399; x_wconf 92' lang='lat' dir='ltr'><strong>ente</strong></span> <span class='ocrx_word' id='word_1_332' title='bbox 3571 1355 3585 1398; x_wconf 88' lang='lat'>:</span> <span class='ocrx_word' id='word_1_333' title='bbox 3648 1355 3808 1423; x_wconf 87' lang='lat' dir='ltr'><strong>ergo</strong></span> <span class='ocrx_word' id='word_1_334' title='bbox 3847 1332 4186 1400; x_wconf 89' lang='lat' dir='ltr'><strong>intellecto</strong></span> 
     </span>
     <span class='ocr_line' id='line_1_58' title="bbox 2654 1437 4190 1528; baseline 0 -24"><span class='ocrx_word' id='word_1_335' title='bbox 2654 1438 2839 1528; x_wconf 92' lang='lat' dir='ltr'><strong>quod</strong></span> <span class='ocrx_word' id='word_1_336' title='bbox 2894 1437 3077 1505; x_wconf 87' lang='lat' dir='ltr'><strong>Deus</strong></span> <span class='ocrx_word' id='word_1_337' title='bbox 3143 1460 3283 1505; x_wconf 92' lang='lat' dir='ltr'><strong>non</strong></span> <span class='ocrx_word' id='word_1_338' title='bbox 3341 1439 3428 1506; x_wconf 88' lang='lat' dir='ltr'><strong>sit</strong></span> <span class='ocrx_word' id='word_1_339' title='bbox 3481 1437 3726 1517; x_wconf 87' lang='lat' dir='ltr'><strong>bonuS,</strong></span> <span class='ocrx_word' id='word_1_340' title='bbox 3784 1438 4003 1507; x_wconf 87' lang='lat' dir='ltr'><strong>adhuc</strong></span> <span class='ocrx_word' id='word_1_341' title='bbox 4063 1438 4190 1508; x_wconf 88' lang='lat' dir='ltr'><strong>erit</strong></span> 
     </span>
     <span class='ocr_line' id='line_1_59' title="bbox 2653 1545 4188 1636; baseline 0.001 -25"><span class='ocrx_word' id='word_1_342' title='bbox 2653 1545 2913 1611; x_wconf 89' lang='lat' dir='ltr'><strong>bonum</strong></span> <span class='ocrx_word' id='word_1_343' title='bbox 2944 1567 3146 1612; x_wconf 90' lang='lat' dir='ltr'><strong>omne</strong></span> <span class='ocrx_word' id='word_1_344' title='bbox 3188 1545 3366 1635; x_wconf 89' lang='lat' dir='ltr'><strong>quod</strong></span> <span class='ocrx_word' id='word_1_345' title='bbox 3402 1556 3502 1614; x_wconf 87' lang='lat' dir='ltr'><strong>est</strong></span> <span class='ocrx_word' id='word_1_346' title='bbox 3540 1546 3609 1613; x_wconf 90' lang='lat' dir='ltr'><strong>in</strong></span> <span class='ocrx_word' id='word_1_347' title='bbox 3657 1555 3987 1636; x_wconf 85' lang='lat' dir='ltr'><strong>quantum</strong></span> <span class='ocrx_word' id='word_1_348' title='bbox 4027 1555 4127 1615; x_wconf 90' lang='lat' dir='ltr'><strong>est</strong></span> <span class='ocrx_word' id='word_1_349' title='bbox 4173 1569 4188 1613; x_wconf 71' lang='grc' dir='ltr'>ε</span> 
     </span>
     <span class='ocr_line' id='line_1_60' title="bbox 2655 1649 4193 1728; baseline 0.003 -12"><span class='ocrx_word' id='word_1_350' title='bbox 2655 1651 2774 1718; x_wconf 88' lang='lat' dir='ltr'><strong>sed</strong></span> <span class='ocrx_word' id='word_1_351' title='bbox 2803 1649 2933 1717; x_wconf 88' lang='lat' dir='ltr'><strong>hoc</strong></span> <span class='ocrx_word' id='word_1_352' title='bbox 2971 1660 3071 1718; x_wconf 90' lang='lat' dir='ltr'><strong>est</strong></span> <span class='ocrx_word' id='word_1_353' title='bbox 3128 1651 3396 1728; x_wconf 80' lang='lat' dir='ltr'><strong>falsum,</strong></span> <span class='ocrx_word' id='word_1_354' title='bbox 3438 1659 3516 1717; x_wconf 90' lang='lat' dir='ltr'><strong>ut</strong></span> <span class='ocrx_word' id='word_1_355' title='bbox 3566 1650 3725 1719; x_wconf 88' lang='lat' dir='ltr'><strong>dicit</strong></span> <span class='ocrx_word' id='word_1_356' title='bbox 3781 1653 4056 1721; x_wconf 85' lang='lat' dir='ltr'><strong>Boetius</strong></span> <span class='ocrx_word' id='word_1_357' title='bbox 4126 1656 4193 1720; x_wconf 88' lang='lat' dir='ltr'><strong>in</strong></span> 
     </span>
     <span class='ocr_line' id='line_1_61' title="bbox 2657 1756 4196 1850; baseline 0.001 -25"><span class='ocrx_word' id='word_1_358' title='bbox 2657 1758 2829 1825; x_wconf 91' lang='lat' dir='ltr'><strong>libro</strong></span> <span class='ocrx_word' id='word_1_359' title='bbox 2888 1758 2968 1824; x_wconf 93' lang='lat' dir='ltr'><strong>de</strong></span> <span class='ocrx_word' id='word_1_360' title='bbox 3042 1756 3599 1825; x_wconf 78' lang='lat' dir='ltr'><strong>Hebdomadibus</strong></span> <span class='ocrx_word' id='word_1_361' title='bbox 3655 1759 3677 1792; x_wconf 83' lang='lat'>¹</span> <span class='ocrx_word' id='word_1_362' title='bbox 3746 1780 3761 1825; x_wconf 90' lang='lat'>:</span> <span class='ocrx_word' id='word_1_363' title='bbox 3842 1782 4003 1850; x_wconf 83' lang='lat' dir='ltr'><strong>ergo</strong></span> <span class='ocrx_word' id='word_1_364' title='bbox 4056 1782 4196 1827; x_wconf 92' lang='lat' dir='ltr'><strong>non</strong></span> 
     </span>
     <span class='ocr_line' id='line_1_62' title="bbox 2658 1863 4196 1954; baseline -0.001 -22"><span class='ocrx_word' id='word_1_365' title='bbox 2658 1886 2860 1932; x_wconf 90' lang='lat' dir='ltr'><strong>omne</strong></span> <span class='ocrx_word' id='word_1_366' title='bbox 2905 1863 3088 1952; x_wconf 91' lang='lat' dir='ltr'><strong>quod</strong></span> <span class='ocrx_word' id='word_1_367' title='bbox 3145 1872 3246 1931; x_wconf 88' lang='lat' dir='ltr'><strong>est</strong></span> <span class='ocrx_word' id='word_1_368' title='bbox 3287 1864 3353 1930; x_wconf 90' lang='lat' dir='ltr'><strong>in</strong></span> <span class='ocrx_word' id='word_1_369' title='bbox 3394 1873 3723 1954; x_wconf 88' lang='lat' dir='ltr'><strong>quantum</strong></span> <span class='ocrx_word' id='word_1_370' title='bbox 3775 1872 3899 1947; x_wconf 86' lang='lat' dir='ltr'><strong>est,</strong></span> <span class='ocrx_word' id='word_1_371' title='bbox 3936 1864 4196 1932; x_wconf 89' lang='lat' dir='ltr'><strong>bonum</strong></span> 
     </span>
     <span class='ocr_line' id='line_1_63' title="bbox 2659 1981 2782 2040; baseline -0.016 -1"><span class='ocrx_word' id='word_1_372' title='bbox 2659 1981 2782 2040; x_wconf 89' lang='lat' dir='ltr'><strong>est.</strong></span> 
     </span>
    </p>

    <p class='ocr_par' dir='ltr' id='par_1_25' title="bbox 2660 2078 4202 2490">
     <span class='ocr_line' id='line_1_64' title="bbox 2757 2078 4201 2170; baseline 0.002 -26"><span class='ocrx_word' id='word_1_373' title='bbox 2757 2080 2811 2145; x_wconf 72' lang='lat' dir='ltr'><strong>t.</strong></span> <span class='ocrx_word' id='word_1_374' title='bbox 2841 2079 3172 2146; x_wconf 64' lang='lat' dir='ltr'><strong>Praeterea</strong></span> <span class='ocrx_word' id='word_1_375' title='bbox 3191 2078 3667 2148; x_wconf 84' lang='lat' dir='ltr'><strong>Mathematica</strong></span> <span class='ocrx_word' id='word_1_376' title='bbox 3685 2087 3842 2147; x_wconf 90' lang='lat' dir='ltr'><strong>sunt</strong></span> <span class='ocrx_word' id='word_1_377' title='bbox 3865 2081 3932 2146; x_wconf 92' lang='lat' dir='ltr'><strong>in</strong></span> <span class='ocrx_word' id='word_1_378' title='bbox 3956 2080 4201 2170; x_wconf 89' lang='lat' dir='ltr'><strong>quibus</strong></span> 
     </span>
     <span class='ocr_line' id='line_1_65' title="bbox 2660 2184 4202 2275; baseline 0 -24"><span class='ocrx_word' id='word_1_379' title='bbox 2660 2208 2799 2252; x_wconf 92' lang='lat' dir='ltr'><strong>non</strong></span> <span class='ocrx_word' id='word_1_380' title='bbox 2846 2193 2945 2251; x_wconf 91' lang='lat' dir='ltr'><strong>est</strong></span> <span class='ocrx_word' id='word_1_381' title='bbox 2992 2185 3144 2252; x_wconf 84' lang='lat' dir='ltr'><strong>linis</strong></span> <span class='ocrx_word' id='word_1_382' title='bbox 3167 2188 3266 2272; x_wconf 90' lang='lat' dir='ltr'><strong>(ut</strong></span> <span class='ocrx_word' id='word_1_383' title='bbox 3289 2185 3448 2253; x_wconf 90' lang='lat' dir='ltr'><strong>dicit</strong></span> <span class='ocrx_word' id='word_1_384' title='bbox 3488 2184 3970 2275; x_wconf 86' lang='lat' dir='ltr'><strong>Philosophus)</strong></span> <span class='ocrx_word' id='word_1_385' title='bbox 4022 2208 4038 2251; x_wconf 90' lang='lat'>:</span> <span class='ocrx_word' id='word_1_386' title='bbox 4082 2185 4202 2253; x_wconf 89' lang='lat' dir='ltr'><strong>sed</strong></span> 
     </span>
     <span class='ocr_line' id='line_1_66' title="bbox 2660 2291 4198 2382; baseline 0.001 -25"><span class='ocrx_word' id='word_1_387' title='bbox 2660 2314 2813 2382; x_wconf 82' lang='lat' dir='ltr'><strong>quoe</strong></span> <span class='ocrx_word' id='word_1_388' title='bbox 2844 2300 3072 2361; x_wconf 79' lang='lat' dir='ltr'><strong>carent</strong></span> <span class='ocrx_word' id='word_1_389' title='bbox 3096 2293 3250 2376; x_wconf 87' lang='lat' dir='ltr'><strong>tine,</strong></span> <span class='ocrx_word' id='word_1_390' title='bbox 3277 2300 3504 2359; x_wconf 83' lang='lat' dir='ltr'><strong>carent</strong></span> <span class='ocrx_word' id='word_1_391' title='bbox 3527 2293 3784 2359; x_wconf 86' lang='lat' dir='ltr'><strong>ratione</strong></span> <span class='ocrx_word' id='word_1_392' title='bbox 3807 2291 3967 2360; x_wconf 88' lang='lat' dir='ltr'><strong>boni</strong></span> <span class='ocrx_word' id='word_1_393' title='bbox 3992 2313 4008 2360; x_wconf 88' lang='lat'><strong>:</strong></span> <span class='ocrx_word' id='word_1_394' title='bbox 4035 2314 4198 2382; x_wconf 81' lang='lat' dir='ltr'><strong>ergo</strong></span> 
     </span>
     <span class='ocr_line' id='line_1_67' title="bbox 2662 2398 4202 2490; baseline 0.001 -24"><span class='ocrx_word' id='word_1_395' title='bbox 2662 2398 3139 2468; x_wconf 73' lang='lat' dir='ltr'><strong>Matltematica</strong></span> <span class='ocrx_word' id='word_1_396' title='bbox 3171 2402 3237 2466; x_wconf 91' lang='lat' dir='ltr'><strong>in</strong></span> <span class='ocrx_word' id='word_1_397' title='bbox 3268 2408 3596 2490; x_wconf 89' lang='lat' dir='ltr'><strong>quantum</strong></span> <span class='ocrx_word' id='word_1_398' title='bbox 3627 2409 3810 2483; x_wconf 86' lang='lat' dir='ltr'><strong>sunt,</strong></span> <span class='ocrx_word' id='word_1_399' title='bbox 3849 2423 3987 2468; x_wconf 87' lang='lat' dir='ltr'><strong>uon</strong></span> <span class='ocrx_word' id='word_1_400' title='bbox 4018 2400 4202 2468; x_wconf 87' lang='lat' dir='ltr'><strong>bona</strong></span> 
     </span>
    </p>
   </div>
   <div class='ocr_carea' id='block_1_21' title="bbox 2660 2507 4202 2699">
    <p class='ocr_par' dir='ltr' id='par_1_26' title="bbox 2660 2507 4202 2699">
     <span class='ocr_line' id='line_1_68' title="bbox 2660 2507 4202 2599; baseline 0.001 -25"><span class='ocrx_word' id='word_1_401' title='bbox 2660 2515 2816 2574; x_wconf 90' lang='lat' dir='ltr'><strong>sunt</strong></span> <span class='ocrx_word' id='word_1_402' title='bbox 2861 2529 2876 2575; x_wconf 77' lang='lat' dir='ltr'><em>z</em></span> <span class='ocrx_word' id='word_1_403' title='bbox 2925 2530 3061 2575; x_wconf 89' lang='lat' dir='ltr'><strong>non</strong></span> <span class='ocrx_word' id='word_1_404' title='bbox 3101 2529 3262 2596; x_wconf 78' lang='lat' dir='ltr'><strong>ergo</strong></span> <span class='ocrx_word' id='word_1_405' title='bbox 3293 2529 3497 2575; x_wconf 83' lang='lat' dir='ltr'><strong>omne</strong></span> <span class='ocrx_word' id='word_1_406' title='bbox 3527 2507 3710 2598; x_wconf 91' lang='lat' dir='ltr'><strong>quod</strong></span> <span class='ocrx_word' id='word_1_407' title='bbox 3749 2515 3850 2576; x_wconf 87' lang='lat' dir='ltr'><strong>est</strong></span> <span class='ocrx_word' id='word_1_408' title='bbox 3889 2509 3957 2576; x_wconf 90' lang='lat' dir='ltr'><strong>in</strong></span> <span class='ocrx_word' id='word_1_409' title='bbox 3989 2530 4202 2599; x_wconf 89' lang='lat' dir='ltr'><strong>quan·</strong></span> 
     </span>
     <span class='ocr_line' id='line_1_69' title="bbox 2661 2615 3427 2699; baseline 0 -18"><span class='ocrx_word' id='word_1_410' title='bbox 2661 2624 2803 2681; x_wconf 90' lang='lat' dir='ltr'><strong>tum</strong></span> <span class='ocrx_word' id='word_1_411' title='bbox 2846 2624 2968 2699; x_wconf 90' lang='lat' dir='ltr'><strong>est,</strong></span> <span class='ocrx_word' id='word_1_412' title='bbox 3011 2615 3270 2682; x_wconf 90' lang='lat' dir='ltr'><strong>bonum</strong></span> <span class='ocrx_word' id='word_1_413' title='bbox 3303 2624 3427 2684; x_wconf 80' lang='lat' dir='ltr'><strong>est;</strong></span> 
     </span>
    </p>
   </div>
   <div class='ocr_carea' id='block_1_22' title="bbox 2662 2826 4215 3891">
    <p class='ocr_par' dir='ltr' id='par_1_27' title="bbox 2662 2826 4215 3891">
     <span class='ocr_line' id='line_1_70' title="bbox 2755 2826 4190 2917; baseline 0.001 -22"><span class='ocrx_word' id='word_1_414' title='bbox 2755 2826 3080 2895; x_wconf 69' lang='lat' dir='ltr'><strong>Uari-:mes</strong></span> <span class='ocrx_word' id='word_1_415' title='bbox 3172 2828 3521 2917; x_wconf 65' lang='lat' dir='ltr'><strong>quan-itur,</strong></span> <span class='ocrx_word' id='word_1_416' title='bbox 3619 2826 3858 2897; x_wconf 88' lang='lat' dir='ltr'><strong>Utrum</strong></span> <span class='ocrx_word' id='word_1_417' title='bbox 3934 2827 4190 2896; x_wconf 86' lang='lat' dir='ltr'><strong>bonum</strong></span> 
     </span>
     <span class='ocr_line' id='line_1_71' title="bbox 2662 2934 4193 3024; baseline 0.001 -25"><span class='ocrx_word' id='word_1_418' title='bbox 2662 2934 3036 3023; x_wconf 80' lang='lat' dir='ltr'><strong>separabile</strong></span> <span class='ocrx_word' id='word_1_419' title='bbox 3066 2936 3149 3000; x_wconf 85' lang='lat' dir='ltr'><strong>sit</strong></span> <span class='ocrx_word' id='word_1_420' title='bbox 3190 2934 3274 3000; x_wconf 86' lang='lat' dir='ltr'><strong>ab</strong></span> <span class='ocrx_word' id='word_1_421' title='bbox 3332 2943 3484 3001; x_wconf 79' lang='lat' dir='ltr'><strong>ente</strong></span> <span class='ocrx_word' id='word_1_422' title='bbox 3549 2956 3669 3024; x_wconf 89' lang='lat' dir='ltr'><strong>per</strong></span> <span class='ocrx_word' id='word_1_423' title='bbox 3718 2934 4193 3003; x_wconf 85' lang='lat' dir='ltr'><strong>intellectum?</strong></span> 
     </span>
     <span class='ocr_line' id='line_1_72' title="bbox 2667 3038 4197 3133; baseline 0.005 -30"><span class='ocrx_word' id='word_1_424' title='bbox 2667 3038 2975 3117; x_wconf 69' lang='lat' dir='ltr'><strong>Videtur,</strong></span> <span class='ocrx_word' id='word_1_425' title='bbox 3019 3040 3200 3130; x_wconf 88' lang='lat' dir='ltr'><strong>quod</strong></span> <span class='ocrx_word' id='word_1_426' title='bbox 3255 3042 3352 3108; x_wconf 92' lang='lat' dir='ltr'><strong>sic</strong></span> <span class='ocrx_word' id='word_1_427' title='bbox 3408 3063 3422 3107; x_wconf 90' lang='lat'><strong>:</strong></span> <span class='ocrx_word' id='word_1_428' title='bbox 3489 3042 3645 3130; x_wconf 89' lang='lat' dir='ltr'><strong>quia</strong></span> <span class='ocrx_word' id='word_1_429' title='bbox 3703 3040 3833 3109; x_wconf 84' lang='lat' dir='ltr'><strong>boc</strong></span> <span class='ocrx_word' id='word_1_430' title='bbox 3887 3066 4197 3133; x_wconf 81' lang='lat' dir='ltr'><strong>expresse</strong></span> 
     </span>
     <span class='ocr_line' id='line_1_73' title="bbox 2667 3146 4207 3241; baseline 0.002 -26"><span class='ocrx_word' id='word_1_431' title='bbox 2667 3148 2826 3215; x_wconf 90' lang='lat' dir='ltr'><strong>dicit</strong></span> <span class='ocrx_word' id='word_1_432' title='bbox 2872 3146 3168 3224; x_wconf 74' lang='lat' dir='ltr'><strong>lloetiuS,</strong></span> <span class='ocrx_word' id='word_1_433' title='bbox 3196 3147 3380 3238; x_wconf 89' lang='lat' dir='ltr'><strong>quod</strong></span> <span class='ocrx_word' id='word_1_434' title='bbox 3417 3149 3471 3216; x_wconf 91' lang='lat' dir='ltr'><strong>si</strong></span> <span class='ocrx_word' id='word_1_435' title='bbox 3506 3148 3917 3240; x_wconf 78' lang='lat' dir='ltr'><strong>intelligatur</strong></span> <span class='ocrx_word' id='word_1_436' title='bbox 3946 3149 4207 3241; x_wconf 89' lang='lat' dir='ltr'><strong>paulis-</strong></span> 
     </span>
     <span class='ocr_line' id='line_1_74' title="bbox 2667 3256 4210 3348; baseline 0.002 -24"><span class='ocrx_word' id='word_1_437' title='bbox 2667 3280 2788 3348; x_wconf 89' lang='lat' dir='ltr'><strong>per</strong></span> <span class='ocrx_word' id='word_1_438' title='bbox 2839 3256 3093 3324; x_wconf 89' lang='lat' dir='ltr'><strong>bonum</strong></span> <span class='ocrx_word' id='word_1_439' title='bbox 3146 3260 3438 3348; x_wconf 90' lang='lat' dir='ltr'><strong>primum</strong></span> <span class='ocrx_word' id='word_1_440' title='bbox 3472 3280 3607 3326; x_wconf 90' lang='lat' dir='ltr'><strong>non</strong></span> <span class='ocrx_word' id='word_1_441' title='bbox 3648 3282 3792 3327; x_wconf 89' lang='lat' dir='ltr'><strong>esse</strong></span> <span class='ocrx_word' id='word_1_442' title='bbox 3826 3259 4107 3344; x_wconf 91' lang='lat' dir='ltr'><strong>bonum,</strong></span> <span class='ocrx_word' id='word_1_443' title='bbox 4140 3270 4210 3327; x_wconf 91' lang='lat' dir='ltr'><strong>et</strong></span> 
     </span>
     <span class='ocr_line' id='line_1_75' title="bbox 2671 3364 4208 3458; baseline 0.003 -27"><span class='ocrx_word' id='word_1_444' title='bbox 2671 3374 2897 3432; x_wconf 74' lang='lat' dir='ltr'><strong>tannen</strong></span> <span class='ocrx_word' id='word_1_445' title='bbox 2932 3364 3345 3456; x_wconf 78' lang='lat' dir='ltr'><strong>intelligatur</strong></span> <span class='ocrx_word' id='word_1_446' title='bbox 3373 3388 3516 3434; x_wconf 87' lang='lat' dir='ltr'><strong>esse</strong></span> <span class='ocrx_word' id='word_1_447' title='bbox 3555 3390 3697 3442; x_wconf 89' lang='lat' dir='ltr'><strong>ens,</strong></span> <span class='ocrx_word' id='word_1_448' title='bbox 3733 3367 3912 3458; x_wconf 90' lang='lat' dir='ltr'><strong>quod</strong></span> <span class='ocrx_word' id='word_1_449' title='bbox 3953 3391 4030 3436; x_wconf 88' lang='lat' dir='ltr'><strong>ea</strong></span> <span class='ocrx_word' id='word_1_450' title='bbox 4058 3390 4208 3458; x_wconf 86' lang='lat' dir='ltr'><strong>quae</strong></span> 
     </span>
     <span class='ocr_line' id='line_1_76' title="bbox 2671 3476 4210 3566; baseline 0.002 -25"><span class='ocrx_word' id='word_1_451' title='bbox 2671 3484 2828 3542; x_wconf 83' lang='lat' dir='ltr'><strong>sunt</strong></span> <span class='ocrx_word' id='word_1_452' title='bbox 2867 3476 2952 3541; x_wconf 84' lang='lat' dir='ltr'><strong>ab</strong></span> <span class='ocrx_word' id='word_1_453' title='bbox 3012 3476 3155 3566; x_wconf 82' lang='lat' dir='ltr'><strong>ipso</strong></span> <span class='ocrx_word' id='word_1_454' title='bbox 3214 3483 3408 3542; x_wconf 82' lang='lat' dir='ltr'><strong>erunt</strong></span> <span class='ocrx_word' id='word_1_455' title='bbox 3465 3477 3669 3553; x_wconf 86' lang='lat' dir='ltr'><strong>entia,</strong></span> <span class='ocrx_word' id='word_1_456' title='bbox 3723 3487 3789 3545; x_wconf 87' lang='lat' dir='ltr'><strong>et</strong></span> <span class='ocrx_word' id='word_1_457' title='bbox 3838 3500 3972 3545; x_wconf 91' lang='lat' dir='ltr'><strong>non</strong></span> <span class='ocrx_word' id='word_1_458' title='bbox 4011 3488 4210 3546; x_wconf 83' lang='lat' dir='ltr'><strong>erunt</strong></span> 
     </span>
     <span class='ocr_line' id='line_1_77' title="bbox 2672 3582 4212 3675; baseline 0.002 -26"><span class='ocrx_word' id='word_1_459' title='bbox 2672 3582 2850 3650; x_wconf 85' lang='lat' dir='ltr'><strong>bona</strong></span> <span class='ocrx_word' id='word_1_460' title='bbox 2890 3606 2905 3650; x_wconf 71' lang='grc' dir='ltr'>ε</span> <span class='ocrx_word' id='word_1_461' title='bbox 2950 3582 3062 3650; x_wconf 85' lang='lat' dir='ltr'><strong>sed</strong></span> <span class='ocrx_word' id='word_1_462' title='bbox 3105 3607 3553 3674; x_wconf 68' lang='lat' dir='ltr'><strong>quaecumque</strong></span> <span class='ocrx_word' id='word_1_463' title='bbox 3594 3583 3996 3675; x_wconf 85' lang='lat' dir='ltr'><strong>separabilia</strong></span> <span class='ocrx_word' id='word_1_464' title='bbox 4054 3596 4212 3652; x_wconf 90' lang='lat' dir='ltr'><strong>sunt</strong></span> 
     </span>
     <span class='ocr_line' id='line_1_78' title="bbox 2674 3691 4214 3783; baseline 0 -26"><span class='ocrx_word' id='word_1_465' title='bbox 2674 3693 3042 3759; x_wconf 83' lang='lat' dir='ltr'><strong>secundum</strong></span> <span class='ocrx_word' id='word_1_466' title='bbox 3080 3691 3519 3773; x_wconf 84' lang='lat' dir='ltr'><strong>intellectum,</strong></span> <span class='ocrx_word' id='word_1_467' title='bbox 3554 3716 3690 3760; x_wconf 84' lang='lat' dir='ltr'><strong>non</strong></span> <span class='ocrx_word' id='word_1_468' title='bbox 3731 3700 4106 3783; x_wconf 85' lang='lat' dir='ltr'><strong>sequuntur</strong></span> <span class='ocrx_word' id='word_1_469' title='bbox 4144 3716 4214 3759; x_wconf 85' lang='lat' dir='ltr'><strong>se</strong></span> 
     </span>
     <span class='ocr_line' id='line_1_79' title="bbox 2677 3799 4215 3891; baseline -0.001 -24"><span class='ocrx_word' id='word_1_470' title='bbox 2677 3800 2966 3867; x_wconf 77' lang='lat' dir='ltr'><strong>invicem</strong></span> <span class='ocrx_word' id='word_1_471' title='bbox 3033 3802 3098 3865; x_wconf 87' lang='lat' dir='ltr'><strong>in</strong></span> <span class='ocrx_word' id='word_1_472' title='bbox 3168 3808 3498 3890; x_wconf 85' lang='lat' dir='ltr'><strong>quantum</strong></span> <span class='ocrx_word' id='word_1_473' title='bbox 3561 3799 3946 3889; x_wconf 88' lang='lat' dir='ltr'><strong>hujusmodi</strong></span> <span class='ocrx_word' id='word_1_474' title='bbox 3992 3822 4215 3891; x_wconf 78' lang='lat' dir='ltr'><strong>:ergo</strong></span> 
     </span>
    </p>
   </div>
   <div class='ocr_carea' id='block_1_23' title="bbox 2681 3907 4216 4104">
    <p class='ocr_par' dir='ltr' id='par_1_28' title="bbox 2681 3907 4216 4104">
     <span class='ocr_line' id='line_1_80' title="bbox 2681 3907 4216 3998; baseline 0 -25"><span class='ocrx_word' id='word_1_475' title='bbox 2681 3930 2817 3974; x_wconf 86' lang='lat' dir='ltr'><strong>non</strong></span> <span class='ocrx_word' id='word_1_476' title='bbox 2858 3918 2955 3973; x_wconf 88' lang='lat' dir='ltr'><strong>est</strong></span> <span class='ocrx_word' id='word_1_477' title='bbox 2988 3930 3250 3983; x_wconf 79' lang='lat' dir='ltr'><strong>verum.</strong></span> <span class='ocrx_word' id='word_1_478' title='bbox 3294 3907 3476 3998; x_wconf 84' lang='lat' dir='ltr'><strong>quod</strong></span> <span class='ocrx_word' id='word_1_479' title='bbox 3532 3931 3733 3976; x_wconf 84' lang='lat' dir='ltr'><strong>omne</strong></span> <span class='ocrx_word' id='word_1_480' title='bbox 3767 3907 3946 3997; x_wconf 89' lang='lat' dir='ltr'><strong>quod</strong></span> <span class='ocrx_word' id='word_1_481' title='bbox 3991 3916 4088 3975; x_wconf 91' lang='lat' dir='ltr'><strong>est</strong></span> <span class='ocrx_word' id='word_1_482' title='bbox 4148 3908 4216 3974; x_wconf 90' lang='lat' dir='ltr'><strong>in</strong></span> 
     </span>
     <span class='ocr_line' id='line_1_81' title="bbox 2682 4014 3643 4104; baseline 0.005 -24"><span class='ocrx_word' id='word_1_483' title='bbox 2682 4024 3011 4104; x_wconf 86' lang='lat' dir='ltr'><strong>quantum</strong></span> <span class='ocrx_word' id='word_1_484' title='bbox 3045 4026 3169 4091; x_wconf 85' lang='lat' dir='ltr'><strong>est,</strong></span> <span class='ocrx_word' id='word_1_485' title='bbox 3222 4014 3478 4082; x_wconf 85' lang='lat' dir='ltr'><strong>bonum</strong></span> <span class='ocrx_word' id='word_1_486' title='bbox 3520 4024 3643 4085; x_wconf 83' lang='lat' dir='ltr'><strong>est.</strong></span> 
     </span>
    </p>
   </div>
   <div class='ocr_carea' id='block_1_24' title="bbox 2688 4232 4245 5299">
    <p class='ocr_par' dir='ltr' id='par_1_29' title="bbox 2688 4232 4245 5299">
     <span class='ocr_line' id='line_1_82' title="bbox 2777 4232 4227 4324; baseline 0.003 -26"><span class='ocrx_word' id='word_1_487' title='bbox 2777 4236 3083 4302; x_wconf 64' lang='lat' dir='ltr'><strong>sotum».</strong></span> <span class='ocrx_word' id='word_1_488' title='bbox 3135 4232 3535 4309; x_wconf 71' lang='lat' dir='ltr'><strong>Dicendum,</strong></span> <span class='ocrx_word' id='word_1_489' title='bbox 3599 4233 3777 4324; x_wconf 87' lang='lat' dir='ltr'><strong>quod</strong></span> <span class='ocrx_word' id='word_1_490' title='bbox 3851 4235 4103 4302; x_wconf 90' lang='lat' dir='ltr'><strong>bonum</strong></span> <span class='ocrx_word' id='word_1_491' title='bbox 4162 4245 4227 4303; x_wconf 90' lang='lat' dir='ltr'><strong>et</strong></span> 
     </span>
     <span class='ocr_line' id='line_1_83' title="bbox 2688 4339 4233 4432; baseline 0.001 -24"><span class='ocrx_word' id='word_1_492' title='bbox 2688 4365 2808 4409; x_wconf 86' lang='lat' dir='ltr'><strong>ens</strong></span> <span class='ocrx_word' id='word_1_493' title='bbox 2837 4340 3190 4431; x_wconf 87' lang='lat' dir='ltr'><strong>dupliciter</strong></span> <span class='ocrx_word' id='word_1_494' title='bbox 3218 4339 3627 4408; x_wconf 85' lang='lat' dir='ltr'><strong>considerari</strong></span> <span class='ocrx_word' id='word_1_495' title='bbox 3653 4352 3958 4432; x_wconf 84' lang='lat' dir='ltr'><strong>possunt,</strong></span> <span class='ocrx_word' id='word_1_496' title='bbox 3980 4344 4233 4411; x_wconf 85' lang='lat' dir='ltr'><strong>scilicet</strong></span> 
     </span>
     <span class='ocr_line' id='line_1_84' title="bbox 2689 4448 4231 4531; baseline 0.001 -14"><span class='ocrx_word' id='word_1_497' title='bbox 2689 4448 3062 4518; x_wconf 87' lang='lat' dir='ltr'><strong>secundum</strong></span> <span class='ocrx_word' id='word_1_498' title='bbox 3090 4473 3246 4516; x_wconf 83' lang='lat' dir='ltr'><strong>suas</strong></span> <span class='ocrx_word' id='word_1_499' title='bbox 3270 4450 3704 4531; x_wconf 83' lang='lat' dir='ltr'><strong>intentiones,</strong></span> <span class='ocrx_word' id='word_1_500' title='bbox 3725 4451 3830 4520; x_wconf 83' lang='lat' dir='ltr'><strong>vel</strong></span> <span class='ocrx_word' id='word_1_501' title='bbox 3860 4451 4231 4521; x_wconf 87' lang='lat' dir='ltr'><strong>secundum</strong></span> 
     </span>
     <span class='ocr_line' id='line_1_85' title="bbox 2693 4557 4238 4649; baseline 0.001 -23"><span class='ocrx_word' id='word_1_502' title='bbox 2693 4582 2816 4626; x_wconf 87' lang='lat' dir='ltr'><strong>sua</strong></span> <span class='ocrx_word' id='word_1_503' title='bbox 2870 4560 3243 4649; x_wconf 87' lang='lat' dir='ltr'><strong>supposita.</strong></span> <span class='ocrx_word' id='word_1_504' title='bbox 3301 4557 3376 4626; x_wconf 83' lang='lat' dir='ltr'><strong>Si</strong></span> <span class='ocrx_word' id='word_1_505' title='bbox 3434 4561 3945 4627; x_wconf 84' lang='lat' dir='ltr'><strong>considerentur</strong></span> <span class='ocrx_word' id='word_1_506' title='bbox 4000 4584 4238 4629; x_wconf 87' lang='lat' dir='ltr'><strong>secun·</strong></span> 
     </span>
     <span class='ocr_line' id='line_1_86' title="bbox 2695 4667 4239 4743; baseline 0.001 -9"><span class='ocrx_word' id='word_1_507' title='bbox 2695 4668 2856 4734; x_wconf 80' lang='lat' dir='ltr'><strong>(lum</strong></span> <span class='ocrx_word' id='word_1_508' title='bbox 2882 4689 3040 4732; x_wconf 88' lang='lat' dir='ltr'><strong>suas</strong></span> <span class='ocrx_word' id='word_1_509' title='bbox 3081 4667 3517 4743; x_wconf 85' lang='lat' dir='ltr'><strong>intentiones,</strong></span> <span class='ocrx_word' id='word_1_510' title='bbox 3553 4675 3712 4734; x_wconf 88' lang='lat' dir='ltr'><strong>tunc</strong></span> <span class='ocrx_word' id='word_1_511' title='bbox 3762 4690 3901 4734; x_wconf 90' lang='lat' dir='ltr'><strong>non</strong></span> <span class='ocrx_word' id='word_1_512' title='bbox 3944 4690 4239 4736; x_wconf 78' lang='lat' dir='ltr'><strong>conver-</strong></span> 
     </span>
     <span class='ocr_line' id='line_1_87' title="bbox 2697 4775 4238 4867; baseline 0.002 -26"><span class='ocrx_word' id='word_1_513' title='bbox 2697 4784 2955 4852; x_wconf 86' lang='lat' dir='ltr'><strong>tuntur,</strong></span> <span class='ocrx_word' id='word_1_514' title='bbox 2993 4798 3113 4842; x_wconf 87' lang='lat' dir='ltr'><strong>nec</strong></span> <span class='ocrx_word' id='word_1_515' title='bbox 3145 4776 3265 4841; x_wconf 90' lang='lat' dir='ltr'><strong>erit</strong></span> <span class='ocrx_word' id='word_1_516' title='bbox 3301 4797 3537 4841; x_wconf 81' lang='lat' dir='ltr'><strong>verum</strong></span> <span class='ocrx_word' id='word_1_517' title='bbox 3590 4775 3774 4865; x_wconf 88' lang='lat' dir='ltr'><strong>quod</strong></span> <span class='ocrx_word' id='word_1_518' title='bbox 3812 4799 4014 4844; x_wconf 89' lang='lat' dir='ltr'><strong>omne</strong></span> <span class='ocrx_word' id='word_1_519' title='bbox 4055 4775 4238 4867; x_wconf 88' lang='lat' dir='ltr'><strong>quod</strong></span> 
     </span>
     <span class='ocr_line' id='line_1_88' title="bbox 2697 4882 4240 4972; baseline 0.002 -25"><span class='ocrx_word' id='word_1_520' title='bbox 2697 4892 2793 4950; x_wconf 74' lang='lat' dir='ltr'><strong>est</strong></span> <span class='ocrx_word' id='word_1_521' title='bbox 2864 4884 2928 4949; x_wconf 85' lang='lat' dir='ltr'><strong>in</strong></span> <span class='ocrx_word' id='word_1_522' title='bbox 2990 4891 3317 4972; x_wconf 86' lang='lat' dir='ltr'><strong>quantum</strong></span> <span class='ocrx_word' id='word_1_523' title='bbox 3385 4891 3510 4960; x_wconf 83' lang='lat' dir='ltr'><strong>est,</strong></span> <span class='ocrx_word' id='word_1_524' title='bbox 3570 4882 3823 4949; x_wconf 85' lang='lat' dir='ltr'><strong>bonum</strong></span> <span class='ocrx_word' id='word_1_525' title='bbox 3872 4893 3996 4953; x_wconf 88' lang='lat' dir='ltr'><strong>est.</strong></span> <span class='ocrx_word' id='word_1_526' title='bbox 4041 4883 4240 4963; x_wconf 87' lang='lat' dir='ltr'><strong>Quod</strong></span> 
     </span>
     <span class='ocr_line' id='line_1_89' title="bbox 2701 4992 4243 5085; baseline 0.001 -25"><span class='ocrx_word' id='word_1_527' title='bbox 2701 5003 2925 5060; x_wconf 85' lang='lat' dir='ltr'><strong>autem</strong></span> <span class='ocrx_word' id='word_1_528' title='bbox 2969 4992 3091 5059; x_wconf 84' lang='lat' dir='ltr'><strong>hoc</strong></span> <span class='ocrx_word' id='word_1_529' title='bbox 3149 4993 3234 5059; x_wconf 86' lang='lat' dir='ltr'><strong>sit</strong></span> <span class='ocrx_word' id='word_1_530' title='bbox 3293 5015 3557 5075; x_wconf 77' lang='lat' dir='ltr'><strong>verum,</strong></span> <span class='ocrx_word' id='word_1_531' title='bbox 3600 5001 3783 5083; x_wconf 86' lang='lat' dir='ltr'><strong>patet</strong></span> <span class='ocrx_word' id='word_1_532' title='bbox 3821 5016 3940 5084; x_wconf 89' lang='lat' dir='ltr'><strong>per</strong></span> <span class='ocrx_word' id='word_1_533' title='bbox 3977 4993 4243 5085; x_wconf 81' lang='lat' dir='ltr'><strong>Diony-</strong></span> 
     </span>
     <span class='ocr_line' id='line_1_90' title="bbox 2702 5099 4241 5178; baseline 0.001 -11"><span class='ocrx_word' id='word_1_534' title='bbox 2702 5102 2876 5167; x_wconf 84' lang='lat' dir='ltr'><strong>sium</strong></span> <span class='ocrx_word' id='word_1_535' title='bbox 2923 5102 2989 5167; x_wconf 90' lang='lat' dir='ltr'><strong>in</strong></span> <span class='ocrx_word' id='word_1_536' title='bbox 3022 5099 3193 5167; x_wconf 83' lang='lat' dir='ltr'><strong>libro</strong></span> <span class='ocrx_word' id='word_1_537' title='bbox 3242 5099 3324 5166; x_wconf 86' lang='lat' dir='ltr'><strong>de</strong></span> <span class='ocrx_word' id='word_1_538' title='bbox 3385 5100 3650 5167; x_wconf 73' lang='lat' dir='ltr'><strong>Divinis</strong></span> <span class='ocrx_word' id='word_1_539' title='bbox 3678 5100 4090 5178; x_wconf 75' lang='lat' dir='ltr'><strong>nominibuS,</strong></span> <span class='ocrx_word' id='word_1_540' title='bbox 4126 5102 4241 5169; x_wconf 90' lang='lat' dir='ltr'><strong>ubi</strong></span> 
     </span>
     <span class='ocr_line' id='line_1_91' title="bbox 2704 5205 4245 5299; baseline 0.001 -25"><span class='ocrx_word' id='word_1_541' title='bbox 2704 5209 2797 5275; x_wconf 88' lang='lat' dir='ltr'><strong>sic</strong></span> <span class='ocrx_word' id='word_1_542' title='bbox 2837 5208 2994 5275; x_wconf 89' lang='lat' dir='ltr'><strong>dicit</strong></span> <span class='ocrx_word' id='word_1_543' title='bbox 3025 5207 3106 5274; x_wconf 88' lang='lat' dir='ltr'><strong>de</strong></span> <span class='ocrx_word' id='word_1_544' title='bbox 3136 5215 3287 5274; x_wconf 84' lang='lat' dir='ltr'><strong>ente</strong></span> <span class='ocrx_word' id='word_1_545' title='bbox 3325 5230 3339 5269; x_wconf 90' lang='lat'>:</span> <span class='ocrx_word' id='word_1_546' title='bbox 3380 5233 3411 5268; x_wconf 83' lang='lat'>«</span> <span class='ocrx_word' id='word_1_547' title='bbox 3455 5206 3631 5274; x_wconf 75' lang='lat' dir='ltr'><strong>Ante</strong></span> <span class='ocrx_word' id='word_1_548' title='bbox 3661 5205 3825 5274; x_wconf 85' lang='lat' dir='ltr'><strong>alias</strong></span> <span class='ocrx_word' id='word_1_549' title='bbox 3868 5207 3989 5277; x_wconf 88' lang='lat' dir='ltr'><strong>Dei</strong></span> <span class='ocrx_word' id='word_1_550' title='bbox 4030 5210 4245 5299; x_wconf 87' lang='lat' dir='ltr'><strong>parti-</strong></span> 
     </span>
    </p>
   </div>
   <div class='ocr_carea' id='block_1_25' title="bbox 2708 5455 4245 5617">
    <p class='ocr_par' dir='ltr' id='par_1_30' title="bbox 2708 5455 4245 5617">
     <span class='ocr_line' id='line_1_92' title="bbox 2777 5455 4245 5534; baseline 0.007 -25"><span class='ocrx_word' id='word_1_551' title='bbox 2777 5456 2800 5492; x_wconf 79' lang='lat'><strong>²</strong></span> <span class='ocrx_word' id='word_1_552' title='bbox 2833 5456 3087 5525; x_wconf 64' lang='grc' dir='ltr'>Ιῐοετιυε,</span> <span class='ocrx_word' id='word_1_553' title='bbox 3123 5456 3243 5511; x_wconf 81' lang='lat' dir='ltr'><strong>Lib.</strong></span> <span class='ocrx_word' id='word_1_554' title='bbox 3303 5456 3375 5512; x_wconf 84' lang='lat' dir='ltr'><strong>de</strong></span> <span class='ocrx_word' id='word_1_555' title='bbox 3434 5455 3934 5529; x_wconf 65' lang='lat' dir='ltr'><strong>Hebdomadibus,</strong></span> <span class='ocrx_word' id='word_1_556' title='bbox 3985 5477 4115 5534; x_wconf 86' lang='lat' dir='ltr'><strong>cap.</strong></span> <span class='ocrx_word' id='word_1_557' title='bbox 4158 5466 4245 5518; x_wconf 81' lang='lat' dir='ltr'><strong>An</strong></span> 
     </span>
     <span class='ocr_line' id='line_1_93' title="bbox 2708 5546 4028 5617; baseline 0.005 -16"><span class='ocrx_word' id='word_1_558' title='bbox 2708 5563 2868 5602; x_wconf 79' lang='lat' dir='ltr'><strong>omne</strong></span> <span class='ocrx_word' id='word_1_559' title='bbox 2897 5547 3047 5617; x_wconf 79' lang='lat' dir='ltr'><strong>quod</strong></span> <span class='ocrx_word' id='word_1_560' title='bbox 3074 5553 3151 5602; x_wconf 75' lang='lat' dir='ltr'><strong>es!</strong></span> <span class='ocrx_word' id='word_1_561' title='bbox 3182 5546 3381 5601; x_wconf 78' lang='lat' dir='ltr'><strong>bonnm</strong></span> <span class='ocrx_word' id='word_1_562' title='bbox 3421 5549 3513 5614; x_wconf 79' lang='lat' dir='ltr'><strong>sit,</strong></span> <span class='ocrx_word' id='word_1_563' title='bbox 3556 5548 3710 5603; x_wconf 83' lang='lat' dir='ltr'><strong>circa</strong></span> <span class='ocrx_word' id='word_1_564' title='bbox 3744 5549 4028 5608; x_wconf 81' lang='lat' dir='ltr'><strong>medium.</strong></span> 
     </span>
    </p>
   </div>
   <div class='ocr_carea' id='block_1_26' title="bbox 4288 2894 4471 2948">
    <p class='ocr_par' dir='ltr' id='par_1_31' title="bbox 4288 2894 4471 2948">
     <span class='ocr_line' id='line_1_94' title="bbox 4288 2894 4471 2948; baseline -0.027 0"><span class='ocrx_word' id='word_1_565' title='bbox 4288 2894 4471 2948; x_wconf 68' lang='lat' dir='ltr'><strong>Quest-</strong></span> 
     </span>
    </p>
   </div>
  </div>
 </body>
</html>
