4897 6388
737 4727 950 4779 §ol-th.

785 4781 866 4830 ,u
894 4784 933 4830 l.

1820 328 1915 394 IN
1965 326 1993 393 1
2045 306 2477 433 SENTENS.
2530 327 2762 397 ms‘r.
2815 327 2939 407 111,
2993 325 3076 406 G,
3111 327 3491 423 Anne-s.

1395 799 1897 870 ARTICULUS
1948 803 2277 873 XXVlII.

1064 1014 1311 1080 Utrum
1342 1017 1673 1081 memoria
1710 1026 1774 1082 et
1814 1016 2281 1106 intelliqetztia
2322 1020 2464 1086 sint
2521 1044 2617 1088 rc-

1286 1122 1501 1189 Ιαίὶυα
1530 1125 1710 1190 sicut
1739 1124 1994 1191 dicitur
2024 1126 2093 1191 in
2125 1134 2319 1194 ἰσχία
2347 1126 2388 1194 ?

1143 1441 1405 1510 Deinde
1436 1445 1765 1532 quaeritur
1822 1444 1905 1511 de
1946 1444 2078 1513 hoc
2146 1448 2332 1537 quod
2396 1448 2607 1518 dicit:

1055 1577 1089 1631 ς(
1133 1550 1469 1615 Memoria
1501 1572 1653 1616 vero
1703 1550 1962 1618 dicitur
2020 1552 2118 1619 ad
2170 1552 2479 1644 aliquid,
2551 1565 2613 1622 et

1052 1654 1552 1747 intelliqentia,
1593 1666 1722 1726 etc.
1759 1687 1791 1720 υ

1148 1767 1208 1831 1.
1245 1765 1393 1834 Hoc
1422 1767 1603 1835 enim
1635 1789 1774 1835 non
1812 1768 2079 1837 videtur
2116 1793 2130 1836 ι
2212 1771 2373 1861 quia
2442 1770 2613 1839 rela-

1050 1874 1196 1941 tiva
1225 1885 1408 1954 sunt,
1450 1900 1743 1966 quorum
1775 1877 1904 1947 hoc
1935 1880 2159 1969 ipsum
2213 1904 2365 1950 esse
2425 1882 2611 1973 quod

1052 1989 1210 2048 sunt
1250 1982 1338 2050 ad
1367 1981 1623 2073 aliquid
1664 1994 1788 2060 est,
1835 1993 1910 2052 ut
1938 1994 2152 2076 pater,
2188 1997 2261 2056 et
2290 1987 2500 2072 silius,
2543 1995 2611 2056 et

1052 2087 1447 2178 hujusmodi
1531 2113 1546 2158 :
1616 2090 1735 2158 sed
1790 2093 2126 2160 memoria
2228 2095 2608 2164 secundum

1052 2219 1257 2265 suum
1297 2220 1443 2265 esse
1476 2199 1659 2288 quod
1711 2201 2117 2289 importatur
2174 2201 2244 2268 in
2297 2203 2604 2284 nomine,

1052 2325 1194 2371 non
1234 2313 1335 2371 est
1374 2304 1456 2372 ad
1492 2305 1748 2397 aliquid
1784 2328 1800 2374 τ
1863 2329 2023 2393 ergo
2062 2307 2359 2389 videtur,
2422 2310 2610 2401 quod

1053 2409 1301 2479 salsum
1342 2412 1548 2481 dicat.

1146 2521 1208 2586 2.
1247 2519 1605 2604 Praeterea,
1639 2521 1794 2589 Non
1825 2531 2047 2613 potest
2078 2524 2395 2616 intelligi,
2421 2525 2608 2617 quod

1055 2627 1387 2694 memoria
1461 2629 1551 2696 sit
1617 2630 2083 2698 memorabilis
2174 2634 2516 2701 memoria
2588 2655 2603 2700 ε

1055 2733 1217 2823 quia
1256 2736 1354 2801 sic
1414 2733 1582 2801 nihil
1642 2735 1891 2804 diceret
1945 2737 2395 2828 Augustinus,
2448 2760 2606 2807 cum

1054 2841 1197 2929 ipse
1227 2840 1418 2918 velit,
1454 2839 1638 2932 quod
1673 2842 1814 2909 suis
1849 2841 2291 2913 relationibus
2355 2845 2441 2913 ad
2499 2847 2612 2914 in-

1052 2945 1275 3013 vicem
1302 2945 1812 3038 distinguantur
1841 2950 1995 3029 ista,
2037 2952 2212 3018 sicut
2244 2950 2479 3031 Pater,
2538 2962 2607 3021 et

1054 3053 1289 3132 Filius,
1333 3064 1394 3123 et
1437 3054 1732 3146 Spiritus
1762 3065 2036 3125 sanctus
2070 3082 2086 3126 :
2123 3082 2287 3150 ergo
2348 3084 2608 3130 memo·

1052 3159 1149 3227 ria
1189 3159 1434 3229 dicitur
1472 3161 1554 3229 ad
1586 3161 2133 3255 intelligentiam,
2175 3174 2243 3234 et
2279 3165 2610 3237 volunta-

1053 3275 1191 3334 tem
1236 3290 1252 3335 ε
1288 3277 1353 3336 et
1383 3292 1419 3336 e
1459 3292 1789 3338 converso
1824 3271 1937 3339 illa
1991 3272 2077 3340 ml
2144 3273 2470 3357 invicem,
2541 3286 2608 3343 et

1052 3373 1137 3441 ad
1169 3377 1570 3444 memoriam
1615 3400 1631 3445 :
1674 3375 1805 3447 hoc
1845 3388 2083 3448 autem·
2141 3380 2334 3449 nullo
2394 3381 2606 3451 modo

1051 3483 1369 3553 videtur:
1431 3488 1591 3576 quia
1649 3509 1782 3554 non
1821 3486 2066 3555 dicitur
2130 3491 2470 3558 memoria
2520 3492 2604 3559 ad

1049 3595 1591 3660 convertentiam
1623 3617 1778 3662 cum
1810 3594 2154 3664 intellectu
2193 3618 2209 3663 ε
2245 3620 2385 3665 non
2417 3600 2602 3666 enim

1049 3699 1134 3768 ad
1173 3704 1709 3769 convertentiam
1741 3703 1985 3771 dicitur
2022 3706 2357 3774 memoria
2403 3706 2607 3774 intel-

1048 3807 1262 3875 lectus
1304 3810 1658 3889 memoria,
1703 3819 1769 3877 et
1812 3809 2191 3880 intellectus
2249 3814 2604 3882 memoriae

1051 3914 1433 3983 intellectus
1465 3938 1480 3984 ε
1517 3925 1582 3984 et
1611 3916 1923 3984 similiter
1957 3918 2280 3988 voluntas
2311 3943 2454 3988 non
2495 3920 2606 3988 di-

1047 4024 1224 4092 citur
1259 4023 1346 4091 ad
1376 4026 1910 4094 convertentiam
1939 4049 2095 4095 cum
2137 4026 2268 4095 illis
2301 4026 2599 4099 duobus,

1140 4132 1203 4199 3.
1244 4130 1602 4209 l‘raeterea,
1636 4131 1861 4200 l‘num
1920 4132 2361 4203 relativorum
2431 4135 2604 4203 dilli-

1050 4240 1233 4307 nitur
1269 4264 1391 4331 per
1419 4240 1706 4310 alterum
1742 4264 1758 4310 ε
1814 4265 1950 4310 una
2024 4252 2254 4312 autem
2314 4245 2600 4313 istarum

1051 4349 1507 4436 potentiarum
1542 4372 1660 4439 per
1689 4348 2018 4440 reliquam
2053 4374 2189 4419 non
2221 4351 2598 4421 dillinitur:

1050 4476 1217 4544 crgo
1256 4478 1395 4523 non
1425 4465 1583 4523 sunt
1615 4455 1892 4525 relativa
1932 4457 2013 4526 ad
2049 4459 2371 4529 invicem.

1147 4670 1451 4740 Somno.
1502 4672 1900 4751 Dicendum,
1942 4675 2126 4765 quod
2157 4676 2283 4744 ista
2315 4676 2602 4747 relativa

1053 4788 1213 4848 sunt
1288 4805 1424 4849 non
1490 4781 1909 4873 simpliciter,
2002 4782 2120 4851 sed
2220 4786 2600 4856 secundum

1054 4890 1261 4982 quid:
1295 4899 1451 4958 sunt
1480 4892 1661 4959 enim
1692 4891 2004 4983 quaedam
2037 4915 2189 4983 quae
2219 4895 2600 4966 secundum

4150 327 4274 393 127

2726 509 2950 570 toturn
2981 525 3130 571 esse
3170 500 3355 591 quod
3392 499 3799 589 importatur
3857 498 3924 563 in
3966 499 4269 580 nomine,

2726 608 3007 677 relativa
3039 619 3221 685 sunt,
3265 616 3342 674 ut
3370 607 3596 688 Pater,
3639 612 3704 674 et
3735 603 3965 683 Filius,
4001 613 4066 672 et
4122 605 4271 673 Do-

2727 718 2980 795 minuS‚
3015 725 3083 784 et
3117 714 3397 792 ServuS‚
3432 736 3513 782 eo
3547 714 3726 804 quod
3758 713 3918 781 talia
3990 716 4273 781 nomina

2726 849 2766 892 a
2794 835 3105 916 respectu
3136 827 3610 914 imponuntur,
3660 832 3724 891 et
3790 824 4080 915 qualitas
4147 848 4269 894 eo-

2724 957 2878 999 rum
2928 957 3137 1024 quam
3200 955 3355 1000 cum
3413 931 3788 1000 substantia
3823 931 4262 1024 significant,

2722 1049 3067 1130 respectus
3098 1047 3201 1108 est
3234 1063 3250 1108 ε
3286 1039 3602 1130 quaedam
3642 1047 3871 1108 autem
3914 1047 4073 1107 sunt
4128 1063 4264 1109 non

2723 1147 3123 1237 simpliciter
3160 1145 3616 1238 significantia
3679 1156 4082 1237 respectum,
4145 1147 4264 1216 sed

2720 1252 3210 1345 cointelligitur
3267 1257 3337 1321 in
3395 1254 3518 1333 eiS,
3561 1276 3641 1322 eo
3699 1253 3882 1344 quod
3947 1255 4264 1346 imposita

2719 1369 2880 1428 sunt
2919 1360 3004 1429 ab
3035 1361 3169 1429 alio
3194 1384 3401 1452 quam
3433 1383 3473 1429 a
3515 1369 3843 1452 respectu,
3913 1362 4096 1452 quod
4157 1370 4266 1431 ta-

2718 1492 2878 1538 men
2909 1493 2949 1537 a
2987 1477 3297 1560 respectu
3363 1469 3554 1538 nullo
3614 1470 3815 1538 modo
3890 1470 4273 1562 separabile·

2719 1587 2842 1656 est,
2879 1578 3055 1647 sicut
3092 1579 3374 1647 scientia
3417 1600 3570 1668 quae
3608 1601 3747 1646 non
3809 1587 4159 1671 separatur
4221 1604 4262 1648 a

2718 1695 3030 1776 respectu
3060 1684 3145 1752 ad
3176 1684 3437 1767 scibile,
3471 1687 3842 1777 imponitur
3890 1694 4121 1755 tamen
4175 1686 4259 1755 ab

2717 1792 2852 1861 alio
2886 1814 3096 1882 quam
3135 1791 3222 1859 ab
3263 1791 3742 1883 illo'respectu.
3789 1792 4116 1862 Similiter
4161 1801 4263 1863 est

2718 1903 2800 1971 de
2834 1904 3194 1987 memoria,
3228 1926 3380 1995 quae
3412 1904 3497 1972 ab
3538 1902 3670 1972 alio
3702 1905 3996 1996 quodam
4035 1906 4261 1997 impe-⁴

2715 2012 2927 2095 nitur,
3006 2010 3125 2079 sed
3156 2019 3386 2080 tamen
3414 2009 3547 2080 hoc
3575 2034 3614 2080 a
3654 2021 3958 2103 respectu
3988 2012 4072 2080 ad
4110 2034 4261 2080 me-

2717 2117 3050 2187 morabile
3077 2141 3219 2187 non
3249 2127 3605 2211 separatur
3645 2143 3661 2188 ε
3695 2128 3761 2189 et
3787 2120 4097 2189 similiter
4150 2122 4261 2189 in-

2715 2227 3025 2296 tellectus
3055 2228 3249 2319 ponit
3279 2238 3656 2319 respectum
3699 2229 3781 2297 ad
3836 2228 4256 2321 intelligibile

2715 2343 2780 2402 et
2811 2333 3132 2404 voluntas
3161 2334 3249 2403 ad
3276 2333 3592 2404 volitum.

2802 2444 2908 2510 An
2953 2465 3153 2511 amun
3184 2442 3573 2522 dicendum,
3609 2443 3789 2535 quod
3819 2443 4255 2535 intelligentia

2714 2550 3001 2620 refertur
3039 2549 3124 2618 ad
3155 2552 3588 2631 memoriam,
3634 2574 3774 2621 non
3817 2552 3943 2620 sub
4000 2554 4256 2621 ratione

2715 2654 3212 2747 intelligentiae,
3262 2654 3380 2724 sed
3427 2655 3556 2723 sub
3614 2658 3868 2724 ratione
3919 2677 4259 2723 memora-

2714 2762 2895 2847 bilis,
2965 2763 3129 2855 quia
3191 2764 3290 2832 sic
3351 2764 3618 2854 capitur
3672 2787 3710 2832 a
3768 2765 4149 2832 memoria:
4194 2772 4260 2832 et

2714 2892 2751 2939 e
2779 2893 3115 2940 converso
3158 2873 3493 2941 memoria
3533 2871 3616 2940 ad
3675 2871 4086 2941 intellectum
4133 2872 4258 2940 sub

2719 2981 2980 3046 ratione
3012 2976 3487 3069 intelligibilis,
3520 2986 3586 3046 et
3613 2976 3928 3046 voluntas
3965 2977 4049 3046 ad
4111 2977 4262 3048 haec

2713 3084 2852 3151 duo
2891 3084 3017 3152 sub
3051 3085 3315 3154 ratione
3343 3084 3806 3155 memorabilis
3844 3094 3912 3154 et
3949 3084 4266 3179 intelligi-

2713 3193 2913 3277 bilis:
2949 3192 3094 3265 hoec
3132 3202 3364 3263 autem
3394 3194 3533 3264 duo
3573 3218 3609 3264 e
3647 3218 3975 3264 converso
4005 3196 4089 3265 ad
4133 3218 4265 3264 vo-

2712 3299 3051 3371 luntatem
3082 3301 3210 3370 sub
3252 3304 3514 3372 ratione
3568 3302 3784 3371 voliti.
3844 3304 3979 3372 Alii
4032 3304 4262 3374 dicunt

2713 3409 2934 3489 aliter,
2968 3409 3249 3490 scilicet,
3318 3410 3502 3502 quod
3534 3412 3860 3480 memoria
3890 3411 4260 3482 secundum

2712 3517 2898 3609 quod
2957 3519 3318 3603 memoria,
3378 3542 3516 3588 non
3556 3528 3658 3588 est
3707 3519 3793 3587 ad
3830 3520 4110 3612 aliquid,
4141 3519 4260 3589 sed

2710 3624 3092 3694 secundum
3150 3625 3337 3717 quod
3390 3636 3492 3695 est
3522 3649 3807 3718 parens:
3840 3635 3907 3696 et
3950 3627 4263 3697 similiter

2714 3733 3101 3802 intellectus
3139 3735 3209 3801 in
3248 3756 3332 3803 eo
3389 3734 3577 3826 quod
3629 3733 4045 3825 hujusmodi,
4121 3758 4261 3805 non

2711 3849 2812 3908 est
2852 3838 2940 3908 ad
2967 3838 3255 3931 aliquid,
3297 3839 3416 3909 sed
3465 3842 3534 3908 in
3583 3863 3666 3910 eo
3696 3841 3880 3933 quod
3917 3842 4120 3927 lilius,
4151 3841 4259 3911 vel

2710 3946 2981 4037 proles:
3043 3946 3287 4016 eodem
3367 3947 3574 4017 modo
3633 3948 3944 4018 voluntas
3991 3973 4130 4019 non
4157 3959 4261 4020 est

2710 4053 2797 4121 ad
2827 4053 3087 4146 aliquid
3116 4053 3492 4124 secundum
3524 4056 3709 4147 quod
3746 4055 4086 4141 voluntas,
4135 4057 4256 4126 sed

2712 4164 2782 4230 in
2812 4186 2897 4232 eo
2929 4162 3113 4256 quod
3145 4163 3521 4256 procedens
3549 4165 3634 4234 ab
3680 4163 3786 4233 his
3824 4163 4112 4246 duobus,
4182 4176 4258 4236 ut

2708 4273 2796 4341 ab
2835 4295 2975 4342 uno
3017 4272 3351 4365 principio
3380 4275 3512 4343 sui.
3562 4273 3697 4344 Sed
3735 4272 3866 4344 boc
3905 4275 4073 4345 nihil
4112 4284 4256 4346 est:

2710 4380 2869 4472 quia
2899 4379 3063 4449 dicit
3114 4382 3542 4473 Augustinus
3614 4384 4013 4452 memoriam
4053 4385 4124 4452 in
4175 4406 4257 4453 eo

2709 4488 2896 4578 quod
2927 4487 3287 4566 memoria,
3320 4511 3467 4558 esse
3495 4487 3582 4557 ad
3611 4488 3867 4581 aliquid
3895 4512 3912 4558 :
3946 4489 4062 4560 sed
4118 4513 4258 4561 non

2710 4595 2780 4661 in
2821 4617 2904 4662 eo
2944 4594 3132 4687 quod
3161 4595 3328 4670 vita,
3371 4594 3478 4664 vel
3508 4618 3723 4676 mem,
3758 4597 3868 4667 vel
3925 4599 4252 4669 essentia:

2709 4710 2776 4770 et
2807 4702 2962 4771 ideo
2992 4701 3108 4771 illa
3146 4702 3400 4772 solutio
3449 4727 3599 4795 quae
3647 4716 3750 4775 est
3811 4716 4047 4776 contra
4105 4708 4257 4776 Au-

2707 4811 3063 4901 gustinum
3095 4810 3264 4880 nibil
3297 4811 3590 4881 videtur.

4359 2443 4445 2525 'Aa
4476 2481 4517 2526 t.
