4897 6388
612 521 615 532 ,
608 455 613 464 ,,
606 283 615 404 ,.-.,..
604 219 611 262 η...-
604 135 609 176 -s-
602 113 609 118 ι

1738 290 1919 387 “1NN1
1971 286 2396 356 SENTENT.
2447 283 2676 354 ms'r.
2719 267 2855 369 111,
2906 283 2997 370 x,
3051 290 3251 358 ΛΒΤ.
3306 290 3415 400 ae.
3841 369 3844 372 ,
3937 339 3940 340 f
4086 292 4212 362 149

994 459 1180 545 quod
1215 459 1343 528 ista
1382 469 1707 528 suntuna
1744 459 2120 527 substantia
2149 466 2215 526 et
2253 478 2390 524 una
2430 478 2543 524 es-

992 570 1233 637 sentia.
1266 570 1351 638 Et
1371 572 1704 638 rationem
1728 572 1926 638 etiam
1961 569 2268 636 Platonis
2298 567 2383 635 ad
2409 565 2543 635 hoc

990 679 1181 764 ponit
1210 679 1634 768 Augustinus
1671 704 1688 747 :
1734 681 1893 771 quia
1924 680 2186 747 nullum
2229 677 2540 745 accidens

988 785 1058 850 in
1108 786 1372 876 agendo
1422 787 1722 855 extendit
1785 811 1855 856 se
1902 796 2091 855 extra
2155 784 2539 872 subjectum

986 893 1290 958 suumin
1339 915 1474 983 quo
1522 904 1624 962 est
1667 895 1833 963 :illa
1890 905 2112 963 autem
2164 890 2542 960 extendunt

986 1021 1056 1065 se
1080 1006 1270 1066 extra
1296 1021 1498 1068 suurn
1529 1002 1909 1092 subjectum
1947 1024 1962 1068 t
1996 1023 2156 1090 ergo
2187 1006 2348 1066 sunt
2373 997 2538 1064 sub·

985 1106 1234 1173 stantia
1261 1110 1537 1187 mentiS,
1571 1115 1638 1176 et
1675 1132 1812 1177 non
1853 1107 2247 1175 accidentia.

1076 1215 1140 1279 2.
1184 1213 1381 1293 Item,
1428 1215 1735 1283 Ibidem:
1775 1214 2100 1294 Quamvis
2159 1211 2540 1280 substantia

984 1321 1071 1387 sit
1085 1343 1322 1388 amans
1340 1321 1450 1389 vel
1466 1323 1709 1407 scienS,
1734 1321 2105 1389 substantia
2124 1320 2210 1387 sit
2226 1319 2532 1397 scientia,

981 1428 1360 1496 substantia
1381 1430 1465 1496 sit
1484 1452 1702 1512 amor,
1719 1430 1836 1498 sed
1858 1452 2094 1498 amans
2116 1436 2182 1497 et
2196 1433 2541 1503 amor‚aut

979 1535 1200 1602 sciens
1223 1543 1288 1602 et
1302 1537 1581 1604 scientia
1600 1537 1877 1606 relative
1890 1535 1975 1604 ad
1995 1559 2064 1604 se
2086 1535 2539 1603 dicantursic-

980 1652 1055 1712 ut
1085 1647 1285 1714 amici
1321 1670 1336 1715 ε
1370 1670 1562 1715 mens
1582 1671 1745 1717 vero
1770 1656 1887 1717 aut
1913 1648 2186 1738 spiritus
2210 1668 2347 1713 non
2377 1651 2538 1712 sunt

981 1751 1289 1830 relativa,
1333 1755 1501 1822 sicut
1527 1777 1651 1823 nec
1671 1753 1984 1823 homines
2016 1752 2297 1821 relativa
2325 1759 2486 1818 sunt
2513 1773 2528 1817 z

979 1883 1121 1928 non
1161 1869 1386 1930 tamen
1425 1863 1601 1930 sicut
1644 1863 1842 1931 amici
1899 1847 2212 1929 homines
2241 1868 2534 1951 possunt

977 1990 1283 2037 seorsum
1342 1991 1488 2038 esse
1543 1970 1630 2037 ab
1669 1970 1985 2053 invicem,
2036 1970 2133 2036 sic
2179 1989 2420 2035 amans
2467 1974 2535 2035 et

975 2099 1193 2157 amor,
1228 2085 1344 2144 aut
1372 2079 1592 2145 sciens
1622 2087 1688 2147 et
1735 2079 2036 2147 scientia.
2083 2077 2181 2144 Ex
2238 2074 2370 2143 hoc
2399 2075 2533 2143 ite-

975 2208 1129 2252 rum
1161 2186 1506 2276 accipitur,
1541 2185 1725 2276 quod
1757 2188 1899 2277 ipsa
1929 2186 2209 2255 scientia
2247 2192 2348 2252 est
2372 2181 2532 2252 sub-

973 2293 1247 2370 stantia.
1284 2302 1349 2361 et
1386 2294 1530 2383 ipse
1571 2315 1770 2361 arnor
1795 2292 2170 2361 substantia
2207 2301 2332 2360 est.

1062 2403 1127 2470 3.
1163 2400 1361 2482 Item,
1423 2401 1565 2491 ipse
1604 2401 1857 2470 ibidem
1893 2424 1909 2468 ε
1952 2401 2117 2469 Pars
2157 2400 2242 2469 ad
2302 2409 2525 2469 totum

976 2508 1254 2578 relative
1283 2509 1550 2594 dieitur,
1587 2510 1744 2601 quia
1784 2512 2006 2578 omnis
2045 2532 2199 2600 pars
2236 2508 2525 2600 alicujus

972 2618 1181 2685 totius
1208 2639 1366 2707 pars
1395 2624 1546 2686 est:
1579 2624 1646 2685 et
1703 2625 1919 2684 totum
1970 2617 2052 2683 ad
2109 2623 2371 2706 partem
2426 2639 2526 2685 re·

971 2722 1175 2791 lative
1214 2723 1483 2802 dicitur,
1518 2722 1680 2814 quia
1710 2731 1929 2792 totum
1962 2722 2280 2792 omnibus
2319 2724 2528 2814 parti·

972 2828 1099 2896 bus
1129 2837 1348 2896 totum
1380 2838 1503 2897 est.
1543 2828 1680 2898 Sed
1719 2832 2044 2922 quoniam
2077 2838 2142 2898 et
2179 2851 2335 2919 pars
2366 2852 2526 2898 cor-

971 2957 1099 3025 pus
1126 2945 1226 3004 est
1265 2945 1334 3005 et
1361 2944 1609 3016 totum,
1653 2958 1789 3004 non
1819 2945 2079 3004 tantum
2133 2938 2258 3004 ista
2298 2935 2526 3004 relati-

969 3066 1053 3111 ve
1116 3042 1457 3124 dicuntur,
1527 3043 1648 3113 sed
1708 3045 1912 3113 etiam
1991 3043 2524 3113 substantialiter

970 3163 1151 3223 sunt.
1186 3154 1518 3224 Fortassis
1567 3177 1732 3247 ergo
1783 3177 1976 3224 mens
2036 3163 2253 3223 totum
2296 3160 2420 3235 est,
2456 3160 2524 3223 et

967 3264 1115 3354 ejus
1153 3265 1343 3356 quasi
1375 3273 1598 3356 partes
1656 3288 1851 3332 amor
1897 3286 2033 3356 quo
2077 3287 2150 3331 se
2205 3272 2414 3343 amat,
2451 3271 2521 3332 et

969 3372 1251 3440 scientia
1308 3393 1441 3462 qua
1487 3393 1559 3440 se
1615 3372 1812 3440 scivit
1870 3380 1935 3439 et
1982 3371 2200 3454 novit,
2266 3371 2521 3462 quibus

972 3479 1235 3547 duabus
1264 3478 1569 3571 partibus
1609 3478 1772 3547 illud
1821 3488 2039 3547 totum
2083 3487 2371 3547 constat.
2416 3479 2522 3548 Ex

973 3588 1102 3657 hoc
1135 3590 1377 3657 iterum
1407 3589 1759 3681 accipitur,
1792 3588 1974 3680 quod
2006 3589 2132 3657 ista
2169 3597 2330 3658 sunt
2358 3612 2522 3680 par-

973 3709 1074 3767 tes
1102 3697 1580 3768 substantiales
1620 3700 1890 3768 mentis.

1065 3807 1199 3875 San
1226 3831 1481 3876 com-iu
1512 3806 1642 3876 hoc
1671 3806 2096 3895 objicitursic
2128 3829 2144 3876 t

1063 3915 1317 3984 Notitia
1384 3925 1483 3984 est
1549 3914 1819 3984 habitus
1877 3937 1894 3984 t
1966 3917 2187 3983 omnis
2246 3914 2522 3984 habitus

973 4032 1075 4093 est
1130 4024 1417 4116 qualitas
1462 4049 1478 4093 ε
1529 4048 1692 4117 ergo
1752 4026 1989 4093 notitia
2047 4027 2336 4117 qualitas
2390 4035 2519 4106 est,

974 4158 1114 4204 non
1143 4159 1306 4227 ergo
1336 4134 1738 4204 substantia.
1790 4134 2039 4203 Eadem
2092 4145 2192 4204 est
2226 4135 2521 4227 objectio

973 4242 1056 4310 de
1097 4264 1354 4310 amore.
1392 4240 1466 4309 Si
1496 4242 1780 4321 dicatur,
1824 4242 2006 4334 quod
2059 4265 2197 4311 non
2227 4250 2330 4311 est
2360 4265 2526 4335 qua-

973 4348 1128 4437 litas
1203 4348 1474 4441 quando
1532 4372 1728 4417 mens
1784 4351 1972 4418 novit
2038 4374 2133 4420 se.
2182 4351 2451 4420 CoxrnA
2500 4373 2519 4422 ε

972 4456 1189 4526 Nosse
1217 4481 1289 4526 se
1319 4465 1422 4525 est
1460 4457 1773 4525 notitiam
1796 4458 1899 4526 sui
1931 4458 2106 4550 apud
2134 4482 2205 4529 se
2235 4469 2467 4530 tenere
2503 4483 2521 4529 ε

971 4562 1105 4633 hoc
1141 4573 1370 4633 autem
1410 4564 1485 4634 fit
1540 4587 1661 4656 per
1709 4563 2013 4634 habitum
2060 4568 2203 4636 veri
2253 4577 2320 4637 et
2357 4567 2524 4638 boni

973 4673 1156 4764 quod
1177 4696 1371 4743 mens
1399 4683 1498 4741 est
1533 4697 1549 4742 z
1578 4696 1739 4765 ergo
1770 4675 2039 4743 videtur
2067 4675 2311 4756 adhuc,
2339 4680 2525 4770 quod

971 4781 1084 4850 ille
1113 4780 1382 4849 habitus
1411 4782 1497 4849 sit
1534 4781 1842 4851 accidens
1872 4781 2236 4873 qualitatis

1066 4977 1393 5048 Uaramus
1421 4979 1770 5068 quaeritur,

1065 5090 1124 5155 ί.
1152 5084 1457 5166 Qualiter
1471 5086 1597 5153 ista
1613 5086 1766 5165 tria,
1785 5094 1849 5155 et
1864 5088 2211 5178 superiora
2226 5091 2353 5158 tria
2371 5113 2523 5181 quae

971 5203 1131 5266 sunt
1168 5195 1526 5280 memoria,
1562 5193 2033 5286 intelligentia,
2077 5204 2143 5263 et
2174 5196 2521 5282 voluntas,

871 5327 888 5339 ⁵
971 5312 1287 5373 suntuna
1316 5302 1630 5381 essentia,
1663 5324 1800 5370 una
1826 5305 1990 5383 vita,
2019 5311 2084 5371 et
2113 5326 2248 5371 una
2276 5327 2472 5374 mens
2492 5309 2526 5375 ’ἶ

1061 5413 1125 5480 2.
1169 5410 1530 5488 Praeterea,
1582 5407 1740 5477 Non
1784 5409 2052 5478 videtur
2104 5409 2331 5480 valere
2371 5412 2525 5482 Au-

1043 5645 1061 5682 ¹
1092 5642 1149 5700 S.
1180 5643 1553 5709 Αυῦυετικυε,
1582 5637 1709 5698 Lib.
1742 5638 1819 5699 IX
1858 5639 1934 5699 de
1960 5640 2264 5714 Trinitate,
2296 5658 2429 5719 cap.
2463 5645 2521 5707 4.

2655 458 2915 548 gustini
2953 462 3123 528 ratio
3167 481 3373 550 quam
3430 460 3687 529 inducit
3721 483 3735 527 ε
3771 459 3990 528 m'ulta
4029 462 4211 527 enim

2657 566 3032 633 accidentia
3063 575 3223 633 sunt
3253 588 3403 655 quae
3434 567 3697 655 agendo
3738 589 3810 633 se
3840 565 4214 633 extendunt

2656 673 3075 760 ultrarsuum
3118 673 3528 762 subJectum‚
3563 681 3636 740 ut
3666 673 3984 751 calidum,
4020 672 4214 763 frigi-

2654 779 2846 858 dum,
2884 791 3012 849 etc.
3060 806 3074 850 :
3117 783 3244 849 ista
3274 783 3460 849 enim
3502 781 3868 848 immutant
3925 803 4212 870 corpora

2653 886 2783 955 sibi
2822 891 3073 957 vicina.

2744 997 2807 1061 3.
2847 993 3208 1073 Praeterea,
3254 995 3566 1075 Videtur,
3628 993 3810 1084 quod
3854 995 4020 1062 ratio
4060 995 4213 1089 Au-

2651 1102 2909 1191 gustini
2977 1103 3066 1170 sit
3130 1110 3368 1169 contra
3431 1103 3876 1170 intentionem
3958 1125 4154 1170 suam
4189 1123 4206 1170 t

2651 1211 2815 1299 quia
2845 1207 3247 1300 Philosophi
3280 1209 3539 1289 dicunt,
3574 1209 3754 1299 quod
3774 1209 4012 1277 formae
4043 1210 4212 1278 sub-

2650 1317 3009 1386 stantiales
3037 1341 3177 1385 non
3208 1327 3369 1386 sunt
3415 1319 3680 1399 activae,
3734 1318 3853 1385 sed
3899 1319 4207 1409 quaedam

2649 1426 2888 1495 formae
2927 1427 3402 1496 accidentales.
3465 1426 3656 1496 Unde
3702 1428 3758 1494 si
3815 1450 3887 1495 se
3918 1429 4044 1495 ista
4082 1449 4209 1495 ex-

2648 1535 2939 1602 tendunt
2967 1536 3234 1626 agendo
3293 1542 3486 1603 extra
3531 1532 3910 1624 subjectum
3961 1537 4032 1602 in
4070 1557 4205 1626 quo

2646 1651 2832 1724 sunt,
2866 1644 3188 1712 videntur
3208 1667 3354 1712 esse
3376 1643 3614 1712 formae
3639 1642 4111 1713 accidentale&

2673 1885 2678 1890 ’
2737 1860 3052 1929 Somno.
3116 1858 3281 1929 Sine
3328 1859 3716 1951 praejudicio
3783 1859 3958 1941 dico,
4016 1860 4200 1950 quod

2643 1970 2775 2039 ista
2806 1991 2948 2037 non
2978 1977 3140 2037 sunt
3168 1967 3549 2037 substantia
3587 1969 3832 2036 mentis
3872 1990 3999 2037 nec
4034 1968 4202 2036 sub-

2641 2079 2936 2158 stantiae,
2969 2077 3100 2145 nisi
3133 2098 3274 2144 uno
3296 2074 3505 2144 modo
3528 2082 3792 2143 tanturn
3824 2074 4204 2144 considera-

2641 2193 2733 2265 ta,
2768 2184 3028 2254 scilicet
3056 2183 3332 2276 quando
3355 2206 3549 2253 mens
3570 2184 3762 2252 novit
3790 2205 3890 2267 se,
3921 2191 3987 2252 et
4021 2191 4205 2252 amat

2638 2313 2741 2362 se:
2762 2301 2830 2362 et
2848 2292 2983 2361 hoc
3003 2293 3333 2383 accipitur
3352 2290 3437 2360 ab
3461 2291 3842 2384 Augustino
3870 2292 3939 2358 in
3960 2292 4203 2360 eodem

2636 2399 2813 2469 libro
2872 2401 3131 2469 scilicet
3166 2401 3237 2467 in
3291 2397 3467 2467 libro
3505 2398 3604 2467 IX
3652 2399 3734 2467 de
3776 2400 4106 2468 Trinitate
4153 2415 4200 2481 ¹,

2636 2509 2800 2600 quia
2853 2517 3222 2600 postquam
3299 2507 3534 2577 omnia
3578 2505 3786 2576 verba
3850 2508 4200 2599 superiora

2634 2616 2830 2699 dixit,
2872 2616 2970 2685 ita
3006 2614 3363 2707 subjungit
3390 2615 3459 2682 in
3488 2615 3748 2682 Littera
3777 2637 3802 2683 .·
3833 2612 4195 2694 Quomodo

2632 2731 2862 2793 autem
2898 2723 3013 2792 illa
3049 2724 3179 2791 tria
3201 2746 3342 2792 non
3363 2729 3522 2791 suut
3551 2721 3855 2812 ejusdem
3885 2721 4197 2790 substan-

2630 2830 2746 2898 tiae
2776 2853 2920 2899 non
2974 2829 3204 2913 video,
3248 2852 3403 2898 cum
3471 2851 3662 2897 mens
3721 2830 3868 2919 ipsa
3905 2851 3978 2897 se
4008 2836 4193 2896 amet

2631 2947 2838 3031 atque
2877 2940 3025 3030 ipsa
3053 2961 3124 3008 se
3162 2940 3474 3007 noverit:
3509 2946 3711 3030 atque
3740 2939 3834 3006 ita
3862 2946 4021 3006 sunt
4043 2936 4190 3006 haec

2632 3046 2786 3131 tria,
2818 3055 2898 3115 ut
2926 3069 3066 3116 non
3097 3045 3291 3115 alteri
3332 3045 3533 3115 alicui
3575 3067 3798 3114 rerum
3854 3068 4047 3114 mens
4076 3044 4185 3113 vel

2628 3162 2859 3223 amata
2886 3153 2998 3223 vel
3029 3162 3194 3223 nota
3220 3153 3331 3222 sit.
3385 3152 3604 3223 Unius
3634 3176 3796 3246 ergo
3843 3153 4189 3244 ejusdem-

2630 3284 2764 3353 que
2794 3261 3108 3330 essentiae
3167 3282 3446 3330 necesse
3504 3268 3607 3330 est
3635 3258 3782 3330 haec
3818 3261 3948 3330 tria
3985 3261 4120 3330 sint
4164 3279 4183 3332 t

2628 3377 2696 3439 et
2726 3368 2881 3439 ideo
2912 3370 2970 3436 si
3000 3377 3356 3461 tamquam
3396 3368 3467 3437 in
3504 3370 3990 3438 commixtione
4019 3393 4191 3438 con-

2628 3476 2779 3544 fusa
2817 3485 3072 3561 esseut,
3103 3475 3296 3544 nullo
3337 3475 3544 3544 modo
3599 3484 3824 3545 essent
3877 3476 4030 3560 tria,
4065 3499 4189 3547 nec

2630 3585 2860 3654 referri
2894 3584 2981 3653 ad
3022 3586 3316 3654 invicem
3356 3593 3656 3675 possent.
3692 3584 3775 3653 Et
3822 3584 3936 3653 dat
3963 3609 4189 3654 exem-

2628 3691 2819 3784 plum
2867 3692 2952 3761 de
2993 3692 3210 3761 tribus
3260 3690 3533 3760 annulis
3574 3713 3658 3760 ex
3704 3715 3897 3776 auro,
3939 3702 4009 3763 et
4053 3716 4186 3784 po-

2628 3800 2816 3869 tione
2876 3822 2959 3869 ex
3023 3800 3213 3881 vino,
3266 3808 3332 3868 et
3389 3822 3592 3891 aqua,
3643 3810 3708 3868 et
3758 3799 3983 3880 melle,
4034 3824 4186 3894 quae

2628 3929 2769 3975 non
2818 3915 2980 3975 sunt
3035 3906 3241 3974 unius
3286 3906 3681 3976 substantia·
3729 3906 4060 3978 distinctae
4117 3908 4187 3976 in

2629 4013 2789 4084 illis.
2823 4013 3021 4083 Unde
3060 4013 3240 4093 dico,
3293 4014 3477 4106 quod
3524 4038 3679 4083 cum
3735 4016 3895 4085 dicit
3942 4016 4187 4107 Augu-

2628 4121 2877 4199 stinus,
2905 4120 3091 4213 quod
3112 4121 3356 4189 notitia
3384 4130 3481 4189 est
3502 4121 3900 4203 substantia,
3934 4122 4189 4191 intelli-

2628 4227 2730 4319 git
2757 4225 2892 4296 hoc
2921 4227 3004 4297 de
3043 4228 3289 4296 notitia
3338 4250 3489 4319 quae
3547 4229 3762 4297 oritur
3806 4252 3890 4298 ex
3929 4241 4180 4310 mente.

2629 4359 2788 4405 cum
2847 4359 3045 4406 mens
3090 4337 3286 4406 novit
3343 4359 3414 4404 se
3458 4357 3475 4406 ε
3526 4346 3592 4407 et
3646 4338 3727 4407 de
3770 4361 4002 4408 amore
4066 4340 4183 4432 qui

2629 4446 2849 4514 oritur
2876 4468 2965 4514 ex
2993 4444 3101 4513 his
3129 4445 3425 4525 duobuS,
3457 4468 3614 4514 cum
3654 4469 3847 4516 meus
3875 4455 4057 4518 amat
4081 4471 4178 4517 se.

2632 4552 2774 4623 Sed
2812 4553 3036 4623 adhuc
3081 4553 3640 4647 distinguendum
3692 4564 3795 4625 est
3825 4555 3958 4637 hic,
4001 4556 4186 4649 quod

2632 4664 2874 4731 notitia
2904 4686 3046 4732 non
3074 4664 3371 4732 sumitur
3404 4662 3516 4734 hic
3551 4688 3674 4755 pro
3742 4675 3894 4734 actu
3933 4669 4049 4757 qui
4081 4676 4186 4736 est

2631 4793 2671 4837 a
2700 4778 3159 4863 cognoscente
3191 4794 3398 4862 supra
3432 4773 3783 4864 cognitum
3828 4795 3843 4837 τ
3889 4776 4049 4864 quia
4073 4773 4185 4843 ille

2630 4899 2775 4945 non
2800 4885 2906 4946 est
2928 4879 3172 4946 notitia
3213 4899 3231 4948 ε
3266 4878 3384 4946 sed
3418 4880 3710 4947 sumitur
3757 4901 3878 4970 pro
3917 4878 4179 4949 habitu.

2629 4984 2752 5052 Est
2798 4993 3032 5053 autem
3063 4984 3317 5076 duplex
3349 4983 3621 5053 habitus
3655 5007 3671 5052 ε
3707 5008 3884 5054 unus
3931 4996 4033 5057 est
4067 4990 4182 5081 qui

2629 5101 2733 5162 est
2772 5094 3095 5185 perfectio
3124 5117 3246 5185 per
3287 5094 3569 5163 modum
3616 5094 3957 5187 qualitatis
4004 5098 4186 5168 diffi-

2629 5199 2955 5269 cultatem
2988 5223 3031 5268 a
3084 5202 3394 5292 potentia
3451 5202 3796 5293 operativa
3854 5203 4179 5288 tollentis,

2629 5316 2698 5376 et
2743 5306 2898 5377 talis
2964 5306 3239 5376 habitus
3282 5330 3425 5377 non
3472 5318 3571 5376 est
3627 5309 3776 5379 iste.
3836 5310 4031 5381 Alter
4082 5323 4186 5383 est

2629 5418 2748 5510 qui
2816 5440 2904 5487 ex
2971 5415 3105 5488 hoc
3172 5416 3359 5510 quod
3439 5440 3737 5511 praesens
3829 5444 3937 5491 res
4011 5422 4184 5493 indi-

4300 1904 4477 1950 solutio
