4897 6388
534 371 658 450 1'16
776 395 779 398 ’

524 548 762 638 ipsius,
794 545 916 652 ibi,
954 545 1028 630 S,
1077 551 1367 616 «Potest
1414 549 1621 614 etiam
1653 546 1797 612 alio
1838 497 2065 615 modo..

521 663 647 723 etc·
687 680 721 720 n

611 760 807 828 Prior
855 762 1029 832 inter
1074 761 1236 826 istas
1284 754 1567 824 ulterius
1615 753 1942 821 dividitur
2000 752 2070 818 in

518 877 652 936 tres
701 896 715 935 :
769 871 836 934 in
895 887 1183 956 quarum
1236 867 1458 954 prima
1522 863 1716 953 ponit
1772 883 1849 929 ea
1918 882 2107 952 quael

517 978 883 1067 exiguntur
922 975 1005 1041 ad
1037 975 1428 1063 imaginem.
1475 972 1552 1038 In
1601 970 1923 1046 secunda,
1959 968 2070 1036 de-

518 1084 838 1152 terminat
882 1083 1193 1173 quaedam
1253 1081 1459 1148 dubia
1518 1083 1692 1147 circa
1734 1080 2065 1146 dictorum

518 1191 1152 1258 determinationem
1190 1196 1470 1271 exorta,
1522 1188 1640 1268 ibi,
1698 1184 1792 1267 M,
1856 1209 1889 1248 α
1943 1184 2070 1249 llic

515 1291 1007 1368 ¹attendendum
1039 1309 1134 1366 cst
1156 1299 1550 1388 diliqetzler,
1584 1304 1708 1363 etc.
1743 1321 1773 1356 a
1819 1292 1846 1359 Ι
1857 1317 1896 1360 n
1937 1303 2069 1360 tor-

514 1410 631 1486 tia,
667 1411 884 1498 tangit
940 1409 1131 1475 istius
1192 1406 1509 1497 imaginis
1568 1401 2072 1472 dissimilitudi-

514 1538 699 1592 nem,
789 1514 904 1591 ibi,
979 1513 1059 1595 P,
1132 1541 1165 1575 «
1239 1514 1715 1580 Verumtamen
1808 1517 2067 1585 caveat,

521 1630 646 1690 etc.
695 1648 727 1684 n

604 1727 803 1796 Prior
849 1729 1024 1796 inter
1067 1729 1229 1796 istas
1260 1727 1484 1794 adhuc
1513 1725 1970 1792 subdividitur
2004 1723 2072 1789 in

509 1835 689 1903 -duas
731 1858 748 1904 ε
794 1837 861 1903 in
894 1858 1182 1926 quarum
1223 1835 1442 1924 prima
1483 1834 1699 1923 tangit
1736 1832 2074 1922 potentias

514 1945 593 2011 ‘in
623 1945 871 2035 quibus
903 1944 1253 2034 integritas
1282 1942 1592 2009 consistit
1630 1940 1975 2031 imaginis,
2010 1946 2076 2005 et

523 2050 813 2140 qualiter
834 2060 993 2118 sunt
1039 2049 1396 2130 distinctas,
1431 2055 1496 2116 et
1541 2068 1756 2114 unum
1805 2047 1874 2113 in
1906 2043 2076 2112 sub-

519 2162 791 2240 stantia,
841 2162 1004 2239 vita,
1040 2167 1105 2228 et
1148 2165 1399 2226 mente.
1444 2155 1521 2224 In
1569 2154 1865 2224 secunda
1911 2176 2073 2222 vero

515 2270 939 2340 demonstrat
982 2266 1443 2359 aequalitatem
1486 2288 1719 2334 earum
1768 2264 1852 2333 ad
1895 2262 2076 2330 invi-

515 2403 692 2458 cem,
726 2378 844 2455 ibi,
888 2377 976 2460 H,
1017 2403 1050 2442 a
1093 2376 1447 2468 AEqualia
1477 2376 1684 2442 etiam
1729 2382 1892 2441 sunt
1937 2393 2072 2439 non

512 2485 745 2555 solum
773 2484 1084 2575 sinqrela,
1118 2492 1245 2551 etc.
1274 2506 1307 2547 ι

605 2592 690 2660 Et
739 2593 894 2682 quia
963 2590 1152 2658 locus
1192 2591 1316 2656 iste
1374 2586 1665 2656 difficilis
1722 2595 1847 2663 est,
1919 2586 2070 2654 ideo

516 2696 917 2780 notandum,
953 2694 1137 2787 quod
1168 2697 1386 2786 prima
1417 2716 1574 2784 pars
1601 2716 1741 2760 non
1771 2695 2070 2761 continet

516 2810 646 2876 nisi
704 2830 919 2874 unum
981 2802 1383 2895 capitulum,
1437 2805 1505 2871 in
1572 2826 1709 2894 quo
1769 2804 2069 2893 quinque

518 2923 675 2982 sunt
704 2910 1105 3004 paragraphi
1136 2933 1151 2978 ε
1187 2911 1256 2978 in
1289 2932 1582 3002 quorum
1618 2911 1838 3001 primo
1860 2908 2070 2977 deter-

518 3019 735 3088 minat
791 3018 1136 3110 Magister,
1195 3017 1379 3109 quod
1423 3019 1648 3107 imago
1711 3016 1828 3085 Dei
1879 3038 2070 3107 qum-

518 3126 726 3197 renda
763 3133 862 3196 est
904 3128 970 3193 in
1016 3134 1245 3193 nostra
1298 3134 1549 3201 mente,
1610 3147 1691 3192 eo
1733 3124 1914 3216 quod
1953 3123 2066 3191 illa

512 3245 700 3327 parte
740 3243 969 3302 nostra
1019 3243 1262 3301 natura
1318 3231 1491 3301 nihil
1539 3229 1741 3301 hahet
1794 3232 2059 3300 melius.

501 3334 592 3410 *In
621 3341 945 3419 secund0,
988 3341 1279 3410 ostendit
1315 3339 1498 3431 quod
1539 3342 1708 3405 ratio
1751 3339 2066 3430 imaginis

513 3457 612 3518 est
667 3451 735 3517 in
786 3458 1015 3518 mente
1062 3471 1079 3516 ε
1134 3448 1295 3539 quia
1332 3470 1543 3539 capax
1597 3446 1717 3514 Dei
1767 3456 1895 3523 est,
1955 3442 2063 3512 vel

513 3556 673 3647 quia
717 3554 894 3645 capit
941 3554 1191 3645 ipsum,
1237 3550 1358 3635 ibi,
1413 3576 1446 3617 a
1508 3553 1588 3619 Iu
1650 3552 1798 3642 ipsa
1854 3552 2063 3618 etiam

514 3671 732 3727 mente
760 3669 1126 3752 antequam
1157 3661 1250 3728 sit
1280 3660 1626 3750 particeps
1656 3660 1811 3742 Dei,
1851 3669 1977 3728 etc.
2025 3685 2058 3726 1·

513 3768 588 3837 In
656 3770 855 3837 tertio
928 3793 1091 3837 vero
1170 3767 1464 3835 ostendit
1543 3769 1744 3835 trium
1812 3769 2062 3836 virium

509 3877 1062 3946 constituentium
1097 3879 1496 3967 imaginem,
1529 3876 2059 3957 distinctionem,

511 3992 577 4052 et
614 3984 948 4063 ordinem,
999 3983 1118 4056 ibi.
1174 4012 1203 4046 ι
1258 3986 1430 4051 Ecce
1476 3985 1653 4050 enim
1706 4007 1891 4050 mens
1922 4007 2064 4051 me·

511 4092 738 4168 minii,
772 4102 899 4160 etc.
949 4119 980 4152 a
1018 4091 1093 4157 ln
1151 4099 1396 4181 quarto
1431 4089 1723 4158 ostendit
1776 4089 2063 4181 qualiter

514 4202 638 4269 ista
668 4211 823 4269 sunt
865 4223 1075 4267 unum
1110 4200 1177 4266 in
1207 4199 1586 4267 substantia
1632 4202 1904 4279 mentis,
1941 4200 2055 4277 ibi,

520 4342 549 4372 α
608 4312 766 4380 llaec
822 4334 980 4401 erqo
1055 4313 1221 4387 Iria,
1293 4319 1371 4376 u!
1436 4311 1537 4375 m‘!
1602 4311 2055 4399 Ληφιείὶηης,

511 4425 636 4487 etc.
678 4444 709 4478 ιο
745 4415 996 4496 Quinto
1045 4425 1109 4483 et
1157 4414 1428 4491 ultimo,
1463 4415 1754 4483 ostendit
1806 4418 1870 4483 in
1923 4440 2058 4506 quo

511 4526 637 4592 ista
676 4533 833 4591 sunt
885 4523 1169 4590 alterum
1212 4523 1296 4589 ad
1354 4523 1671 4600 alterum,
1704 4532 1768 4590 et
1799 4524 1869 4591 in
1923 4547 2058 4614 quo

508 4654 676 4710 non,
711 4631 828 4708 ibi,
867 4661 898 4693 «ι
933 4633 1267 4699 ⁴llemore'a
1308 4655 1463 4698 vero
1502 4632 1758 4698 dicitur
1796 4631 1895 4699 ad
1918 4634 2061 4700 ati-

508 4738 703 4830 qufd,
764 4748 891 4806 elc-
948 4769 978 4800 >l

599 4846 730 4913 l'er
804 4844 978 4913 hanc
1024 4846 1428 4915 divisionem
1482 4857 1654 4938 patet
1727 4848 2058 4916 sententia

509 4954 706 5044 primi
750 4955 1051 5046 capituli.

573 5664 680 5759 (δ’.
722 5674 1169 5771 Ritauttssljb.
1198 5679 1271 5762 de
1302 5680 1575 5777 Synodis.

1525 376 1611 444 D.
1654 376 1857 444 ALB.
1903 374 2119 444 MAG.
2166 343 2381 483 oRnJ
2425 374 2724 480 PRAED.
2809 425 2812 426 f

2584 876 3088 947 ARTICULUS
3127 879 3316 960 XIX.

2639 1091 2830 1175 Quid
2850 1094 2942 1160 sit
2973 1096 3205 1185 z'maqo
3233 1093 3273 1160 ἴ)

2265 1399 2510 1467 Incidit
2538 1408 2766 1468 autem
2817 1399 2928 1471 hic
2986 1403 3406 1494 quadruplex
3446 1405 3728 1475 dubium

2177 1515 2334 1573 ante
2366 1507 2863 1596 expositionem
2903 1509 3208 1578 Litterae.
3252 1510 3479 1579 Primo
3528 1512 3728 1581 modo

2178 1614 2362 1678 enim
2410 1614 2858 1704 quaerendum
2917 1625 3042 1693 est,
3090 1616 3269 1706 [quid
3323 1620 3410 1684 sit
3452 1621 3733 1711 imago?

2181 1717 2524 1798 Secund0‚
2598 1743 2746 1811 quae
2799 1731 2962 1791 sunt
3027 1711 3399 1814 imaginem
3469 1728 3731 1795 consti-

2179 1828 2489 1895 tuentia?
2515 1819 2763 1906 Tertio,
2799 1830 2870 1896 in
2911 1853 3048 1921 quo
3094 1832 3268 1899 sicut
3313 1833 3381 1898 in
3428 1832 3729 1925 subjecto

2178 1933 2266 2000 sit
2303 1934 2582 2025 imago?
2611 1934 2892 2015 Quart0,
2931 1947 3240 2027 respectu
3287 1941 3477 2030 cujus
3533 1940 3727 2031 obje-

2178 2040 2266 2108 cti
2298 2042 2440 2109 sive
2470 2043 2915 2134 cognocibilis
2941 2046 3028 2113 sit
3059 2046 3311 2137 imago,
3354 2055 3582 2115 utrum
3623 2071 3731 2117 re-

2181 2160 2413 2242 spectu
2477 2155 2815 2232 omnium,
2887 2154 2996 2223 vel
3072 2164 3379 2247 respectu
3445 2156 3731 2250 alicujus

2179 2258 2562 2349 specialiter
2580 2262 2618 2328 ?

2266 2362 2472 2434 Cinea
2513 2369 2808 2458 primum
2848 2368 3238 2459 proceditur
3265 2372 3361 2440 sic
3405 2394 3422 2439 ε

2269 2474 2445 2545 Dicit
2493 2475 2794 2545 Hilarius
2828 2500 2844 2546 ε
2885 2478 3122 2570 Imago
3182 2489 3282 2548 est
3312 2482 3403 2549 rei
3460 2482 3544 2550 ad
3583 2506 3726 2551 rem

2176 2586 2667 2675 coaequandam
2726 2586 2928 2655 unica
2966 2596 3033 2654 et
3080 2588 3437 2657 indiscreta
3482 2590 3729 2658 simili-

2176 2694 2343 2762 tudo
2386 2696 2431 2761 ¹.
2477 2693 2674 2772 Item,
2703 2695 3005 2764 Hilarius
3039 2718 3055 2764 :
3093 2696 3329 2790 Imago
3361 2707 3460 2766 est
3511 2701 3604 2768 rei
3642 2700 3727 2769 ad

2177 2822 2319 2866 rem
2369 2800 2858 2891 coaequandam
2917 2800 3290 2871 similitudo
3354 2815 3421 2872 et
3473 2806 3720 2874 unitas.

2177 2906 2349 2975 Cum
2406 2916 2635 2976 autem
2683 2908 2863 2978 dicat
2904 2912 3330 3002 Augustinus
3395 2936 3599 3005 super
3651 2914 3729 2982 il·

2175 3011 2317 3081 lum
2367 3013 2593 3083 locum
2644 3013 2899 3084 Psalmi
2951 3040 3042 3099 iv,
3076 3019 3116 3085 7
3161 3039 3178 3086 ε
3220 3019 3591 3109 Siqnalum
3630 3031 3729 3089 est

2170 3143 2379 3213 super
2423 3143 2571 3200 nos,
2606 3131 2764 3203 etc.,
2807 3123 2992 3215 quod
3032 3133 3133 3191 est
3177 3125 3405 3215 imago
3436 3130 3727 3196 creatio-

2174 3231 2305 3306 nis,
2338 3239 2405 3297 et
2436 3230 2894 3307 recreationis,
2930 3240 2997 3299 et
3023 3232 3511 3316 similitudinis,
3545 3258 3726 3326 quae-

2172 3345 2361 3403 ratur
2396 3346 2626 3404 utrum
2660 3340 3120 3407 communiter
3165 3338 3250 3408 ad
3292 3363 3531 3410 omnes
3563 3342 3722 3411 ima·

2172 3445 2364 3533 gines
2394 3443 2544 3511 illas
2573 3443 3002 3514 diffiniatur?

2268 3552 2327 3619 l.
2396 3550 2686 3619 Videtur
2739 3553 2921 3643 quod
2980 3574 3121 3622 non
3192 3576 3207 3623 :
3278 3555 3436 3645 quia
3496 3556 3719 3648 imago

2171 3657 2530 3724 creationis
2607 3658 2776 3725 ratio
2833 3668 2935 3726 est
2986 3680 3003 3725 :
3056 3667 3123 3727 et
3182 3659 3297 3727 illa
3334 3660 3537 3730 habet
3584 3685 3722 3731 ma-

2169 3789 2375 3856 gnam
2453 3766 2932 3836 discretionem
3006 3768 3093 3837 ab
3175 3768 3292 3837 illo
3366 3771 3558 3861 cujus
3623 3782 3724 3842 est

2173 3875 2426 3966 imago.

2259 3983 2323 4047 2.
2361 3981 2721 4061 l‘raeterea,
2763 3982 2944 4051 Intra
2975 3982 3131 4051 dicit
3165 3983 3507 4076 Magister,
3538 3988 3720 4079 quod

2169 4111 2251 4155 ex
2305 4111 2554 4179 magna
2595 4099 2782 4180 parte
2821 4099 2921 4159 est
2971 4091 3450 4162 dissimilitudo
3498 4119 3514 4162 :
3557 4118 3717 4188 ergo

2170 4203 2267 4261 est
2297 4194 2613 4263 discreta.

2258 4302 2323 4369 3.
2384 4299 2581 4382 Item,
2613 4299 2768 4370 Non
2823 4313 3130 4396 coaequat
3168 4306 3561 4376 Trinitatem
3610 4312 3718 4378 in-

2168 4422 2462 4477 creatam
2506 4414 2735 4504 imago
2765 4422 2992 4482 creata
3037 4438 3052 4481 :
3097 4439 3257 4507 ergo
3291 4439 3426 4484 non
3465 4441 3719 4488 conve-

2170 4517 2263 4583 nit
2298 4514 2637 4584 diffinitio.

2260 4625 2322 4690 t.
2362 4623 2557 4701 nem,
2590 4627 2886 4694 secunda
2924 4627 3239 4697 diffinitio
3286 4627 3469 4708 dica,
3515 4608 3753 4699 simi:

2173 4728 2395 4797 liludo
2447 4741 2513 4799 et
2579 4732 2813 4800 unitas
2879 4755 2901 4800 .·
2961 4741 3025 4802 et
3076 4732 3208 4803 lnoc
3263 4758 3399 4804 non
3453 4737 3719 4806 videtur

2170 4838 2448 4928 imagini
2490 4841 2854 4907 convenire
2898 4864 2914 4908 :
2958 4841 3118 4931 quia
3173 4841 3333 4909 dicit
3382 4845 3714 4934 Augusti-

2166 4969 2296 5012 nus
2328 4948 2394 5013 in
2426 4944 2601 5013 libro
2639 4946 2722 5015 de
2771 4948 2995 5015 decem
3041 4948 3334 5026 chordis,
3378 4952 3557 5041 quod
3597 4952 3713 5019 ali·

2167 5062 2269 5119 ter
2297 5063 2397 5121 est
2447 5055 2677 5144 imago
2715 5056 2894 5145 regis
2937 5056 3004 5122 in
3049 5055 3189 5123 tilio
3220 5079 3371 5142 suo,
3413 5068 3476 5125 et
3513 5058 3714 5132 ,aliter

2168 5164 2237 5229 in
2267 5160 2486 5230 solido
2517 5184 2723 5231 aureo
2760 5187 2775 5231 ε
2809 5166 2970 5256 quia
3009 5164 3080 5232 in
3110 5163 3249 5232 tilio
3288 5174 3387 5234 est
3433 5169 3603 5236 sicut
3643 5171 3710 5237 in

2167 5268 2404 5336 eodem
2440 5269 2509 5336 in
2548 5278 2790 5337 natura
2838 5270 3143 5339 traducta
3190 5293 3228 5338 a
3256 5276 3464 5364 patris
3506 5286 3712 5344 natu-

2166 5397 2289 5442 ra:
2326 5376 2394 5443 in
2443 5374 2664 5443 solido
2692 5385 2930 5445 autem
2980 5399 3187 5446 aureo
3236 5389 3331 5447 est
3399 5383 3566 5449 sicut
3643 5383 3711 5451 in

2164 5483 2432 5551 diversa
2471 5494 2738 5563 natura,
2773 5493 2837 5554 et
2876 5487 3205 5577 impressa
3244 5497 3342 5556 est
3380 5489 3465 5557 ab
3494 5490 3712 5558 artifi-

3334 5794 3348 5805 ο
3392 5795 3567 5813 ιι-α.-
