4897 6388
481 331 612 398 230
1481 321 1566 397 Π.
1617 329 1820 397 ALB.
1874 313 2096 399 MAG'.

271 512 285 527 “
404 499 433 542 -ὶ
470 492 623 576 ‘vita
656 484 797 568 non
837 500 1067 569 dicant
1098 502 1261 592 quid
1306 479 1692 569 distensum
1725 495 2047 567 virtuali-

404 645 407 650 ·
481 615 609 686 ter,
654 630 795 676 non
824 608 1027 676 debet
1068 609 1348 676 diffiniri
1377 630 1501 699 per
1566 629 1714 675 esse
1752 628 1881 673 nec
1937 605 2048 670 vi-

235 5165 433 5213 Solutio.

482 723 652 784 tam.

580 826 646 892 5.
692 822 889 903 Item,
932 823 1309 890 AEternitas
1343 829 1446 890 est
1476 824 1545 888 in
1570 843 1820 912 genere
1852 820 2052 886 dura·

487 930 736 997 tionis:
790 930 1133 1019 possessio
1182 937 1411 996 autem
1461 929 1621 996 vitae
1691 949 1833 995 non
1891 926 2054 993 dicit

487 1038 741 1105 durans
807 1038 1097 1128 aliquid,
1141 1037 1253 1106 vel
1319 1038 1752 1105 durationem
1802 1061 1817 1105 ε
1889 1059 2050 1127 ergo

490 1145 671 1213 male
712 1145 1042 1213 diffinitur
1080 1169 1199 1236 per
1232 1146 1425 1214 illud.

584 1254 648 1320 6.
708 1250 1069 1333 Praeterea,
1134 1252 1493 1320 Possessio
1553 1252 1800 1318 dicitur
1859 1248 2051 1339 quasi

492 1359 741 1449 pedum
775 1360 1025 1449 positio
1057 1382 1070 1426 :
1117 1369 1183 1427 et
1221 1360 1623 1442 transfertur
1652 1358 1736 1425 ad
1770 1380 1875 1425 res
1913 1357 2057 1425 for-

493 1476 726 1535 tunae:
782 1474 945 1557 erg'o
1014 1489 1153 1534 non
1211 1467 1485 1556 proprie
1564 1474 1664 1532 est.
1746 1472 2053 1554 respectu

493 1575 680 1642 vitae.

586 1682 652 1750 7.
689 1680 889 1764 Item,
926 1677 1168 1746 Omnis
1227 1677 1496 1746 duratio
1536 1686 1859 1767 protensa
1899 1685 2001 1745 est
2034 1702 2049 1744 ε

496 1786 766 1855 nullum
805 1795 1169 1877 potensum
1214 1793 1314 1854 est
1354 1793 1576 1853 totum
1600 1784 1846 1852 simul:
1892 1808 2056 1875 ergo

497 1897 840 1964 oeternitas
880 1902 1173 1984 quae‘est
1220 1893 1516 1976 durati0,
1569 1915 1709 1961 non
1768 1882 1870 1963 est
1917 1902 2059 1961 tota

499 2004 732 2073 simul.
1888 2045 1897 2051 ·

589 2113 655 2178 8.
702 2108 1073 2194 Praeterea,
1136 2107 1321 2175 Infra
1381 2105 1776 2193 habebitur,
1814 2133 1849 2174 α
1891 2109 2061 2176 Fuit

498 2219 621 2310 qui
658 2238 1042 2307 numquam
1074 2215 1325 2305 defuit,
1359 2225 1456 2282 est
1481 2217 1607 2305 qui
1631 2238 1899 2307 semper
1934 2226 2056 2296 est,

501 2327 632 2394 erit
660 2325 785 2417 qui
811 2347 1197 2415 numquam
1221 2323 1434 2391 deerit
1463 2336 1537 2390 ¹⁶:
1576 2350 1611 2387 >2
1645 2323 1774 2392 fuit
1801 2333 2060 2403 autem,

502 2442 572 2503 et
612 2439 741 2512 est,
787 2440 853 2499 et
883 2431 1035 2516 erit,
1077 2452 1218 2497 non
1257 2430 1493 2498 dicunt
1539 2438 1761 2498 totum
1803 2430 2010 2499 simul
2045 2454 2060 2498 :

505 2562 670 2630 ergo
723 2536 910 2629 quod
948 2558 1105 2605 cum
1147 2535 1279 2604 illis
1309 2543 1436 2615 est,
1498 2559 1636 2605 non
1689 2545 1793 2606 est
1844 2544 2068 2605 totum

502 2645 757 2716 simul:
808 2647 1153 2713 aeternitas
1218 2653 1449 2712 autem
1524 2668 1680 2712 cum
1736 2645 1874 2714 illis
1938 2653 2065 2726 est,

500 2765 582 2824 ut
612 2754 926 2822 videtur:
964 2775 1126 2844 ergo
1156 2774 1298 2821 non
1330 2761 1434 2820 est
1467 2761 1615 2821 tota
1653 2754 1887 2823 simul.

510 2911 511 2918 κ
597 2865 665 2932 9.
702 2861 1064 2943 Praeterea,
1094 2859 1344 2928 Totum
1377 2867 1442 2927 et
1472 2860 1681 2928 simul
1747 2861 2072 2932 videntur

510 2971 692 3040 idem
734 2969 999 3038 dicere:
1035 2976 1258 3035 totum
1299 2967 1487 3035 enim
1518 2977 1620 3036 est
1649 2970 1845 3059 cujus
1884 2969 2071 3038 nulla

511 3077 813 3170 partium
852 3082 955 3144 est
983 3084 1172 3143 extra
1192 3097 1263 3143 se
1274 3103 1300 3155 ,·
1315 3082 1383 3142 et
1402 3074 1610 3142 simul
1631 3077 1826 3165 cujus
1847 3085 2072 3168 partes

512 3191 583 3258 in
615 3210 688 3256 se
729 3192 1085 3255 constant:
1131 3208 1294 3275 ergo
1344 3182 1636 3253 alterum
1686 3185 2070 3277 superfluit,

512 3304 590 3365 ut
625 3294 919 3364 videtur.

611 3401 720 3471 10.
756 3399 1125 3481 Praeterea,
1162 3397 1383 3468 Omne
1415 3408 1638 3468 totum
1677 3397 1888 3469 habet
1914 3422 2078 3491 par-

515 3521 667 3581 tes:
710 3512 1053 3580 aeternitas
1091 3519 1319 3578 autem
1355 3532 1496 3579 non
1542 3508 1751 3579 habet
1803 3520 2071 3603 partes:

519 3641 685 3711 ergo
717 3617 1062 3686 aeternitas
1102 3639 1240 3684 non
1280 3615 1458 3686 bene
1496 3616 1746 3687 dicitur
1772 3627 1941 3687 tota.

608 3728 716 3797 ss.
742 3726 1109 3805 Praeterea,
1142 3724 1326 3793 Isaac
1358 3727 1427 3793 in
1458 3724 1634 3794 libro
1663 3725 1747 3795 de
1780 3727 2080 3818 Disfini-

515 3832 821 3901 tionibus
851 3831 1439 3931 dicit,·AEternitas
1469 3840 1574 3901 est
1593 3834 1892 3923 spatium
1922 3856 2081 3902 con-

510 3942 784 4009 tinuum
821 3962 961 4007 non
999 3939 1435 4008 intersectum
1470 3961 1487 4007 z
1531 3941 1829 4030 spatium
1850 3949 2080 4009 autem

512 4050 787 4118 videtur
830 4045 1083 4116 habere
1155 4056 1406 4138 partes,
1494 4058 1557 4115 et
1644 4071 1784 4116 non
1875 4049 2077 4117 simul

517 4177 803 4227 omnes:
838 4180 1006 4247 ergo
1064 4156 1362 4239 videtur,
1406 4156 1593 4247 quod
1645 4156 1826 4225 male
1873 4157 2076 4235 dicat,

518 4265 704 4358 quod
734 4274 834 4333 est
867 4273 1008 4332 tota
1050 4263 1284 4333 simul.

614 4376 719 4441 12.
770 4372 966 4451 ltem,
1013 4372 1388 4463 Dionysius
1421 4375 1489 4439 in
1528 4372 1704 4440 libro
1736 4373 1819 4440 de
1881 4374 2084 4441 Divi·

520 4483 628 4549 nis
720 4478 1116 4547 nominibus
1175 4501 1197 4546 .·
1263 4478 1643 4547 Aliternitas
1716 4488 1817 4547 est
1902 4481 2083 4547 anti-

524 4610 764 4679 quum,
818 4595 884 4655 et
926 4585 1378 4665 immutabile,
1425 4596 1492 4653 et
1525 4586 1913 4655 universale
1937 4610 2082 4655 mc-

522 4693 759 4762 tiendo
781 4698 826 4760 ⁹.
854 4693 983 4761 llic
1007 4702 1236 4760 autem
1272 4702 1519 4760 neuter
1556 4693 1938 4761 Aniciorum
1967 4693 2084 4761 dii·

525 4804 676 4870 finit
723 4824 843 4893 per
887 4803 1098 4870 vitam
1137 4822 1352 4890 :ergo
1404 4801 1672 4869 videtur
1720 4802 1897 4870 male
1957 4801 2086 4868 ‹lii-—

527 4911 721 4979 finire
753 4910 1059 4979 Boetius,

623 5124 932 5194 Somno.
970 5121 1373 5202 Dicendum,
1432 5118 1618 5210 quod
1668 5119 1739 5185 in
1804 5120 2091 5187 veritate

533 5233 812 5300 Boetius
865 5231 1113 5299 diffinit
1173 5228 1650 5304 aeternitatem,
1713 5226 2088 5293 secundum

535 5339 719 5432 quod
749 5347 851 5407 est
875 5339 944 5406 in
977 5362 1057 5407 eo
1090 5336 1274 5429 quod
1300 5358 1456 5404 vere
1486 5345 1817 5402 mternum
1848 5342 1990 5401 est:
2028 5341 2091 5399 et

604 5600 622 5634 ¹
654 5593 741 5654 Cl'.
771 5593 952 5660 Infra,
982 5592 1202 5649 Eadem
1231 5593 1368 5649 dist.
1401 5594 1549 5662 vm,
1589 5608 1723 5665 cap.
1757 5593 1818 5647 Β.

603 5686 627 5723 ²
657 5686 713 5742 S.
749 5684 1072 5754 Dicarsms,
1118 5682 1242 5754 Lib.
1298 5683 1371 5755 de
1415 5683 1657 5758 *Divinis
1716 5681 2087 5761 nominibus,

2146 320 2351 395 ORDss
2404 324 2701 394 PRAED.

2148 494 2279 563 hoc
2309 478 2637 585 accipitur
2662 494 2747 562 ab
2792 493 3128 564 Anselmo
3169 497 3240 564 in
3270 497 3693 586 Monoloqio,

2149 603 2264 671 ubi
2306 603 2466 670 dicit
2493 604 2589 671 sic
2622 626 2636 668 :
2684 601 2856 669 Cum
2896 602 3130 672 divina
3151 607 3528 674 substantia
3559 626 3696 672 non

2152 710 2240 775 sit
2271 708 2456 775 aliud
2487 708 2615 775 nisi
2637 709 2778 775 vita
2799 715 3009 774 suaet
3037 715 3378 780 aeternitas
3397 736 3545 792 sua,
3580 732 3702 778 nec

2154 818 2241 883 sit
2292 815 2521 906 aliquo
2577 814 2784 882 modo
2829 814 3309 899 terminabilis,
3378 842 3504 887 nec
3571 818 3700 885 nisi

2154 923 2355 992 simul
2386 932 2453 991 et
2480 923 2772 1014 perfecte
2809 929 2989 989 tota:
3018 925 3184 1013 quid
3215 926 3399 993 aliud
3424 934 3523 994 est
3542 948 3700 993 vera

2152 1032 2492 1099 aeternitas
2524 1053 2674 1122 quae
2733 1029 2830 1097 illi
2888 1028 3050 1096 solit
3104 1035 3454 1113 convenit,
3497 1055 3701 1123 quam

2154 1137 2675 1206 interminabilis
2712 1138 2878 1216 vita,
2912 1135 3123 1205 simul
3155 1147 3221 1208 et
3246 1140 3532 1231 perfecte
3566 1146 3702 1206 tota

2156 1247 2517 1313 existens?
2562 1244 2759 1313 Unde
2817 1250 3025 1334 patet,
3095 1248 3286 1336 quod
3365 1249 3508 1339 ipse
3563 1269 3701 1313 non

2157 1352 2400 1419 diffinit
2427 1352 2896 1430 aeternitatem,
2940 1353 3316 1421 secundum
3366 1353 3546 1445 quod
3587 1376 3703 1420 ac-

2157 1460 2403 1549 cipitur
2452 1458 2787 1527 abstracte
2832 1464 2897 1525 et
2945 1456 3364 1530 formaliter:
3408 1462 3526 1530 sed
3587 1484 3705 1551 po·

2156 1569 2290 1636 tius
2320 1566 2782 1646 materialiter,
2816 1565 3190 1636 secundum
3220 1570 3401 1661 quod
3422 1579 3520 1638 est
3539 1591 3701 1636 con·

2158 1676 2452 1743 siderare
2494 1675 2754 1743 camin
2793 1674 3100 1759 duranto,
3145 1699 3299 1767 qnae
3357 1687 3457 1746 est
3502 1698 3705 1744 causa

2160 1785 2535 1851 durationis
2564 1781 2879 1862 aliorum,
2908 1780 3088 1848 unde
3126 1785 3268 1851 vita
3297 1785 3548 1853 durans
3594 1784 3701 1851 di·-

2163 1895 2336 1961 citur
2363 1891 2475 1959 hic
2513 1891 2879 1971 aeternitaS,
2908 1899 2985 1956 ut
3017 1890 3498 1961 mihividetur.
3532 1890 3701 1959 Cum

2165 2007 2392 2068 autem
2422 1999 2510 2065 sit
2545 1996 2901 2088 multiplex
2943 1996 3108 2076 vita,
3161 2000 3415 2069 scilicet
3459 2021 3704 2067 secun-

2166 2107 2325 2174 dum
2378 2128 2548 2183 esse,
2611 2112 2678 2172 et
2743 2102 3117 2171 secundum
3167 2105 3342 2175 bene
3408 2127 3598 2174 esse:
3640 2111 3708 2170 et

2163 2216 2393 2282 vivere
2441 2210 2813 2280 secundum
2875 2209 3045 2277 benc
3109 2234 3255 2281 esse
3326 2213 3698 2282 secundum

2163 2342 2464 2402 sensum,
2506 2318 2769 2386 sicutin
2796 2315 3183 2406 voluptate:
3230 2330 3295 2388 et
3331 2320 3703 2388 secundum

2161 2426 2603 2508 intellectum,
2648 2424 2822 2492 sicut
2852 2423 2921 2489 in
2961 2425 3267 2493 moribus
3295 2450 3310 2493 :
3344 2435 3411 2495 et
3441 2424 3570 2493 hoc
3597 2448 3705 2492 se-

2159 2533 2458 2603 cundum
2496 2540 2750 2600 statum
2788 2551 3061 2598 morum
3104 2531 3172 2599 in
3212 2534 3549 2611 civilibuS,
3601 2532 3707 2599 vel

2162 2643 2232 2708 in
2262 2640 2478 2732 gratia
2518 2661 2534 2704 ε
2578 2645 2645 2706 et
2694 2635 2974 2704 ulterius
3030 2640 3402 2709 secundum
3458 2648 3706 2707 statum

2164 2751 2290 2817 viae
2320 2758 2381 2818 et
2407 2750 2637 2839 patriae
2672 2755 2781 2814 :et
2810 2745 3094 2813 ulterius
3114 2750 3492 2817 secundum
3518 2749 3712 2817 Crea-

2168 2868 2383 2927 torem
2430 2867 2495 2926 et
2560 2863 2978 2924 creaturam:
3032 2878 3172 2924 non
3229 2860 3555 2950 accipitur
3603 2858 3711 2926 hio

2170 2969 2307 3034 vita
2339 2965 2606 3056 proprie
2638 2962 3011 3032 secundum
3051 2964 3362 3035 Anselmi
3394 2966 3710 3058 explana·

2171 3073 2422 3140 tionem
2454 3071 2583 3138 nisi
2613 3068 2987 3139 secundum
3029 3069 3478 3153 intellectum,
3540 3083 3602 3141 ct
3643 3075 3710 3140 in

2175 3179 2490 3249 Creatore
2529 3180 2646 3269 qui
2684 3177 2873 3246 solus
2915 3180 3186 3269 proprie
3241 3189 3536 3251 aeternus
3585 3188 3705 3249 est.

2178 3286 2310 3355 Sed
2353 3285 2460 3355 hic
2489 3287 2629 3354 vita
2666 3286 2992 3375 accipitur
3024 3295 3096 3353 ut
3135 3292 3554 3381 participata,
3605 3288 3709 3356 vel

2179 3395 2247 3462 in
2279 3417 2349 3462 se
2422 3392 2495 3461 Si
2535 3400 2610 3459 ut
2639 3394 3061 3483 participata,
3092 3393 3189 3464 sic
3243 3407 3344 3465 est
3383 3398 3449 3464 in
3499 3396 3714 3487 parti-

2178 3500 2559 3591 cipantibus
2596 3500 3070 3577 aeternitatem,
3111 3509 3187 3568 ut
3227 3503 3296 3570 in
3330 3503 3552 3571 Beatis
3599 3502 3712 3593 qui

2182 3633 2321 3678 non
2351 3620 2506 3678 sunt
2541 3619 2818 3677 aeterna.
2855 3607 2926 3674 Si
2961 3615 3184 3677 autem
3229 3613 3297 3679 in
3346 3636 3417 3679 sc
3466 3611 3718 3700 accipi-

2180 3728 2314 3797 tur,
2348 3718 2570 3785 adbuc
2598 3715 2983 3809 dupliciter,
3049 3716 3303 3787 scilicet.
3360 3730 3561 3811 prout
3616 3727 3717 3786 cst

2183 3837 2370 3894 actus
2407 3825 2682 3915 spiritus
2712 3821 3083 3889 secundum
3114 3826 3445 3894 rationem
3477 3825 3720 3894 intelli-

2179 3933 2476 4025 gendiet
2509 3932 2792 4023 primus,
2840 3940 2904 3997 et
2952 3932 3047 3997 sic
3097 3956 3234 4002 non
3277 3935 3600 4026 accipitur
3648 3934 3716 4000 in

2189 4042 2448 4109 ratione
2486 4060 2846 4117 mensurat,
2908 4038 3036 4105 nisi
3086 4039 3253 4108 forte
3314 4041 3724 4131 exemplari-

2187 4158 2289 4217 ter
2316 4154 2514 4239 prout
2553 4146 2687 4213 alia
2719 4146 3173 4236 propinquant
3205 4149 3287 4216 ad
3343 4148 3532 4216 illud.
3588 4151 3724 4215 Ac-

2184 4259 2431 4347 cipitur
2466 4256 2670 4322 etiam
2701 4260 2899 4344 prout
2932 4251 3303 4325 formaliter
3331 4257 3722 4325 considera-

2185 4373 2295 4432 tur
2322 4385 2443 4452 prn
2477 4362 2621 4451 ipsa
2650 4359 3005 4426 duratione
3042 4382 3055 4425 :
3098 4371 3163 4428 ct
3220 4364 3314 4431 sic
3354 4374 3449 4432 est
3494 4365 3559 4432 in
3611 4387 3722 4432 ra-

2186 4476 2369 4541 tione
2407 4491 2771 4547 mensurae,
2806 4475 2869 4535 et
2907 4465 3108 4535 habet
3138 4493 3209 4539 se
3238 4473 3320 4539 acl
3344 4474 3508 4541 alias
3543 4497 3726 4541 men·

2186 4604 2404 4658 suraS,
2440 4588 2513 4646 ut
2542 4599 2768 4654 causa,
2813 4583 2878 4643 ct
2908 4598 3266 4648 mensura:
3311 4591 3376 4649 ct
3408 4606 3722 4650 mensura

2188 4686 2618 4777 exemplaris.
2678 4693 2745 4752 et
2806 4706 3122 4752 mensura
3197 4689 3555 4757 excellens,
3639 4690 3722 4757 Ut

2190 4818 2431 4864 causa:
2469 4796 2625 4886 quia
2657 4794 2811 4861 dicit
2860 4793 3223 4883 Dionysius
3278 4800 3343 4864 in
3412 4797 3585 4865 libro
3646 4799 3727 4866 de

2191 4904 2466 4971 Divinis
2529 4899 2920 4968 nominibus
2960 4922 2982 4967 .·
3026 4899 3209 4969 Deus
3265 4916 3556 4973 aeternus
3630 4914 3731 4973 est

2193 5011 2595 5089 laudandus,
2640 5008 3009 5077 secundum
3061 5011 3240 5099 quod
3284 5015 3423 5104 ipse
3466 5022 3561 5081 est
3626 5014 3731 5081 ia-

2195 5127 2342 5187 ctor
2377 5121 2503 5186 {evi
2540 5124 2603 5186 et
2652 5118 3000 5206 temporis²
3062 5127 3212 5185 ante
3289 5122 3532 5190 saecula
3588 5125 3736 5190 exi-

2194 5231 2379 5292 stens
2408 5225 2458 5292 ³.
2517 5223 2598 5290 l't
2641 5243 2960 5290 mensura
2991 5231 3215 5291 autem
3276 5228 3680 5319 exemplaris
3713 5253 3730 5295 τ

2194 5330 2349 5419 quia
2380 5329 2513 5396 alia
2574 5330 2927 5396 imitantur
2993 5326 3207 5417 ipsam
3265 5334 3335 5401 in
3400 5344 3728 5426 quantum

2194 5609 2322 5665 cap.
2359 5595 2444 5647 ¹0.

2265 5682 2290 5718 ³
2322 5683 2474 5750 tntu,
2509 5680 2752 5736 lbidem.
