4897 6388
418 3409 613 3456 solutio.

696 280 825 346 226

692 449 808 537 qui
874 473 1015 518 non
1072 421 1333 542 accipis
1365 449 1653 539 simplex
1717 447 1948 514 multis
2015 444 2232 511 modis

690 555 1172 646 significatum,
1258 558 1389 624 nisi
1469 552 1939 644 componendo
2019 573 2231 617 unum

689 685 847 731 cum
878 664 1010 732 alio
1041 674 1108 733 et
1136 663 1521 741 dividendo,
1556 661 1711 729 licet
1747 659 2120 749 composita
2170 667 2235 724 et

691 772 906 841 divisa
973 773 1153 841 idem
1192 774 1349 840 sint.
1399 772 1587 837 Tunc
1653 770 1987 858 objicitur,
2052 767 2231 857 quod

690 880 1063 948 secundum
1112 878 1266 957 hoe,
1310 881 1532 946 omnis
1572 886 1800 945 noster
1858 874 2232 943 intellectus

691 972 815 1052 est:⁴
864 984 1072 1051 falsus
1139 984 1221 1051 de
1291 984 1459 1064 De0,
1539 1005 1693 1050 cum
1747 1003 1887 1048 non
1952 980 2233 1068 accipiat

688 1112 833 1157 rem
866 1093 1038 1157 sicut
1068 1100 1190 1166 est,
1243 1091 1360 1158 sed
1407 1092 1632 1181 potius
1671 1090 1843 1155 sicut
1907 1109 2045 1153 non
2102 1096 2224 1152 est.

692 1197 767 1265 Si
823 1198 994 1265 forte
1060 1198 1345 1280 dicatur,
1406 1197 1589 1288 quod
1637 1199 1732 1263 sic
1786 1203 1887 1262 est
1942 1194 2112 1260 sicut
2160 1195 2231 1259 in

689 1302 1209 1387 mathematicis,
1280 1301 1461 1393 quod
1520 1298 2053 1368 abstrahentium
2094 1320 2228 1364 non

688 1419 792 1480 est
855 1411 1313 1488 mendacium,
1365 1432 1446 1477 eo
1515 1408 1697 1499 quod
1763 1408 2043 1475 modum
2108 1407 2232 1473 ab-

689 1524 1074 1591 stractionis
1130 1544 1269 1589 non
1328 1529 1590 1610 ponunt
1648 1521 1717 1586 in
1774 1541 1843 1586 re
1898 1539 1914 1585 ε
1975 1519 2067 1583 ita
2121 1515 2232 1583 hic

688 1631 1068 1700 intellectus
1141 1651 1584 1721 componens,
1675 1628 1955 1695 modum
2029 1649 2228 1693 suum

686 1739 758 1806 in
815 1761 885 1806 re
941 1761 1082 1806 non
1146 1737 1361 1828 ponit.
1424 1736 1571 1803 Hoc
1618 1733 1785 1801 nihil
1838 1743 1935 1801 est
1996 1755 2010 1799 :
2071 1734 2231 1822 quia

685 1846 855 1915 licet
909 1847 1401 1915 mathematica>
1452 1844 1820 1912 secundum
1888 1864 2034 1910 esse
2096 1843 2231 1908 sint

689 1954 759 2021 in
799 1953 1244 2039 naturalibuS,
1284 1963 1349 2021 et
1378 1975 1516 2020 non
1556 1961 1860 2040 separata
1897 1949 2174 2040 ab‘ipsis
2209 1971 2223 2014 :

686 2069 918 2129 tamen
960 2083 1079 2151 per
1124 2082 1269 2128 esse
1325 2059 1716 2150 quantitatis
1779 2079 1918 2125 non
1978 2054 2229 2123 habent

689 2171 1024 2237 rationem
1109 2169 1534 2236 diffinitivam
1598 2190 1640 2234 a
1698 2164 2129 2268 ‘naturalibus
2206 2185 2221 2230 ε

689 2278 847 2367 quia
922 2278 1117 2346 aliter
1188 2277 1534 2367 aequivoce
1600 2275 1999 2341 diffiniretur
2052 2271 2226 2339 linea

689 2386 925 2477 lignea
981 2395 1051 2454 et
1115 2386 1377 2477 lapidea
1426 2407 1545 2476 per
1607 2405 1750 2452 esse
1805 2383 2222 2474 quantitatiS,

690 2496 877 2587 quod
942 2494 1186 2563 falsum
1256 2502 1356 2563 est
1424 2515 1439 2563 ε
1510 2494 1688 2561 unde
1754 2492 2226 2560 mathematica

688 2602 942 2672 habent
972 2603 1228 2694 aliquid
1256 2625 1338 2671 ex
1376 2610 1564 2692 parte
1595 2604 1714 2678 rei.
1755 2600 2007 2669 scilicet
2038 2608 2228 2667 natu-

690 2733 835 2778 ram
866 2712 1284 2801 quantitatis„
1317 2731 1521 2799 super
1557 2706 1737 2799 quod
1777 2715 2036 2797 ponunt
2094 2704 2228 2773 lm-

678 2819 982 2908 jusmodi
1019 2818 1564 2892 abstractionem,
1600 2817 1793 2884 aliter
1830 2817 2010 2884 enim
2053 2823 2224 2882 esset

683 2924 1067 3001 ¹intellectus
1106 2925 1313 2993 falsus
1347 2946 1363 2991 ε
1406 2924 1538 2992 hoc
1573 2931 1798 2992 autem
1856 2925 1923 2990 in
1981 2922 2227 2989 divinis

689 3031 860 3101 nihil
886 3033 1155 3101 videtur
1183 3055 1328 3101 esse
1366 3032 1546 3099 unde
1575 3033 1830 3100 oriatur
1868 3030 2228 3121 hujusmo-

692 3141 761 3209 di
789 3143 1221 3233 compositio.

786 3357 1097 3425 Somno.
1142 3357 1245 3424 Ad
1301 3356 1431 3424 hoc
1487 3358 1631 3424 sine
1681 3355 2067 3446 praejudicio
2132 3355 2228 3420 di-

695 3464 1010 3542 cendum,
1054 3463 1240 3554 qnod
1267 3463 1463 3531 valde
1539 3464 2016 3532 insufficientes
2072 3471 2227 3529 sunt

692 3570 1069 3640 solutiones
1109 3569 1586 3663 Magistrorum
1618 3593 2024 3662 magnorum
2062 3593 2228 3661 quo-

690 3679 1002 3748 rumdam
1045 3699 1061 3747 :
1098 3678 1279 3746 unde
1308 3677 1692 3756 «licendum,
1727 3679 1909 3769 quod
1938 3678 2006 3747 in
2043 3679 2227 3746 veri·

688 3793 826 3854 tate
855 3787 924 3854 in
954 3786 1203 3854 divinis
1232 3783 1416 3852 nulla
1445 3788 1850 3875 compositio
1897 3794 1996 3852 est
2043 3789 2110 3852 in
2155 3808 2222 3851 re

687 3892 833 3982 ipsa
868 3913 884 3959 ε
919 3899 1174 3973 tamen,
1214 3901 1288 3960 ut
1318 3892 1479 3959 dicit
1511 3894 1989 3971 Damascenus,
2037 3914 2223 3983 qute-

687 3997 844 4066 dam
875 3999 944 4067 in
976 3998 1222 4066 divinis
1251 3998 1633 4087 significant
1659 4008 1991 4074 naturam,
2035 4022 2225 4090 qua·-

687 4104 844 4173 dam
884 4106 1067 4197 quod
1109 4114 1419 4173 naturam
1450 4107 1852 4195 assequitur,
1910 4107 2074 4174 sicut
2109 4107 2220 4194 ju-

687 4222 860 4290 stus,
894 4223 959 4281 et
989 4216 1280 4303 sapiens.
1336 4212 1526 4280 Unde
1564 4213 1940 4281 intellectus
1996 4224 2225 4282 noster

690 4324 759 4390 in
792 4321 1180 4409 hujusmodi
1212 4321 1704 4411 compositione
1736 4329 1831 4388 est
1882 4323 1949 4387 in
1982 4322 2217 4413 triplici

686 4437 837 4497 actu
877 4430 983 4495 :si
1044 4429 1226 4494 enim
1276 4429 1644 4516 accipiatur
1690 4429 2220 4520 unumquodque

689 4536 973 4603 istorum
1036 4537 1393 4601 nominum
1457 4533 1827 4601 secundum
1894 4536 1958 4602 id
2009 4559 2047 4603 a
2086 4558 2221 4627 quo

688 4642 1089 4731 imponitur,
1122 4639 1230 4709 vel
1268 4640 1641 4708 secundum
1674 4640 1738 4707 id
1786 4642 1970 4730 quod
2007 4644 2223 4731 signi-

690 4751 871 4828 ticat,
904 4747 1084 4838 quod
1120 4747 1295 4814 idem
1330 4755 1457 4825 est,
1491 4745 1618 4814 erit
1646 4746 1817 4813 alius
1846 4747 2221 4817 intellectus

686 4856 1105 4935 substantia»,
1138 4865 1203 4923 et
1242 4854 1415 4921 alius
1453 4856 1829 4944 sapientire,
1862 4868 1928 4924 et
1994 4859 2083 4923 ita
2140 4857 2221 4923 de

685 4963 864 5044 aliis,
908 4972 982 5029 ut
1011 4972 1167 5031 ante
1197 4962 1448 5030 dictum
1480 4970 1605 5030 est.
1653 4962 1725 5029 Si
1765 4974 1991 5032 autem
2057 4966 2225 5031 acci-

686 5072 960 5162 piantur
987 5073 1116 5139 ista
1144 5070 1228 5137 ab
1259 5069 1600 5139 intellectu
1630 5082 1888 5151 nostro,
1949 5096 2084 5140 non
2150 5084 2222 5141 ut

688 5178 773 5245 ab
804 5201 885 5245 eo
921 5178 1104 5268 quod
1134 5176 1539 5267 significant,
1569 5177 1686 5244 sed
1716 5180 1783 5245 in
1817 5181 1964 5268 ipso
2000 5180 2063 5245 in
2086 5203 2220 5269 quo

686 5293 869 5363 sunt,
905 5285 1318 5374 accipientur
1345 5286 1576 5351 omnia
1607 5291 1682 5350 ut
1709 5307 1922 5351 unum
1952 5296 2017 5354 et
2047 5286 2220 5353 idem

686 5403 962 5483 propter
1026 5391 1362 5482 duplicem
1429 5390 1922 5482 simplicitatem
1988 5395 2217 5484 ipsius,

684 5500 939 5569 scilicet
968 5499 1487 5568 indifferentiam
1527 5499 1708 5590 quod
1748 5510 1845 5568 est
1870 5510 1937 5568 et
1976 5524 2118 5569 esse
2158 5513 2219 5568 et

678 5606 941 5698 aliquid
971 5629 1141 5686 esse,
1180 5607 1323 5674 sive
1360 5603 1672 5674 habentis
1710 5616 1774 5674 et
1806 5608 2036 5676 habiti.
2068 5609 2222 5676 Ter-

1687 277 1770 344 D.
1820 276 2018 344 ALB.
2071 272 2286 340 MAG.

2338 271 2544 339 Onu.
2598 271 2893 342 PRAED.
2979 375 2984 378 ι

2338 445 2470 508 tius
2499 451 2685 516 actus
2716 443 3097 512 intellectus
3138 446 3357 512 oritur
3404 464 3488 509 ex
3528 422 3891 505 collatione

2339 552 2538 616 unius
2572 549 2753 616 modi
2804 552 3231 642 intelligendi
3290 574 3449 619 cum
3508 546 3671 621 alio,
3717 541 3894 607 sicut

2338 657 2743 723 conferimus
2785 659 2848 723 id
2897 659 3081 749 quod
3123 660 3509 748 assequitur
3574 657 3888 719 naturam

2338 766 2406 830 in
2476 765 2732 830 ratione
2780 767 3229 856 assequentis,
3299 789 3438 831 non
3499 767 3565 829 in
3628 765 3890 829 ratione

2339 872 2730 948 identitatis,
2766 874 2851 938 ad
2872 884 3189 940 naturam
3217 895 3425 962 quam
3459 869 3881 960 assequitur:

2337 988 2403 1046 et
2432 979 2526 1045 sic
2556 978 2772 1045 oritur
2808 980 3190 1048 intellectus
3215 999 3638 1068 componens
3670 997 3884 1041 unum

2337 1110 2489 1155 cum
2521 1087 2759 1169 altero,
2805 1098 2872 1157 et
2925 1090 3230 1157 formans
3288 1087 3819 1177 compositiones
3864 1106 3879 1149 :

2337 1218 2486 1284 quae
2516 1204 2744 1261 tamen
2776 1205 2936 1264 nota
2965 1197 3485 1286 compositionis
3518 1217 3654 1260 non
3687 1200 3787 1259 est
3817 1191 3886 1256 in

2338 1302 2501 1379 Deo,
2545 1300 2675 1366 uisi
2715 1306 2782 1366 in
2819 1304 3077 1369 ratione
3108 1303 3363 1392 proprii
3432 1322 3670 1368 eorum
3731 1318 3885 1386 quae

2334 1416 2837 1497 componuntur
2879 1433 2893 1476 :
2937 1418 3102 1477 nota
3142 1418 3368 1476 autem
3437 1406 3886 1497 compositio-

2327 1519 2440 1583 ·nis
2482 1515 2702 1583 media
2742 1527 2844 1584 est
2882 1519 2964 1585 ab
3022 1517 3371 1585 intellectu
3441 1526 3703 1593 nostro,
3768 1512 3885 1604 qui

2336 1647 2474 1692 non
2513 1625 2865 1714 conjungit
2894 1649 2972 1694 ea
3011 1648 3168 1717 quae
3209 1625 3584 1694 secundum
3626 1646 3697 1690 se
3757 1620 3885 1688 ha-

2333 1732 2495 1799 bent
2534 1730 2834 1798 diversas
2865 1735 3164 1800 rationes
3203 1735 3352 1799 sine
3391 1740 3552 1800 nota
3600 1751 3883 1819 compo·

2332 1839 2596 1905 sitiouis
2627 1837 2867 1906 mediae
2911 1862 3042 1906 :ex
3067 1848 3259 1929 parte
3306 1848 3536 1906 autem
3591 1838 3687 1903 rei
3745 1858 3884 1902 non

2333 1945 2594 2013 notabit
2633 1947 2760 2012 ista
2788 1934 3204 2038 compositio¹
3243 1949 3372 2016 nisi
3432 1947 3879 2015 identitatem.

2332 2053 2416 2120 Et
2444 2056 2542 2122 sic
2579 2062 2761 2143 patet
2790 2056 3082 2144 qualiter
3152 2056 3534 2125 intellectus
3599 2076 3887 2143 compo-

2331 2184 2521 2238 nens,
2557 2160 2814 2251 aliquid
2844 2160 3051 2232 habet
3078 2166 3149 2230 in
3190 2162 3440 2231 divinis
3469 2184 3676 2252 supra
3699 2160 3886 2252 quod

2329 2268 2649 2335 fundatur
2678 2289 2762 2334 ex
2800 2279 2988 2358 parte
3026 2292 3268 2338 eorum
3310 2293 3462 2361 quae
3505 2269 3881 2358 componit,

2330 2378 2381 2442 si
2419 2374 2792 2445 secundum
2824 2379 3122 2445 rationes
3179 2381 3485 2469 proprias
3551 2377 3883 2466 accipian·

2331 2494 2463 2551 tur.
2604 2556 2607 2560 ,

2417 2593 2522 2658 An
2568 2613 2819 2658 ramum
2852 2615 3013 2684 ergo
3067 2594 3459 2678 dicendum,
3502 2593 3681 2685 quod
3722 2614 3878 2661 cum

2330 2697 2598 2774 dicitur,
2630 2696 2810 2763 Deus
2840 2707 2940 2766 est
2968 2709 3290 2779 aeternus,
3335 2709 3402 2768 et
3457 2697 3878 2788 hujusmodi,

2332 2812 2519 2871 notat
2537 2807 2941 2892 compositio
2967 2806 3392 2875 identitatem
3419 2810 3592 2876 inter
3619 2829 3699 2874 ea
3728 2828 3881 2895 qum

2330 2911 2702 2981 secundum
2737 2916 3030 2984 rationes
3060 2918 3370 3006 proprias
3421 2917 3883 2984 diversitatem

2331 3017 2605 3096 habent,
2649 3017 2806 3086 licet
2850 3045 2933 3089 ex
2973 3022 3282 3110 subjecto
3331 3022 3623 3091 habeant
3685 3023 3885 3089 iden-

2332 3128 2644 3194 titatem:
2697 3136 2756 3194 et
2830 3129 2981 3199 ideo
3053 3130 3287 3224 aliquo
3348 3131 3556 3200 modo
3613 3130 3890 3198 fulcitur

2335 3235 2712 3305 intellectus
2742 3263 3161 3329 componens
3190 3266 3398 3334 super
3418 3242 3886 3311 diversitatem

2334 3350 2670 3416 rationum
2703 3359 2776 3415 ut
2817 3349 3064 3419 habeat
3091 3354 3609 3442 componibilia,
3641 3361 3707 3421 et
3765 3377 3886 3420 su-

2335 3477 2453 3543 per
2483 3453 2895 3522 identitatem
2940 3458 3032 3525 rei
3083 3480 3168 3525 ex
3217 3471 3406 3548 parte
3448 3460 3733 3547 subjecti
3769 3480 3785 3527 :
3821 3466 3888 3526 et

2333 3562 2484 3629 ideo
2518 3564 2863 3650 componit
2901 3587 2979 3632 ea
3047 3569 3545 3656 compositione
3604 3575 3882 3633 notante

2332 3671 2510 3738 idem
2542 3671 2909 3741 secundum
2953 3697 3123 3756 rein,
3170 3676 3239 3742 in
3279 3699 3417 3766 quo
3458 3676 3695 3743 eodem
3741 3698 3886 3742 mo·

2332 3777 2419 3844 do
2452 3778 2533 3843 sit
2575 3778 2926 3847 diversitas
2956 3783 3242 3848 rationis
3273 3782 3649 3850 secundum
3691 3784 3882 3849 attri-

2332 3884 2493 3951 buta
2533 3884 2686 3953 sibi.
3015 3876 3025 3884 ⁸

2425 3994 2528 4059 An
2565 4016 2761 4059 Amen
2789 3995 3179 4076 dicendum,
3222 4000 3406 4090 quod
3439 4001 3562 4089 ipsi
3611 3999 3881 4067 aufere·

2329 4103 2490 4170 bant
2520 4111 2750 4169 notam
2789 4107 3353 4195 compositionis:
3399 4111 3554 4198 quia
3597 4109 3720 4197 ipsi
3774 4106 3882 4173 di·

2328 4213 2562 4278 cebant
2627 4219 2882 4279 tantum
2928 4236 3140 4280 unum
3191 4238 3337 4281 esse
3397 4217 3583 4281 omni
3645 4215 3878 4292 mode,

2327 4318 2577 4385 scilicet
2619 4339 2714 4393 re,
2758 4327 2823 4385 et
2880 4323 3139 4386 ratione
3176 4342 3191 4386 ε
3245 4330 3308 4387 et
3356 4324 3421 4388 in
3455 4321 3702 4388 talibus
3741 4344 3879 4388 non

2326 4433 2546 4514 potest
2588 4427 2747 4514 poni
2796 4428 3021 4518 aliqua
3078 4432 3513 4519 compositiO,
3557 4453 3637 4496 eo
3697 4429 3878 4518 quod

2330 4537 2394 4600 in
2427 4532 2677 4599 talibus
2694 4533 2875 4601 nulla
2914 4535 3404 4624 componibilia
3439 4536 3636 4605 revel
3671 4538 3883 4603 ratio-

2330 4665 2411 4707 ne
2445 4640 2743 4707 inveniat
2786 4642 3168 4710 intellectus
3202 4644 3363 4711 :sed
3396 4654 3652 4711 nonest
3685 4643 3773 4709 ita
3809 4644 3880 4710 in

2328 4748 2667 4815 attributis
2697 4748 2967 4832 divinis,
3022 4753 3091 4818 in
3132 4751 3381 4840 quibus
3420 4752 3724 4819 salvatur
3773 4750 3884 4816 di-

2328 4859 2610 4925 versitas
2642 4858 2918 4926 rationis
2957 4860 3469 4939 attributorum,
3523 4862 3675 4929 licet
3733 4882 3870 4927 non

2327 4965 2682 5032 diversitas
2717 4987 2966 5032 rerum.

2419 5073 2519 5138 An
2558 5093 2753 5137 Auci)
2782 5070 3168 5149 dicendum,
3204 5075 3389 5163 quod
3419 5098 3572 5144 cum
3606 5076 3874 5153 dicitur,

2329 5183 2536 5249 homo
2595 5190 2693 5246 est
2754 5180 2989 5263 homo,
3033 5182 3217 5272 quod
3269 5182 3395 5251 lme
3450 5208 3688 5253 verum
3731 5195 3875 5252 est:

2329 5291 2671 5380 quiainter
2693 5288 3198 5381 illacomposita
3225 5302 3500 5360 notatur
3520 5288 3879 5361 diversitas

2331 5422 2579 5473 rerum,
2641 5397 2893 5465 scilieet
2935 5399 3116 5489 quod
3152 5409 3250 5468 est
3284 5412 3349 5468 et
3388 5426 3577 5469 esse:
3624 5413 3688 5470 et
3730 5401 3879 5469 ideo

2329 5506 2547 5591 major
2578 5512 2675 5570 est
2708 5503 3060 5573 diversitas
3096 5509 3162 5574 in
3194 5509 3318 5576 ista
3349 5511 3876 5600 compositione,

2328 5612 2537 5679 homo
2579 5619 2674 5679 est
2719 5611 2947 5699 homo,
2994 5638 3201 5706 quam
3253 5618 3322 5685 in
3364 5620 3514 5703 ista,
3567 5618 3749 5686 Deus
3778 5625 3876 5683 est

4002 3992 4078 4038 Ad
4107 3996 4148 4038 ⁸0⁶.

4004 5064 4083 5108 ΑιΙ
4112 5063 4156 5110 3.
