4897 6388
1736 335 1769 410 ζ’
1833 315 1927 385 IN
1976 315 2004 380 Ι
2057 311 2481 381 SENTENT.
2533 308 2758 378 DIST.
2814 306 2902 389 lI,
2954 303 3287 395 H‚⁸ART.
3334 302 3443 368 28.
4135 329 4144 339 ·
4214 294 4296 361 89

1069 484 1249 552 valet
1290 510 1307 553 ε
1352 486 1436 553 In
1465 485 1762 564 nomine,
1797 493 1949 560 etc„
1989 491 2345 573 quantum,
2371 483 2440 548 in
2480 481 2624 547 vir-

1073 603 1265 659 tuosa
1303 593 1597 659 essentia
1646 593 1837 681 cujus
1880 592 2092 678 virtus
2133 590 2435 657 notificat
2468 588 2623 654 Tri-

1068 700 1346 766 nitatem
1388 722 1860 789 personarum.

1398 1119 1902 1188 ARTICULUS
1950 1118 2273 1187 XXVIII.

1060 1338 1168 1403 An
1226 1336 1643 1427 pronomina
1714 1337 1847 1403 ista
1922 1337 2420 1403 distinctionem
2489 1335 2621 1401 ali-

1150 1466 1360 1533 quam
1409 1453 1641 1511 notent
1670 1466 1824 1511 cum
1879 1445 2155 1522 dicitur,
2190 1444 2291 1510 Ex
2342 1444 2515 1533 ipso,
2552 1450 2619 1511 et

1154 1573 1275 1640 per
1305 1553 1553 1640 ipsum,
1597 1561 1663 1620 et
1703 1552 2004 1642 inipso?

1148 1884 1413 1953 Deinde
1464 1884 1781 1974 objicitur
1826 1886 1907 1954 de
1964 1885 2092 1954 hoc
2142 1887 2326 1977 quod
2379 1887 2540 1956 dicit
2593 1911 2608 1958 ε

1067 2016 1101 2055 ι
1139 1991 1480 2075 Quoniam
1528 2016 1613 2060 ex
1664 1994 1836 2084 ipw,
1883 2004 1946 2062 e!
1977 2019 2099 2086 per
2139 1996 2390 2086 ipsum,
2443 2004 2507 2061 e!
2546 1997 2613 2061 in

1064 2099 1214 2190 ipso
1243 2110 1404 2168 sunt
1432 2101 1693 2183 omnia,
1736 2111 1864 2171 etc.
1910 2131 1941 2164 ι»

1153 2207 1491 2278 Videntur
1535 2213 1717 2280 enim
1772 2215 2283 2304 praepositiones
2339 2214 2614 2304 quidem

1063 2312 1522 2386 diversitatem
1575 2327 1834 2397 notare,
1898 2344 1978 2388 eo
2024 2320 2208 2411 quod
2245 2321 2614 2389 transitivae

1060 2433 1242 2493 sunt.
1321 2428 1456 2496 Sed
1531 2430 1691 2520 quia
1765 2454 1977 2498 unum
2062 2440 2158 2500 est
2236 2454 2614 2521 pronomen

1062 2532 1247 2619 quod
1295 2537 1624 2625 accipitur
1682 2561 1836 2604 cum
1890 2539 2075 2629 ipsis,
2110 2538 2380 2606 videtur
2431 2539 2615 2631 quod

1058 2638 1142 2705 ad
1183 2639 1361 2709 idem
1414 2645 1818 2733 pertineant,
1852 2655 1915 2713 et
1966 2647 2052 2714 ita
2118 2670 2254 2714 nou
2298 2646 2618 2717 videntur

1056 2755 1295 2815 notare
1343 2751 1470 2817 nisi
1511 2754 1818 2821 essentiae
1876 2754 2292 2823 identitatem
2345 2779 2360 2823 ε
2415 2766 2475 2824 et
2519 2759 2615 2824 sic

2736 499 2875 544 non
2906 475 3086 542 valet
3117 473 3201 540 ad
3251 469 3675 560 propositum
3718 463 4016 553 Magistri
4049 462 4294 530 contir-

2735 583 3094 652 mandum.

2826 811 3135 878 Somno.
3184 806 3286 872 Ad
3316 805 3448 871 hoc.
3480 800 3864 897 dicendum,
3909 798 4090 889 quod
4120 799 4289 864 sieut

2733 921 2978 1012 probat
3009 918 3330 1005 objectio,
3368 911 3884 1003 praepositiones
3927 907 4287 973 transitivae

2732 1037 2915 1103 sunt,
2980 1035 3044 1095 et
3095 1048 3176 1092 ex
3223 1046 3301 1090 eo
3350 1020 3533 1111 quod
3581 1016 4094 1108 praepositiones
4133 1021 4290 1080 sunt

2733 1136 2988 1203 habent
3072 1140 3308 1199 notare
3394 1146 3836 1218 personarum
3913 1121 4291 1189 distinetio-

2731 1270 2890 1314 nem
2929 1267 2942 1310 ε
2982 1245 3049 1310 ἰη
3100 1248 3434 1332 quantum
3495 1246 3724 1304 tamen
3780 1230 4293 1300 considerantur

2729 1362 2805 1421 ut
2837 1353 2942 1420 hie
2983 1349 3508 1441 propositioneS,
3563 1342 3898 1433 pertinent
3941 1338 4022 1406 ad
4066 1360 4293 1427 perso-

2733 1483 2856 1528 nas
2909 1458 3223 1525 distinete
3259 1477 3273 1522 :
3311 1477 3396 1521 ez·
3449 1453 3628 1519 enim
3673 1445 4061 1538 praepositio
4107 1451 4293 1511 notat

2731 1590 3009 1636 causam
3043 1564 3354 1653 originiS‚
3390 1568 3456 1627 et
3503 1558 3654 1625 ideo
3705 1564 3980 1623 notatur
4018 1552 4287 1620 attribui

2732 1677 2916 1745 Patri
2962 1676 3078 1764 qui
3121 1680 3221 1739 est
3270 1668 3679 1760 principium
3731 1686 3870 1730 non
3921 1664 4002 1730 de
4051 1661 4291 1751 princi-

2727 1787 2842 1876 pio
2891 1808 2905 1851 ε
2945 1789 3136 1849 notat
3165 1781 3371 1847 etiam
3417 1775 3481 1866 ly
3513 1798 3596 1842 ea:
3646 1793 3919 1840 causam
3961 1768 4290 1837 essentia-

2726 1893 2862 1959 lem
2896 1912 3045 1981 quae
3077 1895 3180 1956 est
3213 1884 3496 1952 materia
3536 1903 3683 1971 quae
3716 1901 3848 1947 una
3888 1884 4188 1944 remanet
4219 1876 4287 1941 in

2730 1998 3116 2073 materiam,
3152 2003 3215 2062 et
3262 1994 3358 2060 sic
3411 1989 3806 2058 transfertur
3843 1985 3927 2053 ad
3971 1984 4290 2052 identita-

2728 2116 2868 2176 tem
2910 2104 3221 2172 essentiae
3272 2103 3339 2167 in
3400 2098 3602 2165 Patre
3642 2097 3754 2185 qui
3805 2101 3908 2161 est
3952 2092 4170 2182 orig0,
4223 2098 4288 2158 et

2729 2217 2903 2283 Filio
2945 2216 3063 2305 qui
3103 2220 3203 2280 est
3251 2208 3336 2276 ab
3388 2208 3536 2298 ipso
3567 2201 4103 2293 significandam.
4157 2202 4291 2267 Per

2727 2334 2958 2392 autem
3029 2328 3218 2390 notat
3269 2316 3461 2409 quasi
3511 2335 3782 2382 eausam
3843 2309 4164 2389 mediam,
4223 2316 4288 2376 et

2728 2433 3066 2525 significat
3119 2429 3362 2496 Filium
3406 2427 3519 2516 qui
3563 2432 3664 2491 est
3703 2444 3740 2488 a
3792 2420 4015 2495 Patre,
4066 2426 4129 2485 et
4171 2439 4287 2507 per

2728 2546 2951 2635 ipsum
3017 2541 3215 2608 Pater
3272 2543 3613 2627 operatur.
3674 2533 3755 2598 In
3813 2538 4038 2596 autem
4097 2534 4283 2593 notat

2725 2652 3248 2727 continentiam,
3293 2653 3355 2713 et
3398 2642 3787 2711 attribuitur
3826 2636 4104 2727 Spiritui
4139 2657 4287 2701 san-

2725 2771 2861 2829 cto.
2917 2758 3112 2846 cujus
3169 2756 3474 2821 bonitate
3541 2749 3769 2817 omnia
3826 2744 4279 2812 continentur.

2315 4070 2972 4109 οισι-ΝΡ·-

4369 826 4565 874 solutio.
