4897 6388
806 1351 906 1397 Sed
927 1356 1099 1398 contra

861 2876 1059 2927 santio.

806 4813 1066 4872 acosma.
1093 4814 1130 4862 ι.

1928 305 2023 370 ΙΝ
2074 303 2102 370 1
2150 299 2579 390 ‚SENTEN‘IX
2637 297 2860 366 DIST.
2912 294 3099 379 vul,
3151 293 3238 373 C‚·
3279 293 3479 360 ΛΒΤ.
3529 293 3632 361 18.

1163 475 1422 566 sophus
1467 500 1483 542 ε
1529 477 1691 567 quia
1743 474 1941 541 aliter
2002 471 2071 539 id
2127 453 2331 562 quod·
2374 479 2710 548 movetur,

1165 594 1355 652 motu
1429 582 1819 652 extruderet
1872 602 2181 659 movens,
2242 580 2334 646 ita
2376 578 2558 669 quod
2598 601 2716 667 per

1163 692 1390 782 ipsum
1434 712 1719 758 movens
1760 696 2170 766 moveretur,
2214 687 2321 754 vel
2381 686 2716 754 recederet

1165 821 1203 865 a
1262 808 1441 866 statu
1481 797 1589 865 vel
1656 797 1807 865 loco
1865 819 2014 864 suo,
2061 795 2229 863 Cum
2281 796 2486 885 igitur
2534 794 2714 860 Deus

1166 907 1400 974 omnia
1429 913 1729 990 moveat,
1773 905 1915 995 ipse
1954 927 2094 972 non
2134 906 2259 970 erit
2298 903 2526 992 aliquo
2560 924 2717 968 mo-

1166 1014 1254 1082 do
1286 1022 1517 1082 motus
1561 1037 1576 1083 :
1613 1037 1776 1105 ergo
1809 1036 1934 1081 nec
1974 1019 2288 1079 movetur
2339 1032 2377 1076 a
2426 1032 2496 1077 se
2537 1010 2709 1099 ipsc.

1257 1126 1323 1190 2.
1368 1124 1565 1203 Item,
1604 1125 1883 1192 Boetius
1919 1147 1933 1190 :
1990 1121 2399 1211 Stabilisque
2433 1141 2713 1188 manens

1168 1233 1284 1301 dat
1311 1241 1554 1301 cuncta
1594 1233 1883 1300 moveri.

1259 1338 1392 1406 Suo
1430 1361 1683 1405 com-tut
1717 1361 1733 1405 ε

1260 1450 1321 1516 1.
1370 1446 1550 1515 Dicit
1578 1446 2004 1537 Augustinus
2033 1445 2104 1511 in
2126 1443 2298 1511 libro
2330 1440 2491 1508 V111
2512 1464 2715 1532 super

1164 1555 1479 1623 Genesim
1496 1556 1513 1590 ¹
1530 1605 1546 1633 ,
1578 1552 1762 1643 quod
1788 1553 2063 1642 spiritus
2083 1558 2344 1618 creator
2363 1557 2593 1616 movet
2613 1570 2709 1625 se,

1161 1687 1287 1732 nec
1315 1687 1436 1754 per
1467 1672 1763 1753 tempus,
1798 1683 1921 1729 nec
1949 1682 2070 1750 per
2095 1659 2318 1725 locum
2350 1678 2366 1724 z
2401 1656 2712 1746 spiritum

1158 1780 1386 1838 autem
1422 1777 1728 1838 creatum
1768 1789 1887 1858 per
1916 1776 2206 1855 tempus,
2251 1762 2362 1831 sed
2411 1785 2546 1829 non
2597 1784 2715 1851 per

1158 1878 1386 1946 locum
1424 1899 1441 1944 :
1484 1874 1605 1944 sed
1634 1896 1882 1963 corpus
1924 1881 2251 1949 creatum,
2285 1880 2351 1938 et
2379 1892 2500 1960 per
2538 1878 2716 1936 tem-

1159 2007 1312 2076 pus,
1353 1992 1421 2051 et
1476 2003 1600 2074 per
1639 1980 1866 2050 locum
1917 2003 1933 2046 ε
1988 2001 2148 2070 ergo
2196 1978 2487 2060 videtur,
2530 1975 2712 2066 quod

1158 2092 1303 2183 ipse
1336 2098 1700 2158 moveatur
1726 2111 1767 2156 a
1794 2110 1893 2155 se.

1248 2201 1316 2268 2.
1351 2197 1552 2279 Item,
1597 2196 1676 2264 In
1705 2196 2039 2286 principio
2071 2192 2227 2260 libri
2294 2191 2376 2260 de
2444 2191 2714 2260 Coelesti

1155 2307 1548 2375 hierarchia
1586 2304 1960 2395 Dionysii:
2000 2301 2136 2370 Sed
2174 2310 2241 2369 et
2266 2301 2490 2368 omnis
2522 2307 2709 2389 patre

1157 2423 1348 2482 moto
1380 2411 1945 2481 manifestationis
1984 2409 2320 2476 luminum
2364 2409 2708 2498 processio

1158 2523 1230 2589 in
1260 2544 1390 2590 nos
1425 2521 1685 2611 optime
1742 2540 1821 2586 ac
1868 2516 2054 2607 large
2127 2516 2532 2607 proveniens
2583 2536 2709 2580 nos

1160 2628 1401 2721 replet.

1256 2843 1566 2912 Somne.
1605 2840 2006 2916 Dicendum,
2054 2837 2235 2931 quod
2300 2839 2423 2905 etsi
2463 2859 2712 2904 conce-

1161 2954 1362 3024 datur
1397 2953 1629 3045 aliquo
1662 2950 1867 3019 modo
1900 2948 2289 3039 improprie,
2314 2945 2498 3038 quod
2527 2945 2710 3013 Deus

1161 3069 1396 3131 movet
1422 3084 1522 3140 se,
1555 3082 1696 3128 non
1737 3067 1902 3149 puto
1960 3079 2105 3125 esse
2171 3053 2703 3131 concedendum,

1159 3170 1345 3266 quod
1377 3180 1762 3240 movetura
1811 3190 1908 3248 se,
1979 3164 2087 3235 vel
2151 3163 2331 3257 quod
2400 3171 2711 3232 movetur

1157 3279 1608 3371 simpliciter:
1656 3299 1788 3345 non
1820 3276 2002 3343 enim
2037 3295 2312 3341 movere
2352 3271 2596 3339 dicitur
2636 3292 2709 3339 se

1159 3388 1459 3480 proprie,
1500 3408 1585 3452 eo
1651 3384 1836 3476 quod
1908 3404 2047 3450 non
2112 3388 2340 3447 movet
2388 3402 2460 3446 se
2501 3380 2569 3445 in
2606 3400 2706 3458 se,

1159 3498 1280 3567 sed
1312 3501 1380 3566 in
1409 3496 1612 3564 (lonis
1640 3504 1705 3563 et
1736 3491 2089 3561 effectibus
2122 3513 2137 3559 ε
2171 3498 2237 3559 et
2264 3490 2509 3557 dicitur
2555 3510 2711 3556 mo-

1159 3628 1319 3674 vere
1348 3629 1447 3682 se,
1491 3602 1766 3695 quando
1798 3608 2174 3668 creaturam
2212 3605 2434 3665 movet
2464 3596 2548 3664 ad
2582 3594 2711 3663 boc

1161 3714 1348 3809 quod
1388 3715 1529 3805 ipse
1585 3713 1657 3779 in
1714 3710 1912 3778 donis
1976 3706 2316 3798 aliquibus
2382 3703 2712 3772 inhabitet

1161 3846 1315 3894 eam
1359 3846 1377 3890 :
1413 3822 1529 3913 qui
1562 3828 1791 3887 motus
1819 3839 1956 3886 non
1984 3815 2174 3906 ponit
2205 3813 2604 3882 alteritatem
2641 3813 2709 3879 in

1162 3933 1338 4023 ipso,
1370 3929 1488 3997 sed
1531 3928 1757 4020 potius
1798 3926 1864 3992 in
1925 3922 2031 3991 llis
2087 3945 2237 4014 quae
2298 3921 2493 3988 aliter
2529 3943 2711 3988 nunc

1163 4061 1370 4131 quam
1428 4039 1617 4129 prius
1656 4058 1727 4103 se
1768 4031 2017 4100 babent
2079 4030 2163 4097 ad
2223 4032 2441 4121 ipsum
2488 4050 2504 4097 z
2568 4030 2710 4119 ipse

1162 4150 1374 4224 enim,
1409 4156 1483 4215 ut
1507 4145 1667 4214 dicit
1711 4141 2100 4233 Dionysius.
2147 4161 2282 4207 uno
2338 4146 2403 4206 et
2469 4137 2709 4205 eodem

1165 4254 1370 4323 modo
1402 4251 1718 4320 sehabet
1784 4247 1867 4317 ad
1907 4269 2112 4315 omne
2168 4244 2348 4337 quod
2406 4255 2531 4322 est.
2592 4245 2709 4314 sed

1163 4387 1302 4433 non
1336 4362 1569 4432 omnia
1600 4384 1671 4426 se
1702 4357 1954 4427 babent
1983 4356 2065 4424 ad
2108 4357 2327 4444 ips'um
2370 4377 2506 4421 uno
2557 4378 2713 4420 mo-

1161 4474 1276 4541 do.
1348 4470 1520 4538 Cum
1591 4491 1754 4557 ergo
1832 4489 1968 4533 nou
2024 4472 2293 4532 moveat
2332 4485 2426 4537 se.
2472 4462 2596 4529 nisi
2641 4462 2710 4529 in

1165 4575 1506 4646 movendo
1572 4581 1952 4643 creaturam
2010 4568 2092 4636 ad
2144 4592 2240 4642 sc,
2312 4591 2446 4634 non
2490 4575 2711 4657 pute-st

1164 4685 1391 4752 inferri
1424 4681 1604 4774 quod
1643 4688 1977 4747 movetur.

1255 4792 1390 4860 Sed
1449 4790 1794 4879 oincitur,
1861 4784 2040 4877 quod
2109 4783 2476 4850 secundum
2537 4781 2712 4852 lianc

1162 4901 1578 4971 solutionem
1621 4896 2045 4987 Augustinus
2084 4891 2248 4959 nibil
2305 4890 2574 4958 videtur
2609 4890 2711 4956 ‹li-

1163 5032 1339 5087 cere,
1408 5031 1566 5077 cum
1608 5005 1791 5081 dicit,
1851 5001 2033 5094 quod
2087 5007 2310 5067 movet
2392 4997 2571 5065 Deus
2609 5022 2706 5077 se,

1164 5139 1287 5185 nec
1348 5139 1466 5206 per
1521 5122 1814 5203 tempuS,
1885 5132 2007 5178 nec
2075 5129 2191 5198 per
2251 5105 2537 5172 locum:
2600 5104 2710 5172 ille

1047 5256 1057 5267 ·
1163 5225 1347 5292 enim
1406 5229 1635 5289 motus
1701 5241 1837 5310 quo
1876 5223 2250 5284 creaturam
2306 5221 2558 5286 movet,
2611 5218 2712 5278 est

1164 5334 1233 5400 in
1271 5340 1581 5419 tempore
1621 5336 1685 5394 et
1716 5325 1867 5394 loco
1917 5323 2319 5415 frequentor.
2385 5319 2487 5386 Ad
2526 5318 2711 5410 quod

1165 5436 1555 5514 dicendum,
1600 5433 1785 5526 quod
1812 5432 2236 5523 Augustinus
2265 5429 2436 5496 bene
2494 5426 2656 5494 dicit
2690 5448 2705 5493 ε

1238 5673 1345 5730 ¹8.
1391 5676 1763 5737 Accesrnxvs,
1807 5668 1927 5727 Lib.
1991 5667 2130 5736 vul,
2182 5682 2360 5745 super
2412 5667 2711 5735 Genesim,

4127 383 4134 388 ,
4239 287 4373 393 ψ
4411 357 4430 371 ψ.

2824 466 3114 535 intendit
3152 465 3361 542 enim,
3396 460 3582 553 quod
3625 466 3852 526 motus
3916 453 4039 523 Dei
4095 475 4229 543 quo
4296 475 4368 521 se
4487 447 4492 450 ’

2822 582 2918 647 sic
2949 584 3179 645 movet
3207 586 3284 642 ut
3313 577 3398 641 sit
3438 573 3507 641 in
3537 579 3872 648 creatura,
3912 569 3980 635 in
4035 571 4365 655 quantum

2821 685 2906 752 ab
2974 686 3118 775 ipso
3194 691 3319 763 est,
3382 690 3572 749 extra
3630 688 3897 767 tempus
3963 682 4063 743 est
4133 696 4148 740 z
4213 672 4369 740 licet

2823 799 3126 859 creatura
3200 790 3287 856 sit
3352 788 3422 854 in
3469 796 3799 875 tempore,
3862 791 3927 850 et
3989 782 4058 847 in
4130 778 4281 845 loco
4347 800 4362 844 :

2822 898 3042 965 Deum
3074 896 3254 964 enim
3306 916 3452 961 esse
3510 894 3578 958 in
3642 898 3947 959 creatura
4016 907 4153 953 non
4209 885 4368 951 facit

2820 1002 3262 1094 temporalem
3291 1000 3545 1082 Deum,
3577 997 3685 1065 vel
3717 994 4001 1063 localem
4052 1016 4067 1059 :
4112 1000 4179 1058 et
4234 990 4364 1057 hoc

2820 1119 2920 1180 cst
2949 1110 3131 1200 quod
3163 1108 3452 1176 intendit
3479 1104 3926 1195 Augustinus

2907 1219 3010 1284 An
3074 1239 3271 1284 Anum
3326 1213 3711 1289 dicendum,
3783 1208 3965 1299 quod
4020 1206 4359 1273 luminum
4391 1226 4704 1284 Adobjecaz

2819 1326 3158 1419 processio
3190 1325 3434 1391 dicitur
3462 1321 3605 1390 fieri
3670 1327 3855 1411 patre
3921 1323 4108 1384 moto
4142 1338 4157 1383 ε
4220 1333 4360 1382 non

2819 1437 3003 1529 quod
3045 1437 3109 1502 in
3140 1457 3212 1503 se
3241 1435 3329 1502 sit
3359 1440 3614 1514 motuS,
3648 1429 3769 1497 sed
3801 1431 3868 1495 in
3897 1426 4269 1496 luminibus
4298 1430 4363 1488 et

2819 1543 3036 1620 doniS,
3059 1542 3246 1609 sicut
3273 1541 3420 1628 jam
3450 1538 3706 1606 dictum
3746 1545 3870 1604 est.

3185 1976 3690 2049 ARTICULUS
3739 1973 3995 2044 XVIlI.

2816 2207 2922 2272 An
2981 2203 3218 2270 divina
3282 2200 3696 2282 substantia,
3756 2209 3821 2266 et
3884 2196 4364 2265 universaliter

2904 2312 3124 2377 omnis
3149 2312 3384 2399 forma
3422 2306 3695 2376 nullius
3732 2306 4096 2374 accidentis
4128 2301 4359 2393 subje-

2903 2428 3084 2486 ctum
3114 2440 3252 2483 esse
3278 2411 3563 2507 possit?

2905 2735 3163 2806 Deinde
3202 2736 3528 2827 quaeritur
3563 2733 3646 2802 de
3684 2732 3816 2802 hoc
3869 2728 4053 2822 quod
4089 2728 4252 2797 dicit
4288 2728 4359 2796 in

2814 2847 3077 2914 Littera
3115 2867 3138 2911 .·
3182 2871 3216 2906 «
3247 2841 3426 2912 Aliae
3451 2842 3752 2910 essentiae
3804 2837 3914 2907 vel
3959 2835 4360 2906 substantia·

2812 2953 3098 3044 capiunt
3133 2950 3537 3033 accidentia,
3569 2958 3695 3017 etc.
3744 2973 3777 3012 ι

2904 3057 3051 3126 lloc
3089 3058 3273 3123 enim
3313 3078 3450 3125 non
3483 3055 3753 3122 videtur
3811 3074 4048 3122 verum
4088 3050 4360 3119 univer-

2813 3166 3064 3235 saliter.

2910 3276 2969 3342 1.
3000 3273 3173 3342 Dicit
3203 3274 3385 3340 enim
3409 3273 3714 3352 Boetius,
3743 3268 3923 3362 quod
3945 3269 4164 3337 forma
4188 3266 4360 3335 sub-

2806 3384 3065 3471 jectum
3102 3403 3249 3448 esse
3278 3402 3420 3448 non
3451 3385 3674 3469 potest
3709 3401 3725 3446 ε
3761 3399 3923 3467 ergo
3976 3396 4113 3443 non
4178 3373 4361 3465 capit

2815 3489 3210 3560 accidentia.
3265 3487 3337 3556 Si
3394 3487 3569 3557 forte
3632 3487 3921 3570 dicatur,
3989 3483 4172 3576 quod
4228 3481 4360 3552 hoc

2817 3599 3217 3691 intelligitur
3249 3597 3332 3666 de
3368 3620 3452 3666 eo
3478 3596 3663 3689 quod
3718 3595 4023 3664 absolute
4077 3601 4179 3662 est
4216 3594 4359 3662 l'or-

2817 3729 2953 3784 ma,
2987 3716 3053 3775 et
3091 3704 3218 3774 hoc
3247 3713 3342 3774 est
3376 3704 3567 3772 solus
3595 3703 3801 3771 Deus.
3839 3700 4102 3770 Cos-rm
4144 3723 4161 3770 :
4206 3699 4356 3791 lpse

2817 3816 3267 3909 exemplificat
3295 3815 3385 3883 ibi
3419 3812 3501 3883 de
3531 3814 3953 3883 humanitate
3996 3838 4012 3883 τ
4055 3834 4218 3904 ergo
4246 3813 4361 3880 vi-

2817 3927 3037 4009 detur,
3072 3924 3251 4017 quod
3287 3924 3414 3993 boc
3454 3925 3814 3993 conveniat
3845 3924 4032 3992 omni
4087 3921 4353 3990 formoe.

2907 4037 2971 4103 2.
3010 4034 3364 4111 l‘raeterea.
3423 4031 3574 4122 lpse
3638 4031 3794 4100 dicit
3839 4030 4112 4113 ibidem,
4174 4028 4358 4120 quod

2818 4167 3021 4214 omne
3086 4142 3268 4234 quod
3325 4142 3706 4230 subjicitur,
3774 4143 3988 4232 gratia
4053 4139 4358 4207 materias

2817 4252 3169 4340 subjicitur
3209 4274 3224 4319 ι
3270 4274 3424 4318 cum
3467 4274 3629 4341 ergo
3669 4251 3882 4319 forma
3917 4270 4361 4341 quecumque

2816 4359 3102 4452 simplex
3143 4382 3280 4427 non
3321 4358 3743 4448 subjiciatur.
3779 4367 3959 4449 patet
3999 4356 4180 4448 quod
4230 4356 4364 4424 l'or-

2818 4492 2929 4537 ma
2969 4466 3384 4536 invariabilis
3414 4475 3537 4534 est.

2907 4575 2971 4643 3.
3010 4573 3369 4655 l‘raetorea,
3396 4571 3542 4641 Hoc
3566 4572 4072 4639 videturdieere
4103 4572 4361 4640 Auctor

2815 4685 2955 4751 Sea·
2976 4683 3504 4773 ρνίηεῐῃίονηιη,
3530 4680 3712 4771 quod
3734 4680 3947 4747 fornia
3970 4688 4071 4747 cst
4085 4701 4362 4770 compo-

2818 4790 3043 4858 sitioni
3065 4789 3498 4876 contingens.
3532 4787 3819 4878 simplici
3858 4797 3918 4855 ct
3951 4790 4017 4855 in
4050 4785 4358 4854 variabili

2818 4899 3104 4966 essentia
3146 4899 3525 4966 consistens
3571 4916 3587 4964 t
3634 4917 3797 4985 ergo
3851 4893 4141 4962 videtur.
4175 4891 4358 4984 quod

2819 5004 2948 5074 hoc
2978 5027 3116 5073 non
3145 5004 3270 5072 soli
3306 5004 3553 5072 divinae
3580 5003 3885 5071 essentiae
3913 5002 4293 5070 conveniat.

2909 5114 2967 5181 4.
3010 5111 3368 5192 l‘raeterca‚
3425 5110 3669 5177 l’rimoe
3733 5111 4030 5177 materiae
4092 5106 4363 5175 videtur

2819 5220 3180 5288 convenire
3216 5241 3231 5284 ε
3267 5217 3426 5285 dicit
3457 5204 4096 5308 enim'Augustinus
4153 5215 4221 5282 in
4283 5212 4363 5281 li·

2820 5327 2941 5397 bro
2984 5328 3078 5396 XI
3119 5329 3646 5416 Confessionum
3687 5350 3711 5396 .·
3740 5325 3998 5395 Verum
4029 5335 4131 5394 est
4156 5324 4363 5392 infor·

2819 5435 3122 5500 mitatem
3163 5431 3455 5522 primam
3514 5454 3664 5522 quoe
3730 5453 3939 5522 prope
3996 5426 4163 5498 nihil
4228 5437 4353 5505 est,

2818 5684 2948 5751 cap.
2979 5669 3069 5733 29.
