<?xml version="1.0" encoding="UTF-8"?>
<!DOCTYPE html PUBLIC "-//W3C//DTD XHTML 1.0 Transitional//EN"
    "http://www.w3.org/TR/xhtml1/DTD/xhtml1-transitional.dtd">
<html xmlns="http://www.w3.org/1999/xhtml" xml:lang="en" lang="en">
 <head>
  <title>
</title>
<meta http-equiv="Content-Type" content="text/html;charset=utf-8" />
  <meta name='ocr-system' content='tesseract 3.04.00' />
  <meta name='ocr-capabilities' content='ocr_page ocr_carea ocr_par ocr_line ocrx_word'/>
</head>
<body>
  <div class='ocr_page' id='page_1' title='image "balbertimagnira03chgoog_0420.png"; bbox 0 0 4897 6388; ppageno 0'>
   <div class='ocr_carea' id='block_1_1' title="bbox 298 3370 611 3421">
    <p class='ocr_par' dir='ltr' id='par_1_1' title="bbox 298 3370 611 3421">
     <span class='ocr_line' id='line_1_1' title="bbox 298 3370 611 3421; baseline -0.029 0"><span class='ocrx_word' id='word_1_1' title='bbox 298 3370 399 3421; x_wconf 69' lang='lat' dir='ltr'>Sed</span> <span class='ocrx_word' id='word_1_2' title='bbox 419 3374 611 3418; x_wconf 73' lang='lat' dir='ltr'>eoam.</span> 
     </span>
    </p>
   </div>
   <div class='ocr_carea' id='block_1_2' title="bbox 645 350 774 415">
    <p class='ocr_par' dir='ltr' id='par_1_2' title="bbox 645 350 774 415">
     <span class='ocr_line' id='line_1_2' title="bbox 645 350 774 415; baseline -0.016 0"><span class='ocrx_word' id='word_1_3' title='bbox 645 350 774 415; x_wconf 72' lang='lat'>394</span> 
     </span>
    </p>
   </div>
   <div class='ocr_carea' id='block_1_3' title="bbox 553 506 2182 1252">
    <p class='ocr_par' dir='ltr' id='par_1_3' title="bbox 553 506 2182 1252">
     <span class='ocr_line' id='line_1_3' title="bbox 644 506 2177 619; baseline -0.002 -30"><span class='ocrx_word' id='word_1_4' title='bbox 644 524 763 612; x_wconf 87' lang='lat' dir='ltr'>qui</span> <span class='ocrx_word' id='word_1_5' title='bbox 829 506 1165 619; x_wconf 61' lang='lat' dir='ltr'>mistitur:</span> <span class='ocrx_word' id='word_1_6' title='bbox 1226 525 1501 593; x_wconf 87' lang='lat' dir='ltr'>donatio</span> <span class='ocrx_word' id='word_1_7' title='bbox 1568 534 1792 594; x_wconf 88' lang='lat' dir='ltr'>autem</span> <span class='ocrx_word' id='word_1_8' title='bbox 1868 522 2177 591; x_wconf 86' lang='lat' dir='ltr'>nuntium</span> 
     </span>
     <span class='ocr_line' id='line_1_4' title="bbox 643 629 2182 725; baseline 0.003 -30"><span class='ocrx_word' id='word_1_9' title='bbox 643 629 786 696; x_wconf 82' lang='lat' dir='ltr'>sive</span> <span class='ocrx_word' id='word_1_10' title='bbox 826 631 1109 698; x_wconf 86' lang='lat' dir='ltr'>missum</span> <span class='ocrx_word' id='word_1_11' title='bbox 1149 655 1288 700; x_wconf 91' lang='lat' dir='ltr'>non</span> <span class='ocrx_word' id='word_1_12' title='bbox 1342 634 1682 724; x_wconf 75' lang='lat' dir='ltr'>importat,</span> <span class='ocrx_word' id='word_1_13' title='bbox 1753 634 1913 725; x_wconf 87' lang='lat' dir='ltr'>quia</span> <span class='ocrx_word' id='word_1_14' title='bbox 1968 634 2182 701; x_wconf 88' lang='lat' dir='ltr'>multa</span> 
     </span>
     <span class='ocr_line' id='line_1_5' title="bbox 644 736 2182 827; baseline 0.003 -23"><span class='ocrx_word' id='word_1_15' title='bbox 644 736 880 804; x_wconf 91' lang='lat' dir='ltr'>donari</span> <span class='ocrx_word' id='word_1_16' title='bbox 949 748 1233 827; x_wconf 84' lang='lat' dir='ltr'>possunt</span> <span class='ocrx_word' id='word_1_17' title='bbox 1289 742 1433 809; x_wconf 89' lang='lat' dir='ltr'>sine</span> <span class='ocrx_word' id='word_1_18' title='bbox 1495 744 1731 810; x_wconf 91' lang='lat' dir='ltr'>nuntio</span> <span class='ocrx_word' id='word_1_19' title='bbox 1808 742 2073 810; x_wconf 88' lang='lat' dir='ltr'>medio:</span> <span class='ocrx_word' id='word_1_20' title='bbox 2119 751 2182 809; x_wconf 88' lang='lat' dir='ltr'>et</span> 
     </span>
     <span class='ocr_line' id='line_1_6' title="bbox 645 844 2180 941; baseline 0.004 -30"><span class='ocrx_word' id='word_1_21' title='bbox 645 844 798 912; x_wconf 86' lang='lat' dir='ltr'>ideo</span> <span class='ocrx_word' id='word_1_22' title='bbox 842 845 1115 914; x_wconf 86' lang='lat' dir='ltr'>donatio</span> <span class='ocrx_word' id='word_1_23' title='bbox 1147 870 1285 914; x_wconf 91' lang='lat' dir='ltr'>non</span> <span class='ocrx_word' id='word_1_24' title='bbox 1318 850 1634 938; x_wconf 77' lang='lat' dir='ltr'><strong>importat</strong></span> <span class='ocrx_word' id='word_1_25' title='bbox 1650 873 2007 940; x_wconf 82' lang='lat' dir='ltr'>personam</span> <span class='ocrx_word' id='word_1_26' title='bbox 2033 875 2180 941; x_wconf 82' lang='lat' dir='ltr'>quae</span> 
     </span>
     <span class='ocr_line' id='line_1_7' title="bbox 553 950 2178 1030; baseline 0.006 -15"><span class='ocrx_word' id='word_1_27' title='bbox 553 1001 556 1004; x_wconf 84' lang='lat'>.</span> <span class='ocrx_word' id='word_1_28' title='bbox 647 950 730 1017; x_wconf 91' lang='lat' dir='ltr'>ab</span> <span class='ocrx_word' id='word_1_29' title='bbox 791 951 922 1018; x_wconf 87' lang='lat' dir='ltr'>alio</span> <span class='ocrx_word' id='word_1_30' title='bbox 955 953 1064 1030; x_wconf 84' lang='lat' dir='ltr'>sit,</span> <span class='ocrx_word' id='word_1_31' title='bbox 1126 957 1300 1021; x_wconf 86' lang='lat' dir='ltr'>sicut</span> <span class='ocrx_word' id='word_1_32' title='bbox 1357 956 1640 1023; x_wconf 88' lang='lat' dir='ltr'>missio:</span> <span class='ocrx_word' id='word_1_33' title='bbox 1685 966 1750 1023; x_wconf 86' lang='lat' dir='ltr'>et</span> <span class='ocrx_word' id='word_1_34' title='bbox 1787 955 1917 1024; x_wconf 92' lang='lat' dir='ltr'>hoc</span> <span class='ocrx_word' id='word_1_35' title='bbox 1979 958 2178 1025; x_wconf 87' lang='lat' dir='ltr'>modo</span> 
     </span>
     <span class='ocr_line' id='line_1_8' title="bbox 647 1058 2180 1148; baseline 0.007 -25"><span class='ocrx_word' id='word_1_36' title='bbox 647 1079 788 1124; x_wconf 91' lang='lat' dir='ltr'>non</span> <span class='ocrx_word' id='word_1_37' title='bbox 845 1058 1003 1124; x_wconf 86' lang='lat' dir='ltr'>dicit</span> <span class='ocrx_word' id='word_1_38' title='bbox 1083 1062 1658 1148; x_wconf 79' lang='lat' dir='ltr'>comparationem</span> <span class='ocrx_word' id='word_1_39' title='bbox 1736 1063 2180 1133; x_wconf 86' lang='lat' dir='ltr'>distinctionis</span> 
     </span>
     <span class='ocr_line' id='line_1_9' title="bbox 648 1165 2000 1252; baseline 0.007 -23"><span class='ocrx_word' id='word_1_40' title='bbox 648 1165 1022 1252; x_wconf 87' lang='lat' dir='ltr'>personalis</span> <span class='ocrx_word' id='word_1_41' title='bbox 1061 1165 1320 1234; x_wconf 85' lang='lat' dir='ltr'>adante</span> <span class='ocrx_word' id='word_1_42' title='bbox 1359 1169 1530 1235; x_wconf 86' lang='lat' dir='ltr'>sicut</span> <span class='ocrx_word' id='word_1_43' title='bbox 1559 1168 1715 1237; x_wconf 84' lang='lat' dir='ltr'>facit</span> <span class='ocrx_word' id='word_1_44' title='bbox 1747 1171 2000 1239; x_wconf 89' lang='lat' dir='ltr'>missio.</span> 
     </span>
    </p>
   </div>
   <div class='ocr_carea' id='block_1_4' title="bbox 1100 1589 1736 1661">
    <p class='ocr_par' dir='ltr' id='par_1_4' title="bbox 1100 1589 1736 1661">
     <span class='ocr_line' id='line_1_10' title="bbox 1100 1589 1736 1661; baseline 0.008 -6"><span class='ocrx_word' id='word_1_45' title='bbox 1100 1589 1602 1661; x_wconf 84' lang='lat' dir='ltr'>ARTICULUS</span> <span class='ocrx_word' id='word_1_46' title='bbox 1650 1593 1736 1660; x_wconf 82' lang='lat' dir='ltr'>V.</span> 
     </span>
    </p>
   </div>
   <div class='ocr_carea' id='block_1_5' title="bbox 647 1803 2180 2087">
    <p class='ocr_par' dir='ltr' id='par_1_5' title="bbox 647 1803 2180 2087">
     <span class='ocr_line' id='line_1_11' title="bbox 647 1803 2180 1901; baseline 0.005 -32"><span class='ocrx_word' id='word_1_47' title='bbox 647 1803 1004 1886; x_wconf 84' lang='lat' dir='ltr'>Quomodo</span> <span class='ocrx_word' id='word_1_48' title='bbox 1063 1806 1389 1895; x_wconf 78' lang='lat' dir='ltr'>differant</span> <span class='ocrx_word' id='word_1_49' title='bbox 1439 1808 1720 1876; x_wconf 81' lang='lat' dir='ltr'>invicem</span> <span class='ocrx_word' id='word_1_50' title='bbox 1787 1812 2180 1901; x_wconf 76' lang='lat' dir='ltr'>temporalis</span> 
     </span>
     <span class='ocr_line' id='line_1_12' title="bbox 661 1912 2180 2009; baseline 0.007 -33"><span class='ocrx_word' id='word_1_51' title='bbox 661 1933 664 1934; x_wconf 45' lang='lat'><em>⁷</em></span> <span class='ocrx_word' id='word_1_52' title='bbox 732 1912 989 1993; x_wconf 77' lang='lat' dir='ltr'>missia,</span> <span class='ocrx_word' id='word_1_53' title='bbox 1016 1916 1375 2002; x_wconf 79' lang='lat' dir='ltr'>processio,</span> <span class='ocrx_word' id='word_1_54' title='bbox 1433 1917 1804 2007; x_wconf 71' lang='grc' dir='ltr'>αρρανίἰίο,</span> <span class='ocrx_word' id='word_1_55' title='bbox 1833 1928 1895 1984; x_wconf 79' lang='lat' dir='ltr'>e!</span> <span class='ocrx_word' id='word_1_56' title='bbox 1933 1928 2180 2009; x_wconf 80' lang='lat' dir='ltr'>{empo-</span> 
     </span>
     <span class='ocr_line' id='line_1_13' title="bbox 733 2016 1194 2087; baseline 0.004 -4"><span class='ocrx_word' id='word_1_57' title='bbox 733 2017 908 2084; x_wconf 79' lang='lat' dir='ltr'>ralis</span> <span class='ocrx_word' id='word_1_58' title='bbox 937 2017 1125 2087; x_wconf 77' lang='lat' dir='ltr'>datio</span> <span class='ocrx_word' id='word_1_59' title='bbox 1153 2016 1194 2085; x_wconf 85' lang='lat'><em>?</em></span> 
     </span>
    </p>
   </div>
   <div class='ocr_carea' id='block_1_6' title="bbox 639 2339 2192 4998">
    <p class='ocr_par' dir='ltr' id='par_1_6' title="bbox 643 2339 2182 2517">
     <span class='ocr_line' id='line_1_14' title="bbox 732 2339 2182 2433; baseline 0.005 -26"><span class='ocrx_word' id='word_1_60' title='bbox 732 2339 991 2421; x_wconf 88' lang='lat' dir='ltr'>Quinto</span> <span class='ocrx_word' id='word_1_61' title='bbox 1068 2343 1414 2433; x_wconf 82' lang='lat' dir='ltr'>quaeritur,</span> <span class='ocrx_word' id='word_1_62' title='bbox 1476 2343 1783 2423; x_wconf 85' lang='lat' dir='ltr'>Qualiter</span> <span class='ocrx_word' id='word_1_63' title='bbox 1872 2344 2182 2414; x_wconf 82' lang='lat' dir='ltr'>disserant</span> 
     </span>
     <span class='ocr_line' id='line_1_15' title="bbox 643 2446 1285 2517; baseline 0.005 -3"><span class='ocrx_word' id='word_1_64' title='bbox 643 2448 773 2515; x_wconf 86' lang='lat' dir='ltr'>ista</span> <span class='ocrx_word' id='word_1_65' title='bbox 802 2446 887 2516; x_wconf 86' lang='lat' dir='ltr'>ab</span> <span class='ocrx_word' id='word_1_66' title='bbox 928 2450 1219 2516; x_wconf 89' lang='lat' dir='ltr'>invicem</span> <span class='ocrx_word' id='word_1_67' title='bbox 1249 2450 1285 2517; x_wconf 81' lang='lat'>⁴?</span> 
     </span>
    </p>

    <p class='ocr_par' dir='ltr' id='par_1_7' title="bbox 639 2554 2184 3272">
     <span class='ocr_line' id='line_1_16' title="bbox 730 2554 2179 2652; baseline 0.005 -29"><span class='ocrx_word' id='word_1_68' title='bbox 730 2554 818 2625; x_wconf 84' lang='lat' dir='ltr'>Et</span> <span class='ocrx_word' id='word_1_69' title='bbox 833 2555 1104 2624; x_wconf 82' lang='lat' dir='ltr'>videtur</span> <span class='ocrx_word' id='word_1_70' title='bbox 1121 2557 1492 2626; x_wconf 88' lang='lat' dir='ltr'>secundum</span> <span class='ocrx_word' id='word_1_71' title='bbox 1515 2559 1983 2647; x_wconf 87' lang='lat' dir='ltr'>determinata,</span> <span class='ocrx_word' id='word_1_72' title='bbox 1999 2564 2179 2652; x_wconf 90' lang='lat' dir='ltr'>quod</span> 
     </span>
     <span class='ocr_line' id='line_1_17' title="bbox 645 2663 2176 2758; baseline 0.005 -28"><span class='ocrx_word' id='word_1_73' title='bbox 645 2663 879 2731; x_wconf 88' lang='lat' dir='ltr'>missio</span> <span class='ocrx_word' id='word_1_74' title='bbox 908 2672 978 2733; x_wconf 85' lang='lat' dir='ltr'>et.</span> <span class='ocrx_word' id='word_1_75' title='bbox 1003 2666 1344 2755; x_wconf 79' lang='lat' dir='ltr'>processio</span> <span class='ocrx_word' id='word_1_76' title='bbox 1378 2665 1771 2758; x_wconf 87' lang='lat' dir='ltr'>temporalis</span> <span class='ocrx_word' id='word_1_77' title='bbox 1810 2666 2060 2737; x_wconf 85' lang='lat' dir='ltr'>habent</span> <span class='ocrx_word' id='word_1_78' title='bbox 2107 2694 2176 2738; x_wconf 89' lang='lat' dir='ltr'>se</span> 
     </span>
     <span class='ocr_line' id='line_1_18' title="bbox 640 2769 2180 2868; baseline 0.005 -31"><span class='ocrx_word' id='word_1_79' title='bbox 640 2770 815 2838; x_wconf 84' lang='lat' dir='ltr'>sicut</span> <span class='ocrx_word' id='word_1_80' title='bbox 844 2769 1354 2839; x_wconf 72' lang='lat' dir='ltr'>convertibilia:</span> <span class='ocrx_word' id='word_1_81' title='bbox 1390 2773 1551 2864; x_wconf 86' lang='lat' dir='ltr'>quia</span> <span class='ocrx_word' id='word_1_82' title='bbox 1585 2775 1989 2868; x_wconf 87' lang='lat' dir='ltr'>cuicumque</span> <span class='ocrx_word' id='word_1_83' title='bbox 2011 2799 2180 2844; x_wconf 88' lang='lat' dir='ltr'>con-</span> 
     </span>
     <span class='ocr_line' id='line_1_19' title="bbox 639 2878 2184 2971; baseline 0.004 -25"><span class='ocrx_word' id='word_1_84' title='bbox 639 2878 827 2947; x_wconf 84' lang='lat' dir='ltr'>venit</span> <span class='ocrx_word' id='word_1_85' title='bbox 848 2879 1049 2959; x_wconf 84' lang='lat' dir='ltr'>mitti,</span> <span class='ocrx_word' id='word_1_86' title='bbox 1081 2880 1399 2949; x_wconf 77' lang='lat' dir='ltr'>convenit</span> <span class='ocrx_word' id='word_1_87' title='bbox 1428 2882 1813 2971; x_wconf 81' lang='lat' dir='ltr'>procedere,</span> <span class='ocrx_word' id='word_1_88' title='bbox 1846 2894 1912 2952; x_wconf 85' lang='lat' dir='ltr'>et</span> <span class='ocrx_word' id='word_1_89' title='bbox 1955 2909 1990 2952; x_wconf 88' lang='lat' dir='ltr'>e</span> <span class='ocrx_word' id='word_1_90' title='bbox 2029 2908 2184 2952; x_wconf 88' lang='lat' dir='ltr'>con·</span> 
     </span>
     <span class='ocr_line' id='line_1_20' title="bbox 640 2986 2184 3058; baseline 0.004 -7"><span class='ocrx_word' id='word_1_91' title='bbox 640 3006 838 3052; x_wconf 83' lang='lat' dir='ltr'>verso</span> <span class='ocrx_word' id='word_1_92' title='bbox 876 3007 891 3052; x_wconf 90' lang='lat'>:</span> <span class='ocrx_word' id='word_1_93' title='bbox 944 3007 1082 3054; x_wconf 91' lang='lat' dir='ltr'>non</span> <span class='ocrx_word' id='word_1_94' title='bbox 1122 2986 1302 3054; x_wconf 88' lang='lat' dir='ltr'>enim</span> <span class='ocrx_word' id='word_1_95' title='bbox 1333 2989 1648 3055; x_wconf 79' lang='lat' dir='ltr'>convenit</span> <span class='ocrx_word' id='word_1_96' title='bbox 1679 2990 1851 3058; x_wconf 87' lang='lat' dir='ltr'>mitti</span> <span class='ocrx_word' id='word_1_97' title='bbox 1879 2990 2004 3058; x_wconf 88' lang='lat' dir='ltr'>nisi</span> <span class='ocrx_word' id='word_1_98' title='bbox 2046 2992 2184 3058; x_wconf 83' lang='lat' dir='ltr'>exi-</span> 
     </span>
     <span class='ocr_line' id='line_1_21' title="bbox 640 3093 2174 3187; baseline 0.007 -27"><span class='ocrx_word' id='word_1_99' title='bbox 640 3095 843 3162; x_wconf 84' lang='lat' dir='ltr'>stenti</span> <span class='ocrx_word' id='word_1_100' title='bbox 908 3093 993 3162; x_wconf 89' lang='lat' dir='ltr'>ab</span> <span class='ocrx_word' id='word_1_101' title='bbox 1043 3094 1205 3177; x_wconf 79' lang='lat' dir='ltr'>alin,</span> <span class='ocrx_word' id='word_1_102' title='bbox 1251 3105 1315 3164; x_wconf 92' lang='lat' dir='ltr'>et</span> <span class='ocrx_word' id='word_1_103' title='bbox 1371 3096 1731 3187; x_wconf 82' lang='lat' dir='ltr'>procedere</span> <span class='ocrx_word' id='word_1_104' title='bbox 1787 3101 1991 3169; x_wconf 84' lang='lat' dir='ltr'>etiam</span> <span class='ocrx_word' id='word_1_105' title='bbox 2042 3125 2174 3170; x_wconf 91' lang='lat' dir='ltr'>non</span> 
     </span>
     <span class='ocr_line' id='line_1_22' title="bbox 642 3203 1434 3272; baseline 0 -1"><span class='ocrx_word' id='word_1_106' title='bbox 642 3204 959 3271; x_wconf 77' lang='lat' dir='ltr'>convenit</span> <span class='ocrx_word' id='word_1_107' title='bbox 996 3204 1123 3271; x_wconf 89' lang='lat' dir='ltr'>nisi</span> <span class='ocrx_word' id='word_1_108' title='bbox 1163 3203 1248 3272; x_wconf 89' lang='lat' dir='ltr'>ab</span> <span class='ocrx_word' id='word_1_109' title='bbox 1276 3204 1434 3272; x_wconf 82' lang='lat' dir='ltr'>atio.</span> 
     </span>
    </p>

    <p class='ocr_par' dir='ltr' id='par_1_8' title="bbox 743 3313 1210 3384">
     <span class='ocr_line' id='line_1_23' title="bbox 743 3313 1210 3384; baseline 0.006 -3"><span class='ocrx_word' id='word_1_110' title='bbox 743 3313 876 3382; x_wconf 73' lang='lat' dir='ltr'>Su)</span> <span class='ocrx_word' id='word_1_111' title='bbox 913 3338 1160 3383; x_wconf 66' lang='lat' dir='ltr'>comm</span> <span class='ocrx_word' id='word_1_112' title='bbox 1195 3339 1210 3384; x_wconf 75' lang='grc' dir='ltr'>ε</span> 
     </span>
    </p>

    <p class='ocr_par' dir='ltr' id='par_1_9' title="bbox 646 3422 2187 3811">
     <span class='ocr_line' id='line_1_24' title="bbox 744 3422 2187 3518; baseline 0.005 -28"><span class='ocrx_word' id='word_1_113' title='bbox 744 3423 804 3491; x_wconf 84' lang='lat'>¹.</span> <span class='ocrx_word' id='word_1_114' title='bbox 827 3422 1177 3492; x_wconf 82' lang='lat' dir='ltr'>I‘rocessio</span> <span class='ocrx_word' id='word_1_115' title='bbox 1197 3427 1572 3515; x_wconf 76' lang='lat' dir='ltr'>proprietas</span> <span class='ocrx_word' id='word_1_116' title='bbox 1591 3436 1691 3495; x_wconf 85' lang='lat' dir='ltr'>est</span> <span class='ocrx_word' id='word_1_117' title='bbox 1729 3428 2020 3518; x_wconf 86' lang='lat' dir='ltr'>Spiritus</span> <span class='ocrx_word' id='word_1_118' title='bbox 2039 3454 2187 3497; x_wconf 87' lang='lat' dir='ltr'>san·</span> 
     </span>
     <span class='ocr_line' id='line_1_25' title="bbox 646 3528 2179 3625; baseline 0.003 -27"><span class='ocrx_word' id='word_1_119' title='bbox 646 3529 846 3613; x_wconf 87' lang='lat' dir='ltr'>cti,et</span> <span class='ocrx_word' id='word_1_120' title='bbox 877 3551 1013 3597; x_wconf 93' lang='lat' dir='ltr'>non</span> <span class='ocrx_word' id='word_1_121' title='bbox 1049 3528 1196 3598; x_wconf 76' lang='lat' dir='ltr'>Filii</span> <span class='ocrx_word' id='word_1_122' title='bbox 1224 3552 1239 3599; x_wconf 71' lang='grc' dir='ltr'><strong>ε</strong></span> <span class='ocrx_word' id='word_1_123' title='bbox 1277 3533 1642 3621; x_wconf 81' lang='lat' dir='ltr'>processio.</span> <span class='ocrx_word' id='word_1_124' title='bbox 1675 3533 1850 3613; x_wconf 81' lang='lat' dir='ltr'>dico,</span> <span class='ocrx_word' id='word_1_125' title='bbox 1876 3537 2179 3625; x_wconf 74' lang='lat' dir='ltr'>passiva:</span> 
     </span>
     <span class='ocr_line' id='line_1_26' title="bbox 648 3635 2183 3732; baseline 0.005 -28"><span class='ocrx_word' id='word_1_126' title='bbox 648 3635 820 3704; x_wconf 83' lang='lat' dir='ltr'>Filio</span> <span class='ocrx_word' id='word_1_127' title='bbox 842 3645 1069 3704; x_wconf 89' lang='lat' dir='ltr'>autem</span> <span class='ocrx_word' id='word_1_128' title='bbox 1101 3640 1418 3706; x_wconf 74' lang='lat' dir='ltr'>convenit</span> <span class='ocrx_word' id='word_1_129' title='bbox 1451 3641 1618 3708; x_wconf 90' lang='lat' dir='ltr'>mitti</span> <span class='ocrx_word' id='word_1_130' title='bbox 1656 3662 1672 3707; x_wconf 77' lang='grc' dir='ltr'><strong><em>ε</em></strong></span> <span class='ocrx_word' id='word_1_131' title='bbox 1707 3663 1869 3732; x_wconf 76' lang='lat' dir='ltr'>ergo</span> <span class='ocrx_word' id='word_1_132' title='bbox 1903 3643 2024 3710; x_wconf 86' lang='lat' dir='ltr'>ista</span> <span class='ocrx_word' id='word_1_133' title='bbox 2059 3647 2183 3712; x_wconf 89' lang='lat' dir='ltr'>tria</span> 
     </span>
     <span class='ocr_line' id='line_1_27' title="bbox 647 3751 1339 3811; baseline 0.003 -2"><span class='ocrx_word' id='word_1_134' title='bbox 647 3764 789 3810; x_wconf 86' lang='lat' dir='ltr'>non</span> <span class='ocrx_word' id='word_1_135' title='bbox 828 3751 1339 3811; x_wconf 85' lang='lat' dir='ltr'>convertuntur.</span> 
     </span>
    </p>

    <p class='ocr_par' dir='ltr' id='par_1_10' title="bbox 649 3847 2188 4252">
     <span class='ocr_line' id='line_1_28' title="bbox 737 3847 2180 3932; baseline 0.007 -17"><span class='ocrx_word' id='word_1_136' title='bbox 737 3851 803 3918; x_wconf 80' lang='lat'>2.</span> <span class='ocrx_word' id='word_1_137' title='bbox 859 3847 1053 3932; x_wconf 75' lang='lat' dir='ltr'>lteni,</span> <span class='ocrx_word' id='word_1_138' title='bbox 1098 3847 1249 3916; x_wconf 70' lang='lat' dir='ltr'>Non</span> <span class='ocrx_word' id='word_1_139' title='bbox 1321 3852 1609 3919; x_wconf 87' lang='lat' dir='ltr'>mittitur</span> <span class='ocrx_word' id='word_1_140' title='bbox 1685 3854 1810 3921; x_wconf 83' lang='lat' dir='ltr'>nisi</span> <span class='ocrx_word' id='word_1_141' title='bbox 1864 3858 2180 3925; x_wconf 86' lang='lat' dir='ltr'>nuntius:</span> 
     </span>
     <span class='ocr_line' id='line_1_29' title="bbox 649 3956 2188 4053; baseline 0.006 -30"><span class='ocrx_word' id='word_1_142' title='bbox 649 3956 947 4048; x_wconf 78' lang='lat' dir='ltr'>procedit</span> <span class='ocrx_word' id='word_1_143' title='bbox 1007 3964 1234 4025; x_wconf 86' lang='lat' dir='ltr'>autem</span> <span class='ocrx_word' id='word_1_144' title='bbox 1293 3958 1492 4025; x_wconf 88' lang='lat' dir='ltr'>etiam</span> <span class='ocrx_word' id='word_1_145' title='bbox 1547 3959 1655 4027; x_wconf 81' lang='lat' dir='ltr'>iile</span> <span class='ocrx_word' id='word_1_146' title='bbox 1710 3964 1825 4053; x_wconf 90' lang='lat' dir='ltr'>qui</span> <span class='ocrx_word' id='word_1_147' title='bbox 1890 3987 2025 4031; x_wconf 85' lang='lat' dir='ltr'>non</span> <span class='ocrx_word' id='word_1_148' title='bbox 2087 3976 2188 4032; x_wconf 84' lang='lat' dir='ltr'>est</span> 
     </span>
     <span class='ocr_line' id='line_1_30' title="bbox 652 4066 2185 4159; baseline 0.005 -27"><span class='ocrx_word' id='word_1_149' title='bbox 652 4066 974 4133; x_wconf 87' lang='lat' dir='ltr'>nuntius:</span> <span class='ocrx_word' id='word_1_150' title='bbox 1044 4088 1207 4155; x_wconf 82' lang='lat' dir='ltr'>ergo</span> <span class='ocrx_word' id='word_1_151' title='bbox 1249 4067 1423 4134; x_wconf 90' lang='lat' dir='ltr'>mitti</span> <span class='ocrx_word' id='word_1_152' title='bbox 1475 4076 1539 4135; x_wconf 87' lang='lat' dir='ltr'>et</span> <span class='ocrx_word' id='word_1_153' title='bbox 1617 4069 1975 4159; x_wconf 76' lang='lat' dir='ltr'>proc-edere</span> <span class='ocrx_word' id='word_1_154' title='bbox 2050 4096 2185 4140; x_wconf 86' lang='lat' dir='ltr'>non</span> 
     </span>
     <span class='ocr_line' id='line_1_31' title="bbox 651 4171 1789 4252; baseline 0.007 -15"><span class='ocrx_word' id='word_1_155' title='bbox 651 4180 805 4239; x_wconf 80' lang='lat' dir='ltr'>sunt</span> <span class='ocrx_word' id='word_1_156' title='bbox 856 4171 1062 4252; x_wconf 88' lang='lat' dir='ltr'>idem,</span> <span class='ocrx_word' id='word_1_157' title='bbox 1111 4193 1233 4240; x_wconf 86' lang='lat' dir='ltr'>nec</span> <span class='ocrx_word' id='word_1_158' title='bbox 1279 4183 1789 4246; x_wconf 78' lang='lat' dir='ltr'>convertuntur.</span> 
     </span>
    </p>

    <p class='ocr_par' dir='ltr' id='par_1_11' title="bbox 653 4278 2192 4998">
     <span class='ocr_line' id='line_1_32' title="bbox 743 4278 2191 4379; baseline 0.006 -32"><span class='ocrx_word' id='word_1_159' title='bbox 743 4283 807 4347; x_wconf 84' lang='lat'>3.</span> <span class='ocrx_word' id='word_1_160' title='bbox 841 4278 1036 4362; x_wconf 77' lang='lat' dir='ltr'>item,</span> <span class='ocrx_word' id='word_1_161' title='bbox 1073 4280 1294 4372; x_wconf 70' lang='lat' dir='ltr'>Supra</span> <span class='ocrx_word' id='word_1_162' title='bbox 1323 4279 1626 4351; x_wconf 79' lang='lat' dir='ltr'>habitum</span> <span class='ocrx_word' id='word_1_163' title='bbox 1656 4293 1780 4365; x_wconf 86' lang='lat' dir='ltr'>est,</span> <span class='ocrx_word' id='word_1_164' title='bbox 1815 4287 1996 4378; x_wconf 89' lang='lat' dir='ltr'>qnod</span> <span class='ocrx_word' id='word_1_165' title='bbox 2028 4312 2191 4379; x_wconf 90' lang='lat' dir='ltr'>pro-</span> 
     </span>
     <span class='ocr_line' id='line_1_33' title="bbox 653 4388 2186 4483; baseline 0.006 -27"><span class='ocrx_word' id='word_1_166' title='bbox 653 4388 887 4457; x_wconf 85' lang='lat' dir='ltr'>cedere</span> <span class='ocrx_word' id='word_1_167' title='bbox 918 4390 1163 4456; x_wconf 89' lang='lat' dir='ltr'>dicitur</span> <span class='ocrx_word' id='word_1_168' title='bbox 1193 4391 1259 4457; x_wconf 90' lang='lat' dir='ltr'>in</span> <span class='ocrx_word' id='word_1_169' title='bbox 1302 4399 1485 4480; x_wconf 73' lang='lat' dir='ltr'>parte</span> <span class='ocrx_word' id='word_1_170' title='bbox 1519 4416 1634 4483; x_wconf 87' lang='lat' dir='ltr'>per</span> <span class='ocrx_word' id='word_1_171' title='bbox 1681 4395 2186 4466; x_wconf 84' lang='lat' dir='ltr'>similitudinem</span> 
     </span>
     <span class='ocr_line' id='line_1_34' title="bbox 654 4498 2191 4594; baseline 0.005 -30"><span class='ocrx_word' id='word_1_172' title='bbox 654 4521 691 4564; x_wconf 89' lang='lat' dir='ltr'>a</span> <span class='ocrx_word' id='word_1_173' title='bbox 725 4505 915 4563; x_wconf 87' lang='lat' dir='ltr'>motu</span> <span class='ocrx_word' id='word_1_174' title='bbox 958 4498 1369 4586; x_wconf 70' lang='lat' dir='ltr'>process-ivo,</span> <span class='ocrx_word' id='word_1_175' title='bbox 1413 4509 1478 4567; x_wconf 75' lang='lat' dir='ltr'>et</span> <span class='ocrx_word' id='word_1_176' title='bbox 1519 4500 1584 4568; x_wconf 91' lang='lat' dir='ltr'>in</span> <span class='ocrx_word' id='word_1_177' title='bbox 1617 4509 1803 4592; x_wconf 77' lang='lat' dir='ltr'>parte</span> <span class='ocrx_word' id='word_1_178' title='bbox 1844 4528 1961 4594; x_wconf 82' lang='lat' dir='ltr'>per</span> <span class='ocrx_word' id='word_1_179' title='bbox 1997 4506 2191 4571; x_wconf 89' lang='lat' dir='ltr'>simi-—</span> 
     </span>
     <span class='ocr_line' id='line_1_35' title="bbox 656 4603 2187 4695; baseline 0.005 -24"><span class='ocrx_word' id='word_1_180' title='bbox 656 4603 1009 4672; x_wconf 75' lang='lat' dir='ltr'>titudinem</span> <span class='ocrx_word' id='word_1_181' title='bbox 1050 4607 1499 4695; x_wconf 77' lang='lat' dir='ltr'>processionis</span> <span class='ocrx_word' id='word_1_182' title='bbox 1520 4608 1661 4676; x_wconf 81' lang='lat' dir='ltr'>sive</span> <span class='ocrx_word' id='word_1_183' title='bbox 1691 4610 1909 4676; x_wconf 79' lang='lat' dir='ltr'>exitus</span> <span class='ocrx_word' id='word_1_184' title='bbox 1935 4614 2187 4679; x_wconf 88' lang='lat' dir='ltr'>causati</span> 
     </span>
     <span class='ocr_line' id='line_1_36' title="bbox 653 4717 2192 4787; baseline 0.005 -8"><span class='ocrx_word' id='word_1_185' title='bbox 653 4735 692 4779; x_wconf 88' lang='lat' dir='ltr'>a</span> <span class='ocrx_word' id='word_1_186' title='bbox 721 4735 963 4781; x_wconf 83' lang='lat' dir='ltr'>causa:</span> <span class='ocrx_word' id='word_1_187' title='bbox 1010 4719 1324 4781; x_wconf 89' lang='lat' dir='ltr'>neutrum</span> <span class='ocrx_word' id='word_1_188' title='bbox 1363 4723 1587 4783; x_wconf 88' lang='lat' dir='ltr'>autem</span> <span class='ocrx_word' id='word_1_189' title='bbox 1629 4717 1908 4786; x_wconf 88' lang='lat' dir='ltr'>istorum</span> <span class='ocrx_word' id='word_1_190' title='bbox 1951 4729 2046 4787; x_wconf 82' lang='lat' dir='ltr'>est</span> <span class='ocrx_word' id='word_1_191' title='bbox 2083 4743 2192 4787; x_wconf 89' lang='lat' dir='ltr'>ra-</span> 
     </span>
     <span class='ocr_line' id='line_1_37' title="bbox 654 4822 2190 4916; baseline 0.003 -26"><span class='ocrx_word' id='word_1_192' title='bbox 654 4823 749 4890; x_wconf 88' lang='lat' dir='ltr'>tio</span> <span class='ocrx_word' id='word_1_193' title='bbox 785 4822 1025 4888; x_wconf 88' lang='lat' dir='ltr'>missi:</span> <span class='ocrx_word' id='word_1_194' title='bbox 1070 4845 1233 4911; x_wconf 76' lang='lat' dir='ltr'>ergo</span> <span class='ocrx_word' id='word_1_195' title='bbox 1283 4822 1572 4905; x_wconf 77' lang='lat' dir='ltr'>videtur,</span> <span class='ocrx_word' id='word_1_196' title='bbox 1631 4826 1811 4916; x_wconf 84' lang='lat' dir='ltr'>quod</span> <span class='ocrx_word' id='word_1_197' title='bbox 1875 4828 1999 4894; x_wconf 87' lang='lat' dir='ltr'>ista</span> <span class='ocrx_word' id='word_1_198' title='bbox 2060 4851 2190 4895; x_wconf 84' lang='lat' dir='ltr'>non</span> 
     </span>
     <span class='ocr_line' id='line_1_38' title="bbox 654 4929 1045 4998; baseline 0.008 -3"><span class='ocrx_word' id='word_1_199' title='bbox 654 4938 810 4996; x_wconf 85' lang='lat' dir='ltr'>sunt</span> <span class='ocrx_word' id='word_1_200' title='bbox 845 4929 1045 4998; x_wconf 85' lang='lat' dir='ltr'>idem.</span> 
     </span>
    </p>
   </div>
   <div class='ocr_carea' id='block_1_7' title="bbox 658 5142 2200 5459">
    <p class='ocr_par' dir='ltr' id='par_1_12' title="bbox 658 5142 2200 5459">
     <span class='ocr_line' id='line_1_39' title="bbox 747 5142 2200 5240; baseline 0.005 -30"><span class='ocrx_word' id='word_1_201' title='bbox 747 5142 933 5222; x_wconf 66' lang='lat' dir='ltr'>Irni,</span> <span class='ocrx_word' id='word_1_202' title='bbox 966 5144 1345 5235; x_wconf 66' lang='lat' dir='ltr'>Apparitim</span> <span class='ocrx_word' id='word_1_203' title='bbox 1389 5155 1455 5214; x_wconf 81' lang='lat' dir='ltr'>et</span> <span class='ocrx_word' id='word_1_204' title='bbox 1493 5150 1885 5239; x_wconf 86' lang='lat' dir='ltr'>temporalis</span> <span class='ocrx_word' id='word_1_205' title='bbox 1926 5173 2200 5240; x_wconf 85' lang='lat' dir='ltr'>proces-</span> 
     </span>
     <span class='ocr_line' id='line_1_40' title="bbox 658 5250 2196 5348; baseline 0.007 -32"><span class='ocrx_word' id='word_1_206' title='bbox 658 5250 760 5317; x_wconf 87' lang='lat' dir='ltr'>sio</span> <span class='ocrx_word' id='word_1_207' title='bbox 792 5273 863 5318; x_wconf 86' lang='lat' dir='ltr'>se</span> <span class='ocrx_word' id='word_1_208' title='bbox 911 5250 1225 5320; x_wconf 79' lang='lat' dir='ltr'>videntur</span> <span class='ocrx_word' id='word_1_209' title='bbox 1255 5251 1502 5322; x_wconf 87' lang='lat' dir='ltr'>habere</span> <span class='ocrx_word' id='word_1_210' title='bbox 1567 5256 1736 5322; x_wconf 87' lang='lat' dir='ltr'>sicut</span> <span class='ocrx_word' id='word_1_211' title='bbox 1785 5261 2092 5348; x_wconf 85' lang='lat' dir='ltr'>superius</span> <span class='ocrx_word' id='word_1_212' title='bbox 2133 5269 2196 5326; x_wconf 88' lang='lat' dir='ltr'>et</span> 
     </span>
     <span class='ocr_line' id='line_1_41' title="bbox 660 5356 2200 5459; baseline 0.006 -37"><span class='ocrx_word' id='word_1_213' title='bbox 660 5356 937 5425; x_wconf 76' lang='lat' dir='ltr'>inferius</span> <span class='ocrx_word' id='word_1_214' title='bbox 972 5381 988 5424; x_wconf 89' lang='lat'>:</span> <span class='ocrx_word' id='word_1_215' title='bbox 1023 5362 1182 5450; x_wconf 87' lang='lat' dir='ltr'>quia</span> <span class='ocrx_word' id='word_1_216' title='bbox 1223 5360 1291 5428; x_wconf 90' lang='lat' dir='ltr'>in</span> <span class='ocrx_word' id='word_1_217' title='bbox 1322 5364 1507 5429; x_wconf 88' lang='lat' dir='ltr'>omni</span> <span class='ocrx_word' id='word_1_218' title='bbox 1549 5363 1870 5434; x_wconf 77' lang='lat' dir='ltr'>missione</span> <span class='ocrx_word' id='word_1_219' title='bbox 1920 5376 2017 5433; x_wconf 88' lang='lat' dir='ltr'>est</span> <span class='ocrx_word' id='word_1_220' title='bbox 2076 5392 2200 5459; x_wconf 88' lang='lat' dir='ltr'>ap-</span> 
     </span>
    </p>
   </div>
   <div class='ocr_carea' id='block_1_8' title="bbox 734 5602 1614 5770">
    <p class='ocr_par' dir='ltr' id='par_1_13' title="bbox 734 5602 1614 5770">
     <span class='ocr_line' id='line_1_42' title="bbox 735 5602 1614 5681; baseline 0.005 -23"><span class='ocrx_word' id='word_1_221' title='bbox 735 5604 751 5638; x_wconf 88' lang='lat'>¹</span> <span class='ocrx_word' id='word_1_222' title='bbox 783 5602 868 5661; x_wconf 75' lang='lat' dir='ltr'>Cf.</span> <span class='ocrx_word' id='word_1_223' title='bbox 899 5604 1110 5660; x_wconf 83' lang='lat' dir='ltr'>Genes.</span> <span class='ocrx_word' id='word_1_224' title='bbox 1151 5621 1306 5676; x_wconf 78' lang='lat' dir='ltr'>mn,</span> <span class='ocrx_word' id='word_1_225' title='bbox 1341 5610 1364 5662; x_wconf 78' lang='lat'>¹</span> <span class='ocrx_word' id='word_1_226' title='bbox 1401 5612 1459 5663; x_wconf 87' lang='lat' dir='ltr'>et</span> <span class='ocrx_word' id='word_1_227' title='bbox 1488 5624 1614 5681; x_wconf 87' lang='lat' dir='ltr'>seq.</span> 
     </span>
     <span class='ocr_line' id='line_1_43' title="bbox 734 5690 1526 5770; baseline 0 -16"><span class='ocrx_word' id='word_1_228' title='bbox 734 5698 758 5733; x_wconf 77' lang='lat'><strong>¹</strong></span> <span class='ocrx_word' id='word_1_229' title='bbox 787 5695 873 5754; x_wconf 77' lang='lat' dir='ltr'>Cr.</span> <span class='ocrx_word' id='word_1_230' title='bbox 905 5690 1087 5751; x_wconf 84' lang='lat' dir='ltr'>Exod.</span> <span class='ocrx_word' id='word_1_231' title='bbox 1121 5711 1202 5764; x_wconf 78' lang='lat' dir='ltr'>m,</span> <span class='ocrx_word' id='word_1_232' title='bbox 1235 5699 1258 5751; x_wconf 78' lang='lat'>¹</span> <span class='ocrx_word' id='word_1_233' title='bbox 1296 5704 1353 5751; x_wconf 83' lang='lat' dir='ltr'>et</span> <span class='ocrx_word' id='word_1_234' title='bbox 1400 5714 1526 5770; x_wconf 84' lang='lat' dir='ltr'>seq.</span> 
     </span>
    </p>
   </div>
   <div class='ocr_carea' id='block_1_9' title="bbox 1632 335 2844 417">
    <p class='ocr_par' dir='ltr' id='par_1_14' title="bbox 1632 335 2844 417">
     <span class='ocr_line' id='line_1_44' title="bbox 1632 335 2844 417; baseline -0.007 -2"><span class='ocrx_word' id='word_1_235' title='bbox 1632 349 1718 415; x_wconf 84' lang='lat' dir='ltr'>D.</span> <span class='ocrx_word' id='word_1_236' title='bbox 1770 346 1967 417; x_wconf 62' lang='grc' dir='ltr'><strong>ΑΕΒ.</strong></span> <span class='ocrx_word' id='word_1_237' title='bbox 2019 343 2235 413; x_wconf 76' lang='lat' dir='ltr'><strong>MAG.</strong></span> <span class='ocrx_word' id='word_1_238' title='bbox 2287 339 2494 409; x_wconf 82' lang='lat' dir='ltr'><strong>ORD.</strong></span> <span class='ocrx_word' id='word_1_239' title='bbox 2543 335 2844 408; x_wconf 83' lang='lat' dir='ltr'><strong>PRAED.</strong></span> 
     </span>
    </p>
   </div>
   <div class='ocr_carea' id='block_1_10' title="bbox 2240 501 3826 607">
    <p class='ocr_par' dir='ltr' id='par_1_15' title="bbox 2240 501 3826 607">
     <span class='ocr_line' id='line_1_45' title="bbox 2240 501 3826 607; baseline -0.014 -22"><span class='ocrx_word' id='word_1_240' title='bbox 2240 515 2550 607; x_wconf 70' lang='lat' dir='ltr'>epm-itio,</span> <span class='ocrx_word' id='word_1_241' title='bbox 2618 513 2737 581; x_wconf 87' lang='lat' dir='ltr'>sed</span> <span class='ocrx_word' id='word_1_242' title='bbox 2790 534 2925 580; x_wconf 91' lang='lat' dir='ltr'>non</span> <span class='ocrx_word' id='word_1_243' title='bbox 2988 506 3456 578; x_wconf 84' lang='lat' dir='ltr'>convertitur:</span> <span class='ocrx_word' id='word_1_244' title='bbox 3532 503 3600 568; x_wconf 88' lang='lat' dir='ltr'>in</span> <span class='ocrx_word' id='word_1_245' title='bbox 3641 501 3826 567; x_wconf 85' lang='lat' dir='ltr'>omni</span> 
     </span>
    </p>
   </div>
   <div class='ocr_carea' id='block_1_11' title="bbox 2279 612 3836 3277">
    <p class='ocr_par' dir='ltr' id='par_1_16' title="bbox 2281 612 3829 922">
     <span class='ocr_line' id='line_1_46' title="bbox 2283 612 3829 707; baseline -0.014 -13"><span class='ocrx_word' id='word_1_246' title='bbox 2283 628 2464 694; x_wconf 89' lang='lat' dir='ltr'>enim</span> <span class='ocrx_word' id='word_1_247' title='bbox 2497 624 2818 691; x_wconf 80' lang='lat' dir='ltr'>missione</span> <span class='ocrx_word' id='word_1_248' title='bbox 2840 629 2943 689; x_wconf 83' lang='lat' dir='ltr'>est</span> <span class='ocrx_word' id='word_1_249' title='bbox 2966 620 3192 686; x_wconf 82' lang='lat' dir='ltr'>subito</span> <span class='ocrx_word' id='word_1_250' title='bbox 3225 639 3345 707; x_wconf 89' lang='lat' dir='ltr'>per</span> <span class='ocrx_word' id='word_1_251' title='bbox 3366 612 3680 680; x_wconf 78' lang='lat' dir='ltr'>affectum</span> <span class='ocrx_word' id='word_1_252' title='bbox 3714 632 3829 699; x_wconf 90' lang='lat' dir='ltr'>ap-</span> 
     </span>
     <span class='ocr_line' id='line_1_47' title="bbox 2281 724 3823 823; baseline -0.014 -21"><span class='ocrx_word' id='word_1_253' title='bbox 2281 756 2523 823; x_wconf 88' lang='lat' dir='ltr'>parens</span> <span class='ocrx_word' id='word_1_254' title='bbox 2591 729 2845 821; x_wconf 90' lang='lat' dir='ltr'>aliquid</span> <span class='ocrx_word' id='word_1_255' title='bbox 2874 727 3141 818; x_wconf 82' lang='lat' dir='ltr'>fulgens</span> <span class='ocrx_word' id='word_1_256' title='bbox 3172 735 3237 792; x_wconf 88' lang='lat' dir='ltr'>et</span> <span class='ocrx_word' id='word_1_257' title='bbox 3267 724 3573 791; x_wconf 85' lang='lat' dir='ltr'>divinum</span> <span class='ocrx_word' id='word_1_258' title='bbox 3621 738 3823 805; x_wconf 80' lang='lat' dir='ltr'>:ergo</span> 
     </span>
     <span class='ocr_line' id='line_1_48' title="bbox 2285 832 3432 922; baseline -0.009 -17"><span class='ocrx_word' id='word_1_259' title='bbox 2285 842 2352 906; x_wconf 92' lang='lat' dir='ltr'>in</span> <span class='ocrx_word' id='word_1_260' title='bbox 2383 841 2566 907; x_wconf 89' lang='lat' dir='ltr'>omni</span> <span class='ocrx_word' id='word_1_261' title='bbox 2594 838 2913 905; x_wconf 87' lang='lat' dir='ltr'>missione</span> <span class='ocrx_word' id='word_1_262' title='bbox 2946 843 3045 902; x_wconf 88' lang='lat' dir='ltr'>est</span> <span class='ocrx_word' id='word_1_263' title='bbox 3075 832 3432 922; x_wconf 78' lang='lat' dir='ltr'>apparitio.</span> 
     </span>
    </p>

    <p class='ocr_par' dir='ltr' id='par_1_17' title="bbox 2374 937 3350 1027">
     <span class='ocr_line' id='line_1_49' title="bbox 2374 937 3350 1027; baseline -0.01 -15"><span class='ocrx_word' id='word_1_264' title='bbox 2374 944 2504 1012; x_wconf 73' lang='lat' dir='ltr'>Ssso</span> <span class='ocrx_word' id='word_1_265' title='bbox 2551 966 2799 1011; x_wconf 69' lang='lat' dir='ltr'>coxrnA</span> <span class='ocrx_word' id='word_1_266' title='bbox 2828 941 2960 1008; x_wconf 94' lang='lat' dir='ltr'>hoc</span> <span class='ocrx_word' id='word_1_267' title='bbox 2995 947 3122 1017; x_wconf 86' lang='lat' dir='ltr'>est,</span> <span class='ocrx_word' id='word_1_268' title='bbox 3167 937 3350 1027; x_wconf 93' lang='lat' dir='ltr'>quod</span> 
     </span>
    </p>

    <p class='ocr_par' dir='ltr' id='par_1_18' title="bbox 2280 1042 3830 1684">
     <span class='ocr_line' id='line_1_50' title="bbox 2374 1042 3827 1143; baseline -0.012 -23"><span class='ocrx_word' id='word_1_269' title='bbox 2374 1057 2431 1120; x_wconf 89' lang='lat'>1.</span> <span class='ocrx_word' id='word_1_270' title='bbox 2479 1052 2827 1143; x_wconf 83' lang='lat' dir='ltr'>Apparitio</span> <span class='ocrx_word' id='word_1_271' title='bbox 2857 1072 2999 1116; x_wconf 94' lang='lat' dir='ltr'>non</span> <span class='ocrx_word' id='word_1_272' title='bbox 3019 1058 3302 1115; x_wconf 85' lang='lat' dir='ltr'>vocatur</span> <span class='ocrx_word' id='word_1_273' title='bbox 3330 1068 3368 1111; x_wconf 89' lang='lat' dir='ltr'>a</span> <span class='ocrx_word' id='word_1_274' title='bbox 3393 1042 3660 1110; x_wconf 86' lang='lat' dir='ltr'>Sanctis</span> <span class='ocrx_word' id='word_1_275' title='bbox 3687 1061 3827 1105; x_wconf 90' lang='lat' dir='ltr'>ma·</span> 
     </span>
     <span class='ocr_line' id='line_1_51' title="bbox 2284 1151 3830 1249; baseline -0.01 -20"><span class='ocrx_word' id='word_1_276' title='bbox 2284 1163 2618 1229; x_wconf 79' lang='lat' dir='ltr'>niiestatio</span> <span class='ocrx_word' id='word_1_277' title='bbox 2651 1159 2877 1249; x_wconf 88' lang='lat' dir='ltr'>aliqua</span> <span class='ocrx_word' id='word_1_278' title='bbox 2915 1157 3115 1236; x_wconf 78' lang='lat' dir='ltr'>facta,</span> <span class='ocrx_word' id='word_1_279' title='bbox 3175 1155 3299 1221; x_wconf 90' lang='lat' dir='ltr'>nisi</span> <span class='ocrx_word' id='word_1_280' title='bbox 3352 1151 3467 1218; x_wconf 87' lang='lat' dir='ltr'>illa</span> <span class='ocrx_word' id='word_1_281' title='bbox 3532 1171 3685 1239; x_wconf 79' lang='lat' dir='ltr'>quae</span> <span class='ocrx_word' id='word_1_282' title='bbox 3729 1154 3830 1215; x_wconf 87' lang='lat' dir='ltr'>est</span> 
     </span>
     <span class='ocr_line' id='line_1_52' title="bbox 2283 1257 3828 1360; baseline -0.012 -22"><span class='ocrx_word' id='word_1_283' title='bbox 2283 1294 2402 1360; x_wconf 90' lang='lat' dir='ltr'>per</span> <span class='ocrx_word' id='word_1_284' title='bbox 2458 1268 2827 1357; x_wconf 86' lang='lat' dir='ltr'>subjectam</span> <span class='ocrx_word' id='word_1_285' title='bbox 2886 1275 3291 1339; x_wconf 82' lang='lat' dir='ltr'>creaturam,</span> <span class='ocrx_word' id='word_1_286' title='bbox 3355 1262 3499 1328; x_wconf 89' lang='lat' dir='ltr'>sive</span> <span class='ocrx_word' id='word_1_287' title='bbox 3568 1257 3828 1323; x_wconf 89' lang='lat' dir='ltr'>unitam</span> 
     </span>
     <span class='ocr_line' id='line_1_53' title="bbox 2282 1370 3829 1457; baseline -0.01 -12"><span class='ocrx_word' id='word_1_288' title='bbox 2282 1378 2437 1457; x_wconf 86' lang='lat' dir='ltr'>sibi,</span> <span class='ocrx_word' id='word_1_289' title='bbox 2473 1379 2612 1444; x_wconf 80' lang='lat' dir='ltr'>sive</span> <span class='ocrx_word' id='word_1_290' title='bbox 2643 1399 2781 1444; x_wconf 91' lang='lat' dir='ltr'>non</span> <span class='ocrx_word' id='word_1_291' title='bbox 2811 1375 3073 1440; x_wconf 89' lang='lat' dir='ltr'>unitam</span> <span class='ocrx_word' id='word_1_292' title='bbox 3105 1394 3119 1438; x_wconf 76' lang='grc' dir='ltr'>ε</span> <span class='ocrx_word' id='word_1_293' title='bbox 3162 1370 3398 1437; x_wconf 91' lang='lat' dir='ltr'>missio</span> <span class='ocrx_word' id='word_1_294' title='bbox 3432 1375 3661 1435; x_wconf 86' lang='lat' dir='ltr'>autem</span> <span class='ocrx_word' id='word_1_295' title='bbox 3693 1384 3829 1430; x_wconf 91' lang='lat' dir='ltr'>non</span> 
     </span>
     <span class='ocr_line' id='line_1_54' title="bbox 2283 1470 3825 1574; baseline -0.012 -22"><span class='ocrx_word' id='word_1_296' title='bbox 2283 1506 2548 1574; x_wconf 87' lang='lat' dir='ltr'>semper</span> <span class='ocrx_word' id='word_1_297' title='bbox 2584 1490 2684 1550; x_wconf 87' lang='lat' dir='ltr'>est</span> <span class='ocrx_word' id='word_1_298' title='bbox 2725 1485 2857 1549; x_wconf 82' lang='lat' dir='ltr'>ita:</span> <span class='ocrx_word' id='word_1_299' title='bbox 2916 1500 3077 1570; x_wconf 87' lang='lat' dir='ltr'>ergo</span> <span class='ocrx_word' id='word_1_300' title='bbox 3133 1500 3274 1544; x_wconf 91' lang='lat' dir='ltr'>non</span> <span class='ocrx_word' id='word_1_301' title='bbox 3327 1475 3552 1543; x_wconf 88' lang='lat' dir='ltr'>omnis</span> <span class='ocrx_word' id='word_1_302' title='bbox 3590 1470 3825 1537; x_wconf 87' lang='lat' dir='ltr'>missio</span> 
     </span>
     <span class='ocr_line' id='line_1_55' title="bbox 2280 1592 3131 1684; baseline -0.009 -22"><span class='ocrx_word' id='word_1_303' title='bbox 2280 1594 2475 1684; x_wconf 87' lang='lat' dir='ltr'>ponit</span> <span class='ocrx_word' id='word_1_304' title='bbox 2511 1592 3027 1682; x_wconf 81' lang='lat' dir='ltr'>apparitionem.</span> <span class='ocrx_word' id='word_1_305' title='bbox 3126 1620 3131 1625; x_wconf 95' lang='lat'><strong>·</strong></span> 
     </span>
    </p>

    <p class='ocr_par' dir='ltr' id='par_1_19' title="bbox 2279 1687 3834 2324">
     <span class='ocr_line' id='line_1_56' title="bbox 2371 1687 3834 1787; baseline -0.01 -20"><span class='ocrx_word' id='word_1_306' title='bbox 2371 1701 2435 1767; x_wconf 86' lang='lat'>2.</span> <span class='ocrx_word' id='word_1_307' title='bbox 2472 1698 2799 1766; x_wconf 74' lang='lat' dir='ltr'>Praeterea</span> <span class='ocrx_word' id='word_1_308' title='bbox 2831 1695 3166 1787; x_wconf 80' lang='lat' dir='ltr'>apparitio</span> <span class='ocrx_word' id='word_1_309' title='bbox 3193 1692 3369 1761; x_wconf 90' lang='lat' dir='ltr'>bene</span> <span class='ocrx_word' id='word_1_310' title='bbox 3397 1690 3489 1758; x_wconf 78' lang='lat' dir='ltr'>fit</span> <span class='ocrx_word' id='word_1_311' title='bbox 3526 1711 3648 1780; x_wconf 89' lang='lat' dir='ltr'>per</span> <span class='ocrx_word' id='word_1_312' title='bbox 3685 1687 3834 1754; x_wconf 86' lang='lat' dir='ltr'>An-</span> 
     </span>
     <span class='ocr_line' id='line_1_57' title="bbox 2279 1797 3834 1898; baseline -0.01 -24"><span class='ocrx_word' id='word_1_313' title='bbox 2279 1806 2469 1898; x_wconf 85' lang='lat' dir='ltr'>gelos</span> <span class='ocrx_word' id='word_1_314' title='bbox 2505 1830 2520 1873; x_wconf 87' lang='lat'>:</span> <span class='ocrx_word' id='word_1_315' title='bbox 2552 1814 2625 1872; x_wconf 90' lang='lat' dir='ltr'>ut</span> <span class='ocrx_word' id='word_1_316' title='bbox 2663 1806 2730 1871; x_wconf 91' lang='lat' dir='ltr'>in</span> <span class='ocrx_word' id='word_1_317' title='bbox 2775 1803 3199 1894; x_wconf 89' lang='lat' dir='ltr'>apparitione</span> <span class='ocrx_word' id='word_1_318' title='bbox 3233 1797 3527 1867; x_wconf 81' lang='lat' dir='ltr'>Abrahae</span> <span class='ocrx_word' id='word_1_319' title='bbox 3551 1798 3623 1864; x_wconf 87' lang='lat' dir='ltr'>in</span> <span class='ocrx_word' id='word_1_320' title='bbox 3662 1815 3834 1862; x_wconf 91' lang='lat' dir='ltr'>con-</span> 
     </span>
     <span class='ocr_line' id='line_1_58' title="bbox 2285 1901 3832 1994; baseline -0.009 -15"><span class='ocrx_word' id='word_1_321' title='bbox 2285 1912 2457 1981; x_wconf 77' lang='lat' dir='ltr'>valle</span> <span class='ocrx_word' id='word_1_322' title='bbox 2550 1910 2849 1978; x_wconf 84' lang='lat' dir='ltr'>Mambre</span> <span class='ocrx_word' id='word_1_323' title='bbox 2911 1913 2925 1946; x_wconf 91' lang='lat'><strong>¹</strong></span> <span class='ocrx_word' id='word_1_324' title='bbox 2983 1933 2997 1977; x_wconf 87' lang='lat'>:</span> <span class='ocrx_word' id='word_1_325' title='bbox 3071 1917 3138 1976; x_wconf 87' lang='lat' dir='ltr'>et</span> <span class='ocrx_word' id='word_1_326' title='bbox 3231 1909 3299 1974; x_wconf 89' lang='lat' dir='ltr'>in</span> <span class='ocrx_word' id='word_1_327' title='bbox 3409 1901 3832 1994; x_wconf 84' lang='lat' dir='ltr'>apparitione</span> 
     </span>
     <span class='ocr_line' id='line_1_59' title="bbox 2280 2008 3827 2112; baseline -0.011 -23"><span class='ocrx_word' id='word_1_328' title='bbox 2280 2020 2499 2112; x_wconf 82' lang='lat' dir='ltr'>Moysi</span> <span class='ocrx_word' id='word_1_329' title='bbox 2522 2032 2564 2087; x_wconf 83' lang='lat'>¹.</span> <span class='ocrx_word' id='word_1_330' title='bbox 2599 2019 2830 2087; x_wconf 87' lang='lat' dir='ltr'>Missio</span> <span class='ocrx_word' id='word_1_331' title='bbox 2879 2025 3110 2084; x_wconf 88' lang='lat' dir='ltr'>autem</span> <span class='ocrx_word' id='word_1_332' title='bbox 3168 2033 3552 2104; x_wconf 84' lang='lat' dir='ltr'>numquam</span> <span class='ocrx_word' id='word_1_333' title='bbox 3582 2008 3656 2076; x_wconf 79' lang='lat' dir='ltr'>fit</span> <span class='ocrx_word' id='word_1_334' title='bbox 3698 2008 3827 2075; x_wconf 88' lang='lat' dir='ltr'>nisi</span> 
     </span>
     <span class='ocr_line' id='line_1_60' title="bbox 2280 2115 3830 2216; baseline -0.01 -19"><span class='ocrx_word' id='word_1_335' title='bbox 2280 2126 2667 2197; x_wconf 88' lang='lat' dir='ltr'>immediate</span> <span class='ocrx_word' id='word_1_336' title='bbox 2740 2147 2861 2216; x_wconf 87' lang='lat' dir='ltr'>per</span> <span class='ocrx_word' id='word_1_337' title='bbox 2913 2144 3241 2214; x_wconf 88' lang='lat' dir='ltr'>personas</span> <span class='ocrx_word' id='word_1_338' title='bbox 3284 2120 3575 2188; x_wconf 86' lang='lat' dir='ltr'>divinas.</span> <span class='ocrx_word' id='word_1_339' title='bbox 3648 2115 3830 2205; x_wconf 84' lang='lat' dir='ltr'>Ergo</span> 
     </span>
     <span class='ocr_line' id='line_1_61' title="bbox 2282 2224 3827 2324; baseline -0.011 -18"><span class='ocrx_word' id='word_1_340' title='bbox 2282 2238 2513 2306; x_wconf 89' lang='lat' dir='ltr'>missio</span> <span class='ocrx_word' id='word_1_341' title='bbox 2532 2258 2669 2303; x_wconf 90' lang='lat' dir='ltr'>non</span> <span class='ocrx_word' id='word_1_342' title='bbox 2700 2241 2802 2302; x_wconf 87' lang='lat' dir='ltr'>est</span> <span class='ocrx_word' id='word_1_343' title='bbox 2840 2233 3173 2324; x_wconf 88' lang='lat' dir='ltr'>apparitio</span> <span class='ocrx_word' id='word_1_344' title='bbox 3215 2252 3340 2297; x_wconf 84' lang='lat' dir='ltr'>nec</span> <span class='ocrx_word' id='word_1_345' title='bbox 3370 2226 3628 2321; x_wconf 80' lang='lat' dir='ltr'>species</span> <span class='ocrx_word' id='word_1_346' title='bbox 3658 2224 3827 2312; x_wconf 61' lang='lat' dir='ltr'>ejus».</span> 
     </span>
    </p>

    <p class='ocr_par' dir='ltr' id='par_1_20' title="bbox 2281 2330 3836 3277">
     <span class='ocr_line' id='line_1_62' title="bbox 2372 2330 3830 2430; baseline -0.01 -19"><span class='ocrx_word' id='word_1_347' title='bbox 2372 2344 2558 2423; x_wconf 70' lang='lat' dir='ltr'>lrmr,</span> <span class='ocrx_word' id='word_1_348' title='bbox 2592 2341 2876 2409; x_wconf 72' lang='lat' dir='ltr'>Videtur</span> <span class='ocrx_word' id='word_1_349' title='bbox 2915 2338 3099 2430; x_wconf 86' lang='lat' dir='ltr'>quod</span> <span class='ocrx_word' id='word_1_350' title='bbox 3131 2338 3311 2406; x_wconf 86' lang='lat' dir='ltr'>datio</span> <span class='ocrx_word' id='word_1_351' title='bbox 3361 2334 3628 2403; x_wconf 89' lang='lat' dir='ltr'>nullum</span> <span class='ocrx_word' id='word_1_352' title='bbox 3669 2330 3830 2398; x_wconf 85' lang='lat' dir='ltr'>ino-</span> 
     </span>
     <span class='ocr_line' id='line_1_63' title="bbox 2283 2443 3833 2542; baseline -0.01 -22"><span class='ocrx_word' id='word_1_353' title='bbox 2283 2476 2433 2520; x_wconf 89' lang='lat' dir='ltr'>rum</span> <span class='ocrx_word' id='word_1_354' title='bbox 2465 2454 2550 2519; x_wconf 88' lang='lat' dir='ltr'>sit</span> <span class='ocrx_word' id='word_1_355' title='bbox 2584 2474 2600 2519; x_wconf 90' lang='lat'>:</span> <span class='ocrx_word' id='word_1_356' title='bbox 2636 2452 2792 2542; x_wconf 88' lang='lat' dir='ltr'>quia</span> <span class='ocrx_word' id='word_1_357' title='bbox 2832 2447 3017 2516; x_wconf 91' lang='lat' dir='ltr'>datio</span> <span class='ocrx_word' id='word_1_358' title='bbox 3046 2453 3273 2537; x_wconf 84' lang='lat' dir='ltr'>potest</span> <span class='ocrx_word' id='word_1_359' title='bbox 3311 2443 3454 2512; x_wconf 81' lang='lat' dir='ltr'>fieri</span> <span class='ocrx_word' id='word_1_360' title='bbox 3495 2444 3639 2510; x_wconf 88' lang='lat' dir='ltr'>sine</span> <span class='ocrx_word' id='word_1_361' title='bbox 3680 2461 3833 2507; x_wconf 88' lang='lat' dir='ltr'>ma-</span> 
     </span>
     <span class='ocr_line' id='line_1_64' title="bbox 2281 2551 3833 2645; baseline -0.01 -19"><span class='ocrx_word' id='word_1_362' title='bbox 2281 2560 2705 2628; x_wconf 78' lang='lat' dir='ltr'>nifestatione</span> <span class='ocrx_word' id='word_1_363' title='bbox 2736 2555 2959 2624; x_wconf 87' lang='lat' dir='ltr'>dantis</span> <span class='ocrx_word' id='word_1_364' title='bbox 2997 2577 3119 2645; x_wconf 89' lang='lat' dir='ltr'>per</span> <span class='ocrx_word' id='word_1_365' title='bbox 3147 2551 3523 2641; x_wconf 86' lang='lat' dir='ltr'>subjectam</span> <span class='ocrx_word' id='word_1_366' title='bbox 3564 2556 3833 2616; x_wconf 88' lang='lat' dir='ltr'>creatu-</span> 
     </span>
     <span class='ocr_line' id='line_1_65' title="bbox 2284 2662 3829 2752; baseline -0.01 -16"><span class='ocrx_word' id='word_1_367' title='bbox 2284 2691 2454 2747; x_wconf 86' lang='lat' dir='ltr'>ram,</span> <span class='ocrx_word' id='word_1_368' title='bbox 2488 2675 2553 2734; x_wconf 92' lang='lat' dir='ltr'>et</span> <span class='ocrx_word' id='word_1_369' title='bbox 2589 2668 2681 2733; x_wconf 88' lang='lat' dir='ltr'>sic</span> <span class='ocrx_word' id='word_1_370' title='bbox 2713 2686 2850 2732; x_wconf 91' lang='lat' dir='ltr'>non</span> <span class='ocrx_word' id='word_1_371' title='bbox 2900 2670 2999 2730; x_wconf 88' lang='lat' dir='ltr'>est</span> <span class='ocrx_word' id='word_1_372' title='bbox 3049 2662 3384 2752; x_wconf 87' lang='lat' dir='ltr'>apparitio</span> <span class='ocrx_word' id='word_1_373' title='bbox 3419 2680 3434 2726; x_wconf 89' lang='lat'><strong>:</strong></span> <span class='ocrx_word' id='word_1_374' title='bbox 3497 2667 3563 2725; x_wconf 91' lang='lat' dir='ltr'>et</span> <span class='ocrx_word' id='word_1_375' title='bbox 3611 2662 3829 2745; x_wconf 86' lang='lat' dir='ltr'>potest</span> 
     </span>
     <span class='ocr_line' id='line_1_66' title="bbox 2285 2763 3833 2864; baseline -0.01 -20"><span class='ocrx_word' id='word_1_376' title='bbox 2285 2778 2424 2845; x_wconf 80' lang='lat' dir='ltr'>fleri</span> <span class='ocrx_word' id='word_1_377' title='bbox 2466 2775 2549 2842; x_wconf 89' lang='lat' dir='ltr'>ab</span> <span class='ocrx_word' id='word_1_378' title='bbox 2578 2796 2658 2843; x_wconf 90' lang='lat' dir='ltr'>eo</span> <span class='ocrx_word' id='word_1_379' title='bbox 2688 2773 2804 2864; x_wconf 91' lang='lat' dir='ltr'>qui</span> <span class='ocrx_word' id='word_1_380' title='bbox 2838 2793 2978 2840; x_wconf 89' lang='lat' dir='ltr'>non</span> <span class='ocrx_word' id='word_1_381' title='bbox 3011 2768 3316 2860; x_wconf 84' lang='lat' dir='ltr'>procedit</span> <span class='ocrx_word' id='word_1_382' title='bbox 3337 2766 3421 2834; x_wconf 86' lang='lat' dir='ltr'>ab</span> <span class='ocrx_word' id='word_1_383' title='bbox 3453 2766 3614 2841; x_wconf 81' lang='lat' dir='ltr'>alio.</span> <span class='ocrx_word' id='word_1_384' title='bbox 3652 2763 3833 2831; x_wconf 85' lang='lat' dir='ltr'>etsie</span> 
     </span>
     <span class='ocr_line' id='line_1_67' title="bbox 2284 2874 3832 2973; baseline -0.01 -21"><span class='ocrx_word' id='word_1_385' title='bbox 2284 2908 2419 2952; x_wconf 90' lang='lat' dir='ltr'>non</span> <span class='ocrx_word' id='word_1_386' title='bbox 2452 2880 2906 2973; x_wconf 85' lang='lat' dir='ltr'>estprocessio</span> <span class='ocrx_word' id='word_1_387' title='bbox 2936 2902 2950 2947; x_wconf 92' lang='lat'><strong>:</strong></span> <span class='ocrx_word' id='word_1_388' title='bbox 2986 2888 3051 2947; x_wconf 85' lang='lat' dir='ltr'>et</span> <span class='ocrx_word' id='word_1_389' title='bbox 3073 2886 3296 2969; x_wconf 88' lang='lat' dir='ltr'>potest</span> <span class='ocrx_word' id='word_1_390' title='bbox 3327 2874 3468 2942; x_wconf 82' lang='lat' dir='ltr'>fieri</span> <span class='ocrx_word' id='word_1_391' title='bbox 3487 2875 3633 2940; x_wconf 91' lang='lat' dir='ltr'>sine</span> <span class='ocrx_word' id='word_1_392' title='bbox 3655 2892 3832 2938; x_wconf 89' lang='lat' dir='ltr'>nun·</span> 
     </span>
     <span class='ocr_line' id='line_1_68' title="bbox 2284 2980 3834 3071; baseline -0.01 -13"><span class='ocrx_word' id='word_1_393' title='bbox 2284 2992 2378 3058; x_wconf 85' lang='lat' dir='ltr'>tio</span> <span class='ocrx_word' id='word_1_394' title='bbox 2412 2988 2772 3071; x_wconf 88' lang='lat' dir='ltr'>mediante,</span> <span class='ocrx_word' id='word_1_395' title='bbox 2805 2994 2872 3055; x_wconf 90' lang='lat' dir='ltr'>et</span> <span class='ocrx_word' id='word_1_396' title='bbox 2909 2986 3005 3052; x_wconf 87' lang='lat' dir='ltr'>sic</span> <span class='ocrx_word' id='word_1_397' title='bbox 3036 3006 3172 3052; x_wconf 90' lang='lat' dir='ltr'>non</span> <span class='ocrx_word' id='word_1_398' title='bbox 3207 2992 3309 3051; x_wconf 89' lang='lat' dir='ltr'>est</span> <span class='ocrx_word' id='word_1_399' title='bbox 3349 2980 3584 3047; x_wconf 88' lang='lat' dir='ltr'>missio</span> <span class='ocrx_word' id='word_1_400' title='bbox 3619 2999 3635 3044; x_wconf 92' lang='lat'><strong>:</strong></span> <span class='ocrx_word' id='word_1_401' title='bbox 3671 2998 3834 3066; x_wconf 82' lang='lat' dir='ltr'>ergo</span> 
     </span>
     <span class='ocr_line' id='line_1_69' title="bbox 2285 3086 3836 3188; baseline -0.01 -21"><span class='ocrx_word' id='word_1_402' title='bbox 2285 3099 2574 3178; x_wconf 83' lang='lat' dir='ltr'>videtur,</span> <span class='ocrx_word' id='word_1_403' title='bbox 2608 3096 2784 3188; x_wconf 89' lang='lat' dir='ltr'>qued</span> <span class='ocrx_word' id='word_1_404' title='bbox 2824 3096 3059 3165; x_wconf 88' lang='lat' dir='ltr'>omnia</span> <span class='ocrx_word' id='word_1_405' title='bbox 3089 3093 3233 3162; x_wconf 82' lang='lat' dir='ltr'>haec</span> <span class='ocrx_word' id='word_1_406' title='bbox 3270 3090 3355 3159; x_wconf 85' lang='lat' dir='ltr'>ab</span> <span class='ocrx_word' id='word_1_407' title='bbox 3388 3091 3678 3158; x_wconf 80' lang='lat' dir='ltr'>invicem</span> <span class='ocrx_word' id='word_1_408' title='bbox 3711 3086 3836 3154; x_wconf 77' lang='lat' dir='ltr'>dis-</span> 
     </span>
     <span class='ocr_line' id='line_1_70' title="bbox 2287 3210 2535 3277; baseline 0.004 -1"><span class='ocrx_word' id='word_1_409' title='bbox 2287 3210 2535 3277; x_wconf 79' lang='lat' dir='ltr'>serunt.</span> 
     </span>
    </p>
   </div>
   <div class='ocr_carea' id='block_1_12' title="bbox 2286 3415 3843 5444">
    <p class='ocr_par' dir='ltr' id='par_1_21' title="bbox 2286 3415 3843 5444">
     <span class='ocr_line' id='line_1_71' title="bbox 2376 3415 3827 3513; baseline -0.012 -16"><span class='ocrx_word' id='word_1_410' title='bbox 2376 3431 2679 3497; x_wconf 56' lang='lat' dir='ltr'>sorr-no.</span> <span class='ocrx_word' id='word_1_411' title='bbox 2712 3423 3114 3502; x_wconf 77' lang='lat' dir='ltr'>Dicendum,</span> <span class='ocrx_word' id='word_1_412' title='bbox 3147 3421 3329 3513; x_wconf 84' lang='lat' dir='ltr'>quod</span> <span class='ocrx_word' id='word_1_413' title='bbox 3366 3423 3492 3487; x_wconf 87' lang='lat' dir='ltr'>ista</span> <span class='ocrx_word' id='word_1_414' title='bbox 3522 3417 3606 3484; x_wconf 86' lang='lat' dir='ltr'>ad</span> <span class='ocrx_word' id='word_1_415' title='bbox 3647 3415 3827 3483; x_wconf 74' lang='lat' dir='ltr'>invi-</span> 
     </span>
     <span class='ocr_line' id='line_1_72' title="bbox 2286 3523 3828 3618; baseline -0.012 -12"><span class='ocrx_word' id='word_1_416' title='bbox 2286 3562 2428 3606; x_wconf 83' lang='lat' dir='ltr'>cem</span> <span class='ocrx_word' id='word_1_417' title='bbox 2465 3536 2707 3603; x_wconf 83' lang='lat' dir='ltr'>habent</span> <span class='ocrx_word' id='word_1_418' title='bbox 2747 3532 3193 3600; x_wconf 76' lang='lat' dir='ltr'>differentiam</span> <span class='ocrx_word' id='word_1_419' title='bbox 3232 3552 3246 3595; x_wconf 75' lang='grc' dir='ltr'>ε</span> <span class='ocrx_word' id='word_1_420' title='bbox 3285 3529 3471 3618; x_wconf 78' lang='lat' dir='ltr'>quia,</span> <span class='ocrx_word' id='word_1_421' title='bbox 3503 3528 3674 3593; x_wconf 86' lang='lat' dir='ltr'>sicut</span> <span class='ocrx_word' id='word_1_422' title='bbox 3709 3523 3828 3590; x_wconf 74' lang='lat' dir='ltr'>ol»-</span> 
     </span>
     <span class='ocr_line' id='line_1_73' title="bbox 2287 3630 3833 3736; baseline -0.012 -21"><span class='ocrx_word' id='word_1_423' title='bbox 2287 3650 2530 3736; x_wconf 85' lang='lat' dir='ltr'>jectum</span> <span class='ocrx_word' id='word_1_424' title='bbox 2564 3655 2685 3720; x_wconf 80' lang='lat' dir='ltr'>est,</span> <span class='ocrx_word' id='word_1_425' title='bbox 2724 3642 3057 3733; x_wconf 86' lang='lat' dir='ltr'>apparitio</span> <span class='ocrx_word' id='word_1_426' title='bbox 3089 3638 3461 3706; x_wconf 87' lang='lat' dir='ltr'>secundum</span> <span class='ocrx_word' id='word_1_427' title='bbox 3494 3633 3679 3726; x_wconf 87' lang='lat' dir='ltr'>quod</span> <span class='ocrx_word' id='word_1_428' title='bbox 3726 3630 3833 3698; x_wconf 80' lang='lat' dir='ltr'>hic</span> 
     </span>
     <span class='ocr_line' id='line_1_74' title="bbox 2287 3743 3829 3837; baseline -0.012 -15"><span class='ocrx_word' id='word_1_429' title='bbox 2287 3757 2544 3822; x_wconf 89' lang='lat' dir='ltr'>utimur</span> <span class='ocrx_word' id='word_1_430' title='bbox 2598 3778 2701 3837; x_wconf 87' lang='lat' dir='ltr'>ea,</span> <span class='ocrx_word' id='word_1_431' title='bbox 2755 3774 2889 3818; x_wconf 92' lang='lat' dir='ltr'>non</span> <span class='ocrx_word' id='word_1_432' title='bbox 2959 3748 3029 3816; x_wconf 79' lang='lat' dir='ltr'>fit</span> <span class='ocrx_word' id='word_1_433' title='bbox 3088 3747 3217 3815; x_wconf 88' lang='lat' dir='ltr'>nisi</span> <span class='ocrx_word' id='word_1_434' title='bbox 3277 3768 3399 3837; x_wconf 90' lang='lat' dir='ltr'>per</span> <span class='ocrx_word' id='word_1_435' title='bbox 3451 3743 3829 3831; x_wconf 73' lang='lat' dir='ltr'>subJectam</span> 
     </span>
     <span class='ocr_line' id='line_1_75' title="bbox 2287 3853 3836 3949; baseline -0.011 -16"><span class='ocrx_word' id='word_1_436' title='bbox 2287 3874 2662 3933; x_wconf 84' lang='lat' dir='ltr'>creaturam</span> <span class='ocrx_word' id='word_1_437' title='bbox 2699 3885 2713 3931; x_wconf 90' lang='lat'>:</span> <span class='ocrx_word' id='word_1_438' title='bbox 2749 3871 2812 3929; x_wconf 86' lang='lat' dir='ltr'>et</span> <span class='ocrx_word' id='word_1_439' title='bbox 2844 3861 3070 3928; x_wconf 89' lang='lat' dir='ltr'>omnis</span> <span class='ocrx_word' id='word_1_440' title='bbox 3100 3858 3435 3949; x_wconf 86' lang='lat' dir='ltr'>apparitio</span> <span class='ocrx_word' id='word_1_441' title='bbox 3468 3878 3619 3946; x_wconf 74' lang='lat' dir='ltr'>qua·</span> <span class='ocrx_word' id='word_1_442' title='bbox 3662 3853 3836 3919; x_wconf 81' lang='lat' dir='ltr'>facta</span> 
     </span>
     <span class='ocr_line' id='line_1_76' title="bbox 2289 3956 3838 4060; baseline -0.01 -21"><span class='ocrx_word' id='word_1_443' title='bbox 2289 3982 2385 4039; x_wconf 78' lang='lat' dir='ltr'>est</span> <span class='ocrx_word' id='word_1_444' title='bbox 2415 3970 2734 4060; x_wconf 83' lang='lat' dir='ltr'>antiquis,</span> <span class='ocrx_word' id='word_1_445' title='bbox 2766 3991 2887 4059; x_wconf 89' lang='lat' dir='ltr'>per</span> <span class='ocrx_word' id='word_1_446' title='bbox 2915 3966 3496 4058; x_wconf 84' lang='lat' dir='ltr'>dispensationem</span> <span class='ocrx_word' id='word_1_447' title='bbox 3530 3956 3838 4051; x_wconf 75' lang='lat' dir='ltr'>Angelo-</span> 
     </span>
     <span class='ocr_line' id='line_1_77' title="bbox 2292 4066 3836 4157; baseline -0.008 -14"><span class='ocrx_word' id='word_1_448' title='bbox 2292 4102 2438 4145; x_wconf 83' lang='lat' dir='ltr'>rum</span> <span class='ocrx_word' id='word_1_449' title='bbox 2474 4077 2638 4144; x_wconf 82' lang='lat' dir='ltr'>sacta</span> <span class='ocrx_word' id='word_1_450' title='bbox 2670 4086 2795 4146; x_wconf 78' lang='lat' dir='ltr'>est.</span> <span class='ocrx_word' id='word_1_451' title='bbox 2839 4083 2905 4140; x_wconf 76' lang='lat' dir='ltr'>et</span> <span class='ocrx_word' id='word_1_452' title='bbox 2941 4072 3386 4139; x_wconf 66' lang='lat' dir='ltr'>ordinabatur</span> <span class='ocrx_word' id='word_1_453' title='bbox 3425 4068 3507 4135; x_wconf 73' lang='lat' dir='ltr'>ael</span> <span class='ocrx_word' id='word_1_454' title='bbox 3558 4066 3836 4157; x_wconf 88' lang='lat' dir='ltr'>appari-</span> 
     </span>
     <span class='ocr_line' id='line_1_78' title="bbox 2292 4174 3832 4265; baseline -0.01 -10"><span class='ocrx_word' id='word_1_455' title='bbox 2292 4190 2542 4255; x_wconf 82' lang='lat' dir='ltr'>tionem</span> <span class='ocrx_word' id='word_1_456' title='bbox 2584 4183 2786 4250; x_wconf 64' lang='lat' dir='ltr'>Verbi</span> <span class='ocrx_word' id='word_1_457' title='bbox 2833 4185 2898 4250; x_wconf 91' lang='lat' dir='ltr'>in</span> <span class='ocrx_word' id='word_1_458' title='bbox 2950 4205 3151 4248; x_wconf 80' lang='lat' dir='ltr'>carne</span> <span class='ocrx_word' id='word_1_459' title='bbox 3200 4180 3444 4247; x_wconf 79' lang='lat' dir='ltr'>factam</span> <span class='ocrx_word' id='word_1_460' title='bbox 3476 4201 3489 4242; x_wconf 92' lang='lat'>:</span> <span class='ocrx_word' id='word_1_461' title='bbox 3526 4187 3593 4243; x_wconf 69' lang='lat' dir='ltr'>et</span> <span class='ocrx_word' id='word_1_462' title='bbox 3651 4174 3832 4265; x_wconf 87' lang='lat' dir='ltr'>quod</span> 
     </span>
     <span class='ocr_line' id='line_1_79' title="bbox 2294 4284 3831 4378; baseline -0.011 -17"><span class='ocrx_word' id='word_1_463' title='bbox 2294 4295 2417 4362; x_wconf 81' lang='lat' dir='ltr'>hoc</span> <span class='ocrx_word' id='word_1_464' title='bbox 2460 4295 2543 4360; x_wconf 87' lang='lat' dir='ltr'>sit</span> <span class='ocrx_word' id='word_1_465' title='bbox 2585 4315 2843 4371; x_wconf 74' lang='lat' dir='ltr'>verum,</span> <span class='ocrx_word' id='word_1_466' title='bbox 2907 4289 3236 4378; x_wconf 83' lang='lat' dir='ltr'>accipitur</span> <span class='ocrx_word' id='word_1_467' title='bbox 3278 4284 3364 4352; x_wconf 84' lang='lat' dir='ltr'>ab</span> <span class='ocrx_word' id='word_1_468' title='bbox 3422 4284 3831 4371; x_wconf 71' lang='lat' dir='ltr'>Augustino,</span> 
     </span>
     <span class='ocr_line' id='line_1_80' title="bbox 2294 4387 3838 4483; baseline -0.011 -14"><span class='ocrx_word' id='word_1_469' title='bbox 2294 4402 2403 4469; x_wconf 83' lang='lat' dir='ltr'>ubi</span> <span class='ocrx_word' id='word_1_470' title='bbox 2439 4400 2592 4466; x_wconf 70' lang='lat' dir='ltr'>dicit</span> <span class='ocrx_word' id='word_1_471' title='bbox 2645 4401 2777 4465; x_wconf 79' lang='lat' dir='ltr'>sic:</span> <span class='ocrx_word' id='word_1_472' title='bbox 2819 4423 2850 4459; x_wconf 71' lang='grc' dir='ltr'>ι</span> <span class='ocrx_word' id='word_1_473' title='bbox 2900 4393 3016 4461; x_wconf 78' lang='lat' dir='ltr'>lna</span> <span class='ocrx_word' id='word_1_474' title='bbox 3074 4394 3306 4462; x_wconf 87' lang='lat' dir='ltr'>onmia</span> <span class='ocrx_word' id='word_1_475' title='bbox 3341 4415 3490 4483; x_wconf 84' lang='lat' dir='ltr'>qua·</span> <span class='ocrx_word' id='word_1_476' title='bbox 3524 4387 3838 4456; x_wconf 74' lang='lat' dir='ltr'>Patribus</span> 
     </span>
     <span class='ocr_line' id='line_1_81' title="bbox 2294 4498 3831 4580; baseline -0.008 -5"><span class='ocrx_word' id='word_1_477' title='bbox 2294 4512 2433 4575; x_wconf 76' lang='lat' dir='ltr'>visa</span> <span class='ocrx_word' id='word_1_478' title='bbox 2467 4516 2645 4580; x_wconf 84' lang='lat' dir='ltr'>sunt,</span> <span class='ocrx_word' id='word_1_479' title='bbox 2676 4528 2827 4571; x_wconf 71' lang='lat' dir='ltr'>vum</span> <span class='ocrx_word' id='word_1_480' title='bbox 2866 4501 3047 4571; x_wconf 80' lang='lat' dir='ltr'>Deus</span> <span class='ocrx_word' id='word_1_481' title='bbox 3080 4500 3211 4567; x_wconf 77' lang='lat' dir='ltr'>iltis</span> <span class='ocrx_word' id='word_1_482' title='bbox 3240 4498 3614 4566; x_wconf 79' lang='lat' dir='ltr'>secundnm</span> <span class='ocrx_word' id='word_1_483' title='bbox 3639 4518 3831 4563; x_wconf 83' lang='lat' dir='ltr'>suam</span> 
     </span>
     <span class='ocr_line' id='line_1_82' title="bbox 2295 4608 3834 4706; baseline -0.007 -24"><span class='ocrx_word' id='word_1_484' title='bbox 2295 4616 2862 4706; x_wconf 73' lang='lat' dir='ltr'>dispensationem</span> <span class='ocrx_word' id='word_1_485' title='bbox 2945 4608 3368 4700; x_wconf 81' lang='lat' dir='ltr'>temporibus</span> <span class='ocrx_word' id='word_1_486' title='bbox 3458 4613 3834 4697; x_wconf 72' lang='lat' dir='ltr'>congruam</span> 
     </span>
     <span class='ocr_line' id='line_1_83' title="bbox 2300 4715 3837 4817; baseline -0.009 -26"><span class='ocrx_word' id='word_1_487' title='bbox 2300 4732 2843 4817; x_wconf 73' lang='lat' dir='ltr'>pra-sentaretur,</span> <span class='ocrx_word' id='word_1_488' title='bbox 2890 4744 3009 4810; x_wconf 78' lang='lat' dir='ltr'>pei·</span> <span class='ocrx_word' id='word_1_489' title='bbox 3045 4726 3429 4785; x_wconf 86' lang='lat' dir='ltr'>creaturam</span> <span class='ocrx_word' id='word_1_490' title='bbox 3472 4715 3643 4782; x_wconf 80' lang='lat' dir='ltr'>facta</span> <span class='ocrx_word' id='word_1_491' title='bbox 3691 4737 3837 4778; x_wconf 83' lang='lat' dir='ltr'>esse</span> 
     </span>
     <span class='ocr_line' id='line_1_84' title="bbox 2300 4822 3840 4915; baseline -0.009 -13"><span class='ocrx_word' id='word_1_492' title='bbox 2300 4833 2726 4902; x_wconf 65' lang='lat' dir='ltr'>nunniti-stum</span> <span class='ocrx_word' id='word_1_493' title='bbox 2761 4839 2882 4896; x_wconf 82' lang='lat' dir='ltr'>est.</span> <span class='ocrx_word' id='word_1_494' title='bbox 2938 4827 3016 4897; x_wconf 74' lang='lat' dir='ltr'>Et</span> <span class='ocrx_word' id='word_1_495' title='bbox 3047 4830 3099 4894; x_wconf 81' lang='lat' dir='ltr'>si</span> <span class='ocrx_word' id='word_1_496' title='bbox 3138 4851 3259 4893; x_wconf 87' lang='lat' dir='ltr'>nos</span> <span class='ocrx_word' id='word_1_497' title='bbox 3289 4825 3452 4892; x_wconf 71' lang='lat' dir='ltr'>lan-t</span> <span class='ocrx_word' id='word_1_498' title='bbox 3493 4822 3840 4915; x_wconf 83' lang='lat' dir='ltr'>quomodo</span> 
     </span>
     <span class='ocr_line' id='line_1_85' title="bbox 2298 4922 3840 5022; baseline -0.011 -16"><span class='ocrx_word' id='word_1_499' title='bbox 2298 4963 2375 5006; x_wconf 89' lang='lat' dir='ltr'>ea</span> <span class='ocrx_word' id='word_1_500' title='bbox 2415 4936 2737 5004; x_wconf 80' lang='lat' dir='ltr'>ministris</span> <span class='ocrx_word' id='word_1_501' title='bbox 2767 4931 3049 5022; x_wconf 72' lang='lat' dir='ltr'>Angelis</span> <span class='ocrx_word' id='word_1_502' title='bbox 3074 4930 3342 5004; x_wconf 75' lang='lat' dir='ltr'>fecerat,</span> <span class='ocrx_word' id='word_1_503' title='bbox 3391 4951 3507 5018; x_wconf 82' lang='lat' dir='ltr'>per</span> <span class='ocrx_word' id='word_1_504' title='bbox 3540 4922 3840 5016; x_wconf 71' lang='lat' dir='ltr'>Angelos</span> 
     </span>
     <span class='ocr_line' id='line_1_86' title="bbox 2300 5029 3843 5116; baseline -0.01 -5"><span class='ocrx_word' id='word_1_505' title='bbox 2300 5054 2523 5111; x_wconf 82' lang='lat' dir='ltr'>tamen</span> <span class='ocrx_word' id='word_1_506' title='bbox 2556 5066 2697 5108; x_wconf 76' lang='lat' dir='ltr'>ess·-</span> <span class='ocrx_word' id='word_1_507' title='bbox 2722 5040 2919 5116; x_wconf 79' lang='lat' dir='ltr'>saeta,</span> <span class='ocrx_word' id='word_1_508' title='bbox 2945 5059 3083 5104; x_wconf 92' lang='lat' dir='ltr'>non</span> <span class='ocrx_word' id='word_1_509' title='bbox 3124 5058 3205 5102; x_wconf 83' lang='lat' dir='ltr'>ex</span> <span class='ocrx_word' id='word_1_510' title='bbox 3239 5041 3471 5101; x_wconf 82' lang='lat' dir='ltr'>nostro</span> <span class='ocrx_word' id='word_1_511' title='bbox 3503 5054 3702 5099; x_wconf 83' lang='lat' dir='ltr'>sensu</span> <span class='ocrx_word' id='word_1_512' title='bbox 3735 5029 3843 5096; x_wconf 87' lang='lat' dir='ltr'>di-</span> 
     </span>
     <span class='ocr_line' id='line_1_87' title="bbox 2299 5139 3842 5232; baseline -0.01 -14"><span class='ocrx_word' id='word_1_513' title='bbox 2299 5153 2514 5219; x_wconf 75' lang='lat' dir='ltr'>cimus</span> <span class='ocrx_word' id='word_1_514' title='bbox 2542 5146 2586 5217; x_wconf 86' lang='lat'>⁸.</span> <span class='ocrx_word' id='word_1_515' title='bbox 2632 5178 2661 5207; x_wconf 68' lang='grc' dir='ltr'>»ι</span> <span class='ocrx_word' id='word_1_516' title='bbox 2703 5147 2800 5213; x_wconf 67' lang='lat' dir='ltr'>lix</span> <span class='ocrx_word' id='word_1_517' title='bbox 2831 5144 2960 5213; x_wconf 84' lang='lat' dir='ltr'>hoc</span> <span class='ocrx_word' id='word_1_518' title='bbox 3000 5141 3313 5220; x_wconf 86' lang='lat' dir='ltr'>habetur,</span> <span class='ocrx_word' id='word_1_519' title='bbox 3370 5139 3552 5232; x_wconf 88' lang='lat' dir='ltr'>quod</span> <span class='ocrx_word' id='word_1_520' title='bbox 3604 5160 3842 5205; x_wconf 88' lang='lat' dir='ltr'>omnes</span> 
     </span>
     <span class='ocr_line' id='line_1_88' title="bbox 2301 5246 3837 5348; baseline -0.009 -24"><span class='ocrx_word' id='word_1_521' title='bbox 2301 5258 2754 5348; x_wconf 85' lang='lat' dir='ltr'>apparitiones</span> <span class='ocrx_word' id='word_1_522' title='bbox 2813 5254 3001 5321; x_wconf 79' lang='lat' dir='ltr'>factae</span> <span class='ocrx_word' id='word_1_523' title='bbox 3095 5258 3253 5317; x_wconf 88' lang='lat' dir='ltr'>sunt</span> <span class='ocrx_word' id='word_1_524' title='bbox 3329 5272 3449 5339; x_wconf 84' lang='lat' dir='ltr'>per</span> <span class='ocrx_word' id='word_1_525' title='bbox 3513 5246 3837 5336; x_wconf 72' lang='lat' dir='ltr'>Angelos.</span> 
     </span>
     <span class='ocr_line' id='line_1_89' title="bbox 2302 5352 3842 5444; baseline -0.008 -14"><span class='ocrx_word' id='word_1_526' title='bbox 2302 5361 2495 5444; x_wconf 85' lang='lat' dir='ltr'>Quod</span> <span class='ocrx_word' id='word_1_527' title='bbox 2537 5372 2763 5429; x_wconf 89' lang='lat' dir='ltr'>autem</span> <span class='ocrx_word' id='word_1_528' title='bbox 2795 5369 2866 5427; x_wconf 92' lang='lat' dir='ltr'>ut</span> <span class='ocrx_word' id='word_1_529' title='bbox 2924 5358 3008 5425; x_wconf 91' lang='lat' dir='ltr'>ad</span> <span class='ocrx_word' id='word_1_530' title='bbox 3052 5358 3253 5424; x_wconf 68' lang='lat' dir='ltr'>[intem</span> <span class='ocrx_word' id='word_1_531' title='bbox 3316 5355 3449 5421; x_wconf 87' lang='lat' dir='ltr'>sint</span> <span class='ocrx_word' id='word_1_532' title='bbox 3515 5352 3842 5421; x_wconf 63' lang='lat' dir='ltr'>ordinatae</span> 
     </span>
    </p>
   </div>
   <div class='ocr_carea' id='block_1_13' title="bbox 2369 5602 3840 5675">
    <p class='ocr_par' dir='ltr' id='par_1_22' title="bbox 2369 5602 3840 5675">
     <span class='ocr_line' id='line_1_90' title="bbox 2369 5602 3840 5675; baseline -0.003 -12"><span class='ocrx_word' id='word_1_533' title='bbox 2369 5612 2391 5645; x_wconf 84' lang='lat'>⁸</span> <span class='ocrx_word' id='word_1_534' title='bbox 2421 5610 2478 5665; x_wconf 88' lang='lat' dir='ltr'>S.</span> <span class='ocrx_word' id='word_1_535' title='bbox 2511 5612 2883 5675; x_wconf 71' lang='lat' dir='ltr'>Aenesi-isus,</span> <span class='ocrx_word' id='word_1_536' title='bbox 2915 5604 3038 5662; x_wconf 87' lang='lat' dir='ltr'>Lib.</span> <span class='ocrx_word' id='word_1_537' title='bbox 3075 5605 3149 5660; x_wconf 85' lang='lat'>111</span> <span class='ocrx_word' id='word_1_538' title='bbox 3178 5602 3252 5660; x_wconf 88' lang='lat' dir='ltr'>de</span> <span class='ocrx_word' id='word_1_539' title='bbox 3281 5603 3597 5673; x_wconf 78' lang='lat' dir='ltr'>Trinitate,</span> <span class='ocrx_word' id='word_1_540' title='bbox 3628 5618 3757 5675; x_wconf 82' lang='lat' dir='ltr'>cap.</span> <span class='ocrx_word' id='word_1_541' title='bbox 3783 5602 3840 5659; x_wconf 79' lang='lat'>2.</span> 
     </span>
    </p>
   </div>
   <div class='ocr_carea' id='block_1_14' title="bbox 3851 962 4149 1008">
    <p class='ocr_par' dir='ltr' id='par_1_23' title="bbox 3851 962 4149 1008">
     <span class='ocr_line' id='line_1_91' title="bbox 3851 962 4149 1008; baseline 0.013 -6"><span class='ocrx_word' id='word_1_542' title='bbox 3851 962 3941 1005; x_wconf 77' lang='lat' dir='ltr'>sed</span> <span class='ocrx_word' id='word_1_543' title='bbox 3968 969 4149 1008; x_wconf 76' lang='lat' dir='ltr'>contra.</span> 
     </span>
    </p>
   </div>
   <div class='ocr_carea' id='block_1_15' title="bbox 3907 3453 4107 3502">
    <p class='ocr_par' dir='ltr' id='par_1_24' title="bbox 3907 3453 4107 3502">
     <span class='ocr_line' id='line_1_92' title="bbox 3907 3453 4107 3502; baseline 0 -3"><span class='ocrx_word' id='word_1_544' title='bbox 3907 3453 4107 3502; x_wconf 69' lang='lat' dir='ltr'>sot-nito.</span> 
     </span>
    </p>
   </div>
  </div>
 </body>
</html>
