4897 6388
413 5293 611 5340 solutio.

686 370 771 433 44
1378 446 1384 451 ,
1696 421 1700 424 -
1761 377 1844 443 D.
1896 376 2092 442 ALB.
2146 375 2355 441 MAG.
2416 374 2621 443 ORD.
2676 378 2969 448 PRAED.

686 542 913 639 ligat:
951 570 1049 620 an
1106 557 1186 621 ut
1231 524 1481 631 utens,
1520 569 1614 619 an
1654 556 1733 619 ut
1767 541 2085 622 fruens?
2118 549 2205 621 Et
2246 545 2586 644 procedit
2626 544 2726 619 itn
2760 524 2791 622 ε’
2824 549 2899 622 Si
2937 550 3238 647 fruitur,
3284 560 3458 649 eget
3488 550 3691 623 bono
3736 519 3879 620 n‘o-

686 687 872 772 str0,
919 681 1124 777 quod
1160 703 1389 754 nemo
1433 703 1672 755 sanus
1713 681 2012 757 dixerit.
2047 682 2170 789 Ait
2199 681 2399 756 enim
2447 681 2828 778 Propheta
2871 706 2886 756 :
2932 682 3327 760 Bonorum
3357 707 3704 760 meorum
3729 704 3879 755 non

686 837 857 910 eyes
899 816 945 886 ¹.
987 815 1233 888 Omne
1268 815 1475 889 onim
1530 818 1819 891 honum
1868 825 2213 891 nostrum
2256 816 2375 889 vel
2418 815 2578 912 ipse
2619 826 2756 912 est,
2802 818 2918 892 vel
2962 818 3254 916 abipso
3287 830 3402 894 est
3445 844 3461 894 ε
3501 841 3657 892 non
3699 838 3880 912 ergo

686 948 970 1021 fruitur
1000 947 1255 1043 nobiS,
1301 951 1436 1024 sed
1483 952 1746 1025 utitur.
1785 951 1866 1023 Si
1908 950 2110 1024 enim
2155 972 2294 1023 nec
2341 947 2598 1039 luitur,
2637 972 2775 1026 noc
2811 953 3070 1046 utitur,
3126 977 3275 1027 non
3349 952 3662 1025 invenio
3695 972 3877 1047 quo·

691 1082 916 1155 modo
950 1082 1220 1180 diligat
1265 1108 1432 1159 nos.
1498 1086 1769 1182 Neque
1809 1094 2064 1160 tamen
2120 1083 2228 1158 sic
2283 1083 2519 1156 utitur
2569 1085 2810 1177 nobis,
2862 1097 2942 1160 ut
3007 1112 3144 1164 nos
3182 1088 3355 1164 aliis
3395 1087 3654 1161 rebus.
3717 1085 3874 1158 Nos

685 1215 894 1289 enim
938 1240 1060 1292 res
1092 1218 1379 1315 quibus
1417 1220 1703 1292 utimur
1732 1219 1826 1292 ad
1858 1218 1935 1291 id
1977 1217 2496 1312 referimus,ut
2534 1218 2669 1293 Dei
2709 1221 3049 1330 bonitate
3079 1224 3601 1320 perfruamur:
3663 1220 3872 1295 Deus

688 1373 869 1424 vero
913 1352 1006 1426 ad
1050 1376 1273 1427 suam
1317 1353 1739 1428 bonitatem
1784 1378 2010 1429 usum
2075 1364 2419 1429 nostrum
2473 1354 2722 1428 refert.
2770 1357 2902 1430 Ille
2943 1357 3144 1430 enim
3191 1357 3597 1432 miseretur
3635 1353 3876 1428 nostri

692 1495 1006 1582 propter
1059 1508 1280 1559 suam
1345 1486 1768 1563 bonitatem
1806 1512 1821 1563 z
1870 1513 2010 1565 nos
2063 1500 2316 1565 autem
2358 1487 2583 1562 nobis
2622 1487 2949 1566 invicem
2991 1501 3298 1591 propter
3336 1489 3547 1564 illius
3577 1488 3883 1563 honita-

688 1630 869 1694 tem.
907 1620 1042 1695 llle
1084 1620 1325 1695 nostri
1364 1621 1798 1718 miseretur,
1846 1633 1930 1697 ut
1967 1646 2049 1698 se
2090 1625 2573 1721 perfruamur
2617 1645 2632 1695 :
2685 1647 2824 1700 nos
2863 1647 3044 1700 vero
3091 1626 3421 1701 invicem
3463 1623 3705 1698 nostri
3742 1621 3887 1694 mi-

689 1777 1064 1844 seremur,
1105 1763 1188 1829 ut
1219 1755 1354 1831 illo
1385 1757 1759 1832 fruamur.
1798 1758 1991 1832 Cum
2033 1757 2233 1833 enim
2277 1780 2420 1831 nos
2451 1756 2775 1853 alicujus
2818 1759 3298 1854 miseremur,
3332 1767 3409 1834 et:
3433 1757 3666 1833 alicui
3697 1780 3886 1831 con-

692 1890 1047 1978 sulimus‚
1090 1892 1185 1965 ad
1227 1891 1399 1989 ejus
1430 1891 1740 1989 quidem
1775 1891 2093 1966 facimus
2129 1891 2555 1983 utilitatem,
2591 1912 2912 1991 eamque
2954 1893 3347 1970 intuemur
3391 1916 3407 1967 ε
3455 1890 3588 1966 sed
3640 1901 3716 1966 et
3746 1914 3889 1964 no-

691 2033 849 2098 stra
892 2023 980 2098 fit
1019 2047 1538 2122 consequens,
1584 2049 1761 2099 cum
1822 2024 2421 2100 misericordiam
2470 2046 2697 2121 quam
2750 2026 2920 2101 aliis
2979 2027 3526 2127 impendimus,
3572 2048 3727 2100 non
3763 2047 3888 2099 re-

694 2155 979 2254 linquit
1022 2157 1235 2233 Deus
1266 2159 1435 2234 sine
1489 2158 1842 2234 mercede
1874 2158 1918 2231 ¹.
1966 2158 2151 2232 Haec
2190 2167 2444 2232 autem
2491 2179 2780 2234 merces
2827 2184 3128 2235 summa
3155 2170 3298 2255 est,
3344 2169 3428 2235 ut
3471 2159 3639 2258 ipso
3679 2159 3889 2233 frua-

696 2313 897 2364 mur.
945 2291 1164 2387 ltem,
1211 2293 1398 2391 quia
1436 2294 1647 2370 Deus
1677 2293 1932 2368 bonus
1983 2300 2123 2386 est,
2168 2314 2437 2367 sumus
2474 2315 2490 2365 ε
2528 2299 2602 2365 et
2643 2289 2713 2365 in
2759 2302 3129 2391 quantum
3184 2318 3486 2387 sumuS,
3529 2290 3712 2368 boni
3753 2315 3888 2366 su-

699 2448 898 2503 mus.
948 2428 1189 2503 Porro
1223 2428 1456 2504 etiam
1492 2429 1958 2528 quiajustus
1995 2436 2136 2521 est,
2168 2451 2321 2500 non
2356 2425 2671 2523 impune
2704 2427 2879 2503 niati
2920 2452 3188 2504 sumus
3224 2453 3240 2504 ε
3276 2439 3352 2503 et
3391 2427 3468 2501 in
3511 2435 3888 2525 quantum

701 2562 878 2638 mali
923 2588 1227 2654 sumus,
1267 2563 1341 2638 in
1379 2573 1677 2638 tantum
1707 2562 1936 2637 etiam
1971 2561 2225 2635 minus
2255 2583 2551 2636 sumus.
2586 2559 2717 2633 Ille
2746 2585 2927 2658 orgo
2962 2585 3171 2650 usus,
3203 2584 3358 2660 quo
3387 2560 3614 2636 nobis
3658 2560 3894 2635 utitur

695 2698 935 2793 DeuS,
982 2722 1136 2772 non
1180 2696 1274 2772 ad
1332 2696 1524 2794 ejuS,
1581 2696 1716 2773 sed
1758 2694 1852 2770 ad
1913 2705 2250 2769 nostram
2310 2691 2707 2767 utilitatem
2756 2694 3114 2771 refertur:
3159 2695 3254 2771 ad
3285 2694 3454 2793 ejus
3492 2717 3678 2769 vero
3721 2703 3892 2767 tan-

695 2829 1094 2906 tummodo
1151 2828 1600 2904 honitatem.

2446 3234 2549 3300 An
2604 3254 2667 3299 tn
2720 3244 2944 3302 antem
3012 3236 3189 3324 quod
3246 3241 3481 3303 contra
3546 3230 3884 3319 objicitur,

2356 3338 2709 3409 dicendum
2780 3339 2959 3431 quod
3018 3341 3130 3408 ubi
3196 3342 3426 3408 fruens
3490 3346 3558 3407 et
3622 3334 3890 3403 fruibile

2356 3455 2512 3515 sunt
2580 3446 2646 3512 in
2711 3448 3093 3517 diversitate
3175 3448 3507 3528 essentiae,
3586 3444 3893 3534 sequitur

2356 3553 2537 3647 quod
2570 3555 2793 3623 fruens
2833 3554 3124 3646 indigeat
3174 3555 3356 3624 bono
3387 3551 3677 3622 fruibilis
3710 3573 3726 3618 ε
3774 3550 3891 3618 sed

2355 3661 2472 3731 ubi
2503 3660 2728 3727 fruens
2756 3672 2824 3731 et
2870 3660 3136 3731 fruibile
3178 3662 3360 3731 idem
3390 3668 3547 3728 sunt
3587 3680 3709 3750 per
3736 3656 3890 3724 sul)-

2355 3768 2696 3844 stantiam,
2733 3792 2867 3837 non
2900 3777 3077 3836 tenet
3113 3776 3618 3860 argumentum.

1100 3339 1613 3410 ARTICULUS
1657 3338 1845 3407 xlx.

964 3558 1071 3622 An
1124 3555 1311 3622 Deus
1355 3554 1641 3642 fruatur
1682 3550 1901 3640 seipso
1947 3551 1984 3616 ?

789 3878 931 3945 Sed
964 3878 1339 3956 cumJJeus
1382 3874 1641 3964 ditique
1669 3896 1815 3949 nos,
1860 3880 1989 3940 ete.
2036 3898 2069 3932 ιι

792 3985 869 4053 ln
900 3985 1032 4054 hoc
1071 3982 1370 4076 capitulo
1424 3982 1755 4072 quaeritur
1791 3979 1875 4046 de
1915 3978 2042 4047 hoe
2065 3977 2246 4070 quod

700 4095 859 4162 dicit
888 4117 903 4162 :
942 4124 973 4154 «e
998 4095 1079 4160 si
1108 4093 1406 4180 fruitur,
1441 4089 1635 4157 nobis
1665 4087 1940 4165 scilicet,
1965 4097 2109 4178 eye!
2139 4084 2249 4152 Im·

701 4228 786 4270 no
836 4212 1089 4269 nostro.
1130 4226 1162 4265 ι
1201 4198 1574 4266 ΙκςτΑκτιΛ.
1626 4196 1716 4264 Se
1747 4196 1991 4263 fruitur
2018 4193 2243 4261 Deus:

702 4333 865 4399 ergo
906 4317 1058 4399 eget
1111 4307 1294 4375 bono
1343 4327 1522 4372 suo:
1577 4325 1740 4394 ergo
1789 4301 2015 4392 aliqua
2070 4300 2247 4369 indi-

700 4417 928 4508 gentia
958 4425 1058 4483 est
1091 4417 1157 4482 in
1191 4415 1360 4491 Deo,
1392 4411 1574 4504 quod
1606 4409 1850 4478 falsum
1883 4417 2004 4477 est.
2048 4406 2247 4487 Quod

703 4535 928 4595 autem
988 4549 1059 4591 se
1123 4523 1385 4591 fruatur
1443 4520 1651 4602 Deus,
1712 4526 1897 4610 patet
1952 4540 2072 4609 per
2122 4515 2249 4583 hoc

703 4632 885 4724 quod
953 4631 1114 4699 dicit
1174 4628 1548 4719 Gregorius
1604 4649 1808 4718 super
1874 4623 2037 4692 illud
2087 4621 2245 4703 sol»,

707 4763 817 4821 xz,
856 4741 893 4805 t
943 4762 958 4807 ε
1000 4741 1083 4806 Si
1137 4735 1345 4804 habes
1402 4733 1758 4801 brachium
1814 4733 1992 4798 sicut
2037 4732 2246 4807 Deus,

705 4856 833 4916 etc.
882 4870 895 4913 :
954 4846 1067 4912 ubi
1114 4847 1210 4912 sic
1268 4842 1428 4909 dicit
1463 4864 1476 4906 :
1518 4866 1550 4905 α
1591 4839 1736 4931 lpse
1777 4838 2113 4929 gloriosus
2152 4845 2251 4903 ost

705 4981 737 5017 α
786 4954 898 5044 qui
943 4951 1106 5019 dum
1158 4951 1547 5042 perfruitur,
1588 4947 1991 5018 accedentis.
2040 4945 2251 5011 laudis

706 5064 1019 5153 indigens
1048 5085 1189 5128 nnn
1233 5069 1360 5127 nst.
1399 5084 1432 5123 n

796 5278 900 5344 Αυ
932 5299 1081 5356 noc,
1121 5271 1635 5341 concedendum
1694 5280 1794 5337 est
1839 5269 2015 5359 quod
2072 5266 2252 5334 Deus

707 5383 951 5450 fruitur
968 5383 1191 5470 seipso
1214 5378 1575 5468 perfectius
1596 5398 1800 5468 quum
1824 5374 2051 5465 aliqua
2071 5396 2254 5440 crea·

707 5502 853 5557 turn
889 5491 1033 5578 ipso
1064 5497 1291 5576 posset
1327 5487 1473 5551 frui.

776 5716 791 5751 ¹
824 5713 979 5771 Psal.
1014 5728 1106 5780 xv,
1135 5714 1188 5768 2.

2443 3876 2548 3941 Λο
2577 3896 2788 3941 Arrun
2847 3873 3028 3965 quod
3082 3883 3311 3966 posset
3364 3873 3605 3965 quoeri,
3643 3870 3881 3939 Utrum

2355 4005 2426 4048 se
2459 3983 2715 4049 fruatur
2763 3985 2827 4050 in
2871 3982 3124 4049 ratione
3154 3984 3486 4058 essentiae,
3521 3977 3626 4046 vel
3662 4000 3885 4068 perso·

2359 4111 2461 4156 nae
2500 4091 2535 4156 ⁴?
2580 4111 2778 4177 supra
2815 4088 3200 4179 expeditum
3258 4096 3405 4156 est:
3458 4086 3617 4177 quin
3647 4082 3882 4152 eadem

2358 4197 2615 4264 ratione
2655 4197 2896 4286 objecti
2938 4195 3174 4264 fruitur
3209 4197 3458 4286 seipso,
3499 4194 3565 4259 in
3598 4214 3729 4283 qua
3761 4214 3884 4257 nos

2358 4301 2645 4369 fruimur
2672 4301 2840 4389 ipso.

2454 4512 2699 4579 tim-nu
2718 4536 2919 4603 snper
2939 4510 3062 4578 hoc
3086 4512 3263 4603 quod
3285 4510 3442 4578 dicit
3471 4533 3485 4578 :
3515 4535 3547 4574 α
3584 4511 3767 4577 Deus
3790 4531 3885 4573 re·-

2358 4644 2432 4686 νο
2465 4618 2562 4684 ad
2590 4640 2786 4686 suam
2827 4620 3188 4687 bonitatem
3219 4641 3416 4686 usum
3441 4624 3747 4684 nostrum
3781 4638 3888 4681 re·-

2356 4734 2519 4818 serl,
2544 4735 2668 4793 etc.
2708 4752 2738 4789 a
2780 4728 3197 4794 Attendenda
3219 4734 3318 4793 est
3339 4725 3705 4791 auctoritas
3727 4722 3888 4785 Gre-

2358 4835 2531 4926 gorii
2554 4834 2665 4923 qui
2698 4858 2898 4926 super
2921 4834 3078 4902 illud
3107 4834 3264 4912 sot»,
3293 4856 3403 4910 xz,
3437 4834 3476 4900 3
3505 4853 3522 4899 ε
3557 4830 3889 4920 speciosis

2360 4940 2643 5009 {mlum-
2693 4941 3002 5015 ratibus,
3038 4942 3192 5008 dicit
3222 4942 3317 5007 sic
3360 4961 3376 5005 ε
3414 4964 3446 5002 α
3485 4936 3633 5026 lpse
3663 4936 3887 5024 specio

2365 5076 2397 5113 ι
2441 5052 2532 5116 sis
2595 5049 2914 5126 induitur,
2984 5050 3094 5137 qui
3151 5055 3537 5116 sanctorum
3595 5041 3887 5130 Angelo-

2364 5183 2396 5221 α
2434 5179 2580 5223 rum
2612 5153 2852 5224 choros
2882 5179 3051 5245 quos
3086 5153 3411 5233 condidit,
3438 5153 3505 5218 in
3546 5173 3741 5218 usum
3785 5151 3887 5214 sui

2366 5295 2397 5327 «
2433 5265 2693 5332 decoris
2730 5265 3116 5353 assumpsit.
3163 5289 3194 5328 n

2456 5372 2704 5438 Daisun:
2740 5371 3053 5459 objicitur
3106 5380 3337 5438 contra
3394 5367 3521 5434 ltoc
3561 5364 3741 5456 quod
3790 5362 3895 5429 di-

2365 5481 2455 5547 cit
2492 5500 2507 5543 :
2571 5503 2605 5539 «
2674 5477 2829 5543 llaec
2877 5485 3099 5543 aulem
3141 5499 3386 5544 merces
3430 5494 3704 5540 summa
3773 5479 3891 5546 esl,

2434 5703 2459 5739 ¹
2487 5702 2571 5758 Cf.
2605 5702 2799 5758 Malu».
2836 5721 2887 5770 v,
2919 5703 2986 5756 44
3017 5708 3216 5774 etseq.
