4897 6388
448 758 644 803 solutio.

724 242 855 309 464

724 419 825 478 est
864 412 935 476 in
972 409 1204 501 aliquo
1246 409 1524 500 habitu:
1568 431 1727 499 ergo
1750 417 1850 476 est
1879 409 1946 475 in
1977 410 2275 498 potentia

724 520 1064 590 materiali
1104 520 1616 611 tantu1n‚'quod
1646 519 2015 587 absurdum
2057 528 2179 587 est.

820 733 1130 802 Sonurio.
1164 735 1293 802 Hic
1332 743 1490 801 sunt
1528 733 1841 824 quaedam
1882 731 2270 822 ,absurdita-

631 895 634 897 >
725 851 825 912 tes
866 844 1062 911 dictae
1094 868 1133 911 a
1164 844 1616 934 quibusdam:
1671 842 2046 909 concedunt
2085 840 2265 907 enim

718 972 875 1016 cum
915 949 1272 1039 Magistro,
1310 950 1491 1039 quod
1531 949 1826 1015 charitas
1859 971 1990 1038 qua
2037 946 2265 1035 diligi-

617 1077 630 1081 ·
713 1080 867 1123 mus
908 1057 1132 1124 Deum
1163 1066 1230 1125 ct
1293 1053 1712 1147 proximum,
1783 1057 1866 1122 sit
1906 1058 2198 1122 increata
2240 1076 2254 1118 ε

708 1163 827 1229 sed
859 1164 1044 1254 quia,
1090 1174 1165 1233 ut
1203 1189 1409 1255 supra
1451 1165 1741 1233 inductae
1775 1166 2069 1231 rationes
2109 1185 2262 1252 pro-

706 1268 895 1348 bant,
969 1272 1155 1361 quod
1225 1274 1370 1362 ipsa
1435 1273 1521 1338 sit
1606 1270 1897 1361 Spiritus
1962 1277 2255 1348 sanctuS‚

708 1378 892 1467 quod
934 1380 1145 1446 etiam
1201 1380 1525 1469 Magister
1565 1381 1802 1446 nititur
1859 1378 2140 1468 probare
2190 1379 2258 1442 in

706 1486 997 1564 Littera,
1058 1486 1212 1555 ideo
1255 1487 1489 1554 dicunt
1527 1486 1709 1576 quod
1742 1486 2034 1576 Spiritus
2099 1506 2260 1550 san-

706 1601 856 1660 ctus
887 1601 989 1661 est
1029 1593 1325 1662 charitas
1359 1594 1496 1662 illa.
1531 1595 1616 1662 Et
1651 1598 1824 1662 sicut
1862 1593 1977 1660 lux
2007 1591 2255 1682 duplex

703 1702 912 1773 habet
941 1727 1116 1784 esse,
1150 1706 1406 1774 scilicet
1437 1707 1505 1773 in
1537 1729 1627 1783 se,
1682 1715 1749 1773 et
1789 1706 1860 1772 in
1922 1706 2254 1795 perspicui

698 1814 1132 1882 extremitato
1159 1814 1245 1883 ad
1280 1837 1527 1904 corpus
1568 1815 2031 1892 terminatum,
2066 1821 2131 1880 et
2161 1812 2252 1880 ibi

700 1929 803 1989 est
830 1920 1220 2011 hypostasis
1260 1932 1326 1990 et
1360 1924 1653 1990 essentia
1681 1922 2017 2000 colorum,
2056 1930 2128 1987 ut
2157 1921 2252 1989 di·

698 2033 789 2099 cit
827 2030 1293 2124 Philosophus
1324 2057 1345 2100 .·
1385 2036 1472 2100 ita
1506 2033 1761 2110 dicunt,
1796 2032 1978 2123 quod
2045 2032 2254 2121 Spiri-

701 2152 812 2210 tus
839 2150 1118 2211 sanctus
1168 2145 1237 2211 in
1293 2166 1365 2211 se
1431 2146 1732 2211 animam
1768 2142 2127 2221 illuminat,
2186 2151 2248 2209 et

697 2250 794 2316 sic
824 2247 1029 2317 hahet
1059 2259 1285 2318 actum
1319 2251 1559 2340 gratiae
1598 2272 1802 2339 quam
1843 2249 2074 2315 dicunt
2103 2271 2247 2316 esse

692 2354 915 2423 lucem
948 2358 1193 2426 anima}
1236 2380 1252 2427 ε
1287 2366 1354 2426 ct
1381 2357 1584 2425 habet
1625 2381 1770 2424 csse
1812 2358 1878 2423 in
1908 2357 2246 2424 voluntate

697 2462 825 2529 sihi
854 2464 1219 2544 conformi,
1254 2473 1321 2533 et
1361 2465 1450 2531 ihi
1484 2464 1687 2533 habet
1719 2488 1865 2533 esse
1891 2488 2010 2555 per
2040 2465 2250 2533 ratio·-

695 2594 851 2639 nem
885 2571 1280 2642 charitatis:
1354 2583 1420 2641 et
1490 2571 1668 2641 hanc
1720 2574 2042 2640 unionem
2091 2595 2245 2641 cum

694 2688 1005 2748 creatura
1035 2681 1349 2749 rationali
1388 2683 1644 2765 dicunt,
1680 2682 1835 2749 licet
1882 2684 1966 2748 sit
2005 2704 2246 2771 opera-

698 2787 834 2854 tive
857 2787 1063 2854 trium
1095 2811 1568 2879 personarum,
1588 2789 1745 2878 quia
1776 2811 2013 2855 omnes
2043 2787 2243 2854 simul

698 2900 1071 2982 operantur
1098 2913 1277 2967 eam,
1313 2902 1543 2960 tamen
1573 2892 1699 2959 sibi
1757 2900 1824 2960 et
1862 2894 1932 2960 in
1968 2914 2039 2959 se
2088 2892 2247 2958 uni-

696 2998 834 3066 tive
899 3021 1041 3066 non
1098 3021 1245 3067 esse
1301 3000 1431 3068 nisi
1486 2999 1778 3089 Spiritus
1833 3000 2073 3082 sancti,
2106 3021 2242 3066 non

697 3103 945 3188 Patris,
987 3129 1210 3199 neque
1289 3107 1490 3176 Filii:
1552 3109 1723 3176 sicut
1777 3111 1977 3176 etiam
2037 3106 2243 3175 Filius

692 3215 913 3283 univit
952 3214 1082 3285 sibi
1142 3225 1459 3285 naturam
1516 3226 1845 3296 nostram,
1905 3228 1971 3285 et
2027 3218 2239 3307 ipsam

695 3323 1026 3391 unionem
1070 3323 1373 3393 fecerunt
1426 3326 1883 3393 communiter
1933 3332 1996 3391 et
2065 3323 2244 3391 indi-

689 3430 1052 3499 visibiliter
1097 3441 1232 3502 tres
1288 3457 1645 3524 personae:
1705 3433 1821 3502 sed
1878 3431 2001 3500 sihi
2060 3441 2122 3500 et
2175 3433 2240 3499 in

691 3564 763 3609 se
803 3564 940 3608 non
983 3542 1203 3609 univit
1261 3550 1573 3610 naturam
1640 3552 1936 3610 nostram
1969 3542 2095 3609 nisi
2130 3540 2242 3607 Fi-

695 3647 853 3721 lius.
889 3648 972 3717 Et
1002 3647 1135 3719 hoc
1182 3650 1415 3718 dicunt
1457 3651 1748 3718 sensisse
1805 3650 2235 3741 Apostolum,

695 3754 717 3822 l
761 3754 845 3823 ad
877 3754 1187 3825 Corinth.
1225 3779 1320 3839 vx,
1357 3760 1432 3825 17
1470 3780 1488 3822 :
1554 3759 1691 3842 Qm'
1735 3758 2031 3824 adlea’ret
2074 3759 2236 3834 Deo,

693 3885 873 3929 unus
908 3863 1200 3953 spiritus
1227 3874 1325 3930 es!
1356 3888 1380 3930 .-
1410 3872 1475 3930 et
1508 3887 1643 3930 non
1677 3887 1851 3930 unus
1887 3864 2083 3931 l’ater
2111 3871 2231 3931 est.

693 3968 970 4039 Addere
1001 3980 1234 4039 autem
1300 3974 1541 4039 volunt
1596 3972 1804 4039 errori
1870 3995 1993 4038 suo
2038 3972 2238 4038 ratio·

692 4099 894 4145 nem:
932 4080 1095 4168 quia
1138 4077 1346 4145 Filius
1396 4088 1467 4145 ut
1516 4077 1721 4145 Filius
1763 4078 2057 4167 procedit
2089 4089 2238 4146 actu

687 4186 1149 4276 generationis
1181 4196 1253 4254 ut
1282 4211 1319 4254 a
1346 4196 1611 4267 natura,
1653 4197 1718 4254 et
1751 4187 1900 4253 ideo
1934 4197 2236 4254 naturam

688 4295 817 4361 sibi
853 4295 1123 4363 univit:
1197 4296 1493 4387 Spiritus
1555 4307 1779 4363 autem
1832 4306 1901 4362 nt
1953 4297 2240 4385 Spiritus

688 4401 992 4491 procedit
1024 4413 1098 4470 ut
1135 4425 1356 4485 amor,
1409 4404 1566 4494 quia
1606 4414 1703 4469 est
1748 4403 2062 4492 perfectio
2115 4427 2242 4469 vo-

689 4510 994 4587 luntatis,
1038 4517 1103 4576 et
1144 4510 1294 4579 ideo
1346 4512 1562 4577 univit
1621 4510 1749 4577 sibi
1791 4511 2234 4584 voluntatem,

688 4617 1067 4706 licetlonge
1102 4618 1399 4686 inferiori
1454 4620 1732 4695 unione,
1777 4642 1978 4708 quam
2036 4617 2237 4684 Filius

686 4724 812 4790 sihi
872 4724 1092 4791 univit
1159 4748 1430 4793 carnem
1501 4748 1515 4793 :
1581 4727 1737 4815 quia
1782 4748 2050 4791 carnem
2109 4725 2233 4790 sihi

686 4833 903 4899 univit
944 4830 1151 4900 Filius
1185 4835 1249 4900 in
1292 4845 1649 4909 a¹ternum,
1685 4834 1976 4923 Spiritus
2014 4843 2235 4900 autem

687 4949 967 5009 sanctus
1007 4941 1225 5009 univit
1274 4942 1402 5008 sibi
1441 4943 1859 5009 voluntatem
1902 4939 2238 5030 separabi-

687 5048 843 5115 liter
877 5069 892 5114 ε
937 5056 1003 5115 et
1040 5047 1194 5116 ideo
1228 5047 1486 5125 dicunt,
1542 5048 1723 5139 quod
1760 5050 1897 5138 ipse
1937 5057 2035 5115 est
2081 5047 2233 5115 cha·

687 5158 852 5223 ritas
884 5153 1311 5224 voluntatem
1348 5158 1721 5246 perficiens
1782 5155 1911 5223 Sed
1964 5154 2089 5223 hoc
2140 5154 2242 5221 sa-

693 5272 890 5331 tuum
953 5272 1056 5331 est
1095 5287 1109 5331 ε
1155 5265 1316 5355 quia
1376 5265 1443 5331 in
1494 5266 1690 5332 tertio
1731 5265 2235 5331 Senlenle’arum

693 5371 1050 5463 probatur,
1125 5372 1308 5463 quod
1379 5373 1672 5462 Spiritus
1739 5383 2006 5438 sanctus
2053 5370 2239 5437 nullo

701 5481 906 5550 modo
941 5481 1215 5548 unihilis
1247 5492 1368 5548 est.

789 5592 1152 5670 l'raeterea,
1211 5591 1327 5658 llla
1388 5594 1550 5658 unio
1619 5602 1729 5657 ant
1775 5603 1872 5659 est
1931 5616 2047 5681 per
2084 5614 2239 5680 gra·

1609 243 1612 246 ’
1723 238 1807 302 D.
1859 236 2057 302 ALB.
2109 235 2323 304 MAG.

2378 236 2582 304 ORD.
2636 239 2931 307 PRAED.

2380 410 2568 488 tiam,
2601 419 2718 478 aut
2748 435 2870 502 per
2908 419 3245 478 naturam.
3313 410 3397 501 Si
3430 434 3548 500 per
3580 414 3872 502 gratiam
3908 438 3924 482 t

2378 538 2540 608 ergo
2570 528 2836 609 oportet
2863 519 3112 587 habere
3143 518 3453 586 habitum
3493 509 3730 610 gratias
3781 545 3930 589 mc-

2377 622 2564 691 dium
2610 650 2624 692 2
2660 635 2724 694 ct
2763 628 2861 695 sic
2900 636 3277 718 sequuntur
3305 626 3542 694 eadem
3592 628 3924 695 inconve-

2376 732 2626 798 nientia
2666 734 2747 801 de
2787 738 3029 825 gratia,
3062 738 3237 803 sicut
3277 735 3359 803 de
3388 733 3742 814 charitate,
3789 738 3922 802 sci-

2373 837 2527 906 licet
2556 842 2738 930 quod
2769 844 3081 911 accidens
3119 843 3261 911 Deo
3314 845 3693 935 conjungit,
3740 847 3922 935 quod

2371 957 2669 1014 creatum
2746 953 2893 1017 unit
2974 955 3297 1033 increat0‚
3369 961 3435 1019 et
3528 953 3921 1042 hujusmodi

2370 1055 2594 1144 qualia
2630 1061 2943 1148 superius
2974 1058 3293 1126 conclusa
3333 1068 3516 1127 sunt.
3581 1059 3655 1126 Si
3688 1069 3919 1128 autem

2369 1171 2468 1229 est
2498 1187 2537 1231 a
2567 1173 2850 1233 natura:
2889 1190 3045 1234 cum
3070 1190 3205 1234 una
3241 1176 3487 1235 natura
3528 1170 3614 1235 sit
3656 1170 3728 1234 in
3760 1192 3918 1235 om-

2367 1269 2565 1338 nibus
2613 1273 2835 1351 nobis,
2898 1283 3073 1341 esset
3144 1274 3293 1342 haec
3330 1275 3493 1341 unio
3528 1298 3664 1342 una
3694 1276 3917 1365 quoad

2365 1399 2601 1445 omnes
2641 1403 2789 1458 ηοε,
2826 1381 3008 1470 quod
3038 1380 3284 1448 falsum
3317 1390 3442 1449 est.

2451 1485 2808 1566 Praeterea,
2841 1487 3011 1556 Cum
3053 1488 3299 1556 dicitur
3326 1489 3443 1556 lux
3475 1491 3552 1556 in
3588 1492 3917 1559 extremi-

2360 1600 2496 1661 tate
2525 1598 2859 1685 perspicui
2891 1597 2975 1664 ad
3005 1619 3251 1686 corpus
3289 1598 3733 1666 terminatum
3766 1623 3912 1668 esse

2359 1702 2604 1769 coloris
2660 1703 3066 1794 hypostasiS,
3156 1729 3296 1773 non
3362 1715 3461 1774 est
3519 1705 3907 1797 hypostasis

2363 1811 2562 1878 unius
2628 1810 2874 1879 coloris
2936 1814 3006 1879 in
3053 1812 3504 1881 determinato
3569 1837 3854 1905 corpore
3890 1840 3905 1883 ε

2357 1918 2474 1986 sod
2505 1920 2728 2010 potius
2768 1944 2886 2011 per
2914 1920 3097 1989 hunc
3130 1921 3413 1990 modum
3446 1930 3549 1990 est
3576 1922 3910 2014 hyposta-
3964 2010 3974 2018 .

2355 2025 2446 2094 sis
2477 2036 2541 2093 et
2571 2051 2717 2094 esse
2748 2027 3030 2097 formale
3069 2029 3383 2096 omnium
3439 2030 3749 2098 colorum
3791 2034 3905 2121 qui

2354 2141 2511 2201 sunt
2548 2135 2848 2202 visibiles
2895 2144 3048 2204 actu
3093 2138 3162 2204 in
3206 2161 3490 2226 corpore
3522 2161 3661 2205 non
3696 2148 3909 2206 trans·

2353 2245 2637 2331 parenti,
2688 2243 2874 2334 quod
2907 2268 2948 2311 a
2999 2243 3418 2335 philosopho
3467 2254 3753 2314 vocatur
3794 2247 3905 2313 ‹le-

2351 2351 2793 2417 terme'natum
2850 2350 2936 2418 ab
2971 2355 3240 2443 effectu,
3292 2353 3453 2442 quia
3502 2353 3912 2421 determinat

2352 2458 2598 2537 visum,
2643 2460 2733 2525 ita
2764 2459 2951 2548 quod
2971 2460 3157 2528 visus
3197 2483 3337 2527 non
3370 2461 3610 2528 transit
3638 2484 3757 2550 per
3800 2462 3906 2551 ip-

2350 2588 2539 2635 sum:
2573 2590 2734 2658 ergo
2759 2569 2813 2633 si
2838 2567 2980 2636 haec
3008 2568 3384 2636 similitudo
3416 2567 3674 2660 aliquid
3694 2569 3898 2647 valet.

2350 2674 2616 2744 videtur
2650 2685 2836 2755 tunc,
2881 2676 3066 2767 quod
3122 2676 3310 2745 nulla
3359 2679 3579 2746 virtus
3635 2676 3892 2769 aliquid

2348 2783 2431 2849 sit
2463 2784 2530 2850 in
2569 2783 2792 2863 nobis,
2836 2783 2953 2852 sed
2992 2783 3176 2874 quod
3206 2786 3423 2852 virtus
3463 2786 3552 2852 sit
3583 2787 3744 2852 unio
3786 2786 3892 2852 vel

2349 2892 2586 2957 mixtio
2620 2890 2916 2982 Spiritus
2942 2892 3157 2960 sancti
3197 2916 3354 2960 cum
3386 2893 3690 2983 potentia
3737 2894 3892 2960 ani-

2347 3021 2478 3066 mae
2520 3007 2795 3067 nostrae.

2439 3107 2630 3186 ltem,
2670 3108 2744 3175 ln
2776 3109 2979 3176 simili
3049 3132 3173 3178 suo
3239 3111 3650 3201 supponitur
3689 3108 3901 3202 quod-

2345 3215 2498 3283 dam
2541 3217 2735 3286 valde
2778 3241 3093 3309 grossum
3125 3218 3395 3296 salsum,
3447 3218 3703 3287 scilicet
3748 3242 3894 3287 esse

2344 3323 2590 3393 coloris
2630 3324 2796 3393 nihil
2827 3325 3011 3393 aliud
3041 3350 3189 3395 esse
3228 3327 3357 3394 nisi
3390 3312 3890 3395 extremitatem

2345 3433 2676 3523 perspicui
2709 3433 2775 3499 in
2816 3457 3100 3524 corpore
3128 3432 3580 3502 determinato
3610 3457 3625 3503 ε
3668 3442 3735 3502 et
3758 3432 3897 3501 hoc

2343 3549 2440 3607 est
2482 3551 2713 3607 contra
2757 3539 3279 3632 Philosophum,
3322 3543 3437 3632 qui
3506 3542 3726 3632 tangit
3773 3566 3896 3610 co-

2343 3644 2564 3712 lorum
2596 3647 3072 3735 generationes
3104 3648 3170 3714 in
3212 3645 3445 3714 multis
3484 3646 3653 3716 locis
3684 3646 3897 3714 libro-

2345 3777 2492 3821 rum
2551 3777 2829 3821 suorum
2862 3777 2948 3822 ex
2986 3756 3253 3823 actione
3303 3756 3679 3846 primarum
3719 3778 3895 3847 qua-

2343 3861 2607 3928 litatum
2638 3870 2703 3929 et
2746 3863 3135 3950 passionum
3171 3884 3188 3930 :
3231 3861 3411 3930 unde
3452 3861 3888 3953 relinquitur.

2343 3968 2521 4059 quod
2571 3992 2714 4034 esso
2765 3967 3044 4036 formale
3098 3992 3235 4060 quo
3298 3969 3490 4038 color
3535 3978 3689 4037 actu
3756 3977 3879 4043 est.

2343 4075 2541 4144 hahet
2571 4076 2655 4143 ah
2687 4078 3108 4146 extremitate
3157 4079 3492 4168 perspicui
3539 4079 3608 4145 in
3662 4101 3895 4168 super·

2345 4184 2489 4252 [ieie
2519 4184 2964 4252 determinata
2994 4187 3297 4276 corporis
3321 4186 3387 4252 in
3427 4208 3561 4276 qua
3592 4194 3693 4253 est
3753 4186 3893 4275 ipse

2340 4296 2554 4378 color,
2587 4304 2649 4362 et
2682 4317 2818 4362 non
2850 4294 3046 4363 habet
3093 4319 3238 4362 esse
3272 4295 3616 4363 materiale
3648 4296 3734 4363 ab
3785 4318 3893 4363 ea·

2341 4402 2490 4469 dem
2527 4403 2947 4469 extremitate
2979 4403 3310 4493 perspicui
3347 4427 3363 4470 :
3401 4402 3674 4494 quando
3706 4404 3887 4471 enim

2344 4512 2730 4576 extremitas
2772 4510 3103 4599 perspicui
3145 4511 3448 4600 corporis
3487 4533 3624 4579 non
3673 4519 3775 4577 est
3823 4512 3888 4576 in

2344 4627 2493 4684 actu
2536 4617 2762 4695 lucidi,
2796 4617 3016 4685 adhuc
3065 4618 3438 4686 secundum
3479 4642 3626 4686 esse
3686 4626 3893 4685 mate·

2341 4724 2502 4791 riale
2532 4735 2686 4791 sunt
2724 4724 2985 4792 colores
3035 4726 3102 4792 in
3162 4726 3516 4815 superlicio
3576 4724 3893 4793 determi-

2339 4833 2477 4897 nati
2516 4833 2841 4921 corporis.
2882 4830 3073 4900 Unde
3135 4839 3343 4922 patet,
3416 4831 3598 4922 quod
3642 4830 3887 4898 falsum

2342 4939 2748 5029 supponitur
2780 4942 2848 5006 in
2888 4940 3090 5006 simili
3131 4938 3449 5007 adducto.

2435 5047 2621 5112 Sicut
2679 5070 2840 5132 ergo
2916 5046 3376 5113 communiter
3447 5045 3584 5113 sere
3651 5068 3891 5113 omnes

2348 5154 2658 5221 meliores
2696 5153 3136 5232 concordant,
3168 5151 3773 5219 contradit-endum
3795 5161 3896 5219 est

2349 5260 2669 5349 Magistro
2758 5261 2822 5326 in
2892 5260 3018 5327 ista
3096 5267 3309 5348 parte,
3372 5268 3435 5326 et
3501 5257 3893 5336 dicendum,

2346 5368 2526 5461 quod
2566 5366 2856 5435 charitas
2906 5390 3038 5456 qua
3084 5364 3522 5433 habitualiter
3547 5365 3896 5455 diligimus

2351 5478 2564 5544 Deum
2633 5483 2695 5539 rt
2767 5476 3179 5562 proximum,
3245 5496 3380 5538 non
3435 5483 3535 5540 est
3602 5474 3896 5563 Spiritus

2347 5592 2616 5651 sanctus
2648 5601 2662 5648 ε
2699 5578 2816 5646 sed
2844 5580 3137 5669 Spiritus
3160 5589 3434 5647 sanctus
3466 5581 3895 5671 appropriate
