4897 6388
1884 324 1978 390 IN
2028 324 2054 390 1
2108 321 2536 390 SENTENT.
2595 319 2821 389 DIST.
2874 320 3096 422 XVH.»
3152 321 3226 394 C,
3276 323 3478 391 ΛΒΤ.
3533 326 3596 392 3.
4223 325 4351 390 469

1128 496 1437 584 Quanto
1480 519 1665 591 ergo
1719 494 2182 568 sanctiores¹
2228 513 2503 565 sumus
2534 513 2581 564 a
2620 500 2925 566 tumore
2966 494 3383 590 superbiae,
3421 504 3630 569 tanto
3682 519 3954 570 sumus
3994 495 4345 570 dilectio-

1127 655 1225 706 ne
1260 631 1649 730 pleniores
1695 653 1710 703 ε
1749 638 1822 703 et
1860 651 2013 723 quo
2057 625 2205 699 nisi
2249 624 2411 698 Deo
2456 625 2738 721 plenus
2787 634 2931 719 est,
2978 627 3110 722 qui
3180 629 3459 724 plenus
3527 638 3639 703 est
3694 629 4097 703 dilectione
4125 628 4166 702 ἱ)
4206 629 4344 703 His

1125 765 1385 840 verbis
1427 762 1615 837 satis
1655 760 1989 836 ostendit
2018 758 2503 856 Augustinus
2536 759 2745 856 quod
2789 759 3097 833 dilectio
3141 760 3308 857 ipsa
3339 784 3494 859 qua
3522 761 3911 858 diligimus
3941 762 4188 836 Deum
4222 763 4343 836 vel

1124 900 1597 998 proximum,
1641 897 1851 971 Deus
1892 904 2029 970 est.
2070 893 2219 968 Sed
2264 893 2520 967 adhuc
2562 893 2909 991 apertius
2942 894 3020 966 in
3054 894 3326 970 eodem
3389 896 3584 969 libro
3652 896 3933 983 subdit,
4015 896 4276 970 dicens
4321 920 4335 969 :

1121 1033 1635 1110 Dilectionem
1680 1040 2053 1129 quantum
2095 1028 2589 1103 commendat
2624 1027 2970 1102 Joannes
3009 1031 3431 1126 Apostolus
3462 1030 3945 1104 attendamus
3981 1055 3997 1104 :
4049 1028 4200 1120 Qui
4234 1030 4342 1104 elz·-

1120 1170 1310 1267 liqit,
1376 1167 1655 1265 inquit,
1698 1164 2026 1264 fratrem
2053 1187 2304 1246 sunm,
2339 1164 2420 1235 in
2457 1161 2756 1235 lumine
2788 1169 3075 1251 manet,
3114 1170 3187 1237 el
3222 1164 3678 1239 scandalum
3720 1165 3801 1238 in
3842 1187 3926 1239 eo
3958 1188 4109 1239 non
4153 1171 4332 1239 esta

1118 1303 1617 1380 Manifestum
1652 1312 1793 1395 est,
1839 1299 2043 1398 quod
2068 1297 2393 1396 justitiae
2438 1296 2993 1395 perfectionem
3034 1296 3110 1370 in
3163 1298 3414 1372 fratris
3491 1299 3930 1374 dilectione,
3963 1299 4329 1398 posuerit.

1116 1441 1311 1515 Nam
1358 1439 1436 1513 in
1472 1460 1626 1536 quo
1669 1435 2117 1511 scandalum
2151 1457 2304 1506 non
2341 1442 2484 1526 est,
2530 1431 2804 1528 utique
2845 1432 3230 1529 perfectus
3272 1443 3411 1508 est.
3460 1435 3552 1512 Et
3591 1443 3842 1507 tamen
3884 1433 4188 1509 videtur
4217 1433 4338 1506 di-

1119 1575 1527 1665 lectionem
1571 1570 1711 1647 Dei
1744 1571 2073 1645 tacuisse
2121 1594 2136 1643 :
2184 1567 2389 1667 quod
2427 1589 2860 1663 numquam
2891 1566 3210 1661 faceret,
3251 1568 3398 1642 nisi
3442 1569 3623 1666 quia
3665 1568 3739 1640 in
3783 1568 3951 1666 ipsa
4007 1568 4336 1644 fraterna

1107 1709 1520 1783 dilectione
1562 1707 1730 1780 vult
1770 1703 2094 1800 intelligi
2135 1703 2414 1778 Deum.
2454 1699 2971 1798 Apertissime
3012 1701 3217 1775 enim
3256 1702 3329 1775 in
3376 1701 3643 1777 eadem
3687 1703 4036 1802 epistola,
4104 1704 4333 1802 paulo

1108 1853 1316 1944 post,
1358 1844 1464 1917 ait
1533 1841 1637 1917 ita
1672 1866 1688 1916 ε
1749 1838 2232 1932 Char-issimi,
2277 1836 2699 1932 diliqamus
2720 1858 2863 1909 nos
2895 1837 3253 1931 invicem,
3289 1838 3473 1936 quia
3503 1837 3830 1913 charitas
3860 1861 3958 1913 ex
3978 1838 4147 1913 Deo
4181 1845 4333 1913 eal:

1105 1977 1181 2045 et
1209 1969 1462 2043 omnis
1491 1968 1633 2067 qui
1657 1965 1937 2062 diliyil,
1974 1987 2074 2038 εει·
2101 1962 2269 2037 Deo
2325 1968 2552 2066 uacus
2578 1968 2718 2055 est,
2762 1969 2840 2037 et
2876 1955 3264 2059 coqnoacil
3301 1962 3590 2038 Deum.
3666 1961 3820 2054 Qui
3850 1989 4007 2063 non
4045 1963 4321 2062 decepit,

1107 2129 1262 2180 uon
1302 2103 1518 2178 novit
1553 2102 1839 2194 Deum,
1874 2099 2242 2198 quoniam
2280 2097 2499 2172 Dens
2539 2095 2878 2172 charita-3
2907 2095 3086 2172 θεῖ’.
3143 2097 3294 2172 Ista
3361 2098 3742 2173 contextio
3816 2099 4002 2175 satis
4057 2109 4317 2198 aperte

1107 2241 1447 2315 declarat
1485 2237 1834 2312 eamdem
1869 2235 2113 2333 ipsam
2150 2233 2566 2308 fraternam
2602 2230 3098 2307 dilectionem
3134 2238 3343 2323 (nam
3394 2234 3728 2308 fraterna
3802 2232 4105 2309 dilectio
4172 2244 4313 2328 est,

1104 2399 1257 2473 qua
1300 2373 1697 2471 diligimus
1740 2368 2099 2467 invicem)
2133 2392 2286 2442 non
2320 2368 2575 2440 solum
2609 2389 2703 2441 ex
2742 2365 2937 2460 De0,
2983 2366 3113 2441 sed
3159 2367 3390 2443 etiam
3429 2368 3679 2443 Deum
3710 2391 3907 2462 esse,
3956 2378 4164 2443 tanta
4191 2392 4321 2444 au-

1096 2510 1447 2585 ctoritate
1480 2504 1914 2607 praedicari,
1950 2502 2245 2578 scilicet
2279 2499 2635 2576 Joannis.
2674 2501 2868 2592 Cum
2913 2523 3098 2595 ergo
3132 2501 3225 2576 de
3259 2501 3670 2578 dilectione
3709 2501 4104 2599 diligimus
4168 2504 4321 2578 fra-

1100 2657 1323 2739 trem,
1357 2644 1451 2718 de
1485 2642 1647 2717 Deo
1680 2639 2074 2734 diligimus
2113 2638 2423 2712 fratrem
2465 2659 2482 2711 :
2519 2658 2665 2710 nec
2709 2631 2878 2709 lieri
2929 2645 3179 2734 potest
3247 2647 3329 2710 ut
3405 2636 3748 2711 eamdem
3827 2636 4313 2712 dilectionem

1086 2806 1243 2854 nnn
1294 2777 1681 2878 praecipue
1713 2775 2128 2871 diligamus
2166 2795 2323 2871 qua
2366 2773 2673 2847 fratrem
2712 2769 3140 2865 diligimuS,
3177 2772 3542 2869 quoniam
3586 2773 3795 2847 Deus
3824 2770 4129 2848 dilectio
4160 2783 4300 2846 est.

1084 2917 1304 3010 Item,
1340 2915 1470 3013 qui
1517 2937 1668 2988 non
1701 2910 1949 3007 diligit
1989 2910 2324 2998 fratrem,
2372 2932 2526 2982 non
2571 2916 2688 2981 est
2731 2905 2804 2979 in
2853 2906 3266 2982 dilectione
3314 2933 3330 2984 ε
3376 2909 3611 3008 etqui
3664 2933 3813 2982 non
3891 2919 4007 2983 est
4064 2908 4140 2983 in
4195 2911 4302 2984 di·

1089 3053 1443 3139 lectione,
1481 3057 1777 3123 nonest
1821 3046 1893 3119 in
1939 3046 2130 3138 Deo,
2166 3044 2349 3143 qnia
2404 3041 2960 3116 1)··usditectio
3015 3053 3155 3117 est.
3205 3046 3397 3119 Ecce
3467 3054 3726 3144 aperte
3795 3043 3975 3118 dicit
4042 3044 4300 3119 frater-

1094 3214 1270 3263 nam
1313 3185 1802 3265 dilectionem
1837 3183 2083 3256 Deum
2125 3204 2322 3255 esse.

2759 3607 3274 3697 responsionem
3319 3630 3469 3698 quae
3527 3618 3750 3698 posset
3804 3609 3972 3686 lieri,
4051 3611 4302 3680 scilicet

2754 3711 2940 3801 quod
2979 3722 3154 3780 esset
3195 3713 3452 3781 dictum
3521 3737 3639 3805 per
3699 3738 4001 3795 causam,
4045 3716 4163 3796 ihi,
4218 3716 4293 3796 Ε,

1528 3818 2030 3888 AltTlCULUS
2085 3817 2202 3884 ΙΙΙ.

1090 4034 1342 4099 L'trum
1372 4031 1498 4122 qui
1530 4032 1927 4121 proximum
1969 4029 2234 4120 diliqit,
2271 4032 2476 4095 etiam
2520 4027 2635 4093 di-

1182 4139 1536 4207 lectionem
1593 4136 1874 4227 ιΙῐΙίφιΙ,
1925 4149 1988 4202 el
2052 4161 2205 4228 qna»
2249 4146 2410 4202 sem!
2463 4134 2637 4205 dili-

1176 4246 1403 4335 ymeda
1434 4268 1518 4311 ex
1555 4245 1888 4311 clearilale
1909 4244 1949 4309 ἴ)

1174 4569 1432 4638 Deinde
1473 4570 1803 4661 quaeritur
1838 4569 1918 4636 de
1968 4567 2092 4635 hoc
2162 4569 2342 4659 quod
2405 4568 2564 4636 dicit
2614 4596 2628 4637 :

1079 4711 1109 4739 ‹-
1151 4681 1251 4748 Ne·
1287 4689 1514 4746 aulem
1552 4679 1620 4745 ἱη
1654 4702 1724 4745 re
1762 4687 1982 4754 lanta,
2029 4687 2155 4745 etc.
2192 4705 2224 4738 a

1166 4791 1291 4859 llic
1322 4791 1505 4858 enim
1540 4791 1757 4881 primo
1789 4788 2178 4878 accipienda
2209 4799 2306 4856 est
2335 4789 2628 4859 divisio:

1077 4903 1239 4991 quia
1298 4898 1438 4968 haec
1498 4923 1651 4991 pars
1719 4898 1917 4965 habet
1985 4899 2109 4963 tria
2168 4899 2461 4989 capitula
2508 4923 2522 4969 :
2564 4901 2629 4967 in

1075 5029 1369 5098 quornm
1429 5008 1651 5097 primo
1708 5004 2055 5096 probatur,
2119 5005 2302 5095 quod
2331 5003 2629 5074 charitas

1072 5123 1175 5181 est
1205 5115 1409 5181 nous.
1459 5114 1532 5182 ln
1565 5114 1888 5190 secund0‚
1932 5111 2115 5201 quod
2160 5121 2261 5180 est
2332 5113 2629 5204 Spiritus

1071 5230 1368 5299 sanctuS,
1407 5222 1524 5305 ihi,
1568 5221 1655 5302 I),
1701 5250 1732 5286 α
1761 5224 1816 5292 C
1843 5246 1957 5289 mn
2025 5233 2257 5291 aulem
2306 5226 2627 5313 staterem

1065 5327 1340 5396 dilectio
1367 5332 1458 5398 sil
1494 5333 1702 5409 DeuS,
1737 5342 1862 5400 etc.
1896 5361 1927 5394 »
1954 5332 2027 5399 ln
2064 5334 2294 5410 tertio,
2329 5331 2626 5399 excludit

1135 5579 1154 5613 ¹
1188 5579 1319 5636 Edit
1343 5581 1511 5638 loan.
1546 5581 1871 5657 Alleaume,
1901 5589 2162 5644 saniores.

1135 5668 1159 5703 ¹
1187 5669 1358 5725 Joan.
1397 5688 1457 5735 ιι,
1498 5674 1581 5728 ¹0.

2752 3848 2786 3880 «ι
2823 3820 2968 3888 Sed
2991 3844 3076 3887 ne
3108 3824 3291 3911 sorte
3309 3822 3572 3913 aliquis
3599 3823 3805 3900 dicat,
3839 3832 3968 3892 etc.
4009 3850 4042 3888 ι

2842 4036 3078 4105 lncidit
3112 4036 3220 4105 hic
3259 4039 3542 4107 dubium
3576 4042 3792 4132 primo
3833 4043 3914 4110 de
3945 4042 4074 4111 hoc
4111 4044 4293 4133 quod

2750 4146 2912 4212 dicit
2958 4170 3040 4212 :a
3096 4150 3233 4230 Qm'
3288 4151 3689 4239 proximum
3750 4150 4011 4241 diliqu,
4079 4176 4299 4220 conse-

2747 4276 2961 4343 que-us
3026 4266 3123 4321 est
3162 4265 3239 4321 ut
3293 4257 3641 4347 praecipue
3696 4259 3914 4348 ipsam
3982 4259 4299 4328 dilectio-

2748 4384 2902 4428 nem
2959 4361 3245 4452 ditique,
3304 4373 3432 4433 etc.
3473 4392 3504 4425 »v

2842 4467 2989 4534 lloc
3052 4471 3234 4536 enini
3293 4470 3563 4539 videtur
3599 4471 3841 4540 salsum
3888 4496 3904 4543 ε

2849 4578 2905 4642 l.
2945 4576 3018 4644 Si
3052 4580 3237 4645 enim
3269 4577 3490 4668 diligit
3522 4578 3981 4661 dilectionem,
4030 4582 4300 4653 dilectio

2745 4681 3099 4773 diligibilis
3153 4695 3252 4752 est
3312 4709 3393 4753 ex
3454 4685 3776 4756 charitate
3857 4711 3872 4755 :
3946 4712 4085 4758 non
4136 4714 4297 4781 ergo

2743 4799 3013 4859 tantum
3081 4804 3240 4861 sunt
3299 4803 3594 4885 quatuor
3647 4819 3734 4864 ex
3782 4795 4107 4867 charitate
4145 4799 4295 4868 dili-

2741 4897 2993 4987 genda,
3032 4909 3101 4966 ut
3133 4899 3293 4966 dicit
3328 4903 4050 4992 AugustinuS‚scilicet
4084 4904 4293 4988 Deus»,

2745 5029 2896 5087 nos»,
2941 5015 3008 5074 et
3047 5031 3322 5099 σοι-ρης,
3366 5020 3432 5078 et
3462 5013 3688 5078 anima
3724 5015 4040 5102 proximi.

2833 5117 2897 5180 2.
2950 5112 3147 5192 lteni,
3196 5114 3267 5182 ln
3339 5117 3759 5186 naturalibus
3834 5121 4153 5210 potentiis
4208 5124 4296 5190 ita

2737 5230 2868 5302 est,
2915 5223 3098 5313 quod
3132 5248 3266 5291 non
3311 5235 3408 5293 est
3451 5226 3685 5295 eadem
3728 5232 4028 5319 potentia
4092 5254 4302 5323 super

2738 5329 3089 5419 obJectum
3120 5341 3188 5399 ct
3218 5342 3447 5401 actum
3485 5357 3500 5401 ε
3543 5338 3701 5427 quia
3750 5359 3906 5403 cum
3964 5337 4140 5416 dico,
4200 5341 4300 5406 vi-

2808 5580 3060 5637 8Νοειιι.
3095 5598 3175 5648 ιν,
3207 5586 3238 5636 ἵ
3278 5587 3336 5637 et
3369 5586 3425 5638 8.
