4897 6388
1797 317 1892 384 ΙΝ
1940 315 2441 385 ISENTENT.
2494 311 2719 407 DIST.
2771 311 3028 396 XVIII,
3080 312 3163 389 D,
3215 311 3415 377 ART.
3468 311 3535 377 2.
3638 343 3671 416 .‘

4103 298 4233 368 493

1224 842 1316 913 D.
1366 837 1794 936 Responsio
1827 857 2061 934 quare
2091 832 2355 907 datum
2392 830 2552 904 sive
2582 827 2949 903 donatum
2981 825 3286 899 dicatur
3326 825 3674 923 Spiritus
3690 835 4019 903 sanctus.

1114 1179 1225 1252 Ad
1262 1177 1466 1276 quod
1512 1176 1868 1265 dicimus,
1913 1174 2096 1271 quia
2125 1170 2458 1270 Spiritus
2497 1177 2808 1243 sanctus
2838 1175 2914 1240 et
2951 1164 3242 1240 donum
3273 1164 3578 1258 dicitur,
3625 1173 3700 1239 et
3736 1166 3996 1239 (latum
4068 1163 4230 1237 sive

1016 1315 1389 1389 donatum
1430 1337 1444 1386 :
1521 1313 1654 1388 sed
1714 1311 1974 1386 datum
2044 1307 2204 1383 sive
2260 1309 2622 1381 donatum
2693 1327 2782 1378 ex
2825 1326 2913 1378 eo
2952 1310 3246 1378 tantum
3282 1301 3588 1394 dieitur,
3625 1301 3810 1398 quia
3842 1301 4067 1375 datur
4107 1300 4227 1373 vel

1015 1419 1377 1546 donatur,
1424 1448 1629 1546 quod
1676 1448 1906 1523 habet
1929 1453 2225 1521 tantum
2258 1464 2350 1518 ex
2380 1452 2750 1538 tempore.

1468 1978 1973 2050 ARTICULUS
2023 1978 2108 2045 11.

1139 2206 1387 2274 Utrum
1430 2226 1570 2270 una
1596 2203 1690 2270 sit
1720 2202 1897 2269 ratio
1927 2201 2091 2268 doni
2127 2209 2190 2268 el
2229 2198 2380 2267 dati
2410 2198 2452 2266 ?

1092 2521 1358 2591 Deinde
1392 2525 1725 2613 quaeritur
1762 2545 1966 2613 supra
2021 2519 2395 2590 seeundum
2450 2542 2557 2588 ca·

1009 2627 1305 2721 pitulum
1371 2629 1448 2711 Β,
1496 2659 1529 2692 «
1563 2633 1902 2698 I’raeterea
1932 2629 2299 2719 diliqetoeter
2332 2626 2559 2696 consi-

1010 2738 1426 2820 derandum,
1463 2748 1590 2807 etc.
1630 2764 1665 2802 ι

1106 2841 1353 2911 Utrum
1386 2866 1523 2910 una
1557 2843 1727 2911 ratio
1766 2843 1853 2911 sit
1883 2842 2070 2922 doni,
2103 2848 2168 2910 et
2207 2839 2399 2909 dati?

1109 2945 1400 3015 videtur
1436 2954 1691 3024 autem,
1727 2946 1911 3038 quod
1939 2948 2034 3015 sic
2066 2970 2083 3015 z
2118 2946 2281 3038 quia

1111 3057 1172 3124 1.
1205 3054 1482 3124 Mobilis
1521 3064 1589 3124 et
1644 3057 1811 3124 moti
1854 3078 1986 3124 uua
2044 3056 2215 3123 ratio
2254 3051 2565 3122 substan-

1011 3163 1124 3231 tiae
1162 3171 1291 3243 est,
1336 3186 1475 3232 non
1513 3163 1833 3233 disserens
1864 3164 1992 3233 nisi
2021 3186 2141 3256 per
2203 3170 2431 3232 aetum
2498 3168 2564 3230 et

1012 3273 1394 3362 potentiam
1429 3294 1449 3347 ς
1481 3273 1601 3343 sed
1630 3274 1886 3343 donum
1925 3273 2169 3343 dieitur
2225 3296 2306 3343 eo
2382 3270 2565 3363 quod

1011 3379 1213 3449 datur
1254 3402 1272 3451 ε
1316 3405 1481 3474 ergo
1521 3382 1636 3451 illa
1692 3380 2036 3451 habebunt
2091 3406 2299 3451 unam
2357 3381 2568 3450 ratio-

1017 3510 1204 3557 nem.

1106 3602 1175 3668 2.
1220 3597 1588 3684 Praeterea,
1631 3597 1710 3667 ln
1739 3598 2058 3668 omnibus
2106 3609 2296 3668 actus
2361 3597 2565 3667 nobi-

1013 3704 1145 3774 lior
1202 3714 1306 3774 est
1370 3714 1439 3775 et
1506 3691 2105 3797 melior'potentia
2148 3729 2164 3775 :
2213 3729 2370 3775 cum
2399 3727 2562 3797 ergo

1013 3813 1252 3881 datum
1278 3816 1641 3882 conveniat
1671 3813 2045 3883 secundum
2075 3820 2301 3883 aetum
2330 3812 2561 3893 dandi,

1014 3920 1275 3990 donum
1316 3929 1546 3989 autem
1584 3942 1625 3988 a
1673 3922 1993 4012 potentia,
2044 3922 2312 3992 videtur
2366 3921 2571 3991 nobi-

1016 4028 1149 4097 lius
1188 4029 1558 4099 convenire
1605 4028 1886 4120 Spiritui
1925 4038 2185 4108 sancto,
2247 4038 2314 4099 et
2378 4030 2564 4122 prius

1016 4136 1252 4205 datum
1285 4160 1495 4228 quam
1527 4137 1809 4207 donum.

1108 4247 1175 4313 3.
1210 4245 1577 4324 I‘raeterea‚
1606 4244 1844 4315 Jacob.
1880 4269 1926 4325 1,
1973 4247 2075 4320 17.
2119 4246 2457 4314 distinctio
2499 4245 2573 4315 lit

1018 4355 1197 4421 inter
1223 4351 1406 4421 dona
1437 4362 1503 4422 et
1534 4352 1716 4433 data,
1748 4376 1903 4422 eum
1943 4353 2143 4422 dicit:
2189 4353 2403 4423 Omne
2438 4352 2571 4420 da-

1019 4472 1169 4529 tum
1211 4463 1553 4554 optimum
1584 4473 1648 4530 e!
1676 4485 1873 4530 omne
1908 4461 2164 4531 donum
2186 4463 2571 4555 perlectum

1020 4570 1380 4638 ‹lc-sursum
1421 4579 1544 4654 est,
1578 4578 1708 4639 etc.
1771 4570 2157 4639 Secundum
2227 4569 2568 4651 Glossam,

1023 4680 1303 4759 ibidem,
1339 4680 1574 4749 datum
1608 4680 1891 4750 refertur
1927 4681 2013 4749 ad
2041 4679 2399 4760 naturalia,
2440 4680 2573 4749 do-

1024 4813 1191 4858 num
1223 4798 1455 4858 autem
1485 4790 1570 4858 ad
1598 4791 1894 4882 gratuita
1932 4814 1948 4861 z
1994 4797 2256 4860 constat
2312 4798 2569 4871 autem,

1022 4896 1211 4989 quod
1239 4907 1527 4988 utraque
1566 4897 1813 4966 dantur
1849 4921 1888 4965 a
1929 4896 2184 4989 Spiritu
2211 4906 2473 4977 sancte,
2508 4905 2577 4966 et

1023 5005 1093 5071 in
1124 5007 1433 5096 utrisque
1461 5004 1705 5074 dividit
1736 5005 2027 5097 Spiritus
2054 5003 2339 5097 singulis
2374 5013 2577 5097 prout

1021 5109 1208 5177 vult¹
1259 5134 1275 5177 z
1321 5097 1485 5202 ergo
1515 5111 1810 5192 videtur,
1839 5112 2021 5204 quod
2077 5111 2362 5203 Spiritui
2419 5135 2576 5181 san-

1024 5227 1134 5287 cto
1177 5220 1270 5287 ita
1308 5222 1673 5289 conveniat
1703 5244 1847 5290 esse
1887 5220 2144 5300 datum,
2203 5222 2377 5291 sicut
2429 5244 2576 5291 esse

1028 5325 1317 5394 donum.

1104 5582 1120 5617 ⁸
1154 5582 1175 5635 1
1205 5578 1282 5637 ad
1311 5580 1580 5637 Corinth.
1614 5596 1715 5649 ιιι,
1751 5586 1809 5637 ¹1
1848 5598 1863 5637 ε
1893 5584 2027 5641 Haec
2076 5582 2262 5639 ovnnta
2316 5586 2580 5654 operatur

1029 5688 1172 5729 nnus
1201 5675 1371 5742 atque
1397 5670 1543 5727 idem
1572 5670 1834 5754 Spiritus,
1864 5671 2113 5729 dividens
2139 5670 2374 5743 sinentis
2411 5679 2579 5744 prout

2765 1754 2829 1822 4.
2863 1753 3061 1835 Item,
3104 1753 3566 1844 Philosophus
3604 1753 3790 1835 dicit,
3863 1754 4045 1845 quod
4102 1755 4220 1823 do-

2674 1884 2841 1928 num
2872 1861 3185 1930 estdatio
3227 1861 3631 1931 irreddibilis
3665 1885 3680 1929 :
3717 1886 3878 1954 ergo
3924 1862 4109 1931 datio
4149 1887 4221 1933 se

2674 1963 2877 2033 habet
2913 1974 2990 2034 ut
3028 1965 3341 2057 superius
3397 1966 3484 2035 ad
3548 1966 3850 2037 donum:
3914 1992 4078 2059 ergo
4121 1978 4223 2037 est

2672 2075 2859 2164 prius
2887 2074 3263 2142 seeundum
3293 2074 3717 2144 intellectum
3752 2099 3768 2143 2
3812 2099 3975 2167 ergo
4020 2099 4223 2168 gene-

2675 2181 2796 2251 rali
2836 2183 3017 2252 dono
3077 2187 3145 2252 in
3186 2208 3321 2276 quo
3388 2187 3623 2255 omnia
3688 2186 3935 2254 dantur
3999 2188 4220 2278 magis

2672 2295 3045 2383 competit:
3109 2316 3273 2384 ergo
3333 2292 3628 2384 Spiritus
3684 2302 3958 2363 sanetus
3997 2295 4218 2386 magis

2672 2400 2916 2469 dieitur
2945 2401 3125 2469 datio
3158 2400 3265 2470 vel
3304 2400 3567 2486 datum,
3628 2426 3833 2493 quam
3901 2402 4162 2471 donum
4196 2424 4212 2469 :

2667 2509 2860 2598 cujus
2897 2508 3313 2577 contrarium
3356 2508 3846 2577 determinatur
3918 2511 3987 2577 in
4067 2512 4222 2578 Lit-

2669 2624 2844 2684 tera.

2761 2826 3067 2894 Somno.
3103 2826 3506 2913 Dicendum,
3539 2827 3722 2918 quod
3751 2827 4008 2895 donum
4060 2853 4211 2919 pro·
4299 2848 4500 2899 Sonnuo.

2670 2935 2812 3024 prie
2841 2936 3161 3004 convenit
3200 2934 3482 3027 Spiritui
3511 2942 3769 3015 sancte,
3813 2945 3880 3004 et
3919 2960 4057 3005 non
4085 2938 4213 3006 da-

2671 3052 2846 3126 tum,
2901 3043 3011 3112 vel
3048 3043 3259 3127 datin,
3327 3042 3435 3113 vel
3475 3045 3680 3113 etiam
3720 3045 3999 3113 donatio
4063 3066 4081 3117 ε
4149 3057 4218 3117 et

2671 3175 2873 3222 causa
2912 3151 3117 3242 hujus
3156 3152 3401 3246 triplex
3456 3163 3581 3223 est.
3643 3152 3794 3224 Una
3852 3163 3977 3234 est,
4058 3156 4219 3247 quia

2673 3260 2930 3329 donum
2960 3283 3215 3330 nomen
3243 3271 3369 3341 est,
3403 3271 3472 3331 et
3524 3262 3859 3355 signifieat
3908 3263 4223 3333 substan-

2675 3370 2839 3438 tiam
2868 3392 3026 3440 cum
3053 3370 3380 3462 qualitate
3413 3393 3432 3441 ε
3478 3369 3772 3463 qualitas
3795 3382 4024 3442 autem
4053 3373 4214 3442 doni

2673 3476 3082 3547 donabilitas
3107 3486 3209 3548 est
3237 3501 3389 3570 quae
3420 3479 3693 3572 ponitur
3727 3481 3901 3550 cirea
3933 3482 4000 3549 id
4030 3484 4216 3573 quod

2674 3596 2774 3657 est
2802 3588 3089 3669 donum,
3121 3587 3253 3658 hoe
3279 3597 3408 3674 est,
3486 3589 3781 3682 Spiritus
3848 3590 4222 3682 procedens

2674 3705 2748 3765 ut
2778 3719 3018 3766 amor:
3055 3696 3236 3766 unde
3263 3721 3421 3766 cum
3459 3697 3865 3767 donabilitas
3931 3724 4080 3791 quae
4120 3708 4222 3770 est

2675 3801 2966 3894 qualitas
3004 3825 3157 3894 quoe
3194 3811 3296 3872 est
3334 3803 3741 3895 principium
3800 3803 4217 3896 intelligendi

2677 3910 2961 3993 donum,
2996 3933 3134 3979 non
3165 3913 3354 4001 ponit
3393 3910 3520 3979 nisi
3562 3911 3869 3980 ordinem
3928 3911 4009 3979 ad
4052 3910 4221 3980 dan·

2677 4017 2867 4098 dum,
2909 4018 3132 4108 ipsum
3174 4020 3392 4110 magis
3455 4020 3775 4110 competit
3832 4019 4222 4098 aeternitati,

2679 4148 2885 4216 quam
2951 4125 3186 4195 datum
3251 4126 3432 4218 quod
3503 4136 3604 4195 est
3655 4129 4082 4219 participium
4158 4137 4227 4196 et

2679 4226 3148 4326 consignificat
3191 4244 3479 4327 tempus.
3544 4235 3873 4305 Similiter
3919 4237 4103 4306 datio
4159 4245 4225 4305 et

2680 4342 2957 4412 donatio
3016 4344 3298 4413 nomina
3364 4354 3521 4413 sunt
3598 4346 3922 4430 verbalia,
3991 4359 4056 4417 et
4136 4350 4227 4417 ita

2681 4460 2872 4519 aetus
2910 4450 3319 4542 temporales
3394 4454 4003 4546 consignificantia,
4074 4454 4228 4523 licet

2683 4581 2823 4627 non
2860 4559 3382 4652 consignificant
3426 4570 3757 4653 tempora.
3817 4562 3969 4632 Alia
4026 4586 4229 4632 causa

2685 4675 2809 4745 est,
2844 4666 3030 4757 quod
3058 4665 3318 4735 donum
3356 4675 3455 4737 est
3487 4668 3671 4737 datio
3694 4668 4123 4755 irreddibilis,
4154 4677 4229 4737 ut

2683 4773 2845 4842 dicit
2875 4773 3362 4867 Philosophus,
3395 4784 3460 4845 et
3491 4775 3678 4846 solus
3727 4776 4021 4868 Spiritus
4076 4801 4231 4846 san·

2683 4890 2831 4952 ctus
2859 4884 2957 4952 sic
2995 4883 3195 4953 datur
3223 4894 3292 4952 ut
3337 4908 3710 4978 numquam
3751 4887 4029 4956 retribui
4070 4911 4228 4979 pos·

2684 4992 2772 5058 sit
2800 4999 3077 5083 propter
3105 4993 3212 5059 sui
3257 5000 3687 5082 potestatem.
3761 4994 3979 5074 Unde,
4044 4995 4223 5064 l‘sal.

2684 5122 2837 5185 cxv,
2884 5102 2963 5167 12
3006 5122 3023 5169 ε
3073 5099 3263 5184 Quid
3300 5101 3675 5171 retribuam
3730 5103 4055 5184 Domino,
4094 5127 4230 5197 pro

2686 5207 3002 5276 omnibus
3055 5231 3208 5299 quae
3265 5206 3582 5277 retribuit
3672 5211 3845 5279 milei
3867 5209 3910 5278 ?
4006 5211 4232 5280 Tertia

2686 5338 2888 5385 causa
2919 5325 3046 5395 est,
3081 5318 3241 5407 quia
3278 5316 3537 5386 donum
3569 5318 3852 5387 refertur
3916 5318 4006 5387 ad
4067 5344 4229 5412 gra-

2686 5573 2821 5629 ruIt.
