4897 6388
865 1539 944 1583 Ad
981 1538 1021 1581 ³.

2030 264 2123 329 IN
2171 264 2201 329 1
2252 264 2678 332 SENTENT.
2733 261 2966 333 DIST.
3019 264 3284 342 XX111,
3334 263 3413 332 F.

1137 436 1416 504 excedat
1446 434 1895 503 substantiam
1928 459 1996 504 re
2027 446 2094 504 et
2148 447 2391 505 natura
2450 437 2678 528 aliqua

1134 544 1480 610 communi
1514 565 1720 633 quam
1764 544 2107 634 importat,
2167 553 2392 612 tamen
2470 543 2681 612 relin-

1137 650 1598 741 quitsimilem
1643 652 2154 741 proportionem
2222 652 2305 719 ad
2358 653 2540 720 idem
2609 654 2678 719 in

1135 757 1309 824 alio:
1347 765 1413 824 et
1450 756 1533 823 ab
1578 755 1692 823 illa
1731 756 2174 826 similitudine
2230 760 2680 848 imponuntur

1134 862 1527 950 hujusmodi
1555 864 1837 931 nomina
1870 865 2174 944 relativa,
2195 889 2513 956 persona,
2548 865 2682 957 hy-

1134 971 1451 1061 postasiS,
1485 978 1548 1036 et
1587 991 1692 1036 res
1732 978 2013 1050 naturae,
2085 980 2151 1038 et
2218 973 2681 1039 incommuni-

1135 1076 1392 1162 cabiliS,
1436 1087 1503 1145 et
1545 1076 1976 1167 hujusmodi:
2043 1089 2109 1148 et
2183 1081 2442 1148 ratione
2499 1081 2680 1148 illius

1133 1185 1594 1276 proportionis
1624 1187 1978 1268 excedunt,
2012 1188 2166 1255 licet
2214 1210 2353 1255 non
2437 1189 2509 1255 in
2567 1211 2676 1256 re:

1135 1301 1201 1361 et
1257 1292 1409 1361 ideo
1486 1295 1859 1362 secundum
1919 1295 2471 1386 praedicationem
2540 1318 2681 1363 non

1135 1409 1623 1469 convertuntur
1661 1425 1816 1469 cum
1855 1402 1994 1469 suis
2024 1402 2363 1490 subjectis.

1224 1509 1327 1575 An
1365 1532 1562 1576 Auno
1593 1508 1979 1594 dicendum,
2024 1509 2207 1599 quod
2271 1508 2353 1575 ad
2406 1510 2686 1577 univer·
2722 1533 2729 1538 ·

1138 1619 1276 1688 sale
1305 1620 1624 1710 exigitur,
1668 1620 1850 1711 quod
1883 1620 2231 1688 abstrahat
2284 1622 2369 1689 ab
2435 1619 2543 1687 his
2600 1620 2684 1688 de

1142 1727 1387 1820 quibus
1425 1728 1856 1819 praedicatur,
1892 1739 1966 1797 ut
1997 1738 2232 1797 natura
2291 1730 2684 1798 communis

1140 1835 1471 1905 abstrahit
1509 1860 1549 1905 a
1575 1839 1716 1906 suis
1757 1837 2185 1906 inferioribus
2215 1860 2366 1928 quae
2406 1846 2686 1906 contra-

1141 1943 1311 2011 hunt
1345 1946 1558 2037 ipsam
1589 1968 1709 2036 per
1764 1968 1843 2013 oa
1901 1945 2146 2034 quibus
2202 1945 2678 2035 componitur:

1137 2054 1252 2122 sed
1293 2054 1402 2122 hic
1439 2077 1577 2122 non
1618 2062 1721 2123 est
1769 2056 1884 2135 ita,
1945 2053 2062 2120 sed
2112 2063 2376 2120 tantuin
2435 2053 2685 2121 simili-

1135 2161 1298 2229 tudo
1330 2162 1790 2252 proportionis
1827 2162 2025 2229 estin
2074 2162 2217 2227 istis
2283 2160 2681 2230 nominihus

1128 2270 1532 2360 importata:
1568 2276 1634 2336 et
1663 2291 2027 2337 commune
2059 2269 2471 2336 abstractum
2540 2291 2677 2336 non

1125 2378 1284 2446 dicit
1323 2387 1633 2445 naturam
1669 2401 1874 2446 unam
1909 2401 2058 2469 quae
2102 2380 2189 2447 sit
2249 2381 2317 2446 in
2356 2387 2673 2472 utroque,

4154 269 4173 280 ’
4217 253 4343 324 597

2788 447 3062 506 tantum
3119 437 3400 506 fundata
3457 437 3526 502 in
3583 433 4025 501 similitudine
4057 451 4344 520 propor-

2787 546 2997 613 tionis
3031 544 3138 612 vel
3177 542 3598 610 habitudinis
3634 543 3843 608 trium
3903 558 4342 629 personarum

2791 653 2879 721 ad
2908 676 3153 721 unum.

2881 763 2988 829 An
3018 786 3216 829 Amun
3256 760 3644 844 dicendum,
3688 758 3870 850 quod
3900 779 4036 824 non
4103 754 4343 821 dicitur

2791 893 3086 960 persona
3116 870 3199 937 de
3257 868 3536 936 multis:
3582 868 3743 958 quia
3805 875 3939 934 tres
3972 885 4131 931 non
4185 870 4343 929 sunt

2792 979 3020 1056 multi,
3056 986 3133 1044 ut
3198 999 3403 1068 supra
3450 974 3812 1067 probatum
3843 981 3983 1041 est:
4028 980 4094 1039 et
4139 970 4341 1036 etiam

2791 1086 2848 1152 si
2892 1084 3092 1153 multi
3124 1092 3372 1168 essent,
3408 1106 3547 1152 non
3587 1083 3921 1151 diceretur
3948 1101 4235 1171 persona
4264 1076 4345 1144 de

2792 1196 2893 1261 eis
2927 1201 3003 1261 ut
3060 1191 3472 1277 universale,
3534 1192 3708 1259 sicut
3727 1190 3871 1280 jam
3916 1187 4169 1257 dictum
4200 1192 4340 1252 est:

2793 1311 2860 1370 et
2888 1301 3045 1370 ideo
3088 1324 3228 1370 non
3258 1301 3565 1392 procedit
3595 1299 3710 1367 illa
3748 1299 3941 1366 ratio.

2883 1410 2990 1476 An
3028 1433 3227 1478 Anum
3259 1408 3649 1489 dicendum,
3685 1405 4050 1498 quodlicet
4090 1405 4160 1472 in
4190 1404 4347 1470 uni-

2794 1517 3044 1585 versali
3086 1541 3225 1586 non
3258 1517 3346 1585 sit
3374 1515 3747 1585 secundum
3778 1537 3922 1582 esse
3961 1515 4349 1582 communi-

2794 1636 2924 1707 taS,
2996 1636 3099 1695 est
3157 1636 3386 1695 tannen
3444 1624 3899 1694 communitas
3974 1622 4343 1690 secundum

2796 1741 3116 1801 naturam
3158 1755 3366 1800 unam
3400 1754 3549 1823 quae
3600 1732 3915 1800 convenit
3982 1729 4342 1798 omnibus:

2795 1838 2917 1907 sed
2957 1839 3027 1908 in
3057 1840 3309 1908 divinis
3349 1862 3489 1908 non
3521 1848 3620 1907 est
3659 1840 3790 1907 ita:
3830 1860 4121 1929 persona
4165 1837 4346 1905 enim

2795 1946 3062 2015 nullam
3094 1971 3305 2015 unam
3347 1955 3661 2014 naturam
3695 1945 3850 2014 dicit
3895 1968 4047 2035 quae
4092 1965 4349 2013 conve-

2797 2056 2943 2124 niat
2981 2057 3227 2142 tribus,
3260 2066 3327 2125 et
3354 2054 3797 2125 contrahatur
3828 2056 3894 2121 in
3918 2053 4049 2121 illis
4066 2052 4150 2120 ad
4174 2050 4348 2119 hanc

2795 2171 2865 2232 et
2924 2163 3112 2232 illam
3183 2186 3593 2254 personam:
3650 2170 3718 2229 et
3771 2161 3924 2229 ideo
3977 2161 4048 2227 in
4086 2159 4217 2227 inis
4247 2168 4347 2227 est

2792 2275 3256 2339 communitas
3285 2270 3661 2340 secundum
3704 2270 4035 2338 rationem
4067 2256 4345 2358 propor-

2791 2380 3000 2448 tionis
3038 2390 3335 2449 tantum.

1124 2486 1239 2554 sed
1271 2510 1636 2556 commune
1674 2488 1857 2580 quod
1887 2498 1990 2557 est
2027 2491 2095 2555 in
2128 2489 2389 2556 ratione
2440 2496 2674 2556 nostra

1121 2957 1208 3031 1³.
1250 2954 1503 3046 Quare
1539 2978 1692 3029 uon
1734 2952 2064 3027 dicimus
2100 2960 2252 3026 tres
2290 2951 2471 3027 cleos
2503 2975 2692 3045 esse,
2735 2950 3060 3027 Patrem
3112 2956 3187 3024 et
3235 2947 3534 3024 Filium
3579 2953 3652 3022 et
3716 2945 4099 3046 Spiritum
4165 2972 4337 3025 san·

1214 3098 1449 3185 ctum,
1496 3097 1577 3164 11!
1613 3088 1942 3163 dicimus
1980 3096 2132 3162 tres
2150 3111 2575 3186 personas:
2611 3111 2784 3162 cum
2831 3085 2922 3162 id
2954 3084 3167 3186 quod
3190 3084 3407 3159 Dens
3459 3090 3571 3158 est
3593 3082 3697 3157 sil
3734 3083 3844 3158 eis
3895 3107 4323 3179 commune,

1215 3230 1398 3330 quia
1428 3228 1666 3303 Pater
1702 3233 1812 3301 est
1848 3225 2088 3317 Deus,
2125 3231 2198 3299 et
2219 3221 2475 3299 Filius
2500 3230 2613 3299 est
2641 3223 2882 3310 Dens,
2914 3229 2991 3298 et
3021 3221 3374 3321 Spiritus
3401 3227 3710 3296 sanctus
3748 3226 3860 3295 est
3896 3219 4167 3296 Deus?

1210 3568 1357 3644 Sed
1388 3568 1764 3666 quieritur
1798 3566 1946 3660 hic,
1990 3568 2180 3640 Cum
2209 3564 2561 3640 dicamus
2600 3564 2911 3640 Patrem
2953 3575 3031 3640 et
3072 3563 3350 3639 Filium
3407 3572 3484 3637 et
3539 3561 3909 3660 Spiritum
3974 3568 4321 3634 sanctim

1116 3729 1285 3779 esse
1351 3715 1505 3779 tros
1544 3726 1940 3803 personaS‚
1984 3700 2165 3799 quia
2203 3723 2617 3776 com111u11e
2658 3711 2778 3775 cst
2816 3698 2932 3775 cis
2961 3698 3170 3798 quod
3206 3719 3538 3797 persona
3594 3705 3736 3789 est,
3818 3694 3890 3769 id
3954 3702 4097 3787 cst,
4140 3691 4323 3791 quia

1112 3839 1337 3912 Pater
1375 3847 1490 3911 est
1535 3859 1890 3936 persona,
1926 3847 1993 3909 et
2040 3835 2279 3909 Filius
2310 3845 2424 3909 cst
2460 3858 2817 3932 persona,
2849 3842 2925 3909 et
2956 3831 3294 3931 Spiritus
3367 3839 3684 3905 sanctus
3748 3840 3858 3903 est
3923 3850 4253 3928 persona
4297 3849 4312 3900 :

1106 3997 1424 4048 curnon
1469 3971 1821 4045 dicamus
1859 3968 2211 4042 similiter
2245 3981 2394 4042 tres
2434 3968 2650 4062 «teus,
2712 3991 2892 4043 cuin
2926 3977 3000 4042 et
3043 3967 3276 4041 Pater
3339 3964 3438 4039 sit
3507 3965 3743 4057 l)euS,
3807 3973 3886 4036 et
3948 3961 4184 4037 Filius
4222 3961 4315 4035 sit

1102 4107 1339 4200 Βυυε,
1383 4116 1457 4181 ot
1489 4104 1824 4203 Spiritus
1863 4114 2176 4177 sanetus
2215 4101 2310 4176 sit
2345 4102 2615 4178 Deus?
2646 4101 2845 4191 Quia
2877 4100 3174 4177 scilicet
3224 4098 3419 4174 illud
3474 4097 3869 4197 Scriptura
3928 4097 4316 4171 contradi-

1101 4243 1199 4317 cit
1244 4267 1261 4317 2
1330 4244 1474 4316 hnc
1529 4251 1814 4326 autem,
1876 4237 2014 4314 etsi
2077 4262 2231 4312 non
2301 4237 2510 4332 dicit,
2549 4262 2704 4312 non
2741 4247 3000 4312 tamen
3034 4234 3494 4311 contradicit
3538 4258 3555 4309 ε
3606 4234 3807 4310 unde
3837 4233 4315 4330 Augustinus

1104 4379 1298 4452 hanc
1344 4399 1663 4449 movens
1693 4373 2201 4472 quius-tionem
2244 4383 2475 4471 atque
2513 4371 2910 4447 diffiniens
2958 4371 3031 4444 in
3098 4370 3293 4444 libro
3334 4369 3468 4443 Vll
3533 4368 3625 4443 de
3702 4367 4073 4443 Trinitale
4104 4392 4151 4463 ¹,
4210 4367 4311 4444 ita

1098 4514 1200 4586 ait
1241 4537 1257 4587 ε
1305 4511 1383 4585 si
1429 4511 1598 4584 idon
1640 4509 1970 4583 divimus
2012 4510 2315 4583 Patrem
2351 4518 2424 4582 ct
2471 4508 2745 4581 Filium
2790 4516 2863 4581 et
2906 4505 3283 4604 Spiritum
3316 4516 3670 4578 sanctum
3703 4527 3871 4578 esse
3933 4514 4084 4578 tres
4151 4528 4311 4602 per-

1094 4672 1353 4741 sonam,
1399 4646 1578 4744 quia
1612 4667 2020 4717 commune
2061 4653 2176 4718 ost
2216 4642 2328 4717 eis
2371 4642 2441 4716 id
2486 4642 2692 4742 quod
2729 4665 3065 4741 persona
3097 4651 3214 4715 est
3256 4663 3274 4715 z
3312 4663 3453 4714 cur
3484 4663 3636 4712 non
3681 4639 3906 4714 etiam
3946 4649 4096 4713 tres
4125 4639 4311 4713 deos

1094 4782 1483 4857 dicimus?
1540 4783 1787 4871 Certe,
1856 4788 1930 4852 ut
1995 4776 2444 4877 praedictum
2513 4787 2657 4871 est,
2716 4776 2903 4874 quia
2964 4776 3195 4851 Pater
3248 4785 3362 4851 cst
3405 4797 3763 4873 persona,
3808 4784 3882 4848 ct
3922 4773 4160 4850 Filius
4198 4784 4311 4850 est

1094 4942 1454 5019 persona,
1498 4929 1568 4991 et
1603 4915 1937 5015 Spiritus
1969 4925 2283 4988 sanctus
2321 4925 2436 4988 est
2471 4936 2829 5013 persona,
2869 4912 3045 4989 ideo
3079 4922 3233 4988 tres
3267 4934 3622 5011 personae
3662 4910 4048 4984 dicuntur.
4114 4910 4309 4998 Quia

1096 5081 1278 5152 ergo
1322 5055 1549 5128 Pater
1577 5061 1690 5127 est
1723 5051 1958 5143 DouS,
1989 5060 2062 5123 et
2095 5048 2334 5123 Filius
2364 5060 2477 5123 ost
2512 5049 2754 5141 Deu5‚
2790 5058 2867 5123 ct
2907 5047 3247 5147 Spiritus
3277 5057 3594 5121 sanctus
3648 5045 3883 5140 DeuS‚
3954 5070 4093 5120 cur
4150 5070 4301 5120 non

1092 5195 1455 5268 dicuntur
1525 5199 1676 5263 tres
1714 5187 1815 5260 dii
1853 5185 1894 5258 ἱ)
1955 5188 2142 5261 licre
2184 5185 2583 5285 proposuit
2631 5187 2832 5259 hanc
2909 5183 3484 5282 quaestionem:
3556 5183 3861 5258 attende
3939 5183 4143 5281 quod
4195 5208 4307 5259 re·

1092 5328 1464 5428 spondeat
1495 5322 1837 5399 subdens
1874 5351 1891 5401 :
1939 5328 2050 5398 An
2094 5320 2268 5401 ideo
2303 5346 2458 5397 non
2502 5320 2878 5396 dicuntur
2918 5330 3075 5396 tres
3114 5318 3250 5418 dii,
3286 5319 3471 5417 quia
3508 5317 3906 5417 Scriptura
3936 5346 4087 5397 non
4122 5322 4305 5398 dicit

1164 5633 1176 5666 ι
1212 5632 1268 5686 S.
1304 5632 1670 5698 Aeni-smus,
1705 5628 1824 5684 Lib.
1859 5630 1950 5684 vn
1981 5627 2052 5687 de
2070 5595 2409 5714 Trinitate,
2440 5646 2646 5722 cap,4.

4447 772 4529 818 Ad
4563 775 4605 817 4.

4454 1449 4531 1493 Ad
4560 1449 4602 1495 b.
