4897 6388
310 3083 527 3151 Adqun·

328 3149 497 3187 “8200-

579 435 707 503 376

582 604 719 671 est¹
765 603 940 686 dice,
975 599 1158 691 quod
1191 580 1316 667 nec
1351 607 1428 666 ut
1455 601 1710 689 36665,
1734 583 1860 663 666
1906 602 1981 661 61
2020 616 2136 660 66-
2167 605 2174 609 “
2203 621 2206 624 ·

582 712 834 796 cidem,
869 709 1272 801 praedicatur
1300 705 1557 797 aliquid
1605 706 1677 771 in
1726 702 1973 770 divinis
2011 722 2137 767 nec

580 819 662 887 de
728 819 1019 887 essentia
1075 838 1201 883 nec
1265 814 1347 881 de
1402 833 1700 903 persona
1733 832 1858 878 nec
1897 808 1979 875 de
2018 829 2141 874 66-

483 969 488 974 ·
580 929 765 994 tione
798 948 813 993 ε
860 924 979 992 sed
1006 923 1180 990 bene
1212 920 1467 1009 aliquid
1496 917 1903 1008 praedicatur
1929 915 2000 981 in
2031 913 2139 980 di-

580 1035 757 1100 vinis
797 1041 870 1098 ut
898 1029 1355 1121 significatum
1395 1028 1775 1094 intentione
1823 1045 2140 1091 commu-

584 1142 785 1222 niori,
830 1161 1032 1228 quam
1066 1137 1133 1204 id
1161 1136 1418 1225 dequo
1459 1132 1868 1224 praedicatur
1910 1153 1924 1197 :
1986 1129 2142 1198 licet

585 1248 767 1315 enim
798 1247 867 1311 in
899 1243 1154 1311 divinis
1185 1263 1453 1332 semper
1483 1239 1724 1309 eadem
1757 1261 1862 1307 res
1910 1239 1997 1304 sit
2069 1238 2140 1303 in

585 1353 946 1445 praedicato
1004 1359 1071 1419 et
1125 1350 1455 1438 subjecto,
1514 1356 1615 1416 est
1672 1356 1905 1415 tamen
1970 1344 2140 1412 alius

589 1460 832 1529 modus
899 1456 1379 1550 significandi:
1440 1465 1509 1524 et
1572 1455 1725 1522 ideo
1794 1476 1934 1521 non
1962 1451 2143 1520 valet

588 1568 926 1640 distinctio
965 1567 1063 1633 sic
1089 1565 1290 1643 facta,
1341 1565 1397 1630 si
1463 1561 1888 1654 praedicatur,
1959 1559 2142 1651 quod

587 1676 983 1767 praedicetur
1049 1680 1124 1740 ut
1176 1694 1295 1740 ens
1347 1671 1428 1739 de
1495 1671 1756 1739 ratione
1831 1668 2137 1758 subjecti,

586 1782 695 1851 vel
759 1781 1164 1872 praedicetur
1223 1787 1303 1846 ut
1355 1800 1494 1845 non
1552 1799 1673 1845 665
1740 1776 1824 1845 (16
1880 1777 2142 1843 ratione

588 1888 868 1978 subjecti
904 1908 919 1955 :
957 1886 1117 1977 quia
1155 1906 1296 1953 non
1336 1892 1779 1975 opponuntur
1808 1880 1938 1948 illae
1995 1879 2144 1947 duae

589 2003 665 2063 ut
718 1992 1254 2063 contradictoriae
1313 2014 1330 2059 :
1396 1989 1516 2059 sed
1588 1990 1688 2058 sic
1752 1987 2143 2072 dividendo,

588 2101 994 2195 praedicatur
1019 2107 1096 2172 ut
1124 2122 1271 2185 665,
1312 2106 1469 2176 616.,
1503 2095 1613 2165 vel
1650 2118 1793 2164 non
1819 2094 2147 2187 praedica-

591 2219 700 2278 tur
736 2220 812 2277 ut
850 2230 994 2286 665,
1030 2214 1162 2277 616.
1196 2202 1512 2274 Concedo
1546 2206 1773 2282 istam,
1805 2223 1947 2271 non
1975 2222 2146 2293 prae·

594 2317 853 2386 dicatur
889 2325 1148 2396 61665,
1191 2321 1320 2383 616.
1372 2312 1450 2381 16
1519 2311 1636 2380 1116
1704 2333 1907 2380 56656
1965 2308 2149 2401 quod

596 2431 906 2515 negatur,
968 2418 1251 2489 includit
1315 2426 1537 2486 totum
1587 2415 2027 2509 praedicatum
2084 2422 2151 2482 et

598 2532 1233 2603 determinationem
1259 2529 1630 2622 praedicati.

689 2640 765 2709 Si
803 2647 1031 2708 autem
1070 2639 1422 2730 quaeritur,
1455 2633 1769 2716 Qualiter
1820 2633 2154 2725 praedica-

601 2760 710 2819 tur
729 2752 765 2818 ?
791 2748 1172 2818 Dicendum
1210 2746 1395 2840 quod
1421 2743 1829 2837 praedicatur
1856 2753 1931 2813 ut
1973 2743 2151 2811 idem

604 2860 729 2929 sub
761 2859 969 2928 altera
1006 2859 1385 2927 intentione
1415 2847 1869 2949 significandi.

692 3073 798 3140 An
853 3094 918 3139 16
980 3077 1210 3139 661616
1265 3066 1448 3160 (16οά
1514 3066 1861 3158 quaeritur,
1930 3063 2155 3145 Quare

611 3181 902 3274 Spiritus
955 3188 1228 3249 sanctus
1275 3199 1527 3247 nomen
1613 3176 1909 3245 retinet?
1954 3196 2156 3266 supra

608 3311 1034 3382 responsum,
1107 3296 1174 3357 et
1229 3288 1597 3380 quaesitum
1663 3293 1791 3354 est.
1845 3282 1984 3353 Sed
2026 3280 2157 3351 hoc

606 3406 827 3492 potest
854 3398 1010 3477 dici,
1046 3395 1232 3490 quod
1262 3394 1413 3465 ideo
1461 3395 1734 3477 retinet,
1800 3392 1963 3485 quia
1998 3414 2154 3460 cum

607 3508 947 3598 processio
980 3505 1048 3573 in
1078 3501 1511 3573 inferioribus
1549 3502 1620 3570 16
1668 3499 1938 3570 duobus
1982 3498 2159 3567 dica-

609 3623 742 3693 tur,
782 3611 1032 3681 scilicet
1063 3612 1134 3679 in
1163 3617 1357 3678 motu
1384 3607 1803 3700 processivo,
1846 3612 1915 3676 et
1943 3627 2161 3697 egres·

608 3743 688 3789 su
752 3719 1006 3788 causati
1060 3741 1100 3786 a
1156 3738 1386 3793 causa,
1459 3714 1802 3784 emanatio
1868 3712 2161 3806 Spiritus

610 3828 821 3895 sancti
853 3825 936 3892 ad
975 3834 1341 3916 utrumque
1378 3821 1682 3914 aliquam
1721 3821 1916 3914 ponit
1971 3819 2165 3888 simi-

612 3932 991 4010 litudinem,
1023 3940 1100 3999 ut
1137 3953 1342 4022 supra
1371 3929 1738 4022 probatum
1768 3935 1870 3998 est
1909 3949 1927 3995 τ
1973 3948 2165 3995 ema-

608 4042 796 4114 natio
825 4048 1054 4110 autem
1102 4038 1252 4107 Filii
1307 4061 1448 4107 non
1513 4038 1709 4131 ponit
1770 4034 2167 4105 similitudi-

612 4173 795 4230 nem,
840 4148 966 4216 nisi
996 4147 1080 4214 ad
1112 4146 1426 4224 alterum,
1476 4144 1732 4214 scilicet
1774 4142 1862 4213 ad
1907 4145 2164 4213 exitum

615 4256 868 4326 causati
911 4254 993 4323 de
1022 4277 1251 4323 causa.

696 5779 710 5813 ¹
745 5774 828 5830 Cf.
861 5774 1046 5845 Supra
1100 5770 1242 5827 [list.
1267 5769 1363 5838 Vl,
1397 5771 1515 5824 Art.
1546 5769 1599 5824 4.

1371 465 1377 469 -
1510 407 1519 414 ’
1584 424 1673 495 D.
1724 423 1926 494 ALB.
1976 407 2214 521 MAG(
2248 406 2810 523 oRnJ-PRAEQ

2327 579 2336 614 l

2668 902 3173 973 ARTlCULUS
3245 903 3364 972 lV.

2256 1121 2505 1188 Utrum
2569 1116 2878 1206 Spiritus
2941 1122 3219 1182 sanctus
3276 1137 3318 1180 a
3383 1116 3593 1181 Patre
3661 1135 3797 1179 reon

2335 1225 2677 1319 quomodo
2725 1233 2967 1309 natas,
3020 1222 3142 1290 sed
3177 1221 3515 1313 quomodo
3564 1221 3792 1302 datm,

2337 1335 2450 1401 vel
2474 1333 2735 1401 donum
2774 1353 2798 1399 .·
2839 1341 2905 1399 et
2953 1341 3187 1399 utrum
3227 1330 3456 1398 Filius
3485 1328 3798 1421 procedit

2339 1450 2416 1508 ut
2435 1440 2696 1507 donum
2741 1436 2781 1505 ?

2336 1755 2601 1825 Deinde
2649 1755 2980 1845 quaeritur
3037 1752 3119 1821 de
3175 1752 3307 1821 hoc
3363 1752 3547 1844 quod
3588 1752 3795 1822 dicit:

2255 1892 2291 1928 α
2322 1863 2648 1933 Procedit
2676 1885 2720 1930 a
2757 1865 2972 1930 Patre
3011 1884 3150 1928 non
3195 1861 3535 1952 quomodo
3564 1871 3796 1940 natu-5,

2248 1973 2372 2041 sed
2386 1972 2725 2065 quomodo
2746 1971 2955 2039 datus
2974 1970 3084 2037 vel
3106 1969 3390 2049 donum,
3423 1977 3548 2037 etc.
3586 1996 3620 2033 n

2339 2079 2491 2148 Hoc
2524 2079 2708 2147 enim
2739 2100 2881 2146 non
2918 2077 3192 2146 videtur
3219 2100 3487 2145 verum.

2344 2191 2406 2255 1.
2440 2186 2641 2255 Ratio
2671 2187 2855 2253 66116
2887 2184 3029 2253 (1611
3066 2193 3134 2253 61
3170 2184 3331 2262 doni
3360 2207 3500 2253 non
3537 2185 3806 2254 videtur

2253 2316 2400 2364 esse
2436 2301 2516 2361 ut
2551 2291 3030 2362 immediatum
3059 2292 3477 2383 processioni
3504 2291 3614 2360 vel
3653 2314 3806 2382 pro·

2255 2401 2572 2472 cedenti:
2617 2398 2737 2469 sed
2798 2399 3032 2493 potius
3075 2399 3345 2468 videtur
3389 2423 3536 2469 esse
3576 2422 3808 2469 conse·

2258 2532 2476 2602 (16665
2531 2506 2907 2577 56666(1616
2983 2506 3402 2576 161611661616
3465 2530 3622 2576 6616
3689 2508 3808 2599 (161

2259 2615 2626 2710 procedit:
2662 2637 3095 2708 unaquaeque
3124 2616 3306 2684 enim
3349 2638 3454 2684 res
3489 2617 3677 2707 prius
3704 2624 3808 2683 est
3854 2672 3875 2690 ,

2259 2729 2331 2795 16
2359 2747 2459 2805 56,
2493 2747 2699 2817 (16616
2722 2725 2792 2791 16
2820 2725 3332 2815 comparatione
3360 2724 3447 2793 ad
3465 2723 3752 2793 alterum
3785 2744 3803 2789 ε

2260 2856 2425 2926 ergo
2458 2821 2830 2924 procedens
2852 2831 3150 2924 Spiritus
3185 2842 3460 2903 sanctus
3494 2833 3680 2926 prius
3705 2842 3808 2904 est

2265 2941 2561 3034 Spiritus
2607 2941 2680 3008 in
2716 2962 2812 3019 se,
2857 2962 3066 3032 (16616
3116 2941 3206 3009 511
3240 2950 3669 3033 comparatus
3722 2942 3808 3011 ad

2261 3051 2552 3120 alterum
2587 3071 2604 3118 ε
2640 3049 2877 3118 (161616
2917 3056 3144 3119 autem
3189 3058 3255 3119 et
3290 3050 3548 3120 donum
3579 3050 3809 3121 dicunt

2262 3157 2845 3251 comparationem
2876 3155 2963 3225 ad
2991 3156 3267 3228 dantem
3297 3167 3364 3228 et
3392 3159 3476 3227 ad
3505 3181 3661 3229 eum
3697 3162 3808 3229 cui

2261 3266 2520 3336 datur:
2576 3287 2738 3357 ergo
2793 3264 3089 3345 videtur,
3159 3267 3343 3358 quod
3396 3267 3525 3335 ista
3569 3290 3812 3337 conse-

2264 3382 2564 3466 quantur
2617 3371 3125 3463 procedentem,
3158 3382 3225 3442 et
3286 3376 3381 3443 sic
3437 3373 3605 3442 nihil
3652 3375 3811 3445 dicit

2261 3479 2713 3572 Augustinus.

2354 3588 2421 3656 2.
2466 3586 2664 3666 Item,
2690 3585 2946 3655 Datum
2977 3594 3044 3656 et
3084 3586 3339 3657 donum
3379 3599 3481 3659 est
3518 3588 3809 3681 Spiritus

2265 3703 2542 3765 sanctus
2597 3717 2682 3763 ex
2720 3702 3029 3786 tempore
3090 3717 3109 3766 z
3149 3697 3522 3789 temporale
3585 3708 3812 3766 autem

2267 3829 2408 3876 non
2438 3815 2541 3875 est
2570 3808 2741 3875 ratio
2771 3807 3004 3875 aeterni
3040 3828 3057 3876 :
3093 3830 3254 3900 ergo
3289 3832 3443 3878 cum
3477 3811 3812 3900 processio

2267 3925 2520 3984 1616166
2558 3917 2647 3983 sit
2672 3935 2810 4006 qua
2846 3914 3154 4004 procedit
3193 3915 3489 4006 Spiritus
3516 3925 3811 3988 sanctus,

2269 4046 2410 4093 non
2437 4022 2711 4092 videtur
2739 4020 3106 4114 procedere
3134 4033 3212 4093 ut
3248 4024 3481 4093 datum
3534 4025 3643 4094 vel
3689 4025 3819 4095 do-

2271 4153 2464 4200 num.

2363 4343 2675 4414 Somno.
2721 4343 3125 4427 Dicendum,
3166 4343 3349 4438 quod
3397 4345 3694 4435 procedit
3740 4354 3815 4414 ut

2270 4454 2531 4523 donum
2566 4474 2582 4519 ε
2618 4450 2983 4544 probatum
3005 4461 3107 4521 est
3135 4452 3343 4531 enim,
3377 4451 3557 4543 quod
3587 4475 3817 4544 proce·

2271 4561 2368 4632 dit
2396 4568 2474 4630 ut
2511 4582 2707 4628 amor
2731 4560 3072 4651 gratuitus
3107 4582 3123 4626 ε
3163 4562 3337 4628 ratio
3368 4569 3594 4628 autem
3633 4583 3819 4629 amo·

2272 4674 2365 4741 ris
2403 4670 2680 4762 gratuiti
2720 4669 2788 4736 in
2829 4690 2911 4738 eo
2951 4668 3137 4761 quod
3174 4671 3475 4759 gratuiti,
3520 4679 3620 4739 est
3649 4671 3818 4738 ratio

2272 4780 2493 4872 prima
2522 4776 2682 4845 doni
2713 4774 2899 4868 quod
2928 4774 3225 4845 donatur
3256 4799 3272 4844 :
3307 4779 3464 4868 quia
3495 4776 3821 4869 quidquid

2271 4888 2475 4956 datur
2511 4884 2641 4952 sibi
2701 4883 2995 4952 invicem
3036 4906 3078 4952 a
3124 4883 3586 4975 diligentibus,
3628 4907 3822 4953 amor

2273 4994 2610 5087 gratuitus
2639 4999 2742 5060 est
2779 4991 2968 5083 prius
3012 4989 3128 5058 illo
3159 4999 3223 5059 et
3252 5013 3452 5059 causa
3484 4991 3663 5060 illius
3704 5014 3720 5061 ε
3757 5001 3824 5061 61

2275 5101 2427 5170 ideo
2460 5098 2623 5167 dicit
2656 5097 3110 5189 Augustinus,
3144 5098 3327 5189 quod
3355 5121 3550 5166 amor
3569 5101 3683 5191 qui
3722 5110 3824 5169 est

2278 5208 2575 5300 Spiritus
2601 5214 2900 5286 sanctus,
2954 5215 3056 5275 est
3094 5205 3351 5275 donum
3385 5209 3451 5275 in
3492 5232 3627 5300 quo
3666 5232 3823 5277 om-

2274 5316 2391 5384 nia
2418 5314 2599 5383 dona
2630 5314 2995 5383 donantur.

2364 5423 2473 5491 An
2520 5444 2845 5490 omne-rusi
2873 5430 3104 5491 autem
3130 5421 3515 5504 dicendum,
3542 5425 3724 5516 quod
3756 5426 3825 5493 iu

2276 5528 2404 5597 ista
2446 5529 2885 5619 processione
2943 5526 3130 5596 aliud
3183 5533 3310 5610 est,
3352 5552 3560 5621 quam
3599 5531 3669 5598 iu
3707 5530 3825 5600 illa

3911 4362 4048 4408 Sotae
4065 4366 4096 4402 ο
