4897 6388
1989 346 2083 413 IN
2131 346 2160 412 1
2210 343 2636 413 SENTENT.
2691 316 2913 410 m‘s'r.
2968 339 3087 421 111,
3139 340 3212 407 z.
3815 315 3850 387 ἶ
4092 328 4217 399 153

1015 519 1218 588 trum
1262 545 1278 579 ι
1325 539 1341 589 :
1388 514 1557 589 Una
1598 523 1713 588 est
1741 524 2017 589 natura
2056 514 2218 590 sive
2251 513 2587 590 essentia
2612 509 2890 603 Patris,
2927 517 3001 584 et
3031 505 3235 599 Filii,
3273 515 3351 578 et
3376 504 3710 603 Spiritus
3740 498 4011 585 sancti,
4057 521 4215 571 non

1024 672 1175 723 una
1213 671 1567 745 persona.
1615 646 1694 721 Si
1734 648 1943 723 enim
1986 649 2095 724 sic
2163 659 2422 724 essent
2454 646 2473 679 ²
2511 669 2664 720 una
2721 665 3080 742 persona,
3129 640 3332 715 sicut
3393 647 3511 711 est
3570 659 3726 709 una
3792 629 4226 708 substantia

1019 778 1294 870 PatriS,
1341 789 1415 853 et
1454 778 1646 866 Filii,
1688 790 1762 855 et
1793 780 2125 880 Spiritus
2166 778 2443 864 sancti,
2490 774 2866 852 veraciter
2892 771 3224 846 Trinitas
3255 793 3414 844 non
3467 765 3875 840 diceretur.
3922 764 4224 836 Rursus

1018 911 1330 1008 quidem
1371 911 1699 989 Trinitas
1725 928 1926 990 esset
1962 937 2170 1009 vera,
2207 914 2338 988 sed
2384 936 2484 987 un
2501 934 2589 985 us
2619 911 2828 985 Deus
2856 906 3187 981 Triuitas
3238 905 3410 1004 ipsa
3433 924 3586 976 non
3612 908 3838 994 esset,
3866 897 3932 973 si
3963 916 4227 996 quem-

1018 1045 1432 1122 admodum
1492 1050 1744 1140 Pater‚
1790 1059 1865 1125 et
1921 1049 2185 1144 Filius,
2232 1058 2307 1124 et
2345 1047 2678 1145 Spiritus
2716 1053 3032 1119 sanctus
3089 1060 3601 1140 personarum
3661 1043 3841 1110 sunt
3883 1032 3977 1107 ab
4034 1027 4229 1103 invi-

976 1181 983 1182 *
1017 1202 1183 1254 cem
1214 1183 1675 1281 proprietate
1707 1183 2070 1276 distincti,
2108 1183 2217 1259 sic
2248 1182 2572 1257 fuissent
2602 1200 2912 1278 quoque
2954 1186 3411 1250 naturarum
3457 1169 3899 1245 diversitate
3940 1164 4224 1238 discre-

1015 1313 1096 1386 ti.
1144 1315 1367 1390 Fides
1412 1326 1665 1392 autem
1721 1317 2373 1410 patriarcharum,
2434 1315 2993 1412 Prophetarum
3066 1318 3300 1406 atque
3360 1304 3906 1403 Apostolorum
3978 1320 4224 1372 unum

1014 1450 1261 1524 Deum
1308 1452 1675 1549 praedicat
1701 1454 2141 1530 Trinitatem
2183 1475 2378 1528 esse.
2418 1451 2504 1524 In
2549 1449 2678 1523 illa
2706 1471 2889 1545 ergo
2917 1454 3185 1521 sancta
3221 1441 3589 1516 Trinitate
3620 1461 3823 1514 unus
3861 1443 3978 1511 est
4015 1433 4227 1509 Deus

1013 1584 1269 1679 Pater,
1306 1585 1439 1683 qui
1479 1588 1691 1663 solus
1722 1588 2232 1665 essentialiter
2260 1586 2352 1661 de
2385 1584 2642 1682 seipso
2677 1582 2956 1656 Filium
3000 1602 3243 1655 unum
3276 1575 3574 1675 genuit,
3622 1584 3696 1648 et
3743 1593 3945 1647 unus
3984 1567 4227 1642 Filius

1013 1729 1153 1815 est,
1182 1721 1315 1817 qui
1339 1722 1433 1798 de
1469 1747 1621 1799 uno
1663 1725 1887 1800 Patre
1913 1727 2125 1800 solus
2152 1720 2664 1799 essentialiter
2693 1694 2965 1792 natus:
3000 1726 3076 1791 et
3108 1738 3315 1789 unus
3349 1710 3684 1810 Spiritus
3714 1715 4056 1792 sanctuS,
4092 1701 4227 1801 qui

1014 1858 1229 1932 solus
1258 1860 1769 1936 essentialiter
1809 1885 1851 1935 a
1894 1862 2115 1937 Patre
2149 1859 2495 1956 Filioque
2535 1854 2901 1955 procedit.
2951 1853 3115 1926 lloc
3166 1861 3429 1926 autem
3472 1855 3711 1922 totum
3769 1867 3923 1919 non
3978 1848 4231 1941 potest

1013 2018 1172 2070 una
1210 2019 1566 2095 persona,
1614 1997 1686 2071 id
1728 2010 1869 2093 est,
1912 1999 2227 2097 gignere
2259 2020 2369 2089 sc,
2406 2004 2481 2070 ct
2521 1992 2933 2092 procedere
2974 1991 3069 2065 de
3115 2010 3196 2063 se
3243 2011 3260 2062 :
3311 1997 3394 2060 ut
3439 1984 3647 2060 enim
3710 1981 3817 2056 ait
3872 1975 4230 2076 Augusti·

1012 2153 1162 2205 nus
1201 2130 1277 2205 in
1315 2132 1568 2207 librol
1609 2133 1701 2209 de
1734 2133 2109 2209 Trz’nitate
2152 2156 2167 2207 ε
2204 2130 2438 2207 Nulla
2470 2152 2592 2204 res
2630 2137 2748 2202 est
2786 2149 2964 2224 quae
2996 2123 3333 2222 seipsam
3364 2121 3633 2219 gignat
3660 2127 3742 2192 ut
3771 2116 3870 2192 sit
3899 2117 3949 2191 ³.

2662 2517 2824 2588 tunc
2852 2503 3172 2595 objicitur
3202 2504 3271 2569 in
3311 2497 3728 2569 contrarium
3772 2516 3788 2562 ε
3824 2493 3982 2584 quia
4022 2489 4216 2578 cujus

1428 2614 1820 2695 Expositio
1847 2620 2123 2679 textus.

1104 2844 1137 2882 ι
1187 2820 1619 2910 Quapropter
1644 2818 1866 2907 juxta
1916 2820 2115 2886 istam
2164 2817 2555 2884 considera-

1012 2926 1292 3009 tionem,
1333 2932 1463 3000 etc.
1500 2951 1533 2990 n

1105 3031 1265 3101 Ilaec
1320 3041 1423 3101 est
1460 3031 1701 3101 ultima
1757 3056 1913 3123 pars
1962 3034 2030 3100 in
2088 3055 2220 3125 qua
2275 3031 2551 3114 scilicet,

1016 3142 1207 3234 quasi
1262 3139 1729 3211 concludendo
1781 3142 2187 3211 determinat
2241 3141 2403 3233 quid
2453 3150 2558 3211 tc-

1014 3250 1315 3319 nendum
1371 3259 1472 3319 est
1527 3250 1609 3319 de
1670 3251 1996 3319 Trinitate
2061 3259 2125 3318 et
2183 3251 2439 3318 unitate
2485 3249 2558 3319 in

1015 3377 1222 3445 quam
1252 3353 1435 3422 ducit
1472 3354 1725 3445 imago.
1771 3353 1971 3434 Quod
2017 3361 2234 3422 totum
2266 3362 2369 3423 est
2405 3353 2557 3444 pla-

1017 3489 1180 3533 num
1220 3473 1463 3554 praeter
1506 3463 1635 3532 hoc
1674 3465 1858 3555 quod
1903 3464 2085 3539 dicit.
2130 3465 2313 3556 quod
2367 3494 2399 3525 «
2444 3487 2554 3531 so-

1018 3572 1127 3638 lus
1164 3571 1611 3638 essentialiter
1646 3571 1730 3638 de
1763 3573 1980 3663 seipso
2038 3571 2302 3639 Filium
2342 3594 2559 3638 unum

1013 3684 1274 3771 yema‘t.
1329 3707 1360 3745 n
1416 3681 1544 3748 Per
1590 3679 1719 3748 hoc.
1758 3682 1939 3748 enim
1977 3683 2325 3772 generatio
2366 3681 2562 3747 vide-

1018 3801 1129 3857 tur
1155 3811 1301 3856 esse
1331 3797 1519 3857 actus
1558 3788 1891 3856 essentiae.
1931 3786 2004 3855 Si
2036 3787 2166 3857 hoc
2193 3788 2559 3866 diceretur,

1095 4039 1194 4095 ¹S.
1227 4043 1600 4106 Aenesi-ists,
1627 4038 1700 4094 de
1732 4038 1870 4095 Fide
1898 4038 1972 4095 ad
2004 4040 2264 4108 Petrum,
2296 4056 2425 4112 cap.
2465 4041 2515 4098 ¹.

1093 4131 1116 4166 ³
1148 4128 1299 4187 Edit.
1340 4131 1507 4187 ioan.
1543 4128 1873 4199 Alleaume,
1900 4136 2052 4185 esset.

2663 2624 2763 2685 est
2793 2622 3009 2696 actus,
3045 2611 3215 2681 illud
3271 2612 3415 2703 agit
3470 2609 3587 2676 illo
3643 2614 3797 2674 actu
3841 2625 3858 2672 :
3903 2599 4216 2671 essentiae

2663 2731 2765 2793 est
2801 2732 2991 2791 actus
3034 2743 3050 2788 t
3105 2742 3268 2812 ergo
3315 2717 3609 2786 essentia
3649 2714 3787 2805 agit
3826 2709 3944 2779 illo
3986 2716 4144 2777 actu
4197 2727 4215 2775 z

2663 2828 2783 2898 sed
2816 2828 2926 2897 ille
2959 2834 3149 2896 actus
3207 2833 3308 2893 est
3365 2821 3716 2914 generatio
3774 2817 3925 2885 Filii
3988 2835 4217 2905 :ergo

2665 2940 2957 3008 essentia
3014 2943 3294 3028 generat
3355 2931 3602 3000 Filium
3666 2936 3784 2997 :et
3813 2933 4218 3019 generatum

2666 3064 2804 3110 non
2843 3048 2945 3110 est
2974 3040 3293 3132 gignenS,
3337 3046 3414 3105 ut
3450 3035 3625 3103 infra
3653 3031 4016 3101 habebitur
4048 3050 4065 3098 ε
4118 3050 4223 3097 er-

2666 3173 2755 3242 go
2795 3148 3005 3218 Filius
3040 3168 3177 3215 non
3216 3154 3321 3215 est
3367 3144 3687 3226 essentia,
3742 3138 3925 3234 quod
3973 3135 4222 3207 falsum

2668 3267 2789 3327 cst.

2759 3473 3069 3540 Somno.
3128 3469 3614 3539 Essentialiter
3652 3466 3915 3559 qenuit,
3968 3462 4037 3531 id
4091 3468 4218 3542 est,
4310 3501 4514 3550 sotnuo.

2669 3579 2904 3669 genuit
2943 3577 3190 3645 Filium
3223 3573 3589 3643 habentem
3635 3570 3941 3640 eamdem
3990 3588 4226 3636 essen-

2671 3689 2835 3756 tiam
2866 3709 3098 3755 secum
3143 3707 3159 3752 ε
3206 3693 3274 3752 et
3307 3685 3399 3751 ita
3431 3680 3721 3750 cessabit
3771 3676 4063 3771 objectio
4110 3697 4127 3743 ε
4161 3681 4230 3742 et

2673 3796 2742 3864 in
2782 3794 2934 3863 aliis
2972 3796 3235 3862 Littera
3267 3793 3470 3884 plana
3503 3799 3627 3861 est.

2749 4042 2769 4077 ³
2800 4041 2857 4098 S.
2892 4043 3274 4106 Acci-susm,
3317 4036 3441 4094 Lib.
3475 4037 3496 4092 1
3527 4036 3602 4093 de
3631 4035 3937 4102 Trinitate,
3961 4050 4092 4106 cap.
4127 4034 4182 4090 1.
