4897 6388
419 1668 574 1715 Ad&

682 384 810 452 520

678 535 982 644 partern:
1040 556 1243 623 modo
1285 559 1467 625 enim
1514 580 1632 647 per
1682 559 2079 627 circularem
2113 581 2229 648 ge-

681 665 1103 730 nerationem
1154 662 1654 733 elementorum
1704 675 1772 734 et
1818 666 2230 744 „mixtionem

682 774 750 838 in
818 772 1169 839 elementis
1228 781 1722 840 transmutatur
1767 784 1945 842 terra
1986 797 2233 842 secun-

682 878 843 945 dum
893 868 1180 968 partem,
1237 890 1301 946 et
1352 903 1490 946 non
1541 882 1915 949 secundum
1962 889 2226 948 totum:

680 987 750 1052 in
783 986 915 1053 fine
972 995 1196 1053 autem
1255 987 1490 1053 mundi
1542 987 1940 1055 alterabitur
1981 988 2049 1053 in
2093 988 2231 1053 suis

682 1089 1121 1178 qualitatibus
1153 1091 1391 1157 activis
1424 1100 1489 1157 et
1543 1093 1860 1180 passivis,
1896 1100 1961 1159 et
2003 1113 2233 1159 causa-

681 1198 767 1262 tis
794 1219 878 1263 ex
919 1196 1050 1262 illis
1088 1219 1102 1262 :
1148 1196 1264 1264 sed
1305 1220 1548 1264 verum
1581 1207 1683 1266 est
1721 1199 1907 1289 quod
1935 1200 2004 1265 in
2034 1207 2232 1266 aeter-

681 1325 845 1369 num
881 1303 1085 1370 stabit
1123 1305 1495 1372 secundum
1528 1304 1979 1373 substantiam
2025 1328 2039 1372 ε
2075 1305 2235 1371 dicit

684 1411 865 1477 enim
924 1409 1370 1500 AugustinuS,
1420 1412 1607 1502 quod
1657 1412 1952 1501 praeterit
2017 1412 2234 1502 figura

688 1520 894 1608 hujus
925 1520 1185 1598 mundi,
1229 1521 1347 1588 sed
1387 1544 1527 1588 non
1558 1521 1962 1590 substantia.

773 1629 878 1695 An
956 1651 1157 1697 ALIUD
1242 1629 1635 1712 dicendum,
1722 1631 1907 1720 quod
2008 1639 2234 1699 motus

1687 386 1774 454 D.
1826 386 2025 488 ALs.
2077 383 2295 454 MAG.
2349 383 2554 453 ono.
2607 381 2906 451 PRAED.

2341 555 2493 624 coeli
2531 563 2597 622 et
2627 555 2850 644 ipsum
2882 552 3130 622 coelum
3158 548 3463 631 stabunt,
3498 553 3661 620 dum
3693 553 3887 620 durat

2341 663 2802 754 generationis
2878 663 3218 729 successio
3256 686 3271 728 :
3343 662 3461 729 sed
3518 670 3745 728 tamen
3802 661 3883 728 ad
3974 673 3979 676 ’

2343 778 2609 859 tempus
2641 767 3063 835 referuntur:
3098 768 3346 836 coelum
3386 771 3564 835 enim
3605 767 3885 835 refertur

2342 875 2424 943 ad
2457 898 2637 942 nunc
2671 876 3023 965 temporiS,
3073 876 3248 943 sicut
3298 877 3382 943 ad
3431 899 3816 943 mensuram
3860 899 3875 942 ε

2341 991 2404 1050 et
2435 986 2577 1072 ipse
2625 992 2849 1050 motus
2906 983 3279 1051 secundum
3328 993 3551 1073 partes
3598 1006 3753 1052 suas
3784 992 3882 1051 est

2344 1091 2781 1179 intempore,
2840 1092 3016 1158 sicut
3071 1090 3140 1156 in
3207 1112 3546 1160 numero:
3619 1100 3888 1180 tempus

2343 1206 2571 1265 autem
2595 1198 2664 1263 in
2699 1199 2870 1287 ipso,
2912 1198 3085 1264 sicut
3125 1200 3194 1265 in
3221 1220 3450 1283 causa,
3485 1208 3552 1266 et
3581 1201 3652 1265 in
3684 1196 3885 1275 coe10,

2341 1308 2517 1373 sicut
2557 1307 2624 1373 in
2671 1306 2976 1394 subjecto
3022 1329 3038 1375 t
3082 1307 3200 1374 sed
3245 1307 3430 1375 Deus
3494 1329 3617 1375 nec
3657 1315 3886 1373 muta-

2345 1421 2474 1490 tur,
2509 1420 2583 1478 ut
2645 1420 2847 1491 terra,
2891 1435 3016 1481 nec
3064 1414 3147 1481 ad
3188 1423 3457 1504 tempus
3489 1413 3773 1481 refertur
3810 1421 3885 1480 ut

2342 1521 2594 1591 coelum
2625 1531 2692 1590 et
2722 1530 2975 1591 motus.

775 2111 858 2185 C.
893 2111 1045 2203 llic
1085 2115 1179 2189 de
1203 2112 1766 2211 maqnitudine‚
1803 2114 2011 2212 quod
2035 2140 2125 2191 ea
2155 2113 2417 2214 aliqua
2433 2138 2950 2214 personarum
2989 2114 3228 2190 aliam
3268 2139 3423 2189 non
3466 2113 3791 2191 excedit.

777 2443 1004 2518 Nunc
1072 2444 1305 2543 igitur
1369 2455 1724 2544 superest
1799 2447 2232 2541 ostendere,
2276 2449 2481 2545 quod
2562 2448 3089 2543 magnitudine
3152 2449 3275 2523 vel
3319 2445 3661 2546 potentia
3689 2443 3887 2518 alius

687 2580 924 2655 alium
960 2605 1112 2655 non
1154 2581 1517 2657 excedat:
1562 2592 1640 2657 et
1680 2581 1893 2679 prius
1933 2580 2026 2656 de
2069 2582 2597 2677 magnitudine
2632 2583 3058 2658 videamus.

1187 3174 1429 3220 mvtsto
1475 3172 1752 3220 TssxTUS.

789 3472 1042 3539 Dmxnr.
1078 3469 1407 3538 sumenda
1465 3480 1568 3538 est
1616 3493 1772 3562 pars
1823 3469 1936 3537 illa
1992 3469 2059 3535 in
2113 3492 2246 3560 qua

701 3580 996 3647 ostendit
1027 3579 1484 3670 aequalitatem
1517 3599 1964 3670 personarum
2003 3601 2247 3647 secun-

701 3689 865 3754 dum
916 3687 1504 3776 magnitudinem:
1567 3710 1721 3778 quae
1786 3686 2116 3754 dividitur
2180 3688 2245 3753 in

701 3795 872 3863 duas
911 3805 1157 3885 partes,
1193 3797 1259 3863 in
1310 3818 1604 3886 quarum
1652 3796 1875 3886 prima
1927 3796 2243 3872 ostendit,

2360 2944 2445 3010 tis
2476 2951 2541 3009 et
2573 2942 2975 3011 universalis
3005 2952 3073 3012 et
3128 2944 3426 3010 materiae
3487 2950 3554 3009 et
3601 2948 3910 3010 contem-

2357 3051 2754 3140 perationis,
2825 3050 2945 3129 ibi,
3028 3050 3101 3136 F,
3146 3078 3181 3114 ι
3213 3050 3358 3120 Sed
3387 3049 3553 3139 jam
3597 3071 3782 3117 nunc
3813 3048 3910 3115 ad

2348 3160 2782 3250 propositum
2814 3159 3196 3240 redeamus,
3244 3168 3592 3252 coeploque
3636 3158 3903 3226 insista-

2355 3288 2534 3345 mus,
2580 3275 2709 3334 etc.
2759 3291 2793 3328 ιι

2446 3373 2521 3440 ln
2555 3374 2774 3465 prima
2811 3381 2971 3442 sunt
3002 3375 3126 3441 tria
3156 3374 3478 3465 capitula:
3511 3375 3582 3441 in
3612 3395 3901 3464 quorum

2355 3483 2579 3572 primo
2611 3502 2746 3547 non
2803 3488 2907 3549 est
2935 3482 3064 3549 nisi
3115 3483 3441 3549 transitus
3471 3503 3511 3548 a
3567 3480 3763 3549 dictis
3815 3479 3909 3547 ad.

2354 3587 2665 3656 dicenda.
2719 3587 2795 3657 ln
2838 3589 3166 3666 secundo,
3211 3589 3594 3658 ostenditur
3620 3588 3907 3680 aequali-

2356 3706 2461 3765 tas
2493 3696 2984 3788 magnitudinis
3012 3720 3159 3765 esse
3191 3699 3257 3765 in
3300 3698 3622 3778 essentia,
3665 3698 3782 3774 ibi,
3822 3696 3903 3775 1),

2362 3835 2393 3871 ι
2431 3806 2801 3873 Sciendum
2831 3816 2929 3873 est
2959 3807 3201 3896 iqitum
3234 3816 3362 3875 etc.
3402 3833 3436 3869 s
3472 3806 3549 3874 ln
3580 3807 3804 3885 tertio,
3826 3829 3909 3873 ex

704 3904 888 3994 quod
947 3911 1221 3993 propter
1267 3903 1727 3993 &qualitatem
1776 3926 1914 3971 una
1964 3927 2251 3995 persona
2361 3916 2806 4005 consequenti
2863 3937 2947 3982 ex
3036 3912 3167 3981 hoc
3231 3914 3641 3989 ostenditur.
3731 3913 3912 4004 quod

704 4020 804 4079 est
850 4012 914 4078 in
950 4010 1128 4078 alia:
1163 4020 1226 4078 et
1261 4010 1403 4079 haec
1433 4011 1668 4102 incipit
1714 4011 1833 4096 ibi,
1867 4012 1946 4089 C.
1980 4041 2015 4077 ι
2056 4015 2255 4083 Nunc
2363 4044 2792 4113 unaquaeque
2836 4044 3277 4113 personarum
3343 4031 3441 4089 est
3494 4025 3563 4090 in
3602 4021 3762 4104 alia,
3794 4022 3912 4103 ibi,

708 4121 927 4209 ‘'9501’'
979 4129 1281 4209 supere-‘l
1343 4120 1891 4210 ostender-egeto.
1929 4146 1963 4187 1
2026 4120 2099 4190 ln
2150 4145 2253 4187 St·-
2368 4129 2445 4203 E.
2519 4156 2554 4195 ι
2593 4132 2685 4198 ΕΙ
2743 4130 2899 4197 iude
2954 4140 3078 4207 est,
3134 4129 3325 4220 qnod
3382 4133 3592 4197 Pater
3625 4130 3905 4207 dicitur,

706 4228 929 4296 cunda
1019 4239 1248 4295 autem
1341 4228 1612 4319 probat.
1701 4229 1889 4320 quod
1993 4242 2261 4323 propter
2368 4248 2500 4305 etc.
2540 4262 2573 4300 ι

711 4334 1167 4426 (equalitatem
1210 4359 1248 4402 a
1285 4335 1423 4403 Deo
1477 4345 1872 4404 removetur
1904 4339 2074 4405 ratio
2115 4361 2263 4427 par-

702 4815 792 4889 D.
844 4813 1066 4904 Quod
1124 4840 1274 4889 mm
1335 4823 1448 4891 est
1511 4819 1770 4917 major
1810 4842 1964 4893 una
1990 4842 2328 4917 persona
2357 4819 2544 4915 alia,
2610 4843 2747 4896 nec
2805 4822 3059 4923 majus
3124 4821 3431 4921 aliquid
3466 4819 3641 4895 dnm
3691 4845 3912 4919 qnam

1609 4976 1793 5046 una,
1838 4975 1977 5027 nec
2000 4960 2152 5029 tres
2195 4953 2318 5029 rel
2349 4955 2526 5029 duee
2558 4980 2784 5053 quam
2831 4980 3018 5031 mm.

800 5281 1215 5358 Sciendum
1259 5292 1374 5357 est
1413 5306 1598 5379 ergo
1640 5286 1826 5383 quia
1866 5286 2092 5360 Pater
2125 5298 2414 5361 nonest
2458 5288 2702 5385 major
2732 5287 2951 5381 Filio,
3015 5309 3157 5362 nec
3235 5287 3467 5363 Pater
3506 5289 3625 5364 vel
3686 5287 3921 5361 Filius

702 5416 948 5514 major
987 5418 1272 5516 Spiritu
1308 5428 1604 5508 sancto,
1653 5443 1794 5494 nec
1866 5426 2115 5517 majus
2181 5421 2471 5519 aliquid
2539 5422 2716 5495 dua·
2777 5445 3130 5520 personm
3198 5421 3430 5496 simul
3463 5431 3646 5497 sunt
3682 5444 3911 5520 quam

701 5578 884 5648 una,
933 5578 1071 5629 nec
1112 5565 1266 5631 tres
1296 5556 1526 5630 simul
1575 5559 1826 5656 majus
1886 5557 2172 5657 aliquid
2208 5579 2439 5655 quam
2510 5556 2739 5631 duee:
2815 5580 2957 5631 nec
3000 5555 3243 5652 major
3280 5566 3397 5631 est
3427 5557 3762 5633 essentia
3828 5556 3902 5629 in

701 5690 948 5765 tribus
987 5713 1216 5787 qnam
1264 5690 1335 5763 in
1364 5690 1692 5777 duabus,
1737 5715 1879 5769 nec
1922 5692 1993 5767 in
2029 5692 2333 5767 duabus
2362 5714 2598 5788 quam
2641 5691 2714 5765 in
2765 5714 2923 5767 una
2967 5715 2984 5767 :
3048 5689 3232 5789 quia
3271 5700 3430 5767 tota
3469 5702 3586 5769 est
3625 5692 3698 5766 in
3741 5690 3905 5766 sin-
