4897 6388
779 2431 980 2480 solano.

1762 267 1788 286 ‘'
1897 280 1993 348 IN
2038 281 2068 348 1
2119 261 2544 350 SENTENT.
2597 278 2824 346 ms'r.
2878 279 3037 361 xx,
3081 277 3173 361 o,
3227 279 3424 344 ΛΒΤ.
3483 277 3549 344 τ.

1509 875 2007 946 ARTlCULUS
2056 876 2207 942 Vll.

1405 1093 1514 1158 An
1542 1093 1614 1157 in
1655 1089 1902 1157 divinis
1940 1091 2031 1155 sil
2091 1088 2256 1156 ordo
2283 1086 2325 1153 ?

4155 267 4312 343 '553

2747 448 2972 514 estibi
3006 449 3404 537 aggregatio
3463 447 3612 514 sine
3673 445 3934 523 ordine,
3997 427 4113 510 aut
4151 465 4307 510 curn
4428 503 4429 506 ,

2745 555 3008 623 ordine.
3045 553 3117 620 Si
3143 555 3289 621 sine
3320 554 3558 621 ordine
3586 577 3600 620 :
3637 574 3800 642 ergo
3823 561 3923 620 est
3953 551 4043 617 ibi
4069 573 4308 640 aggre-

2743 665 2928 753 gatio
2960 663 3267 741 confusa,
3313 662 3496 752 quod
3533 661 4021 729 inconveniens
4062 667 4184 726 est.
4224 657 4298 725 Si

2743 780 2971 837 autem
3013 793 3169 837 cum
3202 770 3437 836 ordine
3469 791 3484 837 ε
3531 791 3696 859 ergo
3730 777 3831 835 est
3870 767 3960 833 ibi
4018 768 4204 856 prior
4236 775 4302 833 et

2739 878 3075 966 posterior
3119 898 3456 966 persona:
3505 899 3668 965 ergo
3718 876 3904 964 prius
3960 883 4027 941 et
4064 881 4297 962 poste-

2742 987 2900 1052 rius.

2829 1095 2891 1158 4.
2930 1093 3125 1174 Item,
3163 1091 3386 1182 Supra
3423 1115 3605 1183 saepe
3654 1091 4042 1175 habuimus,
4110 1090 4295 1180 quod

2742 1199 3035 1290 Spiritus
3082 1208 3354 1268 sanctus
3429 1210 3529 1268 est
3595 1200 3795 1268 tertia
3842 1200 3911 1265 in
3964 1192 4293 1267 Trinitate

2737 1330 3067 1397 persona:
3132 1331 3271 1375 non
3324 1318 3554 1377 autern
3627 1307 3872 1375 dicitur
3918 1306 3999 1374 de
4062 1306 4331 1388 Patre,'

1173 1420 1435 1490 Deinde
1476 1420 1799 1511 quaeritur
1836 1418 1919 1486 de
1959 1417 2089 1485 hoc
2137 1416 2321 1508 quod
2359 1416 2521 1485 dicit
2563 1420 2629 1483 in
2736 1417 2920 1507 quod
2948 1418 3035 1485 sit
3064 1420 3287 1501 tertia,
3320 1417 3429 1485 vel
3474 1416 3774 1485 secunda
3819 1437 4133 1507 persona,
4176 1415 4297 1483 sed

1081 1529 1328 1597 ultimo
1368 1526 1662 1619 capitulo
1695 1525 1776 1611 G,
1815 1554 1847 1588 «
1880 1523 2340 1617 AEqualilalis
2370 1537 2622 1601 autem,

1084 1636 1326 1722 Qualis
1369 1647 1436 1704 et
1463 1644 1762 1726 quantus
1786 1634 1900 1712 sit,
1933 1641 2059 1700 etc.
2098 1658 2131 1698 ι

1167 1743 1320 1812 Hoc
1349 1743 1531 1812 enim
1558 1763 1696 1808 non
1723 1739 2020 1809 videtur:
2060 1741 2222 1831 quia
2249 1739 2485 1830 qualis
2500 1761 2624 1829 po-

1080 1851 1218 1919 tius
1257 1849 1420 1919 dicit
1482 1846 2022 1926 similitudinem,
2078 1867 2284 1937 quam
2334 1845 2623 1936 aequali-

1076 1967 1290 2028 tatem
1324 1981 1340 2026 :
1376 1957 1542 2050 quia
1570 1959 1745 2025 sicut
1809 1956 1877 2023 in
1931 1954 2333 2047 praecedenti
2372 1954 2622 2022 distin-

1077 2069 1304 2136 ctione
1378 2065 1689 2134 habitum
1766 2072 1889 2141 est,
1926 2087 2135 2132 unum
2168 2065 2237 2132 in
2293 2063 2621 2155 qualitate

1077 2175 1237 2243 facit
1264 2172 1802 2242 similitudinem.

1165 2386 1271 2452 An
1301 2406 1429 2452 noc
1455 2382 1839 2466 dicendum,
1872 2382 2056 2473 quod
2086 2383 2152 2449 in
2184 2381 2325 2450 Deo
2345 2404 2487 2450 non
2518 2390 2619 2450 est

1073 2492 1207 2560 nisi
1236 2492 1582 2583 quantitas
1609 2490 1902 2567 virtutis,
1928 2499 1993 2558 et
2021 2488 2134 2557 illa
2163 2490 2336 2558 bene
2358 2488 2616 2558 radica·

1074 2607 1189 2667 tur
1219 2598 1290 2666 in
1329 2619 1412 2666 eo
1443 2595 1627 2688 quod
1656 2594 2028 2664 secundum
2078 2595 2358 2664 modum
2397 2596 2618 2686 signi-

1070 2705 1317 2775 ficandi
1350 2704 1512 2772 dicit
1551 2703 1941 2795 qualitatem
1987 2725 2004 2772 z
2040 2703 2196 2771 dicit
2234 2704 2419 2772 enim
2467 2704 2618 2770 Au-

1069 2815 1413 2907 gustinus,
1456 2814 1634 2904 quod
1676 2815 1745 2881 in
1776 2811 1880 2880 his
1909 2834 2058 2903 quae
2086 2835 2223 2881 non
2256 2811 2463 2891 mole,
2496 2812 2613 2880 sed

1067 2926 1319 2993 virtute
1350 2945 1598 3014 magna
1626 2931 1808 3004 sunt,
1852 2920 2029 2989 idem
2069 2929 2169 2989 est
2207 2922 2428 3011 majus
2466 2943 2612 2989 esse

960 3029 966 3034 ’
1051 3032 1250 3130 'quod
1287 3040 1391 3101 est
1421 3030 1663 3099 melius
1688 3053 1861 3098 esse.

1154 3349 1416 3419 Deinde
1481 3350 1804 3441 quaeritur
1839 3348 1922 3417 de
1972 3347 2101 3417 hoc
2167 3347 2348 3440 quod
2399 3348 2605 3417 dicit:

1068 3487 1102 3527 ι
1127 3461 1267 3529 Nec
1298 3481 1455 3528 cum
1485 3456 1738 3525 dicitur
1767 3459 1833 3525 F
1829 3457 1995 3524 ilius
2014 3481 2057 3522 a
2083 3459 2294 3524 I'atre
2308 3458 2605 3546 qem'eew,

1065 3565 1449 3636 ostenditur
1510 3564 1947 3657 inaequalitas
2005 3563 2425 3643 substantiae.
2489 3565 2613 3631 sed

1064 3676 1234 3744 ordo
1281 3686 1572 3749 nature,
1615 3684 1740 3741 etc.
1782 3701 1815 3736 n

1155 3783 1446 3851 Videtur
1481 3784 1659 3849 enim
1701 3805 1783 3849 ex
1816 3779 1945 3850 hoc
1976 3780 2159 3872 quod
2199 3780 2368 3848 ordo
2400 3782 2487 3848 sit
2536 3782 2604 3847 in

1060 3892 1352 3960 divinis¹
1389 3912 1405 3959 :
1442 3889 1623 3981 quod
1661 3890 1864 3957 etiam
1898 3891 2156 3956 ratione
2177 3888 2448 3979 probari
2482 3912 2603 3980 po·

1060 4011 1231 4071 test:

1153 4111 1214 4178 1.
1258 4108 1477 4176 Causa
1508 4107 1688 4175 enim
1739 4105 1972 4174 ordine
2030 4114 2285 4172 natura:
2316 4114 2418 4173 est
2470 4129 2600 4173 an-

1059 4226 1122 4285 te
1162 4225 1560 4284 causatum:
1595 4214 1759 4281 dicit
1813 4222 2038 4280 autem
2070 4211 2600 4302 Chrysus-tomus

1055 4347 1263 4414 super
1298 4322 1654 4413 epistolam
1699 4319 1784 4387 ad
1853 4319 2193 4397 “ebra-us,
2227 4328 2294 4387 et
2341 4318 2600 4386 Dama-

1056 4454 1301 4500 scenus
1327 4428 1374 4508 ¹,
1399 4430 1581 4521 quod
1626 4427 1823 4495 l‘ater
1853 4437 1950 4494 est
1980 4449 2180 4494 causa
2197 4425 2387 4494 Filii:
2433 4452 2598 4515 erge

1058 4538 1295 4609 ordine
1356 4537 1813 4625 intelligentia·
1862 4544 1925 4601 et
1970 4544 2225 4602 naturae
2284 4545 2385 4602 est
2441 4544 2598 4602 ante

1062 4646 1331 4714 Filium.

1144 4759 1209 4824 2.
1284 4755 1480 4833 item,
1534 4753 1919 4820 Secundum
1977 4752 2304 4819 rationein
2355 4750 2600 4818 intelli-

1052 4861 1254 4955 gendi
1297 4859 1703 4951 principium
1771 4881 1905 4924 non
1946 4856 2026 4923 cle
2076 4857 2430 4947 principio,
2494 4868 2595 4925 est

1050 4976 1207 5034 ante
1256 4964 1666 5055 principium
1725 4962 1804 5029 de
1845 4962 2220 5051 principio:
2266 4984 2429 5051 ergo
2489 4964 2596 5028 vi-

1051 5072 1273 5155 detur,
1307 5071 1491 5162 quod
1522 5072 1590 5137 in
1621 5069 1865 5136 divinis
1904 5069 1985 5134 sit
2028 5068 2211 5157 prius
2268 5078 2330 5135 et
2373 5078 2595 5158 poste-

1050 5180 1189 5246 rius
1245 5176 1616 5246 secundum
1660 5173 2094 5243 intellectum.

1138 5288 1203 5353 3.
1242 5283 1437 5362 item,
1482 5282 1650 5350 Cum
1713 5282 1978 5359 dicitur,
2025 5280 2222 5348 Pater
2275 5290 2344 5349 et
2383 5281 2593 5348 Filius

1048 5398 1116 5458 et
1147 5388 1442 5480 Spiritus
1463 5398 1732 5455 sanctus
1752 5395 1908 5454 sunt
1939 5394 2073 5454 tres
2093 5407 2398 5476 personae
2433 5395 2590 5454 :aut

1121 5632 1247 5690 ¹Cl'.
1287 5635 1331 5689 1.
1382 5633 1444 5689 Ρ.
1470 5633 1691 5687 Summ.
1740 5630 1942 5688 Tlieol.
1998 5632 2059 5688 B.
2090 5631 2343 5705 Alberti,
2374 5642 2443 5710 Q.
2503 5636 2594 5705 Η,

2732 1527 3003 1616 prima:
3056 1549 3217 1617 ergo
3279 1535 3379 1593 est
3432 1525 3524 1592 ibi
3587 1527 3874 1614 primus,
3930 1523 4289 1602 secundu5‚

2731 1635 3009 1702 tertius:
3046 1634 3166 1702 sed
3195 1636 3321 1702 ista
3354 1636 3635 1701 nomina
3657 1631 4060 1702 ordinabilia
4081 1625 4288 1699 'suntz

2730 1763 2893 1832 ergo
2924 1750 3026 1809 est
3058 1741 3146 1808 ibi
3189 1742 3358 1810 ordo
3390 1741 3767 1810 secundum
3832 1742 4017 1832 prius
4056 1749 4122 1807 et
4166 1762 4297 1829 po-

2730 1852 2995 1918 sterius,

2823 1957 2954 2024 San
3001 1981 3290 2026 conruit:
3318 1956 3404 2026 'Si
3447 1966 3549 2026 est
3588 1957 3680 2026 ibi
3724 1958 3909 2047 prius
3938 1964 4004 2024 et
4059 1965 4291 2047 poste·
4318 1993 4618 2043 sanonum.

2731 2068 2893 2145 rius,
2933 2065 3058 2135 hoc
3088 2069 3215 2135 erit
3245 2067 3623 2135 secundum
3664 2065 3961 2157 aliquem
4007 2065 4284 2133 moduni

2726 2174 2995 2263 prioris.
3039 2174 3325 2243 Constat
3362 2183 3620 2256 autem,
3666 2173 3844 2264 quod
3884 2174 4068 2263 prius
4125 2182 4290 2241 tem·

2729 2302 2889 2370 pore
2910 2280 3019 2348 vel
3059 2280 3418 2348 duratione
3445 2302 3585 2347 non
3618 2289 3718 2348 est
3749 2280 3818 2346 in
3850 2278 4094 2346 divinis
4132 2301 4292 2369 per-

2724 2387 2933 2463 soni5‚
2987 2409 3111 2453 nec
3169 2387 3355 2477 prius
3403 2386 3788 2476 dignitate:
3833 2407 3994 2475 ergo
4056 2392 4154 2451 est
4200 2384 4289 2451 ibi

2724 2495 2909 2581 prius
2940 2516 3169 2571 causa,
3221 2491 3328 2560 vel
3385 2491 3777 2561 intellectu:
3813 2493 3998 2583 prius
4059 2501 4288 2558 autem

2723 2601 3010 2669 naturali
3037 2601 3511 2689 intelligentia,
3546 2600 3926 2691 simplicius
3949 2608 4048 2668 est
4079 2622 4284 2689 quam

2721 2709 2903 2800 quod
2944 2710 3281 2798 posterius
3309 2717 3452 2776 est:
3488 2732 3653 2799 ergo
3688 2708 3888 2775 Pater
3925 2716 4099 2775 esset
4138 2707 4284 2793 jam

2718 2815 3096 2907 simplicior
3130 2815 3328 2898 Filio,
3371 2825 3435 2884 et
3468 2815 3680 2883 Filius
3720 2815 3974 2906 aliquid
4007 2814 4282 2882 adderet

2722 2922 2935 3003 l‘atri,
2971 2923 3154 3015 quod
3194 2923 3441 2990 falsum
3463 2934 3591 3007 est,
3636 2932 3704 2991 et
3735 2922 4037 2991 haeresis.
4067 2923 4140 2990 Si
4168 2945 4285 2990 au·

2719 3040 2855 3097 tem
2897 3042 3070 3100 esset
3114 3030 3201 3098 ibi
3236 3033 3421 3122 prius
3470 3039 3741 3115 natura,
3793 3030 4030 3099 eodem
4072 3029 4279 3098 modo

2717 3162 2854 3229 quo
2906 3141 3093 3230 prius
3137 3150 3379 3208 natura
3433 3148 3535 3208 est
3574 3139 3762 3231 prius
3819 3161 4071 3207 causa:
4122 3147 4282 3208 tunc

2714 3247 3024 3336 sequitur
3062 3270 3217 3314 cum
3250 3254 3605 3315 causatum
3648 3249 3734 3315 sit
3785 3247 4059 3336 majoris
4106 3269 4280 3315 con·

2715 3354 3035 3420 cretionis
3084 3353 3189 3421 vel
3245 3354 3768 3445 compositionis
3822 3376 4027 3444 quam
4073 3376 4277 3420 causa

2712 3457 2817 3524 vel
2854 3459 3189 3549 posterius
3221 3461 3390 3549 ipsa,
3424 3458 3610 3549 quod
3643 3469 3818 3526 esset
3864 3458 4066 3525 Filius
4095 3482 4280 3525 com-

2713 3568 2998 3656 positior
3032 3567 3228 3634 l‘atre
3260 3568 3365 3634 vel
3401 3569 3738 3657 posterior
3769 3569 3834 3634 in
3876 3593 4044 3650 esse,
4092 3566 4271 3658 quod

2713 3683 2930 3740 totum
2953 3674 3325 3741 absurdum
3375 3683 3516 3742 est:
3550 3698 3716 3765 ergo
3751 3698 3886 3741 non
3918 3685 4017 3741 est
4059 3676 4124 3741 in
4165 3674 4274 3740 di-

2710 3783 2887 3848 vinis
2920 3782 3106 3872 prius
3158 3793 3219 3849 et
3267 3784 3644 3872 posterius:
3682 3806 3843 3874 ergo
3906 3806 4024 3849 nee
4074 3782 4266 3858 ordo,

2707 3914 2862 3956 cum
2897 3892 3123 3956 «nunriis
3146 3891 3313 3957 ordo
3346 3892 3522 3957 dieat
3575 3893 3763 3981 prius
3808 3901 3868 3958 et
3910 3893 4262 3982 posterius,

2800 4103 3129 4170 l'mmurs
3159 4106 3709 4193 quaeriturjuxta
3751 4103 3903 4187 hoe,
3940 4104 4119 4184 Quid
4160 4106 4267 4172 di-

2701 4222 2804 4277 eat
2840 4210 2904 4301 ty
2963 4211 3132 4277 ordo
3191 4222 3458 4278 ›eatur-:1³
3493 4212 3534 4279 :²
3594 4211 3834 4280 Utrum
3878 4237 4265 4303 personam,

2706 4320 2810 4385 vel
2852 4319 3332 4395 substantiam,
3386 4321 3493 4386 vel
3544 4321 3954 4388 notionem?
3994 4322 4064 4388 Si
4117 4346 4267 4413 per-

2704 4450 2972 4504 sonam,
3018 4436 3178 4493 tunc
3218 4425 3466 4493 diceret
3507 4424 3809 4517 aliquam
3878 4450 4264 4517 personam.

2704 4543 2765 4601 et
2810 4544 2969 4602 tnnc
3003 4535 3180 4602 idem
3214 4543 3385 4601 esset
3427 4534 3597 4601 ordo
3628 4545 3883 4602 naturae
3924 4536 4103 4627 quod
4149 4562 4266 4604 or-

2704 4642 2790 4706 do
2826 4665 3156 4731 personae,
3210 4643 3393 4732 quod
3444 4665 3582 4710 non
3642 4652 3740 4709 est
3791 4666 4055 4720 verum,
4109 4646 4267 4735 quia

2707 4772 2840 4816 non
2884 4748 3373 4817 veriticaturde
3406 4749 3638 4840 aliqua
3686 4774 3972 4840 persona
4023 4753 4087 4818 in
4111 4776 4261 4842 spe·

2704 4859 2880 4924 ciali.
2929 4859 2999 4923 si
3034 4857 3692 4943 ‹licitsubstantiam,
3720 4869 3875 4926 tunc
3896 4860 4068 4928 idem
4090 4872 4262 4930 esset

2702 4966 2869 5032 ordo
2904 4977 3160 5033 natura·
3203 4966 3387 5057 quod
3420 4968 3588 5034 ordo
3618 4967 4035 5053 substantiae‚
4080 4971 4261 5060 quod

2704 5075 2946 5140 iterum
2972 5096 3111 5141 non
3144 5085 3243 5142 est
3277 5097 3538 5155 verum,
3585 5078 3746 5165 quia
3788 5076 3853 5142 iu
3885 5076 4262 5145 substantia

2702 5180 2928 5248 nullus
2985 5192 3086 5249 est
3135 5180 3330 5259 or110‚
3389 5205 3511 5250 nec
3564 5184 3711 5273 ipsa
3759 5186 4129 5253 ordinatur.
4186 5188 4257 5254 Si

2699 5298 2924 5355 antem
2967 5289 3128 5357 dicit
3169 5290 3549 5372 notionem,
3603 5300 3765 5358 tunc
3813 5292 4110 5383 aliquam
4148 5295 4259 5361 di-

2698 5538 2921 5596 memb.
2946 5543 2999 5606 ·2,
3022 5544 3117 5595 art
3152 5542 3204 5595 ¹.

2775 5630 2796 5665 ²
2827 5630 2883 5685 S.
2915 5630 3158 5685 1031«an
3200 5629 3591 5699 litusens-cs,
3623 5631 3748 5690 Lib.
3784 5636 3803 5691 l
3860 5652 3986 5709 cap.
4028 5639 4081 5694 8.
