4897 6388
687 1703 881 1750 solutio.

693 1760 773 1806 Ad
790 1759 839 1810 ,1.

684 3125 763 3172 Ad
793 3128 834 3171 2.

703 4954 784 5000 Aa
809 4954 854 5004 ³.

1753 337 1845 415 IN
1894 336 1924 401 1
1976 335 2399 402 SENTENT.
2453 335 2681 405 DIST.
2741 337 3243 424 111‚†L,.ART.
3298 347 3405 412 32.

975 514 1075 573 tes
1110 509 1409 576 mentis:
1478 507 1858 597 suppositio
1921 517 2145 575 autem
2194 517 2293 575 est
2345 506 2530 598 quod

974 621 1198 681 totum
1230 625 1418 706 parte
1448 637 1572 682 sua
1604 616 1821 702 majus
1860 625 1961 684 est
1994 639 2008 682 :
2046 639 2205 706 ergo
2235 615 2528 696 videtur,

974 724 1160 813 quod
1201 723 1348 792 sola
1378 725 1710 790 memoria
1739 747 1878 792 non
1910 727 1996 792 sit
2030 733 2238 800 tanta,
2274 728 2530 811 quanta

976 834 1427 925 intelligentia
1466 844 1532 902 et
1560 835 1878 903 voluntas
1909 835 2137 912 simul,
2168 832 2349 922 quod
2381 832 2525 917 jam

977 942 1306 1031 probavit
1336 943 1403 1009 in
1434 944 1720 1012 Littera.

1064 1051 1128 1117 3.
1166 1050 1424 1119 Eadem
1466 1052 1757 1140 objectio
1800 1061 1899 1120 est
1939 1052 2020 1119 de
2082 1049 2462 1140 aequalitate
2506 1069 2520 1113 :

972 1161 1132 1248 quia
1163 1160 1518 1250 aequalitas
1551 1170 1653 1228 est
1684 1161 1861 1227 idem
1895 1163 1962 1227 in
2013 1159 2409 1251 quantitate,
2454 1162 2528 1221 ut

969 1265 1131 1333 dicit
1184 1266 1645 1358 Philosophus
1688 1290 1704 1335 ε
1793 1277 1860 1336 et
1908 1269 2033 1335 ista
2072 1290 2209 1334 non
2275 1261 2529 1331 habent

970 1380 1453 1467 quantitatem.
1983 1397 1990 1404 '

1065 1589 1379 1658 Somno.
1414 1589 1795 1658 Dicendum
1844 1588 1929 1657 ad
1983 1588 2137 1672 hoc,
2200 1586 2380 1677 quod
2424 1595 2527 1654 est

969 1707 1195 1766 totum
1227 1700 1739 1789 potestativum,
1776 1706 1850 1766 et
1896 1706 2117 1765 totum
2149 1697 2217 1761 in
2251 1696 2525 1785 quanti-

968 1815 1131 1875 tate.
1193 1807 1443 1875 Totum
1502 1808 1984 1897 potestativum
2040 1804 2247 1872 habet
2304 1811 2524 1893 partes

966 1915 1440 2003 potestativaS,
1492 1921 1558 1982 et
1596 1912 1729 1980 tale
1756 1920 1977 1981 totum
2036 1921 2136 1980 est
2183 1912 2408 1977 anima
2438 1908 2523 1975 ad

964 2031 1195 2112 partes
1233 2045 1417 2102 suas,
1470 2044 1622 2112 quae
1657 2028 1818 2088 sunt
1865 2020 2184 2110 potentiae
2215 2043 2238 2087 .·
2280 2027 2347 2085 et
2390 2016 2522 2086 tale

963 2137 1187 2197 totum
1215 2135 1318 2197 est
1345 2131 1552 2197 etiam
1584 2150 1722 2196 una
1740 2129 2041 2218 potentia
2071 2133 2378 2218 respectu
2399 2146 2524 2193 eo-

961 2261 1114 2305 rum
1150 2238 1221 2304 in
1251 2259 1406 2327 quae
1444 2244 1671 2328 potest
1697 2245 1769 2304 ut
1799 2236 1869 2303 in
1908 2234 2173 2324 objecta
2207 2257 2223 2302 :
2265 2242 2328 2301 et
2368 2233 2520 2302 ideo

960 2344 1282 2427 dicimus,
1343 2351 1487 2412 tota
1542 2346 1759 2412 virtus
1816 2341 2129 2411 Herculis
2175 2350 2396 2433 potest
2451 2342 2521 2408 in

961 2453 1319 2543 sexaginta
1349 2451 1584 2532 dividi,
1627 2461 1745 2519 aut
1777 2453 1844 2519 in
1873 2452 2174 2543 triginta,
2195 2510 2207 2521 .
2231 2458 2295 2518 et
2322 2451 2521 2518 tertia

963 2566 1067 2627 est
1096 2560 1166 2626 in
1205 2560 1476 2650 viginti,
1538 2567 1606 2627 et
1632 2560 1730 2629 sic
1776 2559 1858 2628 de
1923 2558 2072 2627 aliis
2106 2580 2123 2627 t
2156 2567 2222 2627 et
2250 2558 2346 2626 sic
2373 2559 2521 2627 istae

961 2665 1287 2755 potentiae
1354 2664 1675 2733 dicuntur
1743 2673 1964 2733 totum
2037 2664 2518 2754 potestativum

964 2781 1275 2862 respectu
1333 2794 1615 2839 suorum
1674 2771 2122 2860 objectorum,
2192 2779 2256 2838 et
2294 2779 2520 2861 partes

965 2887 1278 2969 respectu
1306 2879 1579 2947 animae.

1054 2989 1161 3053 An
1201 3010 1402 3055 Λιιιςο
1432 2987 1819 3066 dicendum,
1876 2987 2059 3079 quod
2121 2987 2235 3054 illa
2271 3011 2521 3078 suppo·

964 3094 1122 3161 sitio
1154 3101 1256 3161 est
1286 3092 1628 3163 intellecta
1680 3093 1763 3163 de
1820 3096 2192 3187 quantitate
2248 3093 2519 3162 dimen-

962 3206 1206 3286 sionis,
1248 3212 1315 3272 et
1355 3203 1509 3272 ideo
1559 3206 1629 3272 in
1685 3204 2057 3293 geometria
2111 3211 2211 3271 est
2241 3206 2460 3295 posita
2496 3226 2512 3272 ε

964 3315 1034 3381 in
1067 3313 1494 3404 potestativis
1522 3321 1751 3381 autem
1790 3335 1967 3405 saepe
2008 3335 2141 3381 una
2178 3336 2333 3403 pars
2373 3335 2518 3381 ma·

954 3423 1070 3510 jor
1125 3430 1229 3489 est
1282 3444 1492 3513 quam
1534 3419 1767 3488 multae
1828 3442 1845 3487 ε
1898 3420 2015 3489 sed
2090 3443 2227 3487 non
2297 3421 2518 3507 major

961 3552 1170 3620 quam
1219 3538 1444 3598 totum
1479 3553 1495 3598 :
1530 3529 1599 3597 in
1632 3530 2053 3621 potestativis
2107 3530 2288 3598 enim
2335 3553 2509 3597 sem·

960 3659 1080 3726 per
1109 3637 1293 3727 quod
1327 3645 1551 3728 potest
1607 3637 1905 3717 inferior,
1949 3644 2170 3727 potest
2207 3645 2270 3704 et
2308 3659 2516 3728 supe-

961 3746 1100 3811 rior
1128 3753 1196 3812 et
1225 3743 1379 3835 plus
1414 3770 1431 3812 ε
1468 3754 1534 3812 et
1587 3743 1739 3813 ideo
1771 3766 1909 3812 non
1954 3746 2411 3813 convertitur:
2448 3751 2513 3811 et

959 3851 1114 3919 ideo
1154 3860 1422 3921 tantum
1454 3861 1679 3943 potest
1713 3874 1849 3920 una
1879 3852 2188 3930 istarum,
2230 3852 2510 3930 scilicet,

958 3956 1332 4047 imaginem
1361 3958 1946 4037 constituentium,
2006 3967 2334 4049 quantum
2364 3956 2513 4026 aliae

957 4064 1109 4134 (luae
1138 4074 1449 4157 respectu
1488 4064 1935 4155 objectorum,
1987 4091 2068 4136 eo
2122 4067 2303 4159 quod
2336 4069 2405 4135 in
2434 4066 2515 4134 il-

958 4171 1040 4238 lis
1068 4182 1231 4241 sunt
1271 4173 1595 4265 aequales,
1637 4184 1702 4243 et
1735 4198 1868 4243 una
1901 4177 2042 4253 uni,
2085 4185 2152 4243 et
2184 4200 2317 4244 una
2356 4176 2516 4243 (lua-

960 4278 1111 4357 bus,
1156 4290 1222 4349 et
1272 4303 1409 4349 una
1447 4283 1767 4350 omnibus
1807 4282 2022 4352 tribus
2056 4306 2073 4353 ε
2125 4284 2245 4351 sed
2275 4307 2512 4351 verum

956 4398 1061 4455 est
1098 4388 1280 4479 quod
1310 4412 1446 4457 una
1479 4412 1617 4457 non
1647 4400 1865 4480 potest
1905 4400 2003 4459 tot
2032 4392 2253 4459 modis
2284 4393 2352 4460 in
2381 4392 2515 4460 ob-

948 4496 1132 4583 jecta
1182 4495 1323 4575 illa,
1360 4497 1535 4565 sicut
1579 4495 1729 4565 duae
1777 4497 1881 4565 vel
1934 4508 2069 4567 tres
2105 4523 2120 4567 ε
2155 4500 2313 4590 quia
2363 4499 2513 4566 dun·

960 4613 1247 4694 possunt
1303 4604 1567 4673 duobus
1619 4606 1862 4690 modis,
1933 4617 1999 4675 et
2044 4616 2177 4677 tres
2235 4616 2516 4699 possunt

960 4710 1180 4779 tribus
1221 4711 1445 4780 modis
1484 4714 1552 4779 in
1583 4735 1687 4780 ea.

1052 4820 1158 4886 An
1189 4843 1253 4887 m
1284 4820 1469 4910 quod
1498 4820 1816 4910 objicitur
1844 4820 1925 4888 de
1958 4821 2367 4913 aequalitate,
2402 4847 2516 4914 pa-

963 4937 1066 4996 ter
1092 4927 1347 4996 solutio
1374 4951 1388 4994 :
1435 4929 1594 5019 quia
1624 4927 1872 4997 babent
1903 4933 2344 5019 quantitatem
2371 4934 2516 5000 vir-

964 5037 1156 5118 tutis,
1191 5034 1344 5104 licet
1383 5058 1523 5104 non
1563 5034 1855 5105 babeant
1902 5040 2345 5128 quantitatem
2405 5040 2515 5108 di-

966 5162 1372 5211 mensmnis.

1032 5696 1046 5731 ¹
1084 5693 1139 5753 S.
1164 5698 1533 5767 Acct’sTtxt·s,
1566 5695 1688 5755 Lib.
1712 5698 1782 5755 tx
1812 5697 1885 5756 de
1915 5698 2219 5769 'fi-initam,
2249 5718 2378 5775 cap.
2416 5706 2501 5761 ¹0.

4075 298 4213 446 isti

2911 855 2914 858 ·
2994 826 3491 896 ARTICULUS
3544 829 3837 899 xxxtl.

2648 1040 2892 1105 Utrum
2953 1062 3184 1107 verum
3241 1052 3335 1107 est
3392 1042 3579 1131 quod
3613 1042 3779 1110 dicit
3830 1009 4191 1134 Alaqister,

2730 1143 3075 1236 Quidquid
3098 1151 3372 1214 memini
3398 1158 3460 1215 et
3487 1150 3813 1238 intelligo,
3838 1150 3965 1218 hoc
3985 1153 4145 1219 volo
4177 1177 4190 1219 :

2727 1263 2814 1332 el,
2856 1257 3100 1322 Utrum
3141 1258 3330 1323 mala
3371 1280 3520 1346 qme
3571 1258 4052 1346 irilelliqinzus‚
4091 1285 4197 1327 vo-

2730 1362 2962 1430 lumus
2989 1363 3028 1430 ἴ)

2730 1686 2862 1755 Sed
2904 1687 3124 1757 adhuc
3182 1690 3464 1758 ulterius
3530 1693 3855 1780 quaeritur
3918 1693 4001 1760 de
4056 1692 4191 1760 hoc

2637 1797 2819 1886 quod
2850 1798 3010 1865 dicit
3044 1822 3058 1865 :
3108 1827 3140 1862 «
3189 1800 3550 1889 Quidquid
3577 1802 3858 1867 memini
3887 1812 3950 1868 el
3989 1802 4188 1868 intel-

2637 1905 2804 1994 quO,
2837 1905 2961 1973 hoc
3015 1908 3223 2005 etiayn
3273 1908 3452 1989 vole,
3513 1918 3638 1976 etc.
3686 1933 3719 1973 n
3785 1908 3931 1977 IIoc
3996 1912 4182 1977 enim

2632 2037 2949 2105 expresse
2977 2015 3303 2105 accipitur
3328 2018 3393 2082 in
3426 2014 3554 2084 hoc
3583 2015 3766 2107 quod
3787 2017 3971 2099 dicit,
3996 2017 4180 2108 quod

2636 2149 2668 2188 α
2713 2123 3035 2192 voluntas
3111 2147 3262 2193 mea
3352 2135 3566 2192 lotam
3649 2126 4184 2216 [vitelliqetitiani

2631 2253 2852 2299 meam
2894 2241 3244 2322 lotamque
3294 2243 3578 2300 mentem
3637 2256 3858 2300 meam
3897 2235 4106 2325 capit.
4141 2263 4170 2297 n

2731 2342 2785 2408 l.
2811 2339 2959 2407 lloc
2977 2341 3158 2409 enim
3191 2341 3458 2410 videtur
3491 2340 3736 2409 falsum
3765 2343 3960 2432 :quia
3996 2342 4180 2410 mala

2631 2447 3074 2539 intelligimus
3104 2459 3170 2518 et
3228 2451 3713 2518 meminimus:
3760 2473 3909 2540 quae
3952 2460 4183 2519 tamen

2631 2577 2770 2623 non
2809 2555 3153 2624 volumuS.

2717 2665 2782 2730 2.
2822 2664 2893 2730 Si
2927 2663 3097 2732 sorte
3130 2665 3285 2732 velit
3328 2666 3480 2755 quis
3521 2665 3764 2742 dicere,
3802 2674 3871 2731 ut
3902 2665 4180 2756 quidam

2627 2770 2886 2853 dicunt,
2952 2773 3133 2864 quod
3202 2772 3332 2841 hoc
3379 2772 3801 2862 intelligitur,
3851 2775 4024 2840 sicut
4072 2771 4184 2840 liic

2626 2878 3079 2949 determinare
3137 2882 3405 2949 videtur
3488 2880 3938 2970 Augustinus.
4013 2879 4178 2947 dum

2627 2987 2880 3057 scilicet
2941 2998 3097 3058 utor
3164 2997 3304 3056 totu
3363 3012 3445 3056 eo
3513 2988 3696 3080 quod
3756 2987 4062 3078 intelligo
4112 2995 4179 3055 et

2629 3098 2963 3166 memini:
3012 3096 3142 3165 hoc
3200 3095 3367 3165 nihil
3434 3106 3579 3165 est:
3623 3096 3782 3187 quia
3857 3097 3954 3164 sic
4005 3094 4176 3163 nihil

2624 3205 2867 3299 probat
2901 3229 2916 3273 :
2943 3207 3102 3298 quia
3131 3207 3501 3275 secundum
3535 3205 3665 3275 hoc
3686 3206 4004 3274 voluntas
4037 3228 4174 3273 non

2623 3316 2751 3382 erit
2779 3314 3062 3405 oequalis
3090 3315 3238 3383 aliis
3269 3317 3396 3384 nisi
3426 3314 3798 3383 secundum
3824 3314 4015 3405 quid,
4040 3316 4178 3382 sci-

2622 3421 2773 3490 licet
2820 3424 2885 3489 iu
2918 3422 3197 3491 utilibus
3228 3446 3380 3515 quae
3423 3422 3786 3491 dilectione
3825 3445 3988 3490 usus
4010 3422 4169 3489 dili-

2621 3540 2897 3622 guntur.

2705 3644 2771 3714 3.
2837 3641 3200 3733 Propterea
3249 3642 3525 3733 quidam
3568 3641 3763 3709 aliter
3826 3641 4169 3720 dixerunt,

2620 3750 2805 3840 quod
2837 3750 3236 3842 intelligitur
3273 3752 3355 3819 de
3386 3751 3492 3819 his
3530 3774 3682 3841 qua·
3715 3774 3984 3840 semper
4012 3758 4171 3817 sunt

2623 3861 2687 3926 in
2760 3859 3099 3928 intellectu
3169 3884 3288 3951 per
3333 3886 3430 3940 se,
3489 3860 3663 3927 sicut
3718 3883 3867 3949 quae
3916 3857 4171 3927 habent

2623 3968 2931 4057 proprias
2957 3970 3216 4058 species
3247 3971 3313 4036 in
3345 3969 3592 4059 quibus
3621 3978 4167 4059 cognoscuntur:

2624 4075 2882 4144 malum
2931 4086 3158 4144 autem
3226 4100 3363 4145 non
3414 4075 3618 4143 habet
3671 4078 3993 4167 speciem,
4053 4074 4171 4142 sed

2621 4186 2849 4276 potius
2880 4186 3326 4276 privationem
3378 4185 3650 4275 speciei,
3701 4183 3916 4266 modi,
3964 4194 4027 4251 et
4060 4207 4173 4250 nr·

2619 4293 2797 4361 dinis
2837 4314 2854 4361 t
2893 4303 2958 4361 et
2988 4293 3139 4361 ideo
3181 4316 3316 4361 non
3357 4303 3539 4361 tenet
3577 4291 3867 4381 objectio
3905 4291 3988 4360 ‹le
4022 4315 4174 4359 nm-

2620 4402 2724 4470 lis.
2759 4401 3026 4469 Coxrna
3058 4400 3189 4470 hoc
3208 4412 3308 4470 est
3337 4400 3520 4493 qnod
3550 4399 3710 4468 «licit
3749 4402 4176 4491 Augustinus

2623 4513 2689 4579 in
2731 4510 2904 4580 libro
2936 4510 3028 4579 lx
3060 4511 3144 4579 de
3187 4512 3537 4586 Trinitate,
3584 4509 3698 4577 ubi
3738 4508 4042 4600 loquitur
4092 4511 4175 4579 de

2623 4624 2749 4689 ista
2779 4620 3016 4689 eadem
3065 4619 3446 4708 objectione
3488 4619 3684 4700 lancta,
3739 4628 3803 4686 et
3833 4619 3990 4686 dicit
4021 4621 4169 4689 sic:

2624 4727 3111 4797 Verumtamen
3151 4752 3303 4796 cum
3338 4736 3400 4794 et
3441 4727 3548 4795 illa
3591 4750 3740 4817 quae
3770 4728 4043 4795 odimus
4077 4751 4176 4797 re-

2621 4844 2726 4903 cte
2754 4836 3135 4927 displicent,
3180 4845 3490 4926 recteque
3522 4836 4017 4925 improbantur,
4051 4859 4178 4927 ap-

2623 4943 2950 5034 probatur
2986 4966 3222 5011 eorum
3258 4942 3686 5033 improbatio,
3731 4953 3793 5011 et
3827 4942 4068 5033 placet,
4110 4952 4177 5012 et

2621 5050 2755 5120 hoc
2801 5052 3086 5120 verbum
3137 5060 3237 5121 est
3295 5054 3366 5120 ¹:
3425 5074 3588 5143 ergo
3653 5050 3922 5118 videtur
3987 5050 4173 5142 quod

2620 5158 2769 5229 haec
2807 5160 3160 5253 aequalitas
3189 5163 3393 5229 etiam
3442 5168 3623 5229 tenet
3665 5160 3734 5228 in
3785 5159 4025 5227 notitia
4064 5160 4176 5227 vi-

2618 5269 2899 5337 tiorum.

2706 5378 2772 5444 4.
2818 5376 3014 5461 ltem,
3064 5377 3514 5468 Augustinus,
3567 5374 3824 5445 Ibidem
3869 5398 3883 5443 :
3928 5374 4170 5467 Neque

2618 5486 2860 5553 notitia
2898 5486 3221 5554 vitiorum
3257 5484 3452 5553 nobis
3506 5484 3839 5576 displicet,
3871 5483 3992 5551 sed
4020 5484 4170 5574 ipsa
4200 5502 4206 5507 ’
