4897 6388
811 1173 928 1219 Ad5
954 1181 1001 1220 et
1025 1174 1071 1221 6.

870 1954 949 2000 Ad
977 1956 1021 2000 7.

875 2148 956 2194 Ad
981 2145 1023 2192 8.

2066 240 2160 305 IN
2211 239 2238 305 1
2291 185 2722 311 SENTENT.
2774 239 3004 309 nlST.
3060 209 3247 320 vui,
3304 239 3388 306 ιι.

1128 386 1842 498 οιηιιίηο”ριω(ἶίοειῑιιι·
1875 432 1891 477 :
1928 411 2088 499 quia
2118 418 2427 477 mutatur
2462 397 2681 499 gratia

1126 525 1385 585 naturae
1432 518 1798 585 accidentis
1829 542 1980 607 quae
2022 530 2122 586 est
2170 520 2417 609 inipso
2466 542 2480 588 :
2526 519 2685 588 licet

1127 625 1416 692 retineat
1481 612 1958 714 praedicatione
2011 624 2404 694 differentiae
2475 650 2682 717 quam

1127 730 1519 820 superaddit
1552 755 1567 799 :
1602 733 1764 821 quia
1804 732 1917 799 illa
1946 732 2105 800 facit
2144 735 2369 823 ipsum
2395 734 2482 801 ad
2511 734 2686 802 alte-

1133 859 1283 903 rum
1325 859 1470 905 esse
1507 860 1522 904 ε
1560 846 1625 906 et
1663 838 1796 907 hoc
1852 841 2140 909 intendit
2188 842 2470 910 Boetius
2528 865 2685 910 cum

1130 942 1316 1021 dicit,
1379 944 1564 1032 quod
1618 967 1756 1013 non
1812 950 2092 1015 omnino
2151 948 2560 1038 praedicatur
2615 950 2684 1015 in

1132 1048 1402 1117 divinis,

1220 1159 1324 1226 Ao
1373 1182 1573 1227 Amun
1631 1162 2019 1248 dicendum,
2065 1165 2248 1254 quod
2307 1166 2478 1232 situs
2526 1163 2690 1231 dicit

1130 1269 1429 1357 partium
1460 1270 1989 1353 ordinationem,
2025 1282 2089 1340 et
2120 1297 2258 1341 non
2290 1282 2393 1342 est
2438 1275 2510 1340 in
2548 1274 2688 1363 spi-

1130 1373 1489 1442 ritualibus
1546 1377 1676 1443 nisi
1749 1379 2009 1447 ratione
2076 1379 2333 1447 ordinis
2402 1379 2518 1470 qui
2595 1378 2686 1444 ibi

1129 1479 1434 1548 salvatur
1466 1504 1482 1550 ε
1520 1485 1680 1573 quia
1731 1486 1917 1577 quod
1957 1495 2057 1555 est
2095 1488 2186 1553 ibi
2217 1486 2299 1555 de
2347 1485 2687 1577 corporali

1128 1596 1399 1667 natura,
1435 1590 1546 1658 vel
1578 1590 1805 1672 locali,
1843 1593 1973 1662 hoc
2026 1595 2171 1662 Deo
2232 1616 2371 1661 non
2425 1616 2688 1662 conve-

1128 1695 1230 1761 nit
1263 1715 1281 1762 ε
1314 1703 1381 1763 et
1410 1696 1562 1765 idco
1601 1700 1769 1767 situs
1818 1702 2120 1769 salvatur
2168 1701 2260 1768 ibi
2308 1700 2684 1770 secundum

1125 1810 1392 1892 partem
1424 1827 1569 1873 suae
1609 1809 1895 1876 rationis
1927 1834 2075 1900 quae
2107 1819 2208 1877 est
2234 1809 2428 1876 ordo,

1219 1911 1325 1978 An
1370 1936 1571 1983 Amul)
1612 1916 1973 1987 dicendum
2005 1922 2179 1988 sicut
2225 1942 2431 2009 supra
2461 1918 2687 1986 deter-

1133 2021 1470 2091 minatum
1500 2034 1602 2095 est
1631 2026 1715 2095 de
1745 2026 1885 2097 ubi.

1218 2127 1326 2196 An
1372 2153 1573 2200 Amun
1622 2134 2009 2214 dicendum,
2056 2137 2240 2227 quod
2284 2139 2354 2204 in
2400 2136 2687 2205 veritate

1132 2260 1290 2306 cum
1337 2238 1604 2324 dicitur,
1638 2243 1822 2313 Deus
1872 2255 1973 2314 est
2016 2270 2306 2338 semper,
2342 2245 2691 2338 significa-

1128 2353 1244 2414 tur
1274 2350 1645 2435 aeternitas,
1687 2361 1753 2421 et
1792 2353 2171 2442 adjacentia
2203 2355 2415 2445 ipsius
2453 2375 2692 2421 secun·

1130 2453 1297 2522 dum
1341 2459 1696 2543 rationem,
1732 2485 1882 2552 quae
1923 2486 2060 2531 non
2110 2471 2211 2531 est
2248 2462 2435 2531 aliud
2482 2485 2689 2554 quam

1131 2562 1316 2633 Deus
1352 2584 1370 2633 ε
1406 2566 1567 2657 quia
1607 2567 1803 2638 aliter
1830 2570 2022 2661 plura
2063 2571 2348 2640 fuissent
2377 2569 2465 2639 ab
2502 2580 2694 2639 aeter-

1132 2695 1223 2740 no
1296 2698 1311 2743 :
1382 2676 1502 2744 sed
1571 2679 1999 2770 Augustinus
2058 2690 2363 2750 removet
2421 2690 2693 2771 tempus

4209 243 4339 309 265

2793 409 2974 500 quod
3026 418 3126 476 est
3168 409 3629 498 exemplatum
3677 401 4091 487 aete‘rnitatiS,
4136 419 4203 475 et
4240 420 4341 476 est

2795 515 3267 604 imperfectum
3301 515 3483 603 quod
3515 538 3633 604 per
3679 539 3944 605 semper
3982 523 4203 605 potest
4235 516 4336 580 in·

2797 622 3038 714 telligi.

2886 735 2991 800 An
3039 756 3235 800 Amne
3292 733 3674 808 dicendum,
3727 732 3910 822 quod
3966 756 4163 823 agere
4210 733 4334 800 du-

2797 841 3063 932 pliciter
3110 843 3455 930 accipitur,
3501 839 3751 908 scilicet
3793 840 4090 930 physice,
4134 850 4201 908 et
4242 843 4336 908 sic

2800 948 2970 1015 nihil
3014 950 3155 1037 agit
3210 951 3338 1016 nisi
3386 972 3660 1038 passum
3713 956 3781 1015 et
3834 958 4169 1016 mutatum
4214 973 4228 1016 ε
4273 957 4341 1016 et

2799 1058 2932 1125 hoc
2971 1068 3073 1125 est
3127 1081 3335 1147 agens
3377 1061 3443 1123 in
3495 1081 3620 1124 usu
3668 1064 3897 1124 nostro
3942 1065 4335 1148 acceptum:

2801 1176 2867 1235 et
2922 1165 3054 1234 hoc
3100 1165 3388 1232 attendit
3433 1165 3544 1232 hic
3601 1165 4041 1255 Augustinus.
4083 1164 4345 1232 Dicitur

2800 1275 3006 1343 etiam
3084 1297 3293 1364 agens
3350 1273 3535 1364 quod
3591 1274 3735 1339 sine
3802 1274 4172 1340 mutatione
4235 1274 4340 1340 sui

2802 1382 3029 1451 educit
3051 1384 3352 1471 speciem
3393 1382 3550 1460 acti,
3593 1387 3657 1448 et
3687 1380 3814 1448 hoc
3855 1403 3990 1448 non
4030 1383 4346 1448 convenit

2798 1491 2930 1557 nisi
2971 1489 3116 1557 Deo
3154 1516 3167 1557 :
3205 1498 3268 1557 et
3299 1488 3430 1557 hoc
3466 1497 3568 1556 est
3615 1511 3821 1579 agens
3853 1489 4244 1579 perfectum,
4280 1498 4346 1556 et

2799 1598 2931 1667 hoc
2970 1611 3072 1666 est
3118 1621 3328 1689 agens
3367 1597 3449 1665 de
3497 1619 3632 1688 quo
3684 1597 3969 1665 intendit
4013 1598 4348 1688 Augusti-

2800 1729 2953 1791 nuS,
3010 1707 3281 1798 quando
3334 1706 3518 1786 dicit,
3555 1706 3737 1795 quod
3784 1729 3980 1796 agere
4028 1706 4156 1773 soli
4203 1706 4344 1774 Deo

2798 1817 3121 1883 convenit
3161 1838 3176 1882 :
3224 1818 3382 1905 quia
3413 1815 3665 1883 scilicet
3711 1838 3911 1883 omne
3952 1838 4156 1906 agens
4187 1837 4347 1904 per-

2799 1924 3052 1992 lectum
3091 1933 3189 1992 est
3241 1932 3547 2013 respectu
3603 1925 3730 1990 acti
3766 1945 3781 1989 :
3816 1923 4180 2014 perfectum
4218 1946 4348 1990 au-

2801 2039 2936 2099 tem
2966 2030 3307 2120 praecipue
3346 2036 3447 2097 est
3478 2029 3544 2097 id
3574 2029 3756 2121 quod
3785 2052 4156 2120 numquam
4194 2030 4350 2120 agi-

2800 2146 2936 2220 tur,
2963 2138 3084 2206 sed
3113 2136 3587 2206 universaliter
3627 2138 3765 2228 agit
3794 2139 4046 2206 omnia.

2893 2249 2997 2315 An
3054 2271 3347 2315 nummum
3387 2248 3771 2325 dicendum,
3805 2248 3987 2338 quod
4017 2248 4199 2316 Deus
4242 2256 4343 2316 est

2803 2381 3042 2448 passus
3075 2359 3336 2425 ratione
3375 2359 3703 2447 suppositi
3745 2356 4065 2440 bominis,
4099 2368 4161 2425 et
4201 2381 4339 2425 non

2806 2468 3067 2535 ratione
3098 2467 3347 2534 divinae
3380 2476 3635 2534 naturae
3671 2492 3685 2536 :
3720 2478 3783 2534 et
3816 2467 3962 2535 ideo
3995 2467 4106 2535 illa
4146 2469 4342 2557 obje-

2801 2579 2939 2647 ctio
2981 2577 3348 2670 sophistica
3388 2589 3511 2647 est.

1503 3117 1598 3193 Π.
1648 3118 1874 3211 Quod
1896 3122 2110 3197 Deus
2140 3146 2293 3198 non
2313 3128 2668 3225 proprie,
2709 3128 2864 3235 sed·
2884 3128 3198 3204 abusive
3236 3130 3523 3205 dia-itur
3546 3133 3992 3208 substantia.

1238 3425 1456 3502 Umle
1498 3450 1641 3502 nec
1679 3430 1988 3528 proprie
2030 3431 2312 3506 (licitur
2336 3434 2801 3532 substantia,
2840 3450 2921 3513 ut
2963 3441 3445 3533 Augustinus
3483 3444 3807 3516 ostendit
3852 3443 3923 3516 in
3981 3443 4171 3519 libro
4217 3445 4346 3519 Vll

1136 3562 1228 3636 «le
1279 3562 1656 3639 Trim‘late
1706 3566 1723 3600 ¹
1781 3589 1797 3640 ε
1853 3566 2068 3641 Sicut
2122 3569 2218 3641 ab
2279 3592 2372 3643 eo
2420 3573 2625 3669 quod
2682 3584 2798 3648 est
2838 3599 3010 3649 esse
3062 3580 3498 3675 appellatur
3548 3579 3905 3672 essentia,
3971 3579 4067 3654 ita
4122 3583 4218 3655 ab
4258 3607 4348 3657 eo

1132 3696 1337 3794 quod
1372 3709 1487 3771 est
1526 3698 1948 3776 subsistere
1990 3703 2500 3779 substantiam
2536 3707 2871 3784 dicimus
2909 3735 2924 3784 :
2965 3711 3025 3784 si
3076 3723 3324 3786 tamen
3360 3714 3677 3811 (lignum
3713 3726 3849 3802 est,
3900 3727 3973 3789 ut
4011 3717 4215 3792 Deus
4246 3718 4352 3792 ‹li-

1130 3842 1352 3904 ratur
1388 3831 1837 3909 subsistere.
1898 3835 2058 3909 llor
2106 3837 2315 3912 enim
2358 3838 2453 3913 ‹le
2510 3841 2631 3917 his
2693 3844 2926 3919 rebus
2983 3858 3183 3921 reete
3239 3847 3712 3945 intelligitur,
3780 3850 3851 3923 in
3904 3851 4213 3948 quilius,
4269 3861 4349 3926 ut

1126 3966 1524 4063 subjectiS,
1570 3980 1753 4044 sunt
1801 3993 1892 4045 ea
1928 3995 2123 4071 -quw
2184 3975 2258 4049 in
2313 3976 2578 4075 aliquo
2620 3980 2972 4076 subJectn
3031 4005 3199 4056 esse
3242 3983 3632 4075 «licuntur,
3675 3985 3864 4058 sicut
3915 3986 3985 4058 in
4030 4011 4347 4085 corpore

1125 4104 1365 4195 color,
1401 4103 1530 4178 aut
1594 4105 1858 4181 forma.
1905 4110 2203 4208 Corpus
2247 4111 2455 4187 enim
2502 4115 2880 4209 subsistit,
2927 4128 2995 4189 et
3060 4117 3228 4191 iden
3286 4120 3709 4194 substantia
3771 4135 3907 4195 est.
3971 4124 4116 4196 lies
4165 4149 4347 4218 ergo

1129 4238 1541 4314 mutabiles
1600 4263 1853 4340 neque
1913 4244 2331 4343 simplic-es,
2381 4251 2691 4349 proprie
2741 4250 3113 4327 «licuntur
3161 4255 3615 4328 substantia·
3663 4280 3678 4330 t
3731 4257 3934 4330 Deus
3982 4271 4235 4334 autem
4284 4261 4345 4334 si

1123 4373 1501 4468 subsistit,
1541 4386 1622 4449 ut
1662 4377 2092 4453 substantia
2137 4384 2445 4481 proprie
2490 4385 2640 4460 dici
2696 4388 2964 4486 possit,
3007 4390 3204 4463 inest
3248 4391 3318 4464 in
3367 4416 3458 4465 en
3499 4392 3785 4490 aliquid
3849 4405 4237 4493 tamquam
4273 4398 4344 4471 in

1122 4506 1472 4604 subjecto
1518 4532 1534 4583 ε
1581 4520 1655 4585 et
1691 4536 1841 4584 non
1878 4526 1988 4587 est
2031 4515 2386 4614 simplex.
2434 4520 2669 4595 Nefas
2710 4535 2824 4596 est
2866 4535 3126 4599 autem
3180 4525 3436 4600 ‹lic-ere
3484 4537 3556 4598 ut
3603 4528 3960 4603 subsistat
3997 4531 4233 4624 Deus,
4278 4545 4343 4605 et

1125 4642 1373 4717 subsit
1405 4643 1724 4719 bonitati
1755 4670 1920 4721 sua·
1967 4672 1984 4723 :
2030 4660 2265 4749 atque
2296 4653 2423 4728 illa
2480 4656 2783 4731 bonitas
2818 4682 2971 4733 non
3017 4662 3446 4734 substantia
3482 4662 3606 4755 sit,
3642 4665 3759 4737 vel
3797 4666 4050 4763 potius
4081 4692 4350 4742 essen-

1127 4778 1258 4872 tia,
1308 4802 1560 4876 neque
1605 4780 1767 4877 ipse
1809 4782 2018 4858 Deus
2058 4787 2150 4859 sit
2201 4789 2507 4865 bonitas
2565 4817 2730 4878 sua,
2784 4795 2915 4869 sed
2983 4795 3056 4868 in
3101 4795 3359 4870 illusit
3421 4809 3808 4896 tamquam
3853 4801 3923 4875 in
3973 4804 4343 4901 subjectu.

1124 4913 1342 4990 Unde
1405 4916 1893 4993 manifestum
1937 4934 2050 4995 est
2098 4924 2341 4999 Deum
2391 4928 2714 5004 abusive
2756 4932 3269 5007 substantiam
3315 4936 3602 5029 vocari,
3652 4948 3724 5010 ut
3772 4940 4079 5014 notitiae
4123 4942 4352 5016 usita-

1121 5048 1314 5123 tiore
1358 5048 1835 5146 intelligatur
1872 5058 2232 5153 essentia,
2277 5064 2486 5158 quod
2521 5088 2700 5139 vere
2760 5090 2848 5139 ac
2910 5069 3218 5166 proprii·
3258 5069 3564 5164 divitur,
3605 5071 3701 5145 ita
3762 5083 3835 5145 ut
3875 5077 4187 5153 sortasse
4219 5101 4347 5149 so-

1126 5182 1285 5255 lum
1321 5181 1567 5256 Deum
1601 5184 1752 5260 dici
1796 5202 2140 5287 oporteat
2181 5197 2629 5271 essentiam.
2678 5201 3060 5275 Est-enim
3104 5227 3283 5276 vere
3325 5205 3564 5291 solus,
3601 5207 3778 5303 qnia
3836 5207 4346 5284 incommuta-

1126 5315 1306 5389 bilis
1339 5327 1480 5389 est.

1186 5579 1202 5613 ¹
1239 5583 1295 5637 S.
1331 5587 1704 5653 Arnus-rusus,
1758 5584 1880 5641 Lib.
1930 5586 2017 5641 vn
2063 5587 2136 5643 «le
2184 5590 2496 5658 Trinitate,
2542 5608 2668 5663 cap.
2703 5594 2759 5647 4.

4462 745 4590 793 Ado

4447 2281 4516 2327 Ad
4547 2282 4613 2328 10.
