4897 6388
851 2508 929 2554 Ad
958 2513 1000 2555 4.

830 4016 906 4061 Aet
946 4015 988 4060 5.

843 5406 914 5449 Ad
944 5403 986 5452 6.

1865 401 1880 414 t
1972 340 2067 432 nv
2116 339 2142 405 1
2196 283 2620 406 samar.
2671 337 2899 405 msr.
2949 298 3042 414 x,
3078 336 3417 437 F‚--AaT.
3472 342 3535 406 -ι,

1113 516 1215 575 est
1245 507 1528 599 diligere
1585 508 1968 598 dupliciter,
2001 505 2253 575 scilicet
2297 506 2667 585 notionale,

1117 624 1180 680 et
1221 615 1617 682 essentiale:
1653 613 1772 681 sed
1802 635 2040 702 sapere
2071 635 2210 678 non
2259 622 2361 680 est
2399 613 2530 679 nisi
2571 635 2672 680 es-

1121 723 1403 790 sentiale
1437 747 1451 789 :
1492 731 1558 791 et
1587 722 1738 789 ideo
1780 745 1920 789 non
1959 731 2059 789 est
2086 720 2328 788 simile.
2618 718 2623 724 ’

1004 897 1017 910 ‚
1141 844 1149 851 ·
1213 832 1317 897 An
1364 853 1564 896 Amne
1594 829 1983 905 dicendum,
2036 828 2220 920 quod
2285 832 2342 896 si
2381 838 2676 919 ponatur

1125 937 1422 1026 Spiritus
1462 946 1734 1004 sanctus
1760 960 1900 1004 non
1928 960 2097 1015 esse,
2133 959 2271 1004 non
2302 939 2427 1004 erit
2459 939 2528 1004 in
2570 937 2676 1004 di-

1119 1045 1299 1111 vinis
1337 1047 1470 1112 nisi
1529 1045 1810 1136 diligere
1869 1043 2322 1113 essentialiter
2361 1044 2615 1112 dictum
2654 1067 2668 1112 ε

1117 1160 1206 1240 et
1243 1152 1373 1220 hoc
1429 1152 1712 1243 diligere
1771 1160 1874 1221 est
1911 1152 2088 1219 unde
2140 1152 2341 1219 Pater
2369 1160 2436 1219 et
2463 1150 2673 1219 Filius

1112 1282 1330 1326 unum
1362 1268 1524 1327 sunt
1551 1259 1927 1327 secundum
1959 1260 2319 1326 essentiam
2365 1282 2380 1326 :
2415 1267 2483 1326 et
2519 1258 2672 1326 ideo

1113 1388 1198 1434 ex
1236 1364 1354 1433 illo
1392 1388 1531 1457 non
1572 1366 1881 1455 sequitur
1908 1388 2272 1455 personam
2313 1387 2460 1433 esse
2495 1388 2510 1432 :
2555 1364 2674 1433 sed

1110 1476 1275 1546 tunc'
1302 1500 1446 1545 non
1486 1477 1612 1544 erit
1640 1477 2044 1545 omnimoda
2090 1476 2406 1567 perfectio
2446 1475 2518 1543 in
2565 1474 2675 1543 di-

1108 1586 1312 1662 viniS,
1357 1607 1513 1651 cum
1546 1584 1813 1652 deficiat
1842 1582 2385 1664 communicatio
2411 1589 2673 1651 naturae

1115 1691 1368 1759 divinae
1398 1714 1522 1782 per
1559 1692 1845 1761 modum
1878 1693 2172 1760 amoris:
2216 1693 2271 1759 si
2302 1692 2486 1759 enim
2525 1714 2670 1782 per·

1110 1823 1297 1869 sonae
1327 1823 1469 1869 non
1498 1802 1658 1879 sint,
1704 1801 1971 1870 deficiet
2000 1801 2226 1891 aliqua
2256 1802 2575 1892 perfectio
2603 1802 2671 1869 in

1109 1909 1282 1994 Deo,
1318 1908 1577 1977 scilicet
1623 1909 2154 1978 communicatio
2205 1917 2488 1992 naturae,
2530 1931 2670 1976 non

1107 2018 1294 2109 quod
1323 2041 1465 2086 una
1490 2041 1783 2109 persona
1828 2019 2126 2109 indigeat
2154 2017 2312 2098 alia,
2353 2018 2470 2086 sed
2509 2019 2671 2109 quia

1107 2146 1248 2192 non
1303 2123 1811 2193 demonstratur
1896 2132 2152 2192 naturae
2209 2133 2508 2214 potestas
2596 2125 2668 2192 in

1107 2230 1805 2301 communicabilitate
1854 2233 1985 2299 nisi
2043 2233 2177 2300 sint
2219 2232 2287 2299 in
2320 2254 2400 2299 ea
2438 2231 2666 2322 plures

1108 2339 1537 2432 hypostases,
1574 2342 1752 2409 sicut
1792 2341 1965 2408 infra
1996 2338 2420 2430 probabitur.

1197 2451 1302 2516 Λι)
1349 2472 1550 2516 Auno
1623 2447 2011 2531 dicendum,
2082 2446 2265 2537 quod
2368 2445 2664 2536 Spiritus

1108 2563 1384 2621 sanctus
1414 2552 1577 2619 dicit
1615 2549 1780 2632 dun,
1825 2551 2078 2621 scilicet
2117 2559 2341 2618 entem
2373 2550 2458 2619 ab
2499 2550 2659 2631 alie,

1107 2667 1173 2727 et
1215 2658 1497 2725 modum
1546 2681 1683 2749 quo
1727 2656 1813 2724 ab
1867 2657 2185 2742 alioest:
2224 2665 2289 2723 et
2328 2665 2661 2747 quantuni

1106 2767 1190 2836 ad
1231 2768 1360 2836 hoc
1410 2769 1597 2859 quod
1626 2777 1730 2836 est
1759 2790 1881 2836 ens
1919 2767 2002 2834 ab
2035 2768 2196 2851 alie,
2222 2790 2359 2835 non
2409 2764 2662 2856 impor-

1106 2887 1200 2947 tat
1257 2879 1387 2946 nisi
1458 2878 1963 2968 oppositionem
2048 2876 2395 2945 relativam
2454 2876 2660 2947 :sed

1102 2984 1331 3076 quoad
1407 2986 1691 3053 modum
1759 3006 1964 3075 quem
2038 2982 2456 3074 superaddit,
2501 2984 2661 3052 dicit

1103 3116 1397 3164 nexum:
1456 3105 1524 3163 et
1580 3094 1712 3162 hoc
1777 3094 1949 3162 nihil
2004 3103 2106 3162 est
2142 3094 2654 3179 inconvenienS,

1100 3209 1294 3289 sicut·
1325 3205 1396 3273 in
1463 3205 1698 3274 multis
1741 3205 2042 3275 relativis
2081 3205 2445 3285 invenitur,
2486 3206 2658 3273 sic-ut

1100 3316 1247 3384 hic:
1295 3316 1518 3407 ipsum
1553 3338 1773 3406 genus
1813 3324 1880 3384 et
1920 3317 2202 3406 species,
2246 3338 2398 3406 quae
2432 3315 2654 3407 quoad

1099 3423 1503 3491 relationem
1558 3432 1716 3491 sunt
1765 3425 2102 3515 opposita,
2138 3433 2363 3490 tamen
2409 3424 2462 3489 si
2504 3447 2661 3491 con-

1101 3530 1442 3600 sideratur
1500 3531 1566 3599 id
1634 3531 1823 3622 quod
1875 3541 1976 3600 est
2015 3554 2257 3623 genus,
2293 3533 2514 3622 ipsum
2558 3541 2656 3599 cst

1104 3661 1256 3730 pars
1304 3640 1584 3728 speciei,
1662 3648 1728 3704 et
1793 3646 1895 3705 est
1965 3640 2191 3729 potius
2247 3638 2655 3729 principium

1102 3747 1596 3811 cmwcnicntia¹
1637 3767 1843 3835 quam
1876 3743 2270 3812 dissei-entire
2318 3753 2381 3811 ct
2450 3767 2662 3835 oppo-

1101 3853 1398 3919 sitioniS.

1195 3962 1297 4026 An
1347 3982 1544 4026 marn
1588 3957 1979 4038 dicendum,
2050 3958 2229 4049 quod
2279 3981 2517 4025 verum
2559 3969 2662 4027 est

1104 4074 1176 4133 ut
1238 4066 1596 4133 relativum
1658 4066 1986 4155 accipitur
2052 4066 2116 4132 in
2197 4066 2456 4133 ratione
2522 4089 2659 4134 sum

1103 4174 1561 4264 oppositionis
1596 4195 1610 4240 ε
1656 4171 1773 4239 sed
1803 4173 1859 4239 si
1900 4172 2155 4263 aliquid
2185 4171 2457 4239 additur
2487 4171 2662 4239 rela-

1103 4281 1246 4346 tivo
1285 4282 1506 4370 gratia
1565 4281 1757 4368 cujus
1801 4301 1938 4346 non
1993 4278 2383 4369 opponitur,
2420 4278 2482 4345 id
2516 4287 2663 4368 pot·

1101 4399 1198 4456 cst
1233 4413 1380 4458 esse
1425 4391 1764 4458 unitivum
1806 4398 1869 4456 ct
1903 4390 2092 4480 quasi
2144 4388 2452 4469 formale,
2487 4390 2660 4457 sicut

1101 4506 1202 4564 est
1258 4496 1491 4563 videre
1529 4520 1685 4563 cum
1726 4494 1904 4572 dico,
1957 4518 2157 4563 causa
2216 4495 2519 4563 formalis
2556 4499 2658 4565 :si

1101 4607 1283 4672 enim
1325 4604 1604 4672 attendo
1637 4605 1969 4672 rationem
2001 4604 2413 4673 causalitatis
2442 4616 2509 4673 et
2549 4630 2660 4673 ra-

1101 4715 1359 4782 tionem
1402 4713 1686 4796 causati,
1729 4721 1887 4779 sunt
1931 4714 2267 4802 opposita,
2311 4725 2372 4780 ct
2443 4738 2654 4781 unuin

1101 4845 1238 4891 non
1281 4829 1380 4889 est
1406 4822 1625 4889 forma
1664 4819 1976 4887 alterius:
2015 4822 2069 4886 si
2102 4829 2326 4887 autem
2378 4821 2654 4889 attendo

1099 4931 1438 4998 rationem
1507 4930 1743 4996 formae
1804 4950 2011 5021 quam
2051 4929 2242 5018 ponit
2282 4951 2484 4997 causa
2515 4930 2658 4997 for·

1100 5039 1299 5107 malis
1362 5061 1570 5128 supra
1602 5039 2051 5107 intentionem
2083 5038 2520 5119 causalitatis‚
2555 5047 2658 5107 est

1100 5145 1168 5212 id
1198 5145 1381 5236 quod
1416 5153 1516 5212 est
1542 5143 1902 5212 relativum
1936 5145 2302 5223 unitivum,
2337 5154 2403 5212 et
2437 5145 2653 5212 forma

1101 5253 1204 5318 sui
1247 5252 1632 5320 correlativi
1665 5251 1848 5342 quod
1889 5260 1989 5320 est
2018 5261 2395 5320 causatum.

1192 5362 1295 5426 An
1343 5383 1543 5427 Amen
1590 5360 1825 5428 eadem
1896 5370 1997 5428 est
2040 5360 2316 5437 soluti0,
2351 5360 2534 5451 quod
2574 5384 2656 5427 ex

1102 5477 1292 5557 parte
1343 5466 1459 5535 illa
1524 5491 1657 5559 qua
1708 5477 1809 5536 cst
1838 5469 2242 5558 principium
2279 5468 2658 5558 oppositio-

1104 5576 1235 5651 nis,
1278 5595 1420 5640 non
1452 5580 1552 5640 est
1593 5575 2000 5664 principium
2039 5597 2253 5642 nexus
2291 5583 2357 5643 ct
2394 5574 2652 5642 formae.

4184 334 4312 403 325
4397 384 4427 404 f

2818 561 2823 565 .
2895 509 2998 574 An
3046 531 3242 576 ,ιιιυυ
3290 508 3674 585 dicendum,
3738 505 3922 596 quod
3987 505 4116 574 hoc
4160 529 4319 574 ver·
4348 542 4417 586 Ad
4444 538 4673 600 quam.

2779 616 2941 683 bum
2975 616 3283 706 diliyurzt
3330 616 3489 682 dicit
3516 617 3891 693 notionem,
3924 613 4056 681 alio
4089 622 4319 682 tamen
4411 623 4481 666 Ad
4525 626 4563 670 ¹·

2738 763 2743 768 -
2781 725 2985 793 modo
3009 746 3212 815 quam
3252 723 3383 792 hoc
3417 723 3702 790 verbum
3724 724 3992 814 spirant
4015 745 4035 788 .·
4064 723 4222 811 quia
4252 722 4322 812 ly

2775 835 3047 922 spirant
3076 856 3214 900 non
3246 833 3404 900 dicit
3442 835 3571 900 nisi
3613 840 3836 909 actum
3875 831 4323 921 processionis

2778 939 3088 1008 absolute
3156 950 3223 1008 et
3287 942 3357 1008 in
3396 963 3491 1018 se,
3537 949 3602 1006 et
3640 938 3857 1029 gratia
3906 936 4085 1004 illius
4133 944 4323 1004 actus

2777 1045 3062 1114 verbum
3094 1070 3233 1114 non
3261 1056 3484 1136 potest
3525 1045 3951 1113 determinari
3996 1044 4318 1121 ablativ0,

2779 1153 2908 1220 nisi
2937 1155 3110 1222 sicut
3165 1154 3334 1221 dixit
3381 1153 3847 1228 TornacensiS,
3893 1152 3963 1217 in
4001 1150 4323 1240 designa-

2777 1263 3211 1353 tione‘signi:
3273 1262 3390 1330 sed
3430 1263 3499 1328 in
3528 1260 3659 1329 hoc
3699 1281 3906 1350 sensu
3946 1282 4084 1327 non
4115 1262 4323 1349 scrip·

2777 1376 3012 1436 serunt
3051 1366 3777 1455 Sancti—auctoritatem
3809 1365 4005 1433 istam
4042 1388 4058 1432 ε
4092 1364 4207 1431 sed
4254 1362 4325 1452 ly

2778 1475 3086 1567 diliqunt
3131 1498 3335 1565 super
3392 1484 3616 1543 actum
3658 1474 4108 1565 proc-essionis
4136 1472 4324 1539 addit

2777 1582 3059 1651 modum
3089 1583 3498 1673 procedendi
3531 1605 3663 1673 quo
3695 1581 3986 1670 Spiritus
4045 1587 4321 1648 sanctus

2776 1699 2852 1760 ut
2879 1714 3076 1761 amor
3104 1700 3171 1761 et
3200 1700 3272 1757 ut
3299 1691 3553 1758 donum
3581 1672 3914 1780 processit·
3931 1686 4038 1755 vel
4079 1709 4325 1778 proce-

2777 1799 2874 1867 dit
2907 1823 2923 1869 :
2959 1807 3026 1869 et
3053 1800 3208 1870 ideo
3235 1822 3390 1868 cum
3423 1799 3532 1867 hic
3568 1801 3657 1866 sit
3705 1797 4013 1890 quaedam
4072 1797 4317 1877 forma,

2774 1914 2849 1972 ut
2902 1913 3141 1995 postea
3200 1904 3476 1996 patebit,
3522 1904 3756 1993 recipit
3819 1902 4322 1984 determinatio·

2772 2034 2929 2080 nem
2990 2011 3264 2080 ablativi
3306 2012 3375 2078 in
3431 2010 3827 2078 habitudine
3859 2009 4050 2100 quasi
4083 2007 4316 2075 iormae

2770 2121 3150 2210 cujusdam.

2856 2229 2962 2296 An
3008 2250 3209 2298 Amen
3263 2227 3661 2306 dicendum,
3712 2224 3894 2317 quod
3931 2223 4000 2314 ly
4046 2225 4317 2316 princi-

2761 2339 2915 2429 piat
2954 2337 3077 2404 etsi
3135 2336 3313 2404 dicat
3378 2333 3685 2402 eamdem
3741 2332 4112 2410 notionem,
4173 2353 4313 2398 non

2765 2454 2996 2513 tamen
3036 2444 3196 2512 dicit
3224 2445 3351 2510 nisi
3402 2452 3477 2510 ut
3529 2453 3754 2510 actum
3795 2439 4242 2532 processionis
4272 2463 4312 2506 a

2765 2574 2928 2644 qu0,
2963 2560 3032 2620 et
3071 2574 3208 2619 nou
3240 2549 3577 2640 specificat
3617 2547 3922 2627 modum,
3957 2547 4129 2614 sicut
4155 2544 4311 2613 iacit

2762 2658 2832 2749 ly
2861 2657 3192 2747 diliqunt.

4423 2306 4503 2353 Aa
4532 2308 4573 2353 2.

2849 2896 2955 2960 An
3020 2915 3215 2960 amun
3280 2893 3424 2981 jam
3496 2896 3679 2979 patet
3734 2887 3982 2955 solutio
4036 2909 4154 2977 per
4194 2886 4303 2953 di·-
4330 2925 4411 2972 Ad
4436 2923 4662 2983 quum·

2761 3010 2891 3070 cta.

2847 3216 2952 3282 An
3002 3239 3065 3281 ιι)
3114 3212 3295 3304 quod
3350 3213 3674 3303 quaeritur
3727 3211 3808 3278 de
3867 3212 4297 3301 pronomine,
4331 3260 4633 3317 “quum-4

2760 3322 3121 3391 dicendum
3186 3321 3367 3411 quod
3436 3329 3795 3410 utrumque
3847 3341 3999 3385 meo
4041 3317 4302 3407 judicio

2760 3437 2859 3496 est
2916 3451 3182 3513 verum,
3225 3428 3475 3495 scilicet
3523 3434 3595 3493 ut
3623 3426 3710 3494 sit
3751 3427 4194 3515 reciprocum,
4237 3432 4304 3492 et

2764 3539 3303 3606 retransitionem
3346 3544 3611 3603 notans.
3658 3534 3737 3602 131
3776 3536 3830 3601 si
3871 3533 4132 3601 dicatur
4159 3556 4305 3601 esse

2760 3647 3208 3737 reciprocum,
3243 3645 3325 3712 ad
3371 3650 3847 3734 argumentum
3890 3642 4137 3709 sactum
4159 3642 4304 3731 jam

2761 3755 2916 3823 data
2954 3762 3052 3821 est
3083 3753 3430 3843 responsio
3475 3773 3489 3817 ε
3536 3750 3694 3840 qnia
3725 3748 3791 3841 ly
3821 3749 4130 3839 ditiqmet
4169 3772 4306 3815 non

2761 3862 2921 3929 dicit
2978 3860 3200 3928 solum
3270 3867 3492 3926 actum
3534 3857 3984 3924 distinctionis
4033 3864 4097 3923 et
4148 3878 4311 3945 pro-

2761 3970 3115 4049 cessioniS,
3158 3969 3295 4035 imo
3328 3966 3508 4033 addit
3546 3964 3851 4045 moduni,
3887 3973 3950 4031 ct
3997 3963 4105 4031 iile
4143 3987 4309 4030 cou-

2762 4078 2997 4146 cordat
3063 4075 3298 4143 soru‘nae
3356 4072 3461 4140 vel
3523 4073 3713 4164 quasi
3772 4068 4037 4138 cuidam
4071 4070 4308 4138 formae

2763 4207 2913 4277 quae
2944 4191 3044 4251 est
3086 4181 3152 4249 in
3184 4204 3264 4249 co
3296 4180 3523 4271 aliquo
3557 4178 3760 4245 modo
3791 4201 3828 4245 a
3881 4200 4015 4268 quo
4057 4185 4154 4245 est
4189 4199 4204 4244 :
4242 4186 4308 4244 ct

2762 4292 2893 4360 hoc
2933 4291 3183 4382 patebit
3221 4289 3287 4356 in
3321 4289 3450 4355 linc
3484 4286 3595 4355 ubi
3644 4286 3995 4354 solventur
4046 4286 4310 4374 objecta

2762 4400 2843 4468 de
2883 4396 3279 4467 habitudine
3323 4395 3624 4462 ablativi.
3662 4394 3735 4461 Si
3794 4403 4018 4461 autem
4060 4401 4156 4461 cst
4200 4416 4310 4460 re-

2762 4508 3115 4576 transitiva
3149 4528 3165 4573 ε
3199 4513 3358 4571 tunc
3387 4505 3628 4570 iterum
3659 4524 3816 4569 vera
3844 4510 3970 4584 cst,
4010 4501 4183 4568 sicut
4213 4500 4308 4567 di·

2759 4619 2852 4685 cit
2907 4615 3387 4704 Hieronymus.
3453 4611 3529 4678 Et
3579 4608 3875 4677 solutum
3944 4618 4037 4677 cst
4104 4631 4306 4699 supra

2760 4725 2947 4815 quod
2986 4721 3327 4812 objicitur,
3389 4718 3565 4809 quod
3620 4741 3704 4784 cx
3745 4716 3873 4785 hoc
3907 4740 4042 4785 nou
4074 4719 4308 4808 scqui-

2761 4841 2894 4909 tur,
2966 4830 3146 4921 quod
3211 4828 3408 4895 Pater
3472 4825 3724 4916 aliquid
3801 4826 4098 4915 recipiat,
4194 4824 4303 4892 vel

2761 4938 2945 5031 quod
2980 4937 3186 5005 Filius
3225 4935 3451 5026 aliquo
3484 4933 3803 5023 indigeat,
3846 4932 3964 5000 sed
4006 4931 4187 5023 quod
4218 4932 4304 5000 ab

2759 5050 2925 5139 ipsis
2955 5056 3056 5116 est
3075 5045 3344 5113 dilectio
3384 5066 3515 5133 qua
3538 5041 3951 5110 concordant
3994 5043 4061 5108 in
4091 5062 4307 5132 quan-

2760 5166 2906 5224 tum
2950 5176 3256 5246 personae
3289 5152 3615 5219 distinctae
3656 5158 3834 5217 sunt.

2852 5373 3033 5440 nene
3064 5379 3291 5439 autent
3341 5369 3637 5436 concedo
3677 5367 3858 5458 quod
3891 5366 4093 5434 l’atcr
4143 5365 4304 5434 dili-

2759 5484 2858 5574 git
2885 5504 2957 5549 se
2989 5479 3282 5570 Spiritus
3310 5483 3541 5543 sancto
3572 5472 3697 5541 sub
3713 5472 3843 5542 hoc
3865 5496 4066 5541 sensu
4098 5496 4303 5564 quem

2760 5612 2944 5683 pono
2984 5591 3054 5656 in
3105 5584 3313 5655 verbo
3352 5585 3469 5662 sic,
3522 5584 3583 5649 A
3632 5582 3831 5650 Patre
3870 5590 3971 5650 est
4003 5580 4300 5673 Spiritus

2761 5704 3035 5769 sanctus
3107 5718 3229 5787 per
3294 5693 3572 5762 modum
3622 5692 3897 5768 amoriS,
3940 5692 4055 5781 qui
4103 5713 4300 5758 amor

4335 5425 4413 5473 Ad
4427 5430 4597 5484 quent.
4616 5427 4659 5477 5.
