4897 6388
2394 329 2598 402 ORD.
2651 328 2949 404 PRAED.

2450 504 2585 583 —An
2625 525 2921 572 01:1⁸1th
2977 500 3365 585 dicendum,
3407 498 3589 595 quod
3617 482 3782 566 Tuon
3838 508 3937 565 est
4044 521 4112 566 Ad
4144 529 4169 565 ι

2393 612 2614 679 simile
2646 612 2726 680 de
2757 611 2957 681 Patre
2998 633 3013 680 ε
3060 618 3127 681 et
3167 609 3370 699 hujus
3400 608 3571 678 ratio
3621 607 3805 696 prius
3844 606 3940 673 di-

2394 727 2500 786 cta
2531 727 2631 787 est
2665 741 2680 788 ε
2725 721 2883 808 quia
2920 718 3290 808 principale
3328 716 3783 807 significatum
3822 739 3940 782 ac-

2394 833 2503 896 tus
2558 848 2696 893 non
2736 824 2941 894 habet
2996 828 3066 893 in
3131 827 3278 915 ipso
3338 824 3570 892 locum
3634 831 3938 914 respectu

2394 931 2679 1021 alicujus
2709 933 3067 1022 suppositi.

673 303 699 316 ”
736 330 866 395 418
1734 331 1818 398 D.
1869 332 2069 403 ALB.
2121 329 2340 400 MAG.

826 492 1156 569 Αυᾌιιύῠ
1186 502 1573 582 dicendum,
1609 502 1792 594 quod
1824 528 1962 572 non
2003 514 2104 572 est
2134 527 2288 572 mo-

736 606 862 673 dus
890 608 1017 676 iste
1046 612 1162 700 qui
1198 611 1506 700 respiciat
1546 612 1916 701 principale
1953 612 2288 701 significa-

735 725 878 783 tum
911 719 980 785 in
1009 718 1245 798 verb0,
1282 728 1355 784 ut
1383 720 1832 808 specificando
1876 722 2123 808 ipsum,
2168 719 2285 787 sed

733 826 958 912 potius
1015 824 1394 892 dirimendo
1454 849 1634 903 eum,
1674 835 1746 892 ut
1804 828 1871 891 in
1929 827 2282 915 supposito

729 934 845 1001 tali
887 936 1328 1024 significatur,
1367 945 1440 1002 ut
1469 937 1726 1003 dictum
1757 943 1879 1002 est.

477 529 545 575 Ad
571 536 613 578 3.

823 1674 910 1746 B.
953 1672 1137 1747 Non
1178 1675 1290 1743 est
1316 1669 1605 1742 mirum
1635 1667 1710 1741 si
1737 1665 2081 1763 Spiritus
2117 1673 2426 1746 sauctus
2482 1667 2788 1751 dicatur
2840 1667 3049 1748 micci
3083 1665 3211 1745 vel
3226 1681 3235 1689 '
3244 1669 3669 1767 procedere
3709 1695 3757 1746 a
3812 1694 3941 1748 se-

1561 1826 1736 1878 cum
1775 1801 2008 1875 eliam
2046 1800 2302 1877 Filius
2340 1803 2647 1879 dicacur-
2681 1802 2886 1877 mitti
2921 1827 2969 1878 a
2994 1827 3101 1878 se.

816 2246 930 2322 Ne
972 2253 1228 2320 autem
1277 2235 1856 2338 titire1·is,·quod
1897 2234 2229 2336 Spiritus
2258 2248 2573 2313 sanctus
2614 2236 2892 2313 dicitur
2922 2238 3116 2343 mitti
3156 2239 3278 2316 vel
3303 2243 3720 2340 procedere
3745 2269 3787 2319 a
3819 2268 3926 2321 sc.

715 2381 912 2457 Nam
953 2389 1028 2455 et
1067 2378 1162 2453 de
1194 2375 1384 2451 Filio
1427 2373 1610 2448 dicit
1646 2371 2128 2474 Augustinus
2161 2370 2238 2445 in
2280 2371 2475 2447 libro
2509 2374 2575 2446 11
2617 2373 2710 2448 de
2756 2372 3157 2470 Trinitate,
3184 2374 3390 2473 quod
3432 2400 3585 2451 non
3631 2388 3926 2455 tantuin

715 2539 764 2592 a
801 2515 1030 2602 Patre
1071 2510 1359 2589 missus
1396 2518 1541 2602 est,
1586 2507 1721 2584 sed
1761 2505 1993 2588 etiam
2026 2528 2074 2594 e
2101 2504 2358 2605 seipso
2398 2519 2474 2587 et
2503 2531 2550 2584 a
2587 2507 2878 2607 Spiritu
2920 2519 3187 2596 sancto
3213 2509 3230 2543 ¹
3269 2534 3287 2587 ε
3324 2534 3716 2612 quierem,
3752 2538 3935 2613 quo·

717 2646 944 2722 modo
985 2644 1228 2720 Filius
1269 2642 1387 2716 vel
1433 2638 1770 2738 Spiritus
1808 2650 2123 2714 sanctus
2161 2637 2262 2714 sit
2302 2639 2614 2736 missus,
2658 2664 2837 2716 cum
2880 2651 3204 2742 uterque
3261 2642 3360 2719 sit
3401 2644 3691 2744 ubique
3737 2656 3934 2722 tam-

712 2804 949 2879 quam
994 2777 1267 2854 Deus?
1305 2775 1504 2851 Nem
1549 2783 1902 2872 uterque,
1946 2772 2200 2873 inquit
2244 2769 2754 2873 Augustinus,
2807 2777 3090 2875 legitur
3130 2778 3442 2855 missus.
3487 2779 3599 2855 De
3641 2781 3927 2881 Spiritu

709 2923 977 2993 sancto
1009 2913 1215 2991 enim
1261 2910 1571 3011 legitur,
1620 2906 1859 3000 Quem
1893 2908 2141 2984 mittet
2166 2908 2408 2986 Pater
2436 2910 2518 2985 in
2559 2912 2874 2988 nomine
2902 2937 3072 2989 meo
3101 2910 3148 2987 ⁸.
3187 2915 3280 2989 Et
3312 2913 3619 3011 iterum,
3668 2916 3771 2991 Se'
3794 2915 3933 2992 ab·

709 3051 897 3138 iero,
924 3048 1227 3126 mittam
1259 3069 1434 3123 eum
1476 3044 1582 3124 ad
1614 3027 1824 3132 vos'.
1873 3045 1964 3121 Et
1991 3042 2232 3128 Filius
2269 3042 2365 3120 de
2404 3068 2490 3122 se
2520 3044 2704 3120 dicit
2737 3070 2755 3121 ε
2808 3046 3064 3144 Exivi
3096 3073 3146 3126 a
3198 3047 3464 3137 Patre,
3493 3056 3570 3127 et
3613 3051 3796 3128 veni
3843 3051 3923 3126 in

709 3182 1085 3260 mundum
1126 3182 1175 3258 ⁴.
1223 3182 1316 3258 Et
1342 3180 1762 3280 Apostolus
1797 3177 2025 3255 dicit:
2052 3177 2281 3256 Misit
2304 3178 2522 3256 Deus
2542 3179 2837 3257 Filium
2884 3208 3114 3259 sunm
3145 3181 3193 3259 ⁸.
3229 3184 3316 3260 ln
3362 3185 3749 3287 Propheta
3777 3212 3922 3266 au-

709 3329 858 3394 tem
894 3317 1264 3417 scriptum
1306 3324 1425 3391 est
1489 3338 1581 3391 ex
1623 3336 1956 3414 persona
2015 3311 2185 3409 Dei,
2251 3313 2551 3391 Coelum
2583 3321 2659 3391 et
2692 3323 2977 3394 terram
3030 3342 3168 3417 eqo
3221 3319 3506 3420 impleo
3533 3339 3586 3395 ⁸.
3658 3322 3921 3421 ltaque

706 3451 994 3556 ubique
1035 3451 1246 3527 Deus
1284 3460 1427 3545 est,
1474 3448 1765 3547 ubique
1792 3472 1976 3548 ergo
2007 3457 2124 3527 est
2163 3446 2429 3539 Filius,
2477 3449 2764 3552 ubique
2796 3450 3027 3530 etiam
3058 3462 3175 3531 est
3203 3454 3541 3556 Spiritus
3571 3467 3913 3535 sanctus.

706 3587 896 3666 Illuc
935 3609 1122 3683 ergo
1153 3584 1442 3662 missus
1470 3591 1589 3661 est
1616 3582 1674 3659 F
1677 3580 1858 3659 ilius
1896 3591 1970 3659 et
2012 3580 2346 3683 Spiritus
2378 3595 2694 3671 sanctus
2723 3585 2856 3664 ubi
2887 3597 3079 3664 erat.

2360 4051 2447 4120 de
2492 4048 2789 4120 declarat
2825 4052 3070 4121 modos
3102 4074 3242 4121 suas
3290 4055 3665 4136 missionis,
3698 4057 3816 4135 ibi,
3852 4057 3908 4142 1,

2361 4184 2396 4223 ι
2429 4158 2562 4227 llic
2604 4159 2962 4249 queritur,
3036 4161 3281 4228 Utrum
3342 4162 3554 4229 semel
3608 4171 3908 4245 tanetum,

2358 4275 2489 4335 etc.
2525 4295 2559 4330 n

2456 4374 2685 4444 Prima
2733 4373 3188 4444 subdividitur
3236 4377 3308 4444 in
3358 4386 3492 4446 tres
3539 4389 3787 4471 partes.
3833 4381 3907 4450 ln

2356 4479 2577 4570 prima
2607 4479 2927 4560 ostendit,
2980 4481 3164 4573 quod
3203 4483 3382 4552 mitti
3431 4484 3652 4555 Deum
3683 4509 3723 4555 e
3764 4486 3906 4557 Deo

2356 4597 2459 4656 est
2487 4587 2830 4679 possibile.
2863 4587 2943 4656 ln
2983 4589 3281 4658 secunde
3338 4615 3461 4684 per
3495 4594 3705 4664 verbe
3734 4597 3907 4664 Am·

2356 4695 2567 4765 brosii
2596 4705 2664 4765 et
2708 4697 3103 4786 Augustini,
3143 4700 3439 4770 ostendit
3481 4701 3729 4772 Filium
3759 4728 3906 4774 esse

1193 4292 1433 4339 mvtsto
1477 4290 1750 4337 ‘11st.

793 4599 1048 4668 Deinde
1075 4599 1403 4689 quaeritur
1438 4596 1523 4664 de
1560 4593 1856 4664 secunda
1892 4600 2080 4683 parte
2099 4610 2249 4680 qum

698 4709 930 4798 incipit
980 4705 1100 4785 ibi,
1161 4730 1196 4769 ι
1239 4706 1342 4773 Ne
1402 4714 1636 4771 autem
1675 4701 1973 4774 mireris,
2032 4704 2161 4765 etc.
2208 4719 2244 4761 ι

693 4815 904 4882 Totus
949 4815 1132 4882 enim
1193 4820 1516 4880 tractatus
1563 4810 1646 4876 de
1715 4806 2039 4875 missione
2094 4803 2245 4871 Filii
2356 4804 2641 4872 missum
2688 4825 2728 4871 e
2778 4802 3036 4892 Spiritu
3093 4814 3355 4885 sancto,
3428 4807 3547 4885 ibi.
3597 4808 3688 4895 1),
3734 4837 3769 4876 ι
3813 4814 3908 4881 E!

698 4922 1062 5004 inducitur,
1113 4930 1189 4988 ut
1239 4919 1567 5011 probetur
1636 4915 1870 4984 missio
1951 4913 2247 5003 Spiritus

694 5031 934 5099 suncti.

785 5137 1126 5207 Dividitur
1151 5144 1378 5203 autem
1412 5136 1483 5203 in
1512 5132 1682 5201 duas
1712 5137 1959 5221 par-tes.
1997 5125 2068 5195 ln
2101 5125 2247 5217 pri-

694 5269 804 5314 rna
836 5245 1130 5314 ostendit
1162 5245 1314 5338 quis
1345 5243 1530 5310 misit
1576 5240 1844 5309 Filium.
1881 5238 1955 5304 ln
1996 5257 2245 5305 secun-

760 5519 777 5554 ¹
811 5516 873 5575 S.
904 5519 1277 5585 AucusnxuS,
1312 5512 1438 5571 Lib.
1470 5513 1520 5585 11
1570 5511 1643 5568 de
1698 5509 2007 5591 Trinitate,
2046 5524 2156 5583 cap
2184 5509 2239 5565 5.

756 5606 780 5642 ²
807 5606 976 5663 Joan.
1011 5621 1130 5672 xiv,
1171 5607 1259 5660 26.

761 5694 789 5731 ⁸
813 5698 983 5782 ὄρεα.
1015 5710 1136 5763 xvi.
1166 5698 1220 5749 7.

2354 4911 2546 5003 quod
2568 4936 2612 4979 α
2632 4913 2904 5003 Spiritu
2929 4922 3166 4980 sancto
3210 4915 3443 4984 Filius
3488 4919 3741 4988 missus
3782 4922 3898 4997 sit.

2353 5030 2481 5087 etc.
2533 5045 2566 5084 ι
2603 5017 2677 5085 ln
2721 5018 2916 5099 tertia
2935 5019 3258 5098 ostendit,
3318 5023 3501 5113 quod
3524 5025 3731 5093 etiarn
3762 5052 3802 5095 a
3828 5051 3901 5097 se

2355 5129 2606 5195 missus
2636 5135 2762 5208 est,
2796 5124 2915 5208 ibi,
2938 5124 3019 5207 E.
3056 5153 3091 5193 ι
3131 5128 3402 5198 Deinde
3427 5134 3722 5202 ostendi!
3768 5160 3903 5205 esse

2353 5237 2598 5306 datum
2626 5239 2835 5305 eliam
2864 5259 2909 5304 a
2943 5237 3191 5329 seipso,
3233 5248 3362 5310 etc.
3408 5266 3443 5305 n

2422 5505 2446 5541 δ
2475 5506 2644 5563 Joan.
2674 5479 2790 5573 xiii,
2816 5506 2904 5562 28.

2418 5593 2446 5631 ⁸
2472 5593 2561 5652 Ad
2590 5594 2879 5665 Galat.1v‚
2900 5597 2953 5652 4.

2418 5683 2446 5725 ⁸
2471 5685 2689 5745 Jerem.
2720 5701 2880 5754 xxm,
2911 5688 3003 5745 ¹⁴.
