4897 6388
592 440 929 549 Ι,ἰαιι

596 742 599 753 ’
672 808 699 845 ,ι
786 783 866 831 Λα
890 786 933 828 2.

1877 282 1970 349 IN
2017 281 2047 349 1
2098 282 2526 372 SENTENT.
2583 281 2809 392 msjr.
2862 284 2914 362 1,
2948 283 3056 396 a,
3107 245 3310 349 ΛΒΤ.
3365 285 3430 350 3.
3595 258 3598 259 *
3792 331 3846 385 ⁶„

1138 453 1485 521 DmENoUM
1551 472 1711 540 ergo
1753 450 1839 518 ad
1873 454 2209 543 primum,
2233 455 2416 546 quod
2445 455 2600 519 Au-

1047 563 1360 651 gustinus
1397 560 1610 650 tangit
1642 559 2020 651 subjectum
2058 562 2431 633 secundum
2474 583 2600 651 ge-

1045 668 1349 737 neralem
1368 670 1832 758 acceptionem
1853 672 2176 762 ipsius‚ut
2195 669 2450 737 dictum
2469 674 2593 734 est.

1129 774 1235 839 Ao
1263 796 1461 841 amun
1491 774 1872 854 dicendum,
1903 777 2083 867 quod
2106 798 2310 865 opera
2342 783 2597 843 restau-

980 967 989 975 ο
1042 880 1324 948 rationis
1361 881 1547 975 large
1592 893 1954 952 sumuntur
1998 882 2082 950 ab
2121 882 2438 973 Hugone,
2484 905 2599 951 se·-

1044 986 1344 1057 cundum
1404 992 1586 1082 quod
1624 990 2187 1059 restaurationem
2253 992 2599 1082 attingunt

1043 1118 1479 1189 quocumque
1519 1098 1748 1176 mode,
1782 1098 2058 1178 scilicet,
2099 1108 2174 1167 ut
2205 1107 2599 1168 restauran-

1042 1206 1137 1271 tia
1157 1204 1488 1284 effective,
1525 1208 1698 1274 sicut
1718 1207 1901 1275 Deus
1921 1208 2219 1276 Trinitas
2252 1230 2267 1277 :
2303 1208 2446 1274 sive
2476 1229 2600 1296 per

1044 1312 1327 1380 modum
1361 1312 1779 1396 mediatoris,
1812 1316 1985 1383 sicut
2020 1314 2327 1383 Verbum
2367 1315 2600 1381 incar-

963 1439 970 1445 ·
1044 1426 1280 1486 natum
1312 1425 1379 1486 et
1407 1441 1683 1509 passum
1721 1443 1736 1490 ε
1782 1423 1924 1489 sive
1965 1444 2088 1512 per
2135 1420 2416 1488 modum
2457 1419 2598 1487 dis-

719 1850 986 1901 Adanu.

1041 1527 1475 1615 ponentium,
1509 1530 1682 1595 sicut
1726 1527 2118 1595 differentias
2166 1528 2537 1618 gratiarum
2575 1546 2593 1595 ε

998 1720 1001 1723 .
1045 1631 1188 1699 sive
1223 1655 1349 1723 per
1396 1634 1677 1702 modum
1708 1634 2234 1714 ostendentium,
2275 1633 2451 1702 sicut
2502 1633 2600 1699 si-

1046 1760 1184 1828 gna
1209 1742 1457 1808 veteris
1486 1750 1551 1808 et
1596 1763 1792 1808 novae
1822 1740 2012 1832 legis.

1130 1847 1236 1913 An
1272 1870 1470 1915 amm>
1499 1847 1884 1927 dicendum,
1928 1847 2111 1938 quod
2156 1845 2270 1914 illa
2300 1845 2597 1936 objectio

1044 1950 1218 2021 bene
1283 1953 1588 2045 procedit
1623 1952 1706 2021 de
1752 1953 2057 2044 subJecto
2112 1952 2598 2044 specialissime

1045 2060 1252 2140 dicto,
1297 2070 1373 2129 ut
1400 2071 1584 2153 patet
1612 2085 1696 2130 ex
1723 2063 1911 2153 prius
1941 2061 2211 2130 habitis.
2249 2060 2379 2129 Per
2402 2059 2597 2137 idem

1043 2170 1251 2237 etiam
1280 2178 1465 2260 patet
1493 2169 1740 2238 solutio
1771 2171 1858 2239 ad
1894 2192 2205 2261 sequens·

1135 2278 1239 2345 An
1280 2300 1576 2346 mmmm
1636 2278 2023 2357 dicendum,
2075 2277 2260 2370 quod
2306 2275 2596 2345 litterale

1044 2394 1111 2453 et
1149 2385 1499 2477 spirituale
1551 2409 1690 2455 uon
1756 2394 2046 2479 tangunt
2117 2385 2182 2454 id
2252 2385 2435 2477 quod
2493 2395 2597 2455 est

1042 2496 1422 2587 subjectum
1466 2500 1533 2566 in
1565 2498 1693 2567 hac
1720 2500 2024 2582 scientia,
2055 2498 2174 2567 sed
2192 2499 2419 2589 potius
2451 2521 2599 2568 mo·

1041 2602 1206 2672 dum
1272 2604 1637 2697 quemdam
1692 2606 2133 2696 expositionis
2186 2605 2420 2695 ipsius,
2480 2628 2596 2675 se-

1042 2711 1344 2780 cundum
1385 2713 1568 2805 quod
1598 2715 1741 2804 ipsa
1793 2722 1895 2783 est
1930 2712 2256 2790 doctrina,
2291 2719 2365 2779 ut
2418 2711 2596 2779 infra

1045 2818 1330 2888 dicetur.
1484 2826 1489 2833 ’

1481 3239 1981 3311 ARTICULUS
2033 3241 2092 3307 ll
2102 3240 2150 3310 1.

1164 3459 1272 3527 An
1306 3456 1673 3546 Theoloye'a
1709 3458 1802 3525 sit
1849 3480 1989 3526 uua
2021 3457 2329 3538 scientia,
2365 3457 2474 3526 vel

1674 3565 1915 3657 plures
1937 3568 1974 3633 ?

1134 3882 1451 3952 Secundo
1536 3885 1886 3974 quaeritur‚
1957 3885 2198 3955 Utrum
2292 3889 2440 3979 ipsa
2505 3889 2595 3958 sit

1041 3991 1323 4059 scientia
1394 3991 1583 4058 una?
1645 3991 1732 4060 Et
1784 3992 2077 4074 videtur,
2145 3994 2328 4087 quod
2394 4018 2536 4065 non
2571 4017 2590 4067 t

1047 4097 1207 4188 quia

1140 4208 1198 4274 1.
1244 4205 1421 4274 Dicit
1460 4205 1946 4301 Philosophus,
1977 4210 2160 4301 quod
2184 4210 2463 4280 scientia
2492 4220 2596 4280 est

1042 4335 1204 4395 una,
1275 4336 1431 4405 quae
1469 4324 1569 4384 est
1627 4316 1828 4384 unius
1866 4317 2132 4408 generis
2178 4317 2462 4407 subjecti
2509 4314 2528 4350 ¹
2572 4342 2589 4388 ε

1045 4419 1161 4489 sed
1191 4442 1298 4489 res
1338 4429 1404 4490 et
1432 4423 1626 4514 signa
1685 4446 1824 4492 non
1862 4433 2023 4494 sunt
2083 4426 2287 4494 unius
2321 4427 2595 4518 generis

1047 4527 1329 4617 subjecti
1376 4550 1394 4597 z
1436 4551 1598 4620 ergo
1664 4552 1805 4599 non
1869 4540 1972 4600 est
2006 4531 2088 4601 de
2153 4533 2251 4602 eis
2312 4535 2597 4604 scientia

1051 4657 1209 4703 una.

1137 4747 1202 4813 2.
1248 4743 1445 4824 Item,
1479 4746 1724 4836 Agitur
1762 4746 1830 4814 in
1870 4746 1997 4816 hac
2032 4749 2308 4817 scientia
2340 4748 2422 4819 de
2454 4752 2596 4821 vita

1052 4851 1627 4935 patriarcharum,
1662 4853 1743 4923 de
1799 4861 1979 4922 statu
2030 4855 2478 4948 Angelorum,
2514 4858 2598 4929 de

1053 4962 1395 5029 creatione
1433 4963 1892 5030 universitatis
1929 4985 2181 5047 rerum,
2215 4974 2281 5035 et
2318 4966 2400 5034 de
2444 4990 2603 5039 mo-

1054 5064 1335 5147 ralibus,
1366 5075 1435 5136 et
1463 5066 1544 5135 de
1576 5067 1847 5147 divinis,
1882 5090 2031 5159 quae
2068 5093 2108 5138 a
2160 5070 2603 5166 philosophis

1056 5174 1125 5241 in
1164 5173 1453 5244 diversis
1494 5177 1789 5244 scientiis
1819 5183 2190 5246 tractantur
2223 5200 2239 5246 ε
2291 5203 2455 5273 ergo
2490 5182 2604 5251 vi-

1057 5280 1277 5364 detur,
1312 5282 1497 5373 quod
1526 5281 1670 5352 haec
1698 5286 1979 5354 scientia
2014 5308 2154 5355 non
2183 5287 2266 5356 sit
2323 5291 2607 5359 scientia

1061 5413 1222 5459 una.

1137 5625 1154 5660 ¹
1183 5625 1573 5696 Amsrorsuzs,
1597 5624 1622 5681 1
1650 5625 1875 5683 Foster.
1906 5631 2020 5685 tex.
2050 5628 2140 5686 43.

1344 5756 1457 5796 xxv

4180 281 4261 346 17

2797 454 2860 519 3.
2897 450 3264 529 Praeterea‚
3333 450 3508 518 Dicit
3545 439 4028 541 Philosophus,
4081 449 4264 540 quod

2707 565 2807 623 est
2834 545 3120 624 scientia
3152 581 3316 641 una,
3379 579 3531 648 quae
3588 555 3974 645 speculatur
4013 580 4130 624 ens
4195 559 4259 622 in

2705 674 3039 755 quantum
3081 689 3227 746 ens,
3298 675 3366 734 et
3430 688 3513 734 ea
3569 687 3724 756 quae
3764 675 3922 733 sunt
3985 666 4156 733 entis
4197 666 4265 731 in

2705 781 3039 863 quantum
3101 797 3222 841 ens
3262 780 3413 842 est:
3468 782 3534 840 et
3574 772 3722 839 haec
3773 794 3913 839 non
3975 781 4076 840 est
4128 795 4266 839 una

2704 883 3142 950 scientiarum
3183 883 3720 974 particuliarum,
3756 880 3873 949 sed
3904 889 4002 949 est
4047 883 4269 949 scien-

2704 990 2800 1055 tia
2829 989 3242 1058 universalis
3314 1013 3329 1056 ε
3393 990 3604 1081 igitur
3673 1012 3831 1056 cum
3864 1012 3967 1056 res
4022 999 4089 1057 et
4147 1011 4267 1056 ens

2703 1105 3217 1175 convertantur,
3291 1099 3574 1174 scientia
3652 1097 4087 1165 considerans
4161 1119 4264 1164 res

2709 1205 2778 1269 in
2847 1212 3181 1294 quantum
3242 1226 3375 1281 reS‚
3419 1211 3486 1271 et
3552 1226 3631 1271 ea
3688 1226 3838 1295 quae
3902 1213 4060 1271 sunt
4130 1206 4262 1283 rei,

2703 1334 2844 1379 non
2912 1313 3039 1378 erit
3090 1333 3228 1379 una
3302 1311 3583 1380 scientia
3650 1311 4095 1401 particularis,
4149 1310 4265 1378 sed

2705 1420 3137 1488 universalis,
3192 1419 3359 1487 lude
3395 1421 3494 1487 sic
3563 1442 3579 1487 ε
3627 1418 3926 1487 Scientia
3989 1422 4267 1487 univer-

2705 1525 2865 1593 salis
2894 1525 3053 1594 licet
3090 1549 3233 1595 non
3264 1528 3541 1595 uniatur
3570 1549 3819 1618 genere
3842 1550 4002 1608 uno,
4037 1528 4268 1595 unitur

2703 1638 2937 1698 tamen
2957 1632 3405 1721 proportione
3443 1630 3527 1699 ad
3559 1653 3803 1711 unum,
3837 1631 4009 1700 sicut
4046 1634 4266 1723 prima

2705 1737 3158 1828 Philosophia
3214 1762 3370 1830 quae
3402 1739 3784 1808 considerat
3812 1749 4036 1829 partes
4064 1742 4262 1819 entiS,

2706 1845 3083 1913 secundum
3161 1846 3349 1936 quod
3429 1869 3552 1938 per
3611 1844 3996 1937 analogiam
4062 1848 4269 1938 respi-

2705 1955 2896 2022 ciunt
2944 1954 3399 2023 substantiam
3442 1974 3462 2023 ε
3516 1977 3679 2046 ergo
3745 1954 4011 2024 videtur
4082 1956 4267 2047 quod

2703 2062 2801 2129 sic
2831 2060 3073 2131 debeat
3112 2062 3335 2132 facere
3373 2062 3504 2131 ista
3540 2063 3825 2131 scientia
3857 2088 3874 2132 ε
3919 2064 4035 2132 sed
4083 2072 4267 2154 patet

2705 2170 2889 2259 quod
2921 2172 3019 2240 sic
3065 2171 3154 2239 ad
3193 2194 3410 2240 unum
3479 2194 3619 2240 non
3687 2180 3973 2263 possunt
4035 2171 4263 2241 reduci

2702 2301 2859 2369 quae
2900 2288 3309 2371 quaeruntur
3355 2290 3422 2350 et
3465 2288 3840 2350 tractantur
3884 2283 3954 2350 in
3994 2306 4073 2351 ea
4104 2305 4122 2350 τ
4157 2306 4264 2351 er-

2705 2412 2794 2481 go
2843 2388 3140 2471 videtur,
3174 2388 3363 2481 quod
3408 2412 3535 2459 nec
3579 2412 3856 2482 genere,
3924 2414 4048 2459 nec
4114 2415 4269 2484 pro-

2702 2498 3017 2588 portione
3061 2499 3150 2567 sit
3188 2522 3330 2567 una
3388 2522 3405 2567 ε
3460 2500 3554 2568 ita
3600 2497 3793 2567 nullo
3851 2498 4057 2568 modo
4129 2523 4267 2569 una

2700 2613 2829 2673 est.

2795 2815 3110 2885 Somno.
3155 2816 3540 2886 Dicendum
3640 2826 3770 2898 est,
3866 2818 4051 2910 quod
4115 2820 4262 2889 haec
4343 2852 4547 2903 sonatio.

2701 2923 2986 2993 scientia
3059 2947 3198 2992 una
3269 2932 3374 2995 est
3442 2926 3886 3017 proportione
3957 2950 4098 2996 non
4176 2929 4264 2997 ad

2702 3055 2918 3101 unum
2950 3032 3137 3124 quod
3166 3030 3550 3124 subjectum
3590 3035 3679 3103 sit
3736 3033 4051 3115 aliorum,
4094 3038 4266 3106 sicut

2701 3139 3085 3209 substantia
3152 3140 3541 3232 subjectum
3581 3150 3681 3211 est
3758 3141 4255 3214 accidentium:

2701 3248 2821 3317 sed
2850 3248 3299 3340 proportione
3328 3249 3416 3317 ad
3444 3272 3662 3318 unum
3702 3252 3887 3341 quod
3952 3262 4051 3321 est
4112 3252 4265 3322 linis

2701 3353 3103 3425 beatificans
3146 3379 3164 3424 ε
3210 3356 3374 3447 quia
3413 3358 3511 3425 sic
3553 3356 3997 3428 beatificabile
4033 3362 4266 3429 consi-

2703 3462 3054 3534 derabitur
3082 3474 3157 3534 ut
3186 3466 3607 3558 participans
3646 3466 3840 3548 illud,
3872 3477 3940 3538 et
3977 3469 4264 3562 disposi-

2706 3575 2927 3643 tiones
2994 3572 3466 3644 beatificantes
3565 3583 3640 3643 ut
3728 3588 4157 3647 removentes
4221 3605 4260 3648 a

2703 3682 3047 3753 contrario
3090 3704 3108 3751 z
3144 3690 3215 3751 et
3257 3705 3365 3751 res
3402 3681 3608 3772 hujus
3657 3684 3894 3755 mundi
3954 3695 4023 3754 ut
4063 3686 4264 3779 adju-

2700 3797 2941 3858 vantes
2979 3796 3045 3857 et
3080 3788 3652 3858 adminiculantes
3688 3801 3805 3862 :ut
3843 3791 4040 3883 plane
4080 3802 4261 3885 patet

2703 3897 2774 3964 in
2822 3897 3086 3965 Littera
3115 3917 3201 3964 ex
3229 3896 3748 3968 auctoritatibus
3775 3900 4168 3993 Augustini.

2791 4003 2896 4071 An
2934 4025 3198 4071 ramum
3247 4003 3640 4085 dicendum,
3692 4006 3878 4097 quod
3922 4006 4076 4077 licet
4133 4019 4262 4078 tra·

2701 4118 2881 4179 ctata
2920 4111 2989 4177 in
3019 4108 3151 4179 hac
3187 4112 3471 4179 scientia
3510 4134 3651 4180 non
3678 4115 3817 4182 sint
3841 4137 4055 4184 unum
4104 4140 4263 4208 sup-

2701 4217 2925 4309 posito
2956 4224 3022 4285 et
3060 4216 3396 4307 subJ'ecto‚
3464 4227 3623 4287 sunt
3651 4228 3883 4291 tamen
3945 4246 4158 4293 unum
4190 4229 4258 4294 in

2704 4326 2967 4394 ratione
3023 4327 3495 4418 proportionis
3533 4327 3754 4400 dictae.

2794 4436 2900 4505 Au
2935 4457 3136 4504 amun
3176 4434 3566 4514 dicendum,
3621 4439 3802 4529 quod
3865 4463 3972 4510 res
4027 4450 4264 4512 creatae

2705 4543 2776 4613 in
2860 4544 3150 4628 mundo,
3215 4554 3284 4615 et
3345 4547 3486 4615 vita
3559 4547 4132 4630 Patriarcharum,
4201 4562 4269 4622 et

2712 4646 3146 4739 hujusmodi,
3208 4673 3350 4720 non
3417 4651 3936 4724 considerantur
3990 4657 4059 4724 in
4148 4656 4274 4727 hac

2710 4757 2996 4824 scientia
3025 4756 3408 4826 secundum
3439 4782 3539 4838 se,
3572 4759 3693 4828 sed
3757 4763 4130 4832 secundum
4173 4788 4276 4834 ra·

2709 4864 2967 4933 tionem
3035 4864 3624 4937 determinatam:
3687 4870 3744 4937 si
3803 4873 3985 4940 enim
4060 4875 4279 4942 consi-

2709 4972 2977 5042 deraret
3031 4970 3179 5041 haec
3226 4974 3512 5044 scientia
3555 4974 3894 5047 elementa
3945 4981 4178 5049 mundi
4212 4993 4279 5051 et

2714 5079 3150 5162 elementata,
3168 5080 3446 5151 deberet
3462 5082 3807 5175 inquirere
3828 5085 3911 5155 de
3931 5088 4280 5180 principiis

2713 5189 3062 5257 actionum
3105 5198 3172 5258 et
3212 5187 3612 5280 passionum
3645 5194 3979 5285 ipsorum,
4023 5205 4089 5265 et
4144 5220 4283 5267 cae-

2711 5305 2893 5366 teras
2949 5299 3404 5388 proprietates
3492 5324 3641 5391 quae
3718 5303 4155 5394 inquiruntur
4211 5308 4279 5373 in

2717 5403 3009 5472 naturali
3045 5402 3518 5497 Philosophia.
3557 5405 3694 5476 Sed
3716 5410 3957 5501 accipit
3976 5433 4053 5480 ea
4082 5422 4280 5504 prout

3989 5755 4021 5807 2

4379 4027 4457 4077 Ad
4488 4030 4527 4079 Ι.

4385 4468 4531 4516 Adt-
