4897 6388
2031 338 2123 404 IN
2175 338 2200 403 1
2252 333 2959 418 SENTENT.„DIST.
3013 333 3135 419 IX,
3187 336 3299 403 K..
4008 407 4025 436 ·.
4144 324 4271 424 2537

1067 508 1442 599 spiritualis
1517 507 1719 573 unius
1801 504 2258 595 intelligentiae
2332 504 2399 569 in
2476 524 2612 570 uno
2704 545 2707 550 -
2811 502 3064 569 Omnes
3101 503 3282 568 enim
3340 502 3551 569 sancti
3607 499 3925 567 Doctores
3999 496 4271 565 scrutati

1061 615 1358 707 Angelo,
1439 616 1813 704 applicatur
1895 612 2079 680 radio
2146 611 2606 702 intelligentiae
2722 619 2881 677 sunt
2919 610 3242 701 mysteria
3266 609 3611 675 Trinitatis
3660 613 3726 674 et
3764 605 4262 684 discusserunt:

1062 718 1654 810 Angelialterius:
1692 725 1754 784 et
1805 715 1935 784 hoc
1967 716 2170 784 modo
2229 717 2430 784 etiam
2490 738 2617 806 ap-
2723 739 2885 808 ergo
2932 716 3201 784 videtur
3265 712 3447 802 quod
3514 736 3752 782 omnes
3790 718 4264 803 peccaverunt.

1064 825 1409 916 plicantur
1476 824 1834 892 animabus
1899 825 1968 892 in
2015 824 2448 893 revelatione.
2510 823 2617 891 Ex
2757 824 2762 829 ’
2807 828 2914 893 Αι)
2946 848 3071 893 noc
3095 822 3642 915 respondendum
3663 828 3764 888 est
3782 842 3904 911 per
3930 816 4064 887 hoc
4085 816 4270 907 quod
4349 836 4546 882 somno.

1069 936 1204 1004 hoc
1233 935 1442 1002 etiam
1480 943 1688 1026 patet,
1750 936 1933 1026 quod
1986 958 2110 1003 nec
2164 936 2615 1004 communitas
2723 934 2885 1002 dicit
2914 932 3301 1001 Bernardus
3322 953 3526 1020 super
3558 929 3841 998 Cantica
3860 926 3886 1012 ‚¹
3919 949 3935 994 :
3976 925 4270 1015 Spiritus
4534 929 4539 934 ’

1073 1038 1454 1107 formarum
1484 1039 1768 1132 impedit
1803 1039 2241 1118 intellectum,
2298 1062 2456 1107 cum
2487 1040 2618 1107 for·
2724 1051 3063 1111 serutatur
3092 1063 3230 1110 non
3273 1039 3496 1108 solum
3534 1038 3909 1107 hominum¹
3944 1033 4151 1114 corda
4208 1041 4299 1116 et.

1070 1171 1184 1217 ma
1213 1172 1485 1241 semper
1512 1172 1635 1241 per
1664 1149 2104 1218 directionem
2152 1149 2233 1217 ad
2294 1171 2434 1217 rem
2495 1148 2618 1217 de-
2729 1173 2945 1229 reneS‚
2980 1149 3095 1219 sed
3121 1150 3324 1218 etiam
3371 1145 3710 1239 profunda
3747 1143 3873 1212 Dei
3912 1149 3975 1210 ²:
4030 1150 4097 1210 et
4132 1142 4274 1226 sive

1064 1259 1524 1326 terminetur:
1556 1279 1682 1325 nee
1719 1258 1923 1325 etiam
1950 1256 2375 1348 decipiuntur
2400 1258 2620 1348 aequi-
2726 1259 2814 1327 ad
2864 1267 3119 1340 nostra,
3180 1259 3321 1326 sive
3379 1255 3462 1325 ad
3503 1254 3638 1323 alia
3688 1273 3966 1322 securus
4025 1271 4279 1341 sequor

1062 1365 1282 1446 vociS‚
1317 1373 1385 1433 et
1411 1362 2015 1458 amphibologicis:
2052 1366 2210 1456 quia
2249 1388 2353 1433 res
2391 1365 2621 1433 deter-
2728 1389 2884 1435 eum
2924 1387 3359 1458 quocumque
3386 1365 3540 1433 ierit
3582 1385 3600 1433 ι
3633 1369 3901 1430 tantum
3930 1367 4010 1427 ut
4053 1365 4297 1426 custo-⁷

1068 1471 1332 1568 minata
1370 1470 1667 1540 excludit
1696 1473 1927 1540 omnia
1955 1470 2094 1539 illa.
2728 1477 2867 1544 diat
2885 1474 3090 1544 corda
3110 1482 3364 1559 nostra,
3389 1481 3457 1540 et
3475 1470 3956 1561 intelligentias
3977 1473 4271 1549 nostras,

2728 1607 2812 1653 ne
2851 1584 3022 1652 sorte
3073 1605 3230 1650 cum
3278 1603 3419 1648 non
3480 1579 3720 1663 aderit,
3789 1575 4034 1651 adesse,
4073 1581 4274 1665 pute·

2729 1715 2907 1778 muS,
2968 1698 3410 1780 nostrumque
3464 1709 3586 1778 pro
3651 1686 3799 1777 ipso
3888 1705 4276 1780 sequemur

2728 1824 3004 1870 sensum
3045 1800 3419 1868 deviantes,
3456 1796 3652 1866 Unde
3682 1801 4060 1888 scrutantes
4092 1782 4277 1860 scru-

1454 1912 1961 1984 ARTICULUS
2009 1914 2233 1983 xvn.
2536 1949 2537 1952 ¹
2729 1911 2899 1980 tinia
2960 1933 3085 1979 suo
3161 1931 3389 1990 sensu,
3454 1907 3523 1976 vi
3577 1904 3894 1975 ‘rationis
3936 1900 4292 1980 ‚volentes

2524 2051 2525 2054 ¹
2727 2021 2955 2113 potius
3057 2021 3548 2109 interrumpere
3652 2015 3725 2082 in
3798 2020 4089 2083 secreta·
4149 2008 4276 2079 Dei

1157 2127 1268 2194 An
1300 2127 1457 2195 licet
1484 2130 1783 2196 scrutari
1807 2150 2102 2219 superna
2132 2130 2457 2218 mysteria
2492 2129 2533 2197 ?
2729 2151 2935 2219 quam
3010 2149 3131 2217 per
3206 2126 3586 2195 doctrinam
3684 2122 3964 2214 spiritus
4053 2120 4275 2186 intro·
4338 2194 4343 2199 ,

2727 2235 2907 2315 duci,
2942 2235 3052 2304 hio
3081 2232 3689 2327 reprehenduntur,
3742 2230 3916 2301 sicut
3970 2225 4275 2297 infideles

2726 2343 2844 2435 qui
2875 2342 3202 2410 terminos
3258 2337 3706 2409 articulorum
3754 2336 3910 2406 fidei
3947 2356 4088 2404 non
4148 2355 4280 2401 cu·-

1148 2446 1415 2516 Deinde
1474 2450 1805 2541 quaeritur
1871 2449 1951 2518 de
1991 2448 2123 2518 hoc
2177 2450 2362 2542 quod
2403 2451 2615 2522 dicit:
2725 2451 3028 2521 stodiunt
3072 2473 3088 2519 ε
3143 2472 3283 2519 non
3374 2457 3605 2518 autem
3686 2442 4275 2537 reprehenduntur

1066 2578 1102 2618 ι
1144 2553 1469 2623 Scrutare·
1505 2577 1642 2623 non
1698 2556 1854 2624 licet
1906 2579 2202 2649 superna
2261 2560 2615 2648 mysteria,
2726 2561 3077 2630 studentes
3106 2569 3173 2629 et
3211 2560 3628 2650 inquirentes
3655 2578 3814 2624 cum
3861 2556 4134 2646 pietate.

1060 2669 1192 2729 ete.
1249 2685 1283 2726 ι

1164 3224 1258 3298 Κ.
1315 3222 1590 3300 Utrum
1625 3220 1894 3298 debeat
1928 3220 2111 3314 dici,
2151 3245 2457 3322 semper
2477 3224 2847 3323 qiqnitur,
2876 3222 3006 3300 vel
3036 3246 3347 3322 semper
3377 3224 3681 3323 penitus
3712 3230 3824 3300 est
3847 3221 4106 3299 Filius
4131 3221 4180 3299 ?

1171 3560 1318 3636 llic
1358 3561 1605 3660 qumri
1648 3572 1922 3661 potest,
1953 3565 2140 3638 Cum
2173 3565 2569 3660 generatio
2600 3566 2769 3641 Filii
2804 3591 2847 3641 a
2883 3568 3108 3642 Patre
3141 3589 3284 3642 nec
3316 3566 3778 3665 principium
3824 3564 4104 3642 habeat
4131 3588 4276 3641 nec

1068 3691 1334 3783 sunem,
1376 3695 1563 3795 quia
1602 3706 1892 3772 (eterna
1954 3708 2094 3793 est,
2142 3709 2394 3775 utrum
2437 3700 2715 3777 debeat
2786 3700 2967 3796 dici,
3039 3701 3280 3775 Filius
3338 3723 3648 3799 semper
3719 3699 4092 3798 gignitur,
4149 3702 4272 3775 vel

1059 3848 1375 3927 semper
1416 3828 1728 3925 genitus
1758 3841 1900 3924 est,
1943 3831 2062 3905 vel
2095 3854 2400 3931 semper
2437 3831 2829 3931 gignetur.
2903 3834 3014 3908 De
3092 3835 3247 3924 hoc,
3312 3828 3731 3930 Gregorius
3791 3854 4032 3933 super
4090 3830 4271 3921 Job,

1063 3962 1173 4037 ait
1206 3986 1224 4038 ε
1271 3962 1655 4039 Dominus
1683 3964 1894 4040 Deus
1928 3967 2154 4041 Jesus
2182 3966 2256 4041 in
2298 3990 2391 4044 eo
2431 3969 2639 4067 quod
2679 3970 2930 4046 virtus
2960 3980 3035 4047 et
3073 3967 3453 4068 sapientia
3507 3967 3648 4043 Dei
3707 3979 3849 4061 est,
3902 3967 3996 4043 de
4046 3968 4275 4043 Patre

1064 4106 1246 4172 ante
1279 4107 1627 4198 tempora
1666 4110 1895 4174 natus
1933 4102 2091 4177 est'
2125 4126 2143 4177 :
2179 4103 2300 4178 vel
2344 4104 2601 4202 potius
2629 4104 2816 4203 quia
2854 4128 2997 4181 nec
3038 4104 3271 4203 coepit
3300 4103 3543 4198 nasci,
3580 4125 3722 4178 nec
3759 4102 4014 4197 desiit,
4059 4102 4275 4178 dica-

1068 4255 1244 4307 mus
1271 4233 1565 4328 verius»,
1609 4259 1915 4335 semper
1953 4248 2180 4311 natus
2224 4261 2242 4313 :
2280 4262 2430 4313 non
2476 4249 2733 4315 autem
2779 4263 3193 4339 possumus
3223 4240 3503 4333 dicere,
3538 4260 3845 4338 semper
3896 4237 4268 4333 nascitur,

1063 4391 1162 4444 ne
1206 4368 1702 4468 imperfectus
1732 4394 1900 4447 esse
1942 4372 2314 4449 videatur.
2350 4379 2446 4450 At
2483 4398 2667 4449 vero
2711 4386 2793 4452 ut
2823 4388 3164 4452 {eternus
3203 4373 3591 4473 designari
3622 4373 3875 4450 valeat
3913 4383 3988 4449 et
4018 4374 4272 4473 perfe-

1068 4514 1267 4595 ctus,
1313 4513 1389 4579 et
1415 4528 1720 4604 semper
1746 4506 2118 4602 dicamuS,
2162 4520 2237 4585 et
2268 4517 2518 4605 natus,
2564 4522 2953 4609 quatenus
2994 4523 3069 4588 et
3098 4519 3323 4587 uatus
3360 4510 3455 4587 ad
3487 4508 4067 4609 perfectionem·
4093 4532 4271 4608 per-

1067 4640 1335 4727 tineat,
1380 4651 1456 4715 et
1483 4664 1786 4740 semper
1813 4643 1905 4716 ad
1940 4644 2441 4721 {eternitatem
2490 4646 2901 4744 :quamvis
2931 4670 3066 4745 per
3106 4648 3250 4721 hoc
3292 4647 3541 4745 ipsum
3585 4643 3793 4744 quod
3843 4643 4263 4743 perfectum

1066 4774 1431 4871 dicimus»,
1469 4778 1791 4852 multum
1826 4778 1922 4853 ab
1955 4777 2159 4855 illius
2197 4780 2542 4887 veritatis
2572 4781 3070 4880 expressione
3124 4781 3525 4857 deviamus
3568 4805 3585 4857 :
3658 4782 3841 4879 quia
3900 4780 4103 4879 quod
4176 4780 4276 4853 fa·

1066 4920 1277 4987 ctum
1314 4936 1466 4987 non
1511 4923 1650 5001 est,
1690 4938 1840 4987 non
1887 4924 2131 5013 potest
2181 4914 2331 4990 dici
2365 4915 2674 5016 proprie
2715 4917 3170 5016 perfectum,
3213 4916 3347 4992 sed
3398 4915 3897 4993 balbutiendo
3968 4926 4049 4991 ut
4105 4940 4277 5015 pos·

1073 5070 1377 5143 sumuS,
1422 5050 1726 5126 excelsa
1755 5050 1890 5126 Dei
1935 5073 2410 5126 resonemus.
2448 5052 2543 5125 Et
2572 5050 2954 5125 Dominus
2986 5059 3270 5125 nostrae
3304 5049 3772 5126 infirmitatis
3802 5050 4060 5126 verbis
4100 5073 4275 5126 con·

1072 5183 1581 5282 descendens,
1615 5188 1910 5282 Estote,
1946 5186 2220 5285 inquit,
2245 5185 2607 5286 perfecti,
2639 5187 2841 5260 sicut
2877 5195 2951 5261 et
2984 5186 3229 5262 Pater
3255 5194 3501 5262 vester
3528 5184 3854 5262 coeleslis
3882 5186 4276 5286 perfectus

1133 5507 1151 5542 ¹
1188 5510 1243 5567 S.
1271 5513 1624 5579 Bnnmnncs,
1658 5512 1846 5583 Super
1888 5511 2150 5578 Cantica,
2184 5513 2371 5569 Serm.
2406 5516 2494 5570 Π.

1133 5605 1201 5663 ²1
1231 5605 1306 5664 ad
1336 5605 1600 5662 Corinth.
1635 5620 1695 5669 n,
1731 5607 1835 5659 ¹0:
1864 5605 2171 5676 Spiritus...
2203 5607 2390 5661 omnia
2417 5612 2723 5675 scrutatur,
2754 5608 2921 5663 eliam
2972 5605 3257 5676 protunda
3302 5608 3418 5663 Dei.

1125 5701 1149 5737 ¹
1179 5697 1237 5754 S.
1260 5697 1591 5754 Gntoomrs.
1628 5694 1748 5750 Lib.
1781 5693 1956 5750 xxu·
1990 5710 2169 5767 super
2190 5694 2319 5752 Job.
2468 5701 2482 5712 ’
