4897 6388
694 373 836 441 <196

1195 885 1431 930 mvlSlo
1487 884 1751 928 TEthYS.

792 1214 825 1249 «
865 1189 1201 1255 Proeterecz
1224 1188 1441 1277 quaeri
1513 1187 1706 1269 solet,
1760 1189 2005 1254 Istrum
2027 1190 2240 1253 Pater

694 1297 1009 1383 {senuerit
1048 1295 1332 1376 Filium,
1367 1302 1490 1361 etc.
1535 1322 1563 1356 n

787 1403 915 1471 llic
948 1405 1182 1492 incipit
1213 1402 1508 1470 secunda
1547 1426 1699 1493 pars
1747 1403 1939 1469 istius
1988 1409 2240 1469 tracta·-

698 1518 806 1578 tus
836 1510 920 1579 de
958 1512 1398 1601 generatione
1428 1508 1599 1590 Filii,
1646 1511 1717 1577 in
1756 1533 1888 1601 qua
1921 1510 2240 1600 quaeritnr

697 1616 778 1684 de
797 1620 1101 1706 potentia
1123 1618 1491 1686 inclinante
1517 1617 1601 1685 ad
1626 1619 2132 1709 generationem
2158 1641 2236 1685 ex

695 1733 883 1814 parte
914 1726 1327 1815 generantiS,
1392 1724 1632 1792 Utrum
1682 1725 1797 1792 illa
1862 1726 1948 1792 sit
2004 1747 2238 1792 neces-

693 1833 880 1911 sitaS‚
915 1832 1025 1900 vel
1065 1833 1407 1911 volunta5‚
1468 1832 1573 1900 vel
1615 1835 1908 1900 natura?
1973 1831 2239 1899 Dividi-

692 1950 805 2009 tur
835 1949 1063 2009 autem
1095 1945 1161 2009 in
1184 1942 1352 2009 duas
1384 1951 1604 2031 patres
1632 1965 1647 2011 :
1684 1943 1752 2008 in
1785 1965 2071 2033 quarum
2104 1943 2237 2033 pri-

693 2070 806 2115 ma
834 2051 1060 2139 agitur
1084 2050 1165 2116 de
1196 2050 1495 2139 potentia
1529 2049 1895 2117 inclinante
1931 2051 1997 2116 in
2038 2048 2235 2117 Patre

694 2157 779 2224 ad
808 2159 1298 2247 generandum.
1338 2157 1471 2225 Sed
1501 2160 1661 2249 quia
1693 2161 1760 2225 in
1806 2158 2234 2225 inferioribus

683 2266 991 2353 potentia
1047 2264 1419 2356 generandi
1479 2273 1579 2333 cst
1631 2266 1700 2332 in
1781 2265 1918 2332 tilio
1976 2267 2228 2356 genite,

683 2371 858 2440 sicut
897 2373 966 2439 in
1005 2380 1237 2463 patre:
1287 2373 1436 2440 ideo
1479 2373 1803 2463 quaeritur
1833 2374 1901 2439 in
1939 2372 2234 2440 secunda

678 2487 899 2568 patre,
976 2480 1221 2548 Utrum
1303 2478 1692 2567 hujusmodi
1765 2481 1969 2549 etiam
2018 2481 2108 2549 sit
2162 2482 2231 2547 in

675 2585 904 2654 Filio?
954 2596 1020 2657 et
1075 2586 1217 2656 haec
1257 2579 1600 2678 incipit‘in
1641 2590 1949 2679 sequenti
1991 2589 2228 2658 distin-

674 2694 901 2762 ctione
932 2693 1084 2774 Vn,
1123 2696 1376 2764 scilicet
1417 2694 1531 2777 ihi,
1580 2725 1616 2760 κ
1659 2699 1789 2765 llic
1812 2697 1984 2764 solet
2015 2699 2231 2788 quaeri

683 2826 727 2870 α
761 2803 1205 2894 quibusdam,
1242 2814 1368 2873 etc.
1416 2831 1450 2868 n

775 2909 1006 2980 Prima
1038 2912 1363 2980 dividitur
1392 2912 1460 2979 in
1499 2922 1655 2982 tres,
1696 2911 1768 2980 ln
1817 2915 2035 3004 prima
2077 2937 2229 2982 mo-

675 3027 789 3087 vet
822 3022 1274 3110 quaestionem
1307 3020 1648 3114 Magister,
1681 3032 1746 3090 et
1770 3022 1970 3090 solvit
1994 3046 2112 3114 per
2134 3025 2229 3091 in-

678 3131 1201 3220 teremptionem
1227 3130 1525 3221 utrisque
1549 3131 1779 3222 partis.
1810 3130 1882 3199 ln
1905 3131 2221 3212 secunda,

681 3235 1000 3325 objicitur
1029 3248 1263 3304 contra
1286 3238 1691 3308 solutionem
1723 3261 1737 3306 ε
1766 3249 1825 3307 et
1849 3239 2076 3317 solvit,
2106 3240 2223 3320 ibi,

684 3344 766 3423 B,
805 3372 837 3407 α
883 3346 1024 3414 Sed
1047 3357 1284 3415 contra
1321 3347 1445 3414 Ιιοι·
1473 3349 1863 3439 opponilur,
1909 3358 2034 3417 etc.
2078 3377 2109 3410 ο
2152 3349 2225 3416 ln

686 3453 909 3533 tertia,
955 3454 1124 3521 redit
1166 3453 1248 3520 ad
1297 3464 1552 3543 partem
1606 3479 1809 3546 quam
1866 3456 2227 3526 intereme-

688 3566 813 3636 rat,
849 3570 913 3628 et
944 3561 1149 3629 solvit
1189 3584 1337 3629 eam
1378 3561 1502 3629 sub
1540 3562 1674 3631 alio
1713 3586 1940 3642 sensu,
1978 3564 2095 3647 ibi,
2144 3563 2220 3650 C,

694 3699 724 3734 ιι
757 3671 1096 3741 Praedicta
1131 3684 1357 3740 tamen
1391 3675 1611 3751 verba,
1646 3684 1774 3744 etc.
1820 3706 1849 3736 υ

769 3778 846 3847 ln
887 3783 1106 3869 prima
1146 3780 1390 3849 harum
1424 3782 1749 3850 sacittria.
1778 3781 2010 3850 Primo
2043 3785 2221 3851 enim

682 3888 873 3978 ponit
916 3890 1367 3980 quaestionem
1400 3887 1687 3958 haeretici
1714 3889 1841 3957 sub
1867 3891 2218 3959 divisione.

680 3994 1025 4079 Secundo,
1099 3997 1423 4064 interimit
1499 4007 1858 4089 utramque
1964 4009 2222 4089 partem

675 4102 1030 4187 divsionis,
1067 4104 1183 4180 ibi,
1221 4133 1252 4165 «
1289 4104 1423 4172 Nec
1456 4105 1824 4184 voluntale,
1863 4131 1981 4173 uec
2011 4131 2227 4175 ncces·

673 4210 897 4282 silete.
938 4237 970 4276 ι
1010 4210 1081 4278 ln
1113 4213 1331 4294 tertio,
1367 4214 1556 4301 ponit
1582 4215 1970 4281 instantiam
1990 4224 2221 4282 contra

675 4317 1083 4387 divisionem
1157 4318 1473 4398 lia-retici,
1537 4319 1653 4398 ibi,
1702 4350 1733 4383 «
1778 4324 1990 4389 Acule
2060 4345 2223 4388 sane

675 4426 989 4515 quidam.
1023 4455 1051 4487 υ

1154 4761 1656 4831 An'rlct'mfs
1699 4759 1750 4829 l.

665 4978 771 5042 An
799 4979 990 5045 Deus
1023 4978 1337 5067 yenuere‘t
1368 4978 1628 5044 Filium
1661 5002 1746 5043 ω·
1805 4978 2212 5054 necessilate,

1178 5094 1243 5151 et
1289 5083 1648 5152 voluntale
1695 5083 1734 5151 Σ)

763 5406 1008 5476 Incidit
1041 5417 1268 5476 autem
1307 5409 1413 5478 hic
1454 5412 1740 5502 quoestio
1773 5409 1852 5478 de
1886 5410 2013 5477 ista
2042 5410 2217 5477 divi-

667 5538 862 5583 sione
890 5538 906 5584 ε

745 5754 760 5787 ¹
795 5751 1083 5820 Cs.1nfra,
1119 5753 1260 5809 Dist.
1294 5754 1388 5810 IX.

1687 374 1768 442 D.
1821 373 2017 440 ALB.
2070 371 2286 441 MAG.
2339 369 2545 437 onn.
2600 369 2893 454 PnAEn.

2452 544 2512 607 1.
2535 529 2818 608 Videtur
2838 548 3092 624 autem,
3129 539 3316 630 quod
3354 539 3749 607 necessitate
3795 536 3904 604 Fi-

2356 648 2523 713 lium
2545 650 2890 737 genuerit:
2920 647 3104 737 quod
3134 648 3318 715 enim
3341 645 3762 738 impossibile
3795 654 3897 713 est

2358 776 2493 820 non
2517 776 2684 837 esse,
2730 775 2999 821 necesse
3021 763 3123 821 est
3152 776 3299 822 esse
3329 777 3343 821 :
3389 754 3608 822 Deum
3642 752 3893 820 habere

2358 860 2602 927 Filium
2652 860 3070 950 impossibile
3130 869 3231 927 est
3281 884 3420 928 non
3480 886 3669 929 esse:
3736 883 3899 951 ergo

2357 992 2627 1037 necesse
2660 977 2949 1038 estesse.

2443 1079 2508 1156 2,
2543 1076 2736 1156 Item,
2789 1075 3136 1167 Quidquid
3165 1075 3354 1144 nulla
3390 1088 3580 1166 parte
3610 1099 3733 1144 sua
3798 1085 3901 1144 est

2353 1189 2751 1276 contingens
2782 1195 2848 1253 et
2884 1185 3230 1275 possibile,
3275 1186 3499 1276 ipsum
3541 1188 3608 1252 in
3651 1194 3794 1253 toto
3827 1184 3897 1252 in

2353 1297 2641 1362 essentia
2681 1303 2745 1362 et
2780 1303 2933 1362 actu
2991 1302 3093 1362 est
3129 1316 3440 1363 necesse:
3476 1293 3661 1362 Deus
3697 1292 3899 1362 Pater

2352 1407 2419 1472 in
2451 1405 2637 1472 nullo
2687 1404 3041 1493 subjicitur
3086 1405 3508 1494 contingenti
3551 1413 3618 1471 et
3681 1404 3900 1494 possi-

2350 1512 2508 1579 bili:
2545 1535 2705 1604 ergo
2747 1513 2813 1578 in
2855 1520 2997 1580 toto
3029 1519 3130 1579 est
3180 1533 3452 1579 necesse
3488 1532 3503 1577 ε
3549 1533 3710 1601 ergo
3750 1512 3897 1601 ipse

2350 1631 2450 1689 est
2477 1618 2929 1688 necessarium
2966 1618 3376 1710 principium
3429 1619 3890 1709 generationis

2350 1728 2524 1796 Filii.

2431 1843 2493 1908 3.
2525 1841 2718 1920 Item,
2745 1839 2927 1909 Idem
2969 1847 3070 1908 est
3107 1861 3307 1929 posse
3330 1843 3395 1905 et
3417 1859 3564 1906 esse
3593 1838 3664 1904 in
3694 1846 3890 1907 aeter-

2347 1950 2490 2016 nis:
2526 1928 2643 2016 sed
2669 1946 3125 2016 necessarium
3163 1954 3267 2014 est
3301 1944 3526 2014 Deum
3559 1969 3757 2036 posse
3778 1948 3890 2037 gi-

2345 2081 2550 2150 gnere
2591 2057 2836 2125 Filium
2883 2079 2899 2125 ε
2943 2078 3108 2148 ergo
3155 2077 3433 2124 necesse
3500 2063 3603 2123 est
3661 2054 3885 2123 Deum

2344 2167 2657 2257 genuisse
2685 2162 2975 2233 Filium:
3023 2172 3089 2231 et
3130 2162 3308 2230 idem
3349 2171 3452 2230 est
3499 2161 3569 2228 in
3618 2162 3887 2230 aeternis

2341 2275 2654 2365 genuisse
2693 2283 2759 2342 et
2785 2293 3110 2364 generare
3137 2294 3152 2339 :
3179 2293 3342 2361 ergo
3362 2271 3549 2338 Deus
3579 2269 3782 2338 Pater
3806 2269 3889 2338 de

2338 2382 2736 2449 necessitate
2774 2387 3055 2472 generat
3081 2378 3190 2446 vel
3206 2379 3562 2469 generavit
3604 2376 3882 2444 Filium.

2428 2491 2494 2557 4.
2559 2490 2924 2566 Praeterea,
2961 2486 3432 2576 Omnipotenti
3533 2484 3887 2553 detrahere

2340 2599 2712 2665 maximum
2757 2618 2958 2687 posse
2999 2602 3102 2663 est
3155 2593 3582 2684 impossibile
3617 2616 3633 2661 :
3672 2593 3889 2660 maxi·
3964 2671 3975 2681 ¹

2340 2727 2526 2773 mum
2602 2712 2829 2772 autem
2885 2725 3083 2794 posse
3131 2708 3234 2769 est
3288 2723 3616 2791 generare
3675 2698 3884 2767 talem

2337 2812 2621 2880 alterum
2662 2809 2882 2902 qualis
2911 2811 3055 2900 ipse
3093 2817 3429 2899 esttergo
3495 2806 3628 2875 hoc
3685 2826 3884 2897 posse

2338 2919 2753 3012 impossibile
2774 2927 2876 2988 est
2903 2915 3258 2986 detrahere
3279 2939 3315 2984 a
3340 2915 3487 2984 Deo
3527 2937 3741 3006 :ergo
3772 2936 3886 2982 ne·

2335 3050 2517 3095 cesse
2547 3036 2646 3095 est
2676 3047 2926 3117 ponere
2958 3025 3027 3092 in
3059 3024 3246 3115 ipso:
3282 3046 3448 3115 ergo
3472 3045 3555 3092 ex
3580 3021 3878 3090 necessi·

2335 3142 2469 3202 tate
2530 3135 2766 3225 genuit
2829 3130 3106 3199 Filium.

2435 3244 2708 3325 5.ltem,
2747 3240 3006 3308 Natura
3037 3239 3370 3307 existente
3408 3237 3881 3305 communica-

2335 3350 2475 3427 bili,
2513 3359 2576 3418 et
2615 3348 2783 3416 nihil
2814 3347 3218 3439 prohibente
3271 3367 3422 3413 eam
3483 3345 3878 3412 communi-

2334 3461 2495 3542 cari,
2547 3457 2963 3550 impossibile
3018 3465 3122 3525 est
3187 3454 3426 3524 tollere
3481 3455 3879 3522 communi·

2334 3570 2670 3636 cntionem
2710 3566 2812 3633 sui
2841 3588 2857 3635 ε
2892 3564 3009 3633 sed
3039 3572 3283 3632 natura
3314 3562 3544 3631 divina
3575 3584 3885 3629 commu·

2335 3674 2638 3743 nicabilis
2668 3682 2791 3751 est,
2837 3680 2897 3741 et
2927 3669 3096 3739 nihil
3148 3669 3462 3761 prohibet
3499 3670 3884 3737 communi-

2332 3784 2662 3851 cationem
2692 3780 2861 3861 lieri,
2886 3788 3188 3870 utsupra
3210 3776 3466 3846 dictum
3498 3785 3599 3845 est
3630 3785 3695 3845 et
3726 3799 3882 3868 pro·

2332 3892 2563 3959 batum
2603 3899 2742 3958 est:
2780 3912 2942 3980 ergo
2986 3872 3404 3979 impossibile
3441 3895 3540 3954 est
3572 3909 3709 3954 non
3733 3884 3877 3953 lieri

2331 4001 3019 4068 communicationem
3047 4018 3061 4064 :
3088 4019 3251 4088 ergo
3280 4017 3555 4064 necesse
3583 3995 3705 4062 suit
3752 4016 3880 4085 ge-

2331 4132 2564 4176 nerare
2606 4106 2900 4174 Filium:
2946 4103 3109 4196 qnia
3174 4125 3295 4194 per
3364 4101 3876 4193 generationem

2333 4222 2403 4286 tit
2434 4228 2689 4286 naturae
2730 4211 3290 4284 communicatio,

2419 4332 2482 4392 (ἰ.
2530 4324 2724 4401 Item,
2795 4321 2971 4390 Dicit
3014 4315 3501 4408 Philosophus,
3558 4315 3743 4407 quod
3800 4337 3881 4385 ea

2331 4455 2478 4523 qnae
2511 4433 2724 4498 liunt:
2761 4438 2875 4497 aut
2903 4449 3198 4517 semper,
3242 4425 3417 4493 sicut
3466 4423 3876 4503 necessaria,

2334 4547 2448 4605 aut
2487 4537 2893 4627 frequenter,
2929 4542 3047 4602 aut
3109 4554 3311 4600 raro:
3374 4529 3491 4598 scd
3544 4528 3881 4596 naturalia

2329 4649 2495 4714 liunt
2534 4668 2825 4735 semper,
2878 4651 2997 4710 aut
3023 4640 3433 4731 frequenter,
3478 4637 3596 4706 sed
3650 4639 3717 4704 in
3759 4658 3880 4703 ne-

2327 4756 2629 4824 cessariis
2684 4755 2854 4819 tiunt
2891 4771 3200 4841 semper:
3257 4745 3431 4815 infra
3482 4753 3710 4812 autem
3753 4742 3882 4811 ha-

2327 4863 2594 4932 bebitur
2624 4865 2672 4946 ¹,
2705 4861 2886 4953 quod
2952 4861 3142 4928 Deus
3178 4856 3380 4924 Pater
3453 4876 3721 4943 semper
3765 4875 3881 4942 ge-

2327 4975 2474 5041 nnit
2506 4971 2749 5039 Filium
2787 4994 2802 5039 ε
2848 4993 3010 5061 ergo
3043 4964 3428 5036 necessario
3473 4962 3716 5053 genuit
3770 4958 3880 5026 Fi·

2325 5081 2518 5150 lium.

2412 5191 2475 5256 7.
2513 5187 2706 5267 Item,
2750 5187 3123 5278 Dionysius
3157 5186 3224 5251 in
3257 5182 3434 5251 libro
3467 5181 3547 5250 de
3608 5180 3880 5249 Divinis

2323 5295 2746 5365 nonzinibus:
2782 5293 2987 5362 Solus
3016 5294 3168 5361 tons
3198 5286 3878 5382 supersubstantialis

2324 5406 2606 5475 Deitatis
2637 5412 2738 5472 est
2780 5403 3008 5486 Pater,
3065 5423 3190 5468 nec
3230 5398 3446 5467 Filius
3489 5405 3590 5466 est
3647 5395 3872 5473 Pater,

2322 5538 2444 5583 nec
2479 5514 2678 5581 Pater
2721 5509 2956 5591 Filius,
3015 5506 3558 5578 custodientibus
3596 5503 3876 5596 hymnis
