4897 6388
271 1509 354 1558 Aa
378 1509 420 1555 8.

282 1912 362 1959 Ad
389 1916 432 1960 4.

283 3980 356 4026 Ad
380 3979 427 4030 ὅ.

532 314 661 403 2ιρ

529 589 722 657 nullo
756 591 1072 683 indigens
1115 595 1299 716 quod
1327 603 1518 663 extra
1556 618 1627 663 se
1678 572 2079 689 quaeratur:

529 707 595 764 et
624 710 986 821 propterea
1017 703 1181 791 quia
1209 712 1313 771 est
1341 703 1593 792 ubique
1641 726 1655 770 :
1700 712 1767 770 et
1811 711 2087 792 propte-

535 826 644 871 rea
675 807 836 896 quia
866 813 968 873 est
1004 791 1377 908 spiritualis
1411 830 1425 876 ι
1466 816 1533 875 et
1560 807 1929 899 spiritualis
1960 831 2091 875 na-

532 920 685 978 tura
744 915 1028 1002 omnino
1097 914 1392 1004 simplex
1451 937 1572 1004 per
1647 938 1717 983 se
1786 914 2090 1012 localiter

536 1040 698 1086 mov
704 1021 802 1086 eri
842 1041 982 1085 non
1022 1029 1271 1109 potest.
1312 1020 1408 1089 De
1449 1029 1638 1119 motu
1671 1030 1899 1091 autem
1942 1023 2090 1088 An-

532 1123 843 1214 gelorum
887 1124 1047 1220 alibi
1088 1125 1296 1196 habet
1337 1119 1612 1219 quaeri:
1610 1131 1801 1224 quia
1853 1130 2090 1224 Ange-

535 1233 641 1310 lus
669 1257 795 1302 nec
835 1237 1118 1305 omnino
1160 1238 1471 1330 simplex
1492 1248 1617 1318 est,
1652 1262 1776 1307 nec
1808 1241 2090 1326 omnino

539 1342 935 1431 spiritualiS,
980 1354 1052 1412 ut
1082 1345 1247 1414 dicit
1286 1346 1678 1437 Gregorius.
1756 1413 1765 1446 Σ

631 1451 737 1517 An
801 1474 1000 1519 Amne
1060 1452 1450 1536 dicendum,
1496 1454 1710 1549 quod
1797 1441 2093 1550 Spiritus

542 1566 817 1628 sanctus
875 1568 942 1628 et
994 1562 1384 1654 sapientia
1394 1529 1713 1630 dicuntur
1760 1562 2087 1658 mobileS,

542 1689 680 1734 non
718 1669 792 1733 in
822 1690 919 1745 se,
962 1668 1083 1736 sed
1130 1672 1390 1768 ratione
1447 1669 1809 1764 effectuum
1850 1679 1918 1739 et
1964 1670 2092 1738 do-

539 1797 813 1844 norum.
1376 1837 1383 1846 .
1886 1841 1893 1848 .

626 1884 731 1950 An
769 1906 965 1951 Anum
997 1853 1387 1965 dicendum,
1421 1857 1605 1977 quod
1644 1886 1821 1954 aliud
1865 1841 1985 1954 est
2011 1886 2093 1954 de

541 1991 824 2081 artifice,
868 2000 937 2061 et
972 1991 1161 2060 aliud
1191 1993 1272 2061 de
1334 1994 1556 2067 ¹:Deo
1613 1957 1879 2088 artifex
1896 1996 2093 2065 enim

542 2096 703 2165 licet
741 2097 916 2167 rorte
945 2122 1086 2167 uno
1117 2101 1325 2169 modo
1354 2125 1426 2171 se
1465 2081 1766 2192 habeat
1751 2128 1818 2171 ιιι
1840 2075 2095 2184 habitu

543 2204 632 2273 ad
687 2213 899 2273 totam
970 2206 1284 2292 domum,
1342 2217 1602 2278 tamen
1629 2210 1978 2305 voluntate
2034 2221 2099 2279 et

546 2311 1091 2404 apprehensione
1157 2316 1519 2387 accedente
1558 2319 1678 2398 ‚ad
1732 2342 1930 2412 opuS,
1962 2342 2103 2387 non

552 2444 691 2489 uno
749 2422 958 2491 modo
1013 2446 1087 2494 se
1152 2423 1361 2495 habet
1413 2426 1501 2496 ad
1534 2435 1762 2518 partes
1811 2428 2039 2521 ‚operis
2081 2449 2099 2494 ε

551 2531 716 2622 quia
745 2530 952 2600 modo
985 2533 1460 2624 apprehendit,
1530 2544 1627 2604 et,
1663 2535 1811 2604 vult
1872 2536 2110 2604 runda-

554 2647 811 2722 menta‚
845 2647 914 2707 et
939 2650 1169 2730 partes
1227 2643 1424 2732 ejus:
1478 2651 1549 2724 et
1598 2653 1838 2734 postea
1904 2645 1976 2713 in
2031 2666 2110 2712 ea

552 2744 1100 2836 apprehensione
1129 2770 1215 2842 ea
1248 2771 1403 2841 quaa
1442 2748 1811 2841 exiguntur
1844 2751 1933 2820 ad
1984 2773 2112 2842 pa-

555 2852 795 2922 rietem
871 2846 961 2923 et'
996 2863 1274 2923 tectum.
1348 2855 1487 2926 Sed
1547 2879 1689 2926 non
1752 2867 1854 2927 est
1893 2858 1987 2925 ita
2040 2857 2111 2924 in

550 2961 699 3030 Deo
733 2981 752 3031 z
787 2961 951 3054 quia
987 2985 1128 3032 uno
1160 2964 1367 3033 modo
1397 2985 1469 3033 se
1498 2963 1706 3033 habet
1740 2964 1827 3033 ab
1855 2973 2111 3035 aeterno

550 3071 621 3137 in
649 3067 1200 3160 apprehensione
1238 3073 1475 3167 totius·
1505 3070 1742 3140 mundi
1809 3081 1876 3142 et
1950 3095 2100 3164 par·

550 3179 749 3260 tium,
783 3192 851 3249 et
887 3203 1029 3250 uno
1068 3179 1278 3251 modo
1317 3181 1401 3250 in
1465 3179 1820 3253 voluntate
1885 3183 2112 3253 uuius-

545 3289 880 3381 cujusque
910 3287 995 3356 ad
1033 3287 1448 3380 prefinitum
1486 3290 1784 3380 spatium
1840 3291 1913 3359 in
1969 3314 2106 3383 quo

546 3393 901 3486 quodlibet
928 3395 1353 3465 educeretur.
1386 3395 1474 3465 Et
1511 3396 1695 3488 quod
1732 3396 1896 3467 dicit
1926 3400 2106 3487 ‘Au-

543 3505 883 3597 gustinus,
919 3530 954 3571 α
994 3504 1168 3575 Atia
1204 3505 1495 3587 ratione,
1547 3515 1707 3588 etc.,
1751 3529 1785 3572 ι
1847 3506 2102 3576 intelli-

541 3612 725 3703 gitur
751 3635 875 3704 per
897 3613 1489 3704 comparationem
1522 3612 1687 3682 ideae
1724 3612 1812 3682 ad
1833 3635 2099 3701 exem·

536 3719 710 3813 plar,
743 3731 813 3791 et
839 3744 982 3790 non
1021 3744 1143 3813 per
1168 3722 1755 3814 comparationem
1795 3721 1962 3791 ideoe
2009 3721 2096 3824 ad

534 3850 631 3898 se.

624 3933 729 4001 An
793 3954 993 4019 Αιιυιι
1067 3932 1465 4019 dicendum,
1541 3932 1726 4023 quod
1774 3888 2088 4003 Philoso-

531 4038 712 4132 phus
738 4038 799 4107 si
830 4037 1138 4107 intendat
1175 4039 1400 4108 Deum
1437 4062 1570 4131 per
1613 4062 1888 4110 causam
1943 4042 2091 4132 pri-

533 4171 747 4230 mam,
778 4156 945 4217 tunc
981 4170 1123 4218 non
1164 4146 1456 4216 intendit
1487 4147 1615 4217 nisi
1661 4171 1871 4217 unum
1934 4170 2089 4216 mo-

531 4258 697 4327 dum
736 4266 969 4325 motus
997 4257 1148 4346 ejus
1178 4278 1317 4347 quo
1352 4265 1585 4326 movet
1605 4258 1780 4326 sicut
1816 4255 2087 4327 deside-

529 4374 755 4433 ratum
778 4373 1009 4432 movet
1029 4361 1478 4432 desiderium:
1524 4364 1685 4454 quia
1711 4386 1869 4432 cum
1899 4362 2085 4431 Deus

529 4494 668 4540 non
698 4473 790 4540 sit
817 4478 1042 4539 motor
1065 4471 1419 4539 intraneus
1446 4479 1515 4539 et
1540 4470 1944 4560 conjunctus
1972 4491 2086 4538 se-

529 4580 830 4651 cundum
869 4583 1386 4672 proportionem
1444 4580 1732 4648 motoris
1768 4589 1837 4649 et
1876 4579 2087 4649 mobi-

529 4689 613 4757 lis
640 4712 797 4758 cum
828 4687 1060 4781 aliquo
1094 4687 1358 4769 mobili,
1392 4696 1658 4778 oportet
1687 4688 1896 4757 alium
1940 4712 2083 4757 mo-

530 4807 749 4866 torem
818 4806 1073 4888 ponere
1119 4798 1235 4887 qui
1294 4798 1384 4866 sit
1432 4797 1834 4885 conjunctus
1880 4796 2078 4881 coelo,

533 4909 950 4999 quicumque
987 4908 1075 4976 sit
1107 4908 1219 4975 ille
1256 4931 1272 4975 ε
1315 4917 1381 4975 et
1412 4907 1566 4976 ideo
1605 4929 1744 4976 nou
1784 4917 2077 4999 oportet,

534 5014 718 5105 quod
784 5014 927 5106 ipse
999 5022 1386 5095 moveatur,
1451 5014 1572 5082 sed
1627 5014 1811 5105 quod
1860 5023 2085 5085 motor

530 5121 680 5191 coeli
737 5121 1198 5193 diversimode
1237 5132 1596 5192 moveatur
1650 5123 2079 5215 percipiendo

529 5225 867 5293 bonitates
918 5225 1207 5294 effluxas
1248 5250 1288 5294 a
1327 5221 1501 5305 Deo,
1562 5249 1711 5317 quae
1751 5236 2081 5317 perceptze

527 5333 812 5402 ulterius
886 5334 1107 5425 magis
1171 5334 1641 5425 percipiuntur
1696 5335 1765 5402 ἰιι
1841 5335 2080 5405 mobili

530 5441 906 5511 secundum
935 5440 1179 5511 Oriens
1207 5451 1277 5512 et
1305 5440 1662 5512 Occidens.
1709 5441 1784 5510 Si
1851 5452 2079 5514 autem

607 5674 625 5712 ¹
671 5673 728 5730 S.
772 5674 1150 5743 Αυιιιιετιιιιιε,
1210 5674 1332 5741 Lib.
1389 5674 1514 5740 VIII
1560 5690 1741 5761 ‚snper
1779 5676 2079 5748 Genesim,

1507 314 1620 409 D
1673 315 1872 385 ALB.
1908 315 2140 416 MAG.
2192 315 2428 418 ORD.-
2453 314 2768 416 PRAED.

481 491 503 563 ᾗ
527 475 744 549 Deo
757 491 1151 575 propterea
1181 487 1345 578 quia
1374 494 1477 555 est
1505 485 2155 556 incommutabilis
2194 508 2327 552 non
2358 486 2642 553 intendit
2670 488 2915 566 Deum,
2945 486 3072 554 sed
3108 479 3400 607 primam
3461 507 3737 554 causam

2190 600 2391 688 vocat
2416 594 2714 682 primum
2748 600 3085 661 motorem
3117 594 3186 659 in
3219 593 3436 661 causis
3479 598 3736 662 natuioe

2195 721 2342 787 quae
2409 708 2687 767 movent
2769 689 3144 768 secundum
3229 695 3736 797 proportione-ju

2201 805 2494 884 mobilis,
2555 805 2620 875 id
2680 816 2803 887 est,
2862 806 3046 898 quod
3110 814 3375 874 tantum
3461 819 3737 895 possent

2201 936 2473 981 movere
2503 924 2833 1005 quantum
2863 915 3090 1004 ipsum
3123 913 3374 982 mobile
3418 922 3519 980 est
3585 935 3739 982 mo-

2198 1021 2332 1089 bile
2362 1022 2733 1090 secundum
2764 1033 3074 1091 naturam
3119 1046 3134 1089 :
3167 1030 3331 1089 tunc
3386 1019 3570 1087 nulla
3638 1030 3737 1090 est

2198 1127 2510 1216 objecti0.
2557 1127 2693 1218 Sed
2722 1129 3051 1220 quidquid
3092 1129 3172 1196 de
3203 1128 3334 1196 hoc
3363 1127 3472 1206 sit,
3516 1125 3738 1197 dicen-

2196 1232 2359 1301 dum
2398 1258 2535 1303 non
2573 1244 2696 1316 est,
2743 1236 2926 1327 quod
2953 1236 3140 1303 Deus
3194 1225 3281 1303 sit
3355 1240 3581 1302 motor
3639 1236 3737 1304 in-

2056 1387 2071 1416 -,
2195 1350 2468 1411 traneus
2496 1344 2666 1412 coelo
2696 1345 2768 1411 in
2798 1368 2933 1435 quo
2962 1342 3353 1424 includitur,
3406 1344 3538 1410 nisi
3606 1340 3736 1415 hoc

2196 1449 2400 1532 modo
2442 1473 2586 1541 quo
2633 1454 2953 1542 ponimus
3009 1451 3230 1520 Deum
3292 1453 3465 1518 intra
3506 1451 3736 1521 omnia

2194 1579 2332 1624 non
2363 1557 2750 1630 inclusum:
2785 1566 2852 1628 et
2877 1559 3030 1628 ideo
3062 1561 3278 1627 virtus
3307 1559 3485 1650 signi
3516 1559 3735 1630 orien-

2193 1668 2280 1735 tis
2327 1689 2465 1733 non
2495 1675 2595 1762 est
2621 1639 3082 1736 substantialis
3112 1668 3326 1736 virtus
3366 1689 3519 1758 quae
3547 1665 3646 1732 D‹·
3635 1691 3732 1737 ·us

2194 1783 2317 1853 est,
2360 1777 2479 1842 sed
2516 1783 2616 1844 est
2638 1776 2850 1856 virtus
2880 1775 2964 1843 ab
2996 1799 3078 1843 eo
3091 1783 3356 1874 creata.

2281 1885 2385 1950 An
2439 1907 2636 1951 Αιιιιι)
2683 1884 3068 1971 dicendum,
3137 1884 3322 1977 quod
3402 1885 3731 1956 inconve-

2196 1995 2389 2062 niens
2428 2003 2846 2085 sequeretur,
2888 1995 3076 2087 quod
3147 1998 3292 2088 ipse
3355 2019 3495 2065 non
3560 2009 3737 2069 esset

2200 2121 2484 2166 movens
2519 2100 2839 2190 primum,
2873 2107 2939 2168 et
2977 2099 3218 2192 quod
3202 2123 3345 2190 ipse
3376 2123 3516 2168 non
3562 2114 3738 2174 esset

2201 2204 2514 2296 simplex.
2559 2205 2759 2292 Quod
2795 2206 2975 2276 enim
3034 2229 3174 2275 non
3231 2215 3407 2276 esset
3459 2230 3742 2279 movens

2204 2316 2527 2404 primum,
2595 2323 2778 2405 patet
2838 2337 2853 2382 :
2925 2316 3086 2406 quia
3134 2338 3418 2384 movens
3449 2316 3743 2405 primum

2206 2430 2307 2490 est
2361 2421 2545 2513 quod
2610 2421 2797 2492 nullo
2855 2422 3061 2491 modo
3119 2430 3347 2492 motus
3404 2431 3745 2514 movetur,

2209 2525 2332 2600 nec
2369 2554 2491 2621 per
2535 2553 2631 2613 se,
2692 2553 2815 2601 nec
2859 2554 2981 2623 per
3056 2531 3366 2601 accidens
3408 2554 3424 2599 ι
3505 2555 3627 2622 per
3678 2558 3749 2605 se

2212 2662 2351 2708 non
2389 2648 2723 2718 movetur,
2765 2648 2840 2707 ut
2903 2647 3091 2731 patet
3154 2661 3237 2709 ex
3303 2636 3746 2730 praehabitis:

2216 2770 2334 2838 per
2360 2746 2669 2816 accidens
2707 2753 2933 2815 autem
2984 2769 3123 2815 ιιοιι
3179 2755 3404 2837 potest
3459 2748 3749 2829 moveri.

2214 2854 2372 2944 quia
2400 2875 2519 2943 per
2554 2853 2863 2922 accidens
2902 2875 3042 2922 non
3071 2863 3198 2933 est,
3232 2876 3357 2923 nec
3385 2855 3753 2944 praeexistit

2211 2960 2468 3052 aliquid
2511 2984 2635 3052 per
2696 2984 2767 3030 se
2835 2983 3121 3030 movens
3184 2969 3254 3030 et
3309 2971 3602 3044 motum,
3670 2987 3750 3032 co

2211 3068 2395 3159 quod
2424 3089 2544 3161 per
2569 3068 2876 3137 accidens
2935 3064 3281 3138 reducitur
3342 3066 3426 3135 ad
3467 3091 3587 3159 per
3649 3093 3747 3152 se,

2208 3178 2381 3246 sicut
2416 3175 2500 3244 ad
2530 3199 2811 3246 ,causam
2849 3183 2915 3245 et
2961 3174 3345 3267 subjectum
3383 3199 3398 3244 :
3461 3172 3638 3243 unde
3694 3178 3751 3247 si

2210 3286 2350 3376 ipse
2389 3293 2565 3353 esset
2594 3293 2820 3352 motus
2846 3305 2972 3374 per
3008 3283 3346 3364 accidens,
3381 3306 3518 3352 non
3578 3297 3752 3355 esset

2205 3392 2505 3484 primum
2537 3413 2844 3475 movens,
2884 3390 3002 3460 sed
3033 3388 3290 3482 aliquid
3322 3399 3478 3459 ante
3507 3414 3688 3460 eum.

2292 3500 2374 3568 131
2411 3523 2532 3591 per
2559 3498 2692 3569 hoc
2719 3507 2903 3591 patet
2938 3498 3191 3568 solutio
3232 3496 3314 3569 de
3345 3501 3565 3591 primo
3594 3502 3750 3570 arti-

2201 3608 2354 3679 culo
2385 3620 2452 3679 et
2480 3609 2804 3680 secundo.

2481 4151 3088 4224 ARTICULUS
3153 4154 3429 4225 XVII.

2565 4372 2670 4440 An
2702 4372 2885 4438 Deus
2912 4381 3178 4439 unove-at
3212 4394 3284 4439 se
3308 4371 3350 4441 :2

2269 4689 2495 4758 Tertio
2535 4688 2884 4780 quaeritur,
2921 4689 2991 4757 Si
3026 4690 3171 4781 ipse
3200 4683 3440 4759 'movet
3467 4691 3595 4759 se?

2282 4801 2335 4866 Ι.
2368 4797 2674 4879 Videtur,
2707 4797 2890 4888 quod
2919 4820 3060 4865 nou
3087 4820 3104 4866 ε
3139 4800 3299 4888 quia
3318 4798 3562 4888 probat
3590 4800 3726 4869 Au-

2185 4905 2494 4995 gustinus
2532 4904 2600 4970 in
2656 4901 2828 4970 libro
2874 4899 3028 4971 vul
3096 4926 3302 4995 super
3341 4906 3718 4987 Grues-inv,

2184 5012 2366 5104 quod
2422 5012 2648 5081 omnis
2719 5020 2947 5081 motus
3011 5022 3115 5082 est
3168 5011 3254 5080 ab
3309 5012 3642 5082 immobili
3699 5040 3713 5084 :

2184 5119 2361 5188 unde
2389 5122 2446 5188 si
2477 5119 2727 5211 digitus
2764 5131 3103 5200 movetur,
3137 5129 3271 5189 stat
3318 5144 3563 5190 manus
3597 5145 3613 5191 :
3656 5135 3722 5194 et

2184 5231 2238 5297 si
2269 5250 2536 5311 manuS,
2568 5237 2698 5296 stat
2725 5227 3078 5297 brachium
3114 5251 3129 5298 ε
3164 5239 3229 5297 et
3269 5228 3362 5297 ita
3408 5230 3491 5299 de
3544 5230 3717 5306 aliia.

2185 5335 2268 5404 Et
2320 5342 2587 5425 oportet
2643 5337 2846 5404 etiam
2885 5334 3073 5427 quod
3125 5334 3295 5404 illud
3371 5337 3718 5411 immobile

2183 5445 2419 5513 fortius
2448 5445 2529 5512 sit
2563 5454 2774 5528 moto,
2812 5452 2886 5511 ut
2950 5443 3115 5512 dicit
3175 5444 3453 5536 quidam
3493 5444 3722 5515 Philo·

2182 5691 2307 5748 cap.
2339 5678 2430 5745 21.

3856 1931 3926 1976 Ad
3948 1933 3993 1979 Β.
