4897 6388
352 1497 551 1548 solutio.

1960 607 1973 650 :
2019 603 2178 672 ergo

630 741 772 788 non
819 717 896 785 fit
930 713 1309 782 voluntate.

722 829 763 894 4
803 825 1170 896 Praeterea,
1208 816 1285 882 ln
1316 809 1713 881 hominibus
1752 809 1846 874 sic
1875 811 1975 870 est
2004 798 2185 891 quod

633 932 982 1028 generatio
1024 925 1389 995 hominum
1432 943 1571 987 non
1623 916 1781 984 dicit
1844 934 2012 1001 opus
2058 930 2187 975 vo-

633 1042 941 1123 luntatis,
1013 1036 1131 1105 sed
1209 1033 1436 1125 potius
1514 1047 1720 1117 opera
1798 1018 2189 1089 mechanica

637 1173 789 1243 quae
830 1154 990 1216 sunt
1045 1165 1253 1233 super
1299 1137 1658 1207 materiam
1716 1130 1917 1198 aliam
1966 1149 1981 1197 t
2028 1149 2187 1216 ergo

637 1282 861 1351 neque
892 1259 965 1325 in
1005 1252 1257 1324 divinis
1289 1253 1382 1317 ita
1417 1247 1545 1314 dic-i
1587 1243 1806 1311 debet.

734 1479 796 1544 1.
844 1473 1153 1542 Somno.
1198 1462 1577 1532 Dicendum
1613 1455 1981 1525 secundum
2010 1450 2197 1522 Ilila..

641 1588 822 1655 rium
870 1583 939 1648 in
997 1571 1514 1645 auctoritatibus
1563 1589 1767 1656 supra
1815 1561 2102 1630 inductis
2140 1561 2182 1636 ¹,

643 1691 829 1785 quod
853 1714 886 1755 α
912 1683 1380 1774 intelliqentia
1401 1679 1739 1746 dictorum
1761 1695 1843 1738 ex
1859 1671 2079 1737 causis
2101 1675 2193 1732 est

643 1794 1059 1868 assumenda
1100 1788 1375 1859 dicendi
1434 1809 1455 1852 .·
1502 1779 1860 1874 quiajam
1904 1773 2198 1842 sermoni

643 1930 774 1986 rea,
806 1903 930 1973 sed
947 1903 1046 1969 rei
1065 1919 1286 1967 sermo
1317 1891 1669 1981 subjeclus
1689 1897 1783 1954 est
1820 1910 1842 1952 .·
1874 1911 1902 1946 n
1953 1890 2017 1950 et
2047 1881 2196 1949 ideo

645 2037 786 2085 non
811 2012 1038 2081 omnis
1059 2004 1431 2075 necessitas
1455 1998 1562 2066 hic
1581 2003 1887 2086 negetur,
1912 2013 2035 2059 nec
2056 2013 2198 2058 om-

644 2122 753 2193 nis
790 2117 1113 2187 voluntas
1155 2134 1170 2179 ε
1207 2109 1325 2178 sed
1384 2105 1748 2175 necessitas
1778 2110 1842 2169 et
1884 2098 2198 2166 voluntas

644 2222 1021 2296 secundum
1054 2218 1504 2286 intentionem
1533 2209 2025 2283 haereticorum,
2050 2223 2198 2293 quae

642 2342 746 2403 est
783 2328 1151 2401 nenessitas
1188 2321 1558 2400 violentiae,
1612 2324 1678 2385 et
1715 2313 2083 2383 coactionis
2112 2307 2197 2376 ab

645 2449 888 2534 agente
917 2445 1155 2507 contra
1194 2431 1620 2500 voluntatem
1662 2424 2060 2491 intrinsecus
2088 2416 2195 2485 vel

647 2549 1067 2620 extrinsecus
1101 2566 1116 2610 ε
1153 2542 1328 2610 sicut
1349 2541 1495 2628 jam
1535 2533 1814 2626 patebit,
1858 2552 2011 2599 cum
2068 2526 2199 2595 dis-

647 2661 996 2750 tinguetur
1032 2649 1494 2722 necessarium
1532 2667 1546 2710 :
1584 2642 1785 2710 talem
1844 2639 2023 2707 enim
2078 2658 2201 2704 ne-

645 2766 1028 2835 cessitatem
1060 2782 1201 2827 non
1253 2755 1489 2845 recipit
1534 2750 1762 2818 divina
1828 2744 2195 2837 generatio,

646 2894 771 2940 nec
837 2867 1023 2936 Deus
1077 2888 1093 2932 ε
1169 2863 1332 2955 quia
1398 2858 1560 2926 dicit
1629 2850 2085 2941 Philosophus
2132 2850 2201 2915 in

647 2978 743 3049 lv
766 2976 1015 3070 primae
1064 2968 1535 3059 Philosophiae
1583 2987 1605 3031 :
1677 2963 1747 3027 Si
1789 2960 2054 3027 suerunt
2097 2978 2201 3023 res

647 3084 992 3177 simplices
1030 3091 1098 3149 et
1146 3088 1419 3147 aeternae
1468 3083 1535 3142 et
1574 3065 1982 3145 immobiles,
2017 3063 2200 3132 nulla

649 3215 888 3265 earum
930 3191 1056 3260 erit
1093 3184 1448 3261 violentia,
1484 3202 1705 3270 neque
1744 3182 1975 3244 contra
2014 3179 2202 3239 natu·

651 3324 824 3370 ram.
890 3299 1089 3367 Patet
1153 3295 1362 3386 igitur
1417 3288 1603 3381 quod
1653 3285 1804 3354 talis
1843 3281 2204 3350 necessitas

650 3408 997 3481 violentize
1029 3427 1166 3474 non
1207 3401 1387 3471 cadit
1441 3402 1509 3466 iu
1572 3396 1814 3463 Deum.
1865 3389 2206 3459 Volunta-

649 3529 789 3591 tem
830 3525 1060 3586 autem
1082 3508 1398 3581 dicebant
1431 3509 1500 3574 in
1533 3508 1673 3573 Deo
1707 3527 1849 3571 esse
1878 3498 2206 3568 acceden-

653 3638 821 3706 tem,
855 3633 929 3693 ut
956 3623 1116 3692 dicit
1156 3618 1612 3709 Augustinus,
1646 3612 1756 3679 vel
1801 3607 2207 3678 anteceden-

655 3746 821 3819 tem,
864 3755 1016 3826 quae
1039 3738 1141 3798 est
1171 3728 1255 3796 de
1288 3750 1355 3794 re
1386 3733 1753 3812 antequam
1783 3719 1866 3786 sit
1908 3718 2050 3807 ipsa
2074 3740 2200 3793 res,

657 3853 725 3914 et
745 3865 900 3936 quae
939 3836 1352 3930 quandoque
1380 3841 1485 3900 est
1514 3828 1696 3921 apud
1734 3825 2096 3900 volentem,
2142 3832 2203 3889 et

660 3949 1074 4045 quandoque
1096 3965 1279 4012 non:
1322 3938 1501 4007 unde
1558 3938 1611 4003 si
1675 3934 1824 4002 talis
1863 3939 2036 4000 esset
2083 3953 2208 3998 vo-

660 4062 887 4130 luntas
918 4057 988 4124 in
1038 4054 1210 4131 Deo,
1270 4059 1334 4118 et
1377 4048 1579 4117 Pater
1644 4052 1817 4113 esset
1869 4037 2209 4108 mutabilis

664 4169 781 4263 qui
820 4162 1233 4258 quandoque
1265 4180 1480 4226 unum
1539 4152 1765 4232 vellet,
1798 4159 1863 4218 et
1902 4145 2211 4240 quando-

665 4300 797 4371 que
826 4271 1014 4342 aliud
1045 4293 1059 4337 :
1097 4278 1162 4337 et
1205 4266 1416 4334 Filius
1454 4287 1591 4331 non
1661 4269 1834 4329 esset
1892 4266 2206 4335 (eternus,

665 4384 858 4474 cujus
883 4378 1400 4471 generationem
1434 4370 1749 4438 voluntas
1782 4373 2053 4458 paterna
2084 4385 2211 4429 an-

667 4489 1071 4563 tecessisset,
1113 4485 1290 4551 sicut
1320 4500 1547 4548 rerum
1594 4476 2000 4544 creationem
2041 4493 2214 4560 prze-

667 4605 969 4669 venerat.
1010 4591 1389 4662 Dicendum
1436 4609 1600 4676 ergo
1649 4581 2015 4651 secundum
2058 4577 2213 4645 l‘hi-

668 4704 1039 4798 losophum
1106 4701 1174 4767 in
1249 4695 1341 4764 lv
1409 4694 1657 4786 prima‘
1730 4685 2210 4777 I’leilosopleiae‚

673 4817 857 4910 quod
887 4811 1346 4884 necessarium
1403 4806 1648 4874 dicitur
1704 4801 2091 4890 respective,
2152 4804 2213 4861 et

674 4924 1009 4995 absolute.
1081 4918 1467 5010 ltespective
1530 4922 1756 4980 autem
1805 4908 2045 4975 dicitur
2112 4930 2218 4973 re-

675 5038 909 5124 spectu
940 5029 1096 5096 linis
1128 5026 1395 5103 intenti,
1429 5031 1543 5090 aut
1586 5029 1888 5108 respectu
1920 5016 2221 5083 ellicien-

677 5142 762 5208 tis
810 5137 1139 5228 cogentis.
1196 5134 1532 5221 ltespectu
1576 5130 1727 5197 linis
1771 5125 2035 5195 duobus
2078 5147 2216 5192 mo·

678 5250 804 5326 dis,
864 5243 1121 5312 scilicet
1179 5250 1486 5332 respectu
1538 5262 1709 5315 esse,
1785 5245 1846 5304 et
1920 5243 2219 5325 respectu

679 5354 851 5422 bene
908 5374 1054 5420 esse
1130 5378 1147 5418 :
1220 5353 1393 5418 sicut
1463 5347 1912 5415 necessarium
1978 5351 2077 5411 est
2142 5341 2226 5407 ad

682 5482 853 5537 esse,
927 5459 1072 5525 sine
1132 5479 1269 5548 quo
1340 5453 1759 5546 impossibile
1825 5460 1923 5519 est
1982 5448 2224 5517 habere

761 5692 779 5729 ¹
810 5688 895 5746 Cf.
915 5688 1124 5761 Supra,
1148 5686 1291 5743 Dist.
1324 5687 1386 5753 V,
1421 5684 1480 5741 in
1514 5682 1805 5758 principio
1830 5679 2062 5753 capitis.

1623 313 1702 379 D.
1756 308 1949 376 ALB.
2002 304 2217 372 MAG.
2274 307 2479 379 ORD.
2531 308 2821 380 PRAED.

2289 588 2776 654 nutrimentum
2837 589 2903 655 in
2968 586 3377 656 animalibus
3437 609 3451 653 :
3524 592 3829 675 respectu

2291 693 2458 762 bene
2500 717 2665 771 esse,
2726 696 2869 763 sine
2936 719 3072 786 quo
3121 719 3260 763 non
3343 695 3630 762 habetur
3678 692 3830 759 linis

2293 804 2584 870 intentus
2687 803 2754 867 in
2841 803 3011 870 bene
3068 825 3237 883 esse,
3302 805 3474 870 sicut
3532 800 3830 890 acceptio

2291 909 2496 977 debiti
2552 908 2635 977 ab
2693 906 3105 978 Atheniense
3164 910 3309 978 cive
3360 931 3498 976 non
3542 908 3834 975 habetur

2293 1019 2419 1085 nisi
2496 1018 2851 1108 navigetur
2914 1020 3214 1086 Athenas
3265 1040 3280 1083 ε
3337 1025 3439 1084 est
3496 1037 3655 1106 ergo
3708 1037 3834 1083 ne-

2294 1130 2581 1196 cessaria
2646 1130 2987 1217 navigatio
3046 1127 3131 1195 ad
3202 1127 3509 1195 Athenas
3568 1125 3654 1193 ad
3719 1145 3834 1190 ac-

2297 1236 2674 1325 ceptionem
2715 1234 2944 1303 debiti.
3015 1237 3346 1326 Respectu
3406 1239 3635 1301 autem
3691 1210 3837 1298 esse

2300 1342 2671 1421 efficientiS,
2733 1343 3040 1412 similiter
3105 1351 3207 1410 est
3260 1342 3530 1409 duobus
3588 1338 3833 1416 modis,

2300 1447 2551 1516 scilicet
2590 1455 2891 1538 respectu
2942 1450 3202 1540 agentis
3233 1454 3449 1525 extra,
3493 1453 3560 1513 et
3616 1465 3841 1532 respe-

2300 1562 2411 1621 ctu
2465 1555 2724 1646 agentis
2771 1554 2966 1623 intra.
3013 1554 3348 1645 Respectu
3400 1549 3663 1643 agentis
3717 1570 3842 1616 ex-

2303 1671 2425 1745 tra,
2460 1666 2631 1731 sicut
2659 1663 3025 1752 Dionysius
3054 1663 3247 1741 dixit,
3284 1659 3468 1751 quod
3526 1678 3842 1725 necessa-

2305 1774 2478 1839 rium
2537 1781 2632 1840 est
2680 1772 3109 1854 conti-istam,
3200 1779 3267 1838 et
3348 1766 3678 1835 violentia
3742 1771 3843 1832 est

2302 1881 2527 1972 aliqua
2575 1880 2930 1947 necessitas
2989 1899 3004 1947 ε
3064 1887 3130 1947 et
3185 1875 3470 1968 quidam'
3522 1871 3842 1940 Philoso-

2303 1989 2476 2079 phus
2532 1991 2800 2056 Ariotas
2841 1988 3031 2071 dixit,
3081 1986 3428 2054 Violentia
3474 1982 3558 2050 de
3605 2001 3842 2049 neces-

2303 2097 2495 2166 sitate
2524 2096 2702 2187 cogit
2743 2118 2849 2163 me
2894 2105 2966 2163 ut
3006 2095 3134 2163 hoc
3175 2093 3443 2160 faciam.
3508 2089 3841 2177 Respectu

2304 2215 2526 2273 autem
2595 2206 2895 2294 cogentis
2962 2205 3160 2284 intra,
3222 2203 3397 2268 sicut
3438 2198 3705 2278 dicitur,
3748 2193 3840 2260 lll

2309 2315 2557 2391 l‘lsdroe,
2606 2337 2699 2391 ιιι,
2761 2315 2861 2391 12,
2913 2311 3097 2405 quod
3158 2333 3365 2402 super
3419 2307 3652 2376 omnia
3703 2305 3846 2370 υἰιι-

2302 2423 2394 2489 cit
2450 2422 2696 2489 ceritas
2736 2442 2758 2487 .·
2798 2421 2955 2509 quia
3021 2419 3202 2510 cogit
3258 2435 3666 2484 consensum
3715 2434 3728 2477 :
3782 2419 3848 2477 et

2305 2528 2432 2597 hoc
2502 2527 2705 2596 modo
2763 2527 2922 2595 dicit
2964 2525 3449 2615 PhilosophuS,
3510 2520 3693 2612 quod
3736 2540 3849 2587 ne-

2306 2639 2576 2707 cessitas
2607 2661 2745 2706 non
2777 2639 3102 2726 permittit
3156 2636 3549 2727 opinantem
3609 2630 3692 2698 ad
3730 2650 3850 2696 ve·-

2308 2770 2456 2814 rum
2515 2746 2779 2824 reverti,
2822 2755 2882 2811 et
2954 2745 3197 2814 mutari
3238 2766 3277 2810 a
3335 2763 3458 2810 sua
3492 2740 3845 2831 opinione.

2307 2856 2630 2924 Absolute
2675 2863 2900 2922 autem
2931 2853 3382 2922 necessarium
3418 2856 3519 2917 est
3550 2851 3650 2935 (ut
3688 2846 3849 2914 dicit

2315 2961 2791 3053 Philosophus)
2823 2963 3004 3053 quod
3051 2958 3470 3053 impossibile
3514 2963 3614 3024 est
3655 2963 3730 3022 ut
3768 2955 3855 3020 sit

2310 3071 2442 3139 alio
2500 3071 2703 3138 modo
2778 3093 2792 3136 :
2865 3080 2930 3138 et
2983 3069 3113 3139 hoc
3182 3069 3395 3136 tribus
3452 3063 3673 3133 modis
3727 3072 3852 3140 est,

2310 3179 2561 3248 scilicet
2604 3203 2719 3270 per
2757 3203 2854 3260 se,
2897 3190 2956 3247 et
2992 3202 3111 3270 per
3147 3175 3357 3259 aliud,
3400 3183 3466 3243 et
3510 3170 3857 3261 composi-

2311 3297 2454 3355 tum
2486 3312 2568 3357 ex
2601 3298 2884 3378 utroque
2919 3311 2933 3355 ε
2974 3312 3091 3379 per
3119 3310 3215 3367 se,
3266 3287 3442 3354 sicut
3480 3280 3851 3374 principia:

2313 3421 2429 3487 per
2466 3396 2673 3475 aliud,
2707 3398 2876 3465 sicut
2936 3396 3288 3465 conclusio
3348 3392 3796 3462 determinata
3833 3412 3849 3457 ε

2312 3528 2394 3574 ex
2426 3516 2736 3596 utroque,
2797 3505 2968 3573 sicut
3024 3505 3491 3597 syllogismus.
3540 3500 3621 3567 lit
3671 3499 3858 3566 simi-

2314 3614 2463 3684 liter
2522 3625 2616 3682 est
2680 3616 2743 3679 in
2785 3625 2937 3682 ente
2977 3611 3433 3704 incomplexo.
3476 3607 3667 3678 Unde
3696 3607 3859 3674 dicit

2317 3722 2795 3815 l'hilosophuS,
2846 3724 3023 3815 quod
3062 3721 3516 3791 necessarium
3548 3715 3856 3786 absolute

2315 3840 2377 3897 et
2406 3854 2527 3923 per
2554 3856 2624 3898 se
2664 3852 2800 3897 non
2830 3838 2929 3897 est
2959 3831 3084 3899 nisi
3128 3850 3340 3897 unum
3394 3823 3683 3916 simplex
3716 3823 3859 3915 pri-

2318 3963 2503 4009 mum
2539 3963 2553 4008 :
2589 3939 2815 4010 omnia
2840 3941 3020 4007 enim
3051 3938 3181 4006 alia
3211 3936 3590 4026 composita
3611 3955 3694 4000 ex
3717 3932 3857 3998 suis

2316 4045 2877 4138 componentibus
2935 4045 3207 4113 trahunt
3251 4041 3751 4121 necessitatem,
3794 4044 3859 4105 et

2318 4155 2792 4246 componentia
2832 4154 2915 4220 ab
2946 4155 3274 4222 ellicieute
3307 4150 3527 4241 primo
3560 4170 3574 4214 :
3612 4157 3677 4214 et
3708 4146 3858 4214 ideo

2322 4263 2660 4354 possibilia
2719 4270 2873 4328 sunt
2939 4259 3313 4330 secundum
3371 4257 3485 4324 illa
3535 4279 3574 4322 a
3615 4254 3862 4346 quibus

2323 4371 2569 4440 habent
2609 4370 3070 4437 necessitatem
3110 4392 3124 4436 :
3178 4369 3336 4459 quia
3377 4366 3564 4456 prius
3612 4385 3731 4455 per
3766 4363 3866 4429 in-

2325 4479 2661 4546 tellectum
2718 4478 2785 4544 in
2837 4477 2964 4543 illis
3003 4486 3159 4544 sunt
3211 4476 3278 4543 in
3319 4472 3622 4565 potentia
3654 4492 3859 4561 quam

2326 4589 2392 4655 in
2461 4587 2873 4656 necessitate.
2937 4585 3326 4654 Secundum
3391 4585 3595 4673 igitur
3687 4579 3863 4647 hanc

2325 4696 2726 4764 divisionem
2759 4692 3080 4771 dicemus,
3109 4692 3287 4785 quod
3331 4690 3517 4758 solus
3550 4688 3731 4756 Deus
3763 4694 3862 4754 est

2330 4805 2775 4873 necessarium
2810 4805 3125 4892 primum.
3173 4802 3345 4867 Sunt
3388 4806 3615 4864 autem
3668 4792 3861 4861 multi

2329 4913 2439 4980 alii
2483 4911 2662 4978 modi
2726 4910 2791 4975 in
2841 4910 3083 4999 quibus
3143 4930 3278 4975 non
3338 4904 3640 4973 salvatur
3695 4901 3864 4969 ratio

2331 5019 2743 5087 necessitatis
2804 5018 2922 5082 nisi
2991 5016 3337 5105 {equivoce
3393 5035 3407 5078 :
3473 5011 3643 5078 sicut
3703 5006 3865 5076 utile

2333 5126 2779 5195 necessarium
2815 5125 3291 5190 consuevimus
3348 5119 3596 5195 dicere,
3650 5125 3713 5185 et
3744 5139 3868 5184 ex-

2335 5235 2606 5325 pediens
2635 5235 3108 5301 necessarium.
3773 5290 3784 5302 ,

2423 5344 2545 5411 111s
2602 5365 2875 5417 ιιΑιιιτιε,
2914 5341 3099 5408 facile
3175 5346 3271 5405 est
3333 5334 3738 5427 respondere
3786 5333 3872 5401 ad

2339 5452 2518 5521 illam
2577 5460 2835 5543 partem
2887 5449 3303 5539 objectorum
3369 5469 3519 5536 quae
3567 5451 3725 5512 sunt
3790 5440 3872 5509 de
