4897 6388
1839 218 1932 284 JN
1982 217 2010 283 1
2061 216 2499 289 SENTENT.
2545 217 2766 287 ols‘r.
2821 219 3043 304 XXV,
3096 222 3175 303 E,
3219 222 3417 316 ΛΒΤ.
3470 223 3534 316 3.
4140 217 4264 284 631

1061 403 1416 468 naturam
1452 390 1791 463 divinam
1835 411 2013 485 quae
2045 389 2481 462 communis
2514 399 2628 463 est
2679 391 2921 464 tribus
2975 393 3353 488 personis,
3416 393 3548 466 sed
3580 388 4115 470 subsistentias
4142 390 4267 462 vel

1065 532 1524 628 hypostases
1581 524 2010 600 secundum
2069 499 2408 599 Graecos.
2470 525 2716 600 Graeci
2778 526 3064 624 quippe
3108 532 3224 619 (ut
3268 527 3720 625 supradixit
3756 523 4263 620 Augustinus)

1059 666 1286 742 aliter
1317 661 1708 760 accipiunt
1747 659 2287 755 substantiam,
2324 660 2401 734 id
2433 670 2575 756 est,
2622 662 3125 760 hypostasim,
3185 663 3408 738 aliter
3453 686 3616 737 nos.
3663 662 3820 736 Nos
3851 660 4055 735 enim
4096 659 4270 734 sub·

1059 801 1425 877 stantiam
1459 798 1789 873 dicimus
1821 797 2233 872 essentiam
2293 798 2456 873 sive
2519 808 2898 872 naturam.
2966 799 3349 874 Personas
3409 810 3665 874 autem
3706 798 4031 872 dicimus
4071 786 4268 870 s’icut

1059 935 1170 1010 illi
1215 935 1485 1009 dicunt
1524 934 2021 1023 substantiaS,
2067 932 2144 1006 id
2186 943 2325 1024 est,
2363 933 2840 1031 hypostases.
2880 933 2958 1008 Si
3001 957 3184 1030 ergo
3220 958 3361 1009 nos
3388 934 3493 1008 ita
3540 932 3959 1030 accipimus
3999 952 4267 1028 perso-

1062 1090 1230 1158 nas,
1273 1077 1354 1140 ut
1386 1067 1493 1140 illi
1527 1066 1917 1164 accipiunt
1945 1065 2445 1160 substantiaS,
2490 1067 2609 1141 vel
2649 1068 3101 1164 hypostases
3138 1091 3154 1141 :
3200 1075 3278 1141 at
3308 1066 3417 1141 illi
3450 1066 3671 1141 aliter
3700 1064 4088 1163 accipiunt
4126 1064 4269 1159 hy-
4370 1163 4373 1166 Δ

1059 1211 1412 1300 postases
1442 1224 1673 1298 quam
1709 1224 1850 1276 nos
1889 1185 2399 1276 substantiam
2445 1225 2463 1276 :
2512 1202 2733 1276 aliter
2771 1225 2954 1300 ergo
2990 1226 3131 1276 nos
3172 1201 3594 1300 accipimus
3636 1223 4006 1300 personas
4029 1221 4261 1296 quam

1052 1337 1604 1411 substantiam.
1651 1336 1843 1411 Cum
1873 1359 2055 1433 ergo
2097 1335 2428 1411 dicimus
2466 1347 2621 1411 tres
2653 1360 3051 1436 personaS,
3088 1361 3243 1411 non
3279 1337 3382 1412 ibi
3403 1360 3760 1436 personae
3803 1334 4115 1409 nomine
4155 1356 4266 1408 es-

1053 1472 1388 1546 sentiam
1421 1470 1977 1568 significamus.
2008 1469 2206 1558 Quid
2249 1495 2431 1568 ergo
2466 1472 3249 1568 dicimus‘?Dicimus,
3276 1472 3458 1570 quia
3484 1481 3633 1548 tres
3666 1494 4017 1570 personae
4052 1478 4258 1558 sunt,
4306 1509 4312 1515 ·

1057 1604 1132 1678 id
1174 1614 1317 1699 est,
1353 1616 1508 1681 tres
1547 1606 2036 1700 substantioe,
2081 1605 2373 1681 scilieet
2416 1616 2567 1681 tres
2606 1616 2824 1682 entes
2869 1632 2884 1681 z
2923 1632 3059 1706 pro
3100 1631 3254 1705 quo
3309 1607 3556 1682 Graeci
3597 1607 3861 1681 dicunt
3909 1616 4062 1681 tres
4118 1606 4265 1702 hy-

1061 1751 1437 1840 postaseS.

1545 2375 1787 2421 ntvtsto
1836 2374 2102 2419 TEXTUS·

1139 2669 1395 2737 138¹an
1451 2663 1677 2752 80οἱΡο
1744 2662 2115 2732 secundam
2171 2676 2435 2757 partem
2491 2667 2603 2735 di·
2715 2678 2821 2744 An
2862 2675 2932 2742 in
2971 2664 3335 2741 divinissit
3370 2670 3518 2738 αΙία
3554 2673 4009 2740 communitas
4043 2693 4254 2763 quam

1046 2895 1143 2953 es!
1182 2908 1368 2974 erqo,
1411 2881 1604 2972 quod
1634 2880 1760 2947 leoc
1786 2901 2055 2966 nomen,
2089 2890 2217 2951 etc.
2256 2909 2290 2949 n

1135 2992 1296 3059 ltaec
1348 2991 1531 3058 enim
1589 3010 1744 3078 pars
1809 2986 2133 3056 dividitur
2178 2990 2244 3057 in
2304 2999 2492 3059 tres:
2530 2992 2595 3058 in

1046 3122 1336 3191 quarum
1383 3098 1597 3188 prima
1648 3095 1864 3186 tangit
1902 3094 2225 3188 Magister
2262 3099 2600 3189 signitica-

1051 3215 1200 3275 tum
1243 3205 1447 3295 hujus
1478 3205 1800 3281 nominis»,
1848 3227 2169 3296 persona,
2218 3206 2592 3275 secundum

1046 3338 1240 3381 suam
1273 3314 1693 3404 opinionem.
1741 3309 1815 3378 ln
1862 3311 2157 3380 secunda
2204 3322 2432 3381 autem
2467 3338 2595 3382 ex-

1040 3422 1421 3513 positiones
1478 3418 1957 3486 auctoritatum
2018 3421 2085 3486 in
2144 3420 2393 3511 quibus
2468 3443 2594 3511 po-

1038 3540 1294 3597 nuntur
1351 3529 1681 3595 dictiones
1739 3525 2146 3603 numm-ates,
2200 3529 2308 3596 vel
2358 3528 2595 3596 distin-

1035 3640 1332 3706 ctionem
1369 3644 1681 3705 notantes
1722 3659 1878 3704 cum
1917 3633 2046 3704 hoc
2086 3637 2391 3716 nomine,
2429 3662 2594 3728 per-

1031 3769 1228 3827 sona,
1271 3743 1646 3814 secundum
1687 3744 1885 3811 istam
1916 3745 2340 3835 opinionem,
2386 3745 2504 3825 ibi,
2534 3746 2585 3827 Ι,

1037 3885 1070 3919 α
1113 3856 1314 3924 Nunc
1381 3855 1854 3944 inspiciamus,
1921 3854 2167 3922 Utrum
2213 3856 2587 3924 secundum

1028 3961 1334 4030 eamdem
1374 3962 1735 4039 rationem,
1769 3967 1896 4028 etc.
1944 3985 1978 4025 n
2002 3959 2078 4028 ln
2101 3963 2298 4030 tertia
2316 3963 2582 4054 probat,

1027 4068 1213 4161 quod
1263 4091 1554 4160 persona
1613 4070 1679 4135 in
1728 4067 1978 4135 divinis
2036 4068 2192 4137 facit
2250 4069 2584 4159 triplicem

1030 4175 1579 4262 intelligentiam,
1617 4174 1734 4256 ibi,
1770 4174 1844 4258 L,
1872 4176 1937 4242 in
1972 4176 2104 4242 tine
2139 4197 2154 4243 :
2193 4204 2228 4239 α
2262 4178 2380 4244 Ea.-
2400 4201 2585 4269 pra·-

1033 4285 1236 4351 diclae‘s
1255 4281 1640 4372 colliqilur,
1673 4293 1801 4348 ete.
1843 4310 1875 4345 »ι
2032 4355 2040 4365 ,

1118 4392 1192 4460 ln
1225 4393 1443 4484 prima
1473 4391 1710 4459 harum
1744 4400 1902 4460 sunt
1934 4400 2228 4483 quatuor
2257 4393 2578 4484 capitula,

1032 4504 1097 4569 in
1132 4523 1428 4591 quorum
1462 4500 1679 4589 primo
1710 4501 1897 4590 ponit
1928 4500 2353 4589 opinionem,
2397 4500 2578 4591 quod

1027 4606 1363 4699 significat
1413 4606 1859 4674 substantiam
1903 4618 1968 4675 et
2007 4605 2456 4700 hypostasim.
2505 4608 2576 4675 ln

1031 4714 1332 4783 secundo
1410 4713 1684 4782 adhibet
1748 4713 2248 4805 probationem,
2321 4715 2439 4798 ibi,
2504 4716 2576 4795 1³,

1032 4844 1067 4885 ι
1111 4822 1206 4888 Εἰ
1224 4821 1336 4887 leic
1371 4843 1607 4887 sensus
1643 4820 2053 4909 adjuvatur,
2096 4829 2226 4889 etc.
2264 4848 2299 4885 n
2344 4819 2416 4887 ln
2452 4830 2583 4889 ter·

1028 4927 1124 4992 tio
1168 4926 1530 5016 respondet
1567 4927 1924 5016 quaestioni
1969 4924 2446 4995 haereticorum
2483 4929 2581 4995 sa·

1026 5040 1151 5099 ctae-
1194 5055 1315 5121 per
1364 5032 1526 5121 quid
1579 5055 1706 5115 τρε,
1748 5032 2120 5099 secundum
2182 5035 2580 5123 opinionem

1025 5137 1242 5217 illam,
1289 5138 1408 5218 ibi,
1455 5140 1536 5220 G,
1574 5165 1607 5203 ι
1643 5139 1757 5207 Ad
1798 5139 1921 5207 leoc
1969 5147 2199 5205 aedem
2230 5141 2420 5231 quod
2467 5141 2583 5209 illi

1026 5246 1290 5325 dicunt,
1364 5256 1492 5323 etc,
1541 5273 1572 5312 ιο
1640 5248 1713 5315 ln
1755 5256 1996 5339 quarto
2061 5258 2342 5317 excusat
2398 5251 2579 5340 quod

1024 5354 1285 5421 dixerat
1335 5363 1472 5423 tres
1514 5380 1644 5438 res,
1679 5356 1795 5434 ibi,
1844 5356 1927 5435 ll,
1981 5383 2016 5419 α
2059 5357 2215 5424 Non
2246 5368 2476 5426 autem
2519 5369 2583 5425 Ie

1022 5470 1315 5540 moveat,
1361 5471 1487 5530 etc.
1527 5487 1561 5527 n

3148 2455 3649 2526 ARTlCULUS
3702 2455 3823 2527 111.

2918 2790 3184 2849 uatnrae
3220 2781 3361 2847 sive
3395 2780 3693 2847 essenlioe
3722 2779 3971 2847 divinae
3996 2777 4039 2846 P

2801 3098 3039 3167 lncidit
3060 3106 3286 3165 autem
3320 3095 3430 3165 hic
3458 3095 3739 3164 dubium
3771 3095 3851 3164 de
3893 3094 4021 3163 hoc
4061 3094 4244 3185 quod

2706 3206 2868 3276 dicit
2916 3208 2982 3274 in
3037 3208 3257 3298 primo
3296 3204 3616 3297 capitulo,
3664 3205 3780 3288 ibi,
3822 3205 3900 3283 Ε,
3946 3207 4015 3272 in
4056 3203 4188 3271 tine
4225 3225 4241 3272 ε

2710 3344 2743 3382 «
2781 3319 2955 3387 Cum
3003 3339 3162 3407 erqo
3202 3303 3512 3381 dicimus*
3532 3324 3664 3380 tres
3702 3336 4054 3406 personas,
4083 3321 4239 3394 etc.,

2704 3426 2818 3494 uhi
2869 3449 3007 3494 non
3047 3425 3381 3515 significat
3419 3424 3807 3501 essentiam,
3851 3422 3921 3489 id
3949 3431 4074 3499 est,
4117 3444 4244 3489 na-

2704 3546 2925 3603 turam
2964 3533 3267 3601 divinam
3300 3555 3451 3623 quae
3475 3532 3858 3600 communis
3897 3538 3997 3598 est
4031 3529 4242 3597 tribus

2705 3644 3033 3734 personis,
3063 3641 3180 3707 sed
3212 3638 3704 3707 subsistentias.

2792 3750 2940 3818 lloc
2968 3749 3150 3817 enim
3189 3746 3457 3815 videtur
3476 3745 3720 3814 salsum
3756 3767 3773 3815 ε

2796 3862 2853 3926 1.
2877 3856 3032 3925 Non
3061 3856 3245 3924 enim
3276 3864 3376 3923 est
3404 3854 3858 3922 communitas
3898 3854 3965 3921 in
3995 3853 4242 3922 divinis

2701 3968 2828 4035 nisi
2860 3975 3117 4033 naturae
3153 3988 3168 4033 :
3205 3985 3491 4055 persona
3513 3970 3740 4030 autem
3781 3971 3882 4031 est
3921 3984 4239 4030 commu-

2701 4075 2803 4140 nis
2838 4095 2854 4143 ε
2889 4096 3053 4161 ergo
3084 4070 3419 4162 significat
3451 4076 3787 4136 naturam.

2786 4185 2851 4247 2.
2898 4180 3253 4255 l’raeterea,
3319 4177 3616 4246 Persona
3680 4185 3778 4244 est
3826 4178 4236 4260 communis,

2696 4298 2761 4358 et
2819 4297 3058 4356 natura
3124 4295 3222 4353 est
3297 4287 3680 4353 communis
3739 4306 3755 4351 ε
3824 4293 3940 4352 aut
3999 4285 4237 4353 eadem

2693 4398 3209 4474 communitate,
3264 4403 3382 4461 aut
3437 4393 3568 4463 alia
3610 4414 3626 4462 ε
3672 4415 3810 4460 non
3851 4392 4011 4471 alia,
4078 4394 4240 4483 quia

2695 4502 2862 4571 nihil
2903 4500 3084 4569 aliud
3133 4500 3200 4567 in
3247 4499 3495 4567 divinis
3548 4520 3912 4567 commune
3969 4507 4070 4566 est
4116 4498 4239 4565 tri-

2699 4610 2824 4678 bus
2877 4633 2892 4677 :
2945 4633 3107 4699 ergo
3160 4607 3396 4676 eadem
3457 4628 3473 4677 τ
3526 4629 3689 4697 ergo
3746 4604 4082 4693 significat
4137 4628 4239 4672 es·

2698 4718 3009 4785 sentiam.
3074 4716 3148 4782 Si
3201 4715 3370 4782 torte
3427 4713 3636 4796 dicas,
3677 4711 3860 4803 quod
3907 4720 4008 4780 est
4043 4733 4237 4779 com-

2695 4849 2899 4894 mune
2969 4849 3062 4900 re,
3106 4833 3170 4891 et
3210 4830 3312 4891 est
3357 4843 3719 4889 commune
3777 4820 4037 4888 ratione
4085 4841 4101 4888 t
4140 4827 4233 4887 ·et

2694 4957 2981 5024 persona
3003 4940 3483 4999 estcommune
3516 4930 3798 5008 ratione,
3831 4935 3897 4994 et
3942 4928 4234 4995 essentia

2696 5066 2788 5110 re.
2827 5043 3095 5110 Comus
3138 5062 3153 5106 ε
3192 5039 3327 5105 Aut
3366 5036 3459 5104 illi
3504 5036 3744 5103 rationi
3784 5033 4040 5126 aliquid
4068 5034 4235 5101 sub-

2693 5157 2818 5230 est,
2852 5157 2967 5215 ant
3008 5144 3200 5213 nihil.
3247 5143 3323 5212 Si
3354 5141 3519 5211 nihil
3555 5165 3571 5211 z
3606 5150 3767 5211 tunc
3795 5152 3894 5211 est
3925 5165 4113 5209 cassa
4168 5151 4236 5211 et

2692 5276 2893 5321 vana.
2951 5253 3022 5318 Si
3078 5248 3386 5341 aliquid:
3431 5256 3547 5316 aut
3586 5247 3750 5315 illud
3808 5256 3908 5315 est
3962 5255 4230 5327 natura,

2693 5373 2809 5429 aut
2847 5359 3030 5428 aliud
3073 5382 3088 5426 ε
3146 5367 3216 5426 et
3252 5356 3406 5426 inde
3428 5356 3853 5450 procedatur,
3892 5365 3965 5423 ut
4015 5357 4225 5447 prius.

2782 5577 3177 5653 Piranum,
3232 5574 3557 5667 Magister
3607 5572 3873 5642 videtur
3919 5573 4225 5652 innuere,

4327 5638 4510 5691 Quoest.
