4897 6388
465 843 546 889 Ad
573 843 612 887 4.

476 2124 546 2168 Ad
576 2125 617 2168 ὃ.

722 331 852 399 492

725 523 803 568 so
844 501 958 568 dat
986 524 1081 582 se,
1119 512 1182 570 et
1222 495 1430 570 mittit
1459 527 1530 570 se
1575 527 1590 571 :
1633 503 1751 570 sed
1789 524 1927 570 non
1960 524 2082 592 per
2145 499 2273 567 hoc

725 609 985 677 tollitur
1022 615 1369 700 generatio
1410 611 1517 680 vel
1547 610 1907 679 causalitas
1946 607 2271 677 innuendi

729 740 933 807 super
962 719 1195 784 omnia
1233 702 1414 785 dona
1444 728 1691 787 creata.

818 825 923 891 Au
960 848 1156 891 Auno
1188 826 1578 904 dicendum,
1616 825 1798 915 quod
1837 825 2047 892 Filius
2078 823 2272 889 datur

728 934 801 999 in
839 954 920 1000 eo
962 932 1146 1021 quod
1177 940 1374 999 natus
1415 941 1478 1000 et
1515 933 1730 999 faetus
1769 939 1870 999 est
1902 954 1916 998 ε
1952 940 2020 999 et
2065 931 2134 996 in
2193 952 2269 996 eo

726 1037 908 1128 quod
940 1038 1038 1104 sio
1076 1037 1271 1105 datus
1304 1045 1429 1123 est,
1464 1037 1661 1105 datus
1700 1047 1801 1105 est
1831 1039 1901 1103 in
1931 1036 2062 1104 hoe
2092 1035 2270 1103 dono

725 1144 909 1235 quod
966 1146 1398 1235 appropriate
1454 1153 1557 1212 est
1614 1143 1907 1234 Spiritus
1972 1151 2265 1221 sanctuS,

722 1252 899 1318 sicut
964 1249 1289 1340 Magister
1359 1249 1764 1317 determinat
1808 1250 1880 1316 in
1943 1248 2040 1315 Ill
2112 1269 2272 1316 sen-

720 1357 1087 1426 tentiarum
1141 1378 1156 1425 z
1226 1357 1431 1435 unde,
1499 1357 1700 1424 Joan.
1781 1380 1878 1435 111,
1945 1357 2024 1423 16
2073 1380 2088 1424 :
2159 1356 2272 1424 Sic

724 1468 910 1533 Deus
950 1464 1199 1531 dilexit
1234 1464 1600 1543 mundum,
1646 1475 1723 1531 ut
1750 1464 2016 1532 Filium
2070 1486 2272 1531 suum

730 1573 1165 1662 uniqenitum
1206 1573 1425 1639 daret.
1491 1571 1701 1638 Filius
1758 1581 1983 1640 autem
2041 1594 2275 1639 secun-

731 1680 894 1747 dum
950 1685 1276 1747 aeternam
1335 1680 1847 1775 generationem
1896 1679 2275 1747 nonhabet

733 1787 1068 1854 rationem
1099 1785 1287 1864 doni,
1323 1786 1483 1875 quia
1512 1786 1606 1852 sic
1633 1808 1770 1852 non
1797 1794 1896 1853 est
1925 1809 1963 1852 a
2018 1784 2272 1876 Spiritu

733 1904 967 1964 sancto
1014 1917 1029 1961 ε
1071 1896 1188 1962 sed
1221 1894 1616 1986 temporalis
1643 1896 1788 1983 ejus
1834 1897 2179 1987 generatio
2236 1919 2276 1963 a

736 2003 997 2097 Spiritu
1027 2012 1094 2071 et
1124 2007 1192 2071 in
1234 2003 1493 2095 Spiritu
1533 2012 1766 2072 sancto
1796 2013 1920 2072 est.

827 2113 933 2179 An
964 2133 1163 2178 amun
1194 2111 1584 2189 dicendum,
1620 2110 1805 2201 quod
1857 2111 1913 2178 si
1969 2132 2089 2200 per
2144 2111 2277 2176 irn-

1754 330 1835 401 D.
1887 328 2087 399 ALB.
2136 326 2350 395 MAG.
2405 327 2611 398 om).
2666 329 2957 397 PRAED.

2381 501 2700 589 possibile
2775 512 3067 593 ponatur
3135 490 3433 590 Spiritus
3485 506 3755 564 sanctus
3786 519 3923 562 non

2382 631 2550 690 esse,
2585 613 2889 701 sequitur
2927 609 3110 703 quod
3151 608 3353 676 Pater
3392 615 3457 673 et
3511 605 3724 672 Filius
3784 626 3922 671 non

2381 720 2652 786 mittant
2689 730 2756 787 et
2793 720 2953 787 dent
2992 740 3299 787 amorem
3359 713 3809 805 personalem,
3853 713 3923 778 in

2383 847 2517 913 quo
2548 829 2773 894 omnia
2804 826 2936 894 alia
2966 826 3147 894 dona
3177 825 3423 893 dentur
3457 846 3471 890 :
3517 820 3635 889 sed
3690 821 3923 910 sequi-

2381 940 2511 1011 tur,
2544 933 2722 1023 quod
2758 937 2824 1000 in
2855 955 3086 1001 amore
3127 930 3466 999 essentiali
3496 929 3738 997 dentur
3793 927 3923 994 do·
3976 941 3979 942 ’

2381 1062 2491 1118 na,
2525 1045 2628 1110 cui
2663 1064 2798 1109 non
2838 1042 3155 1109 convenit
3195 1041 3397 1121 mitti,
3443 1061 3567 1106 nec
3596 1035 3922 1127 procede-

2381 1167 2451 1211 re
2483 1146 2936 1237 temporaliter
2964 1145 3047 1212 ab
3080 1146 3266 1234 ipsiS,
3302 1146 3477 1212 sieut
3515 1165 3635 1209 nec
3693 1162 3926 1216 essen-

2382 1254 2490 1319 tiae
2537 1256 2874 1321 convenit.
2921 1252 3116 1321 Unde
3182 1273 3322 1319 non
3380 1251 3705 1339 sequitur,
3741 1244 3925 1337 quod

2379 1357 2633 1448 aliquid
2697 1360 3026 1450 accipiant
3078 1381 3118 1425 a
3177 1355 3436 1448 Spiritu
3503 1363 3761 1433 sancto,
3806 1352 3922 1420 sed

2382 1465 2563 1553 quod
2630 1475 2788 1533 tune
2844 1488 2981 1533 non
3057 1467 3330 1531 mittent
3383 1485 3717 1545 amorem,
3796 1481 3920 1527 nec

2382 1579 2683 1665 procedit
2709 1600 2903 1644 amor
2942 1575 3408 1667 temporaliter
3444 1597 3458 1640 :
3492 1576 3673 1664 ,quia
3741 1570 3924 1662 quod

2382 1684 2719 1771 processio
2753 1680 3142 1772 temporalis
3172 1682 3243 1749 in
3283 1703 3355 1749 se
3410 1679 3661 1747 claudit
3724 1686 3925 1744 aeter-

2383 1790 2567 1868 nami
2628 1790 2755 1859 hoc
2809 1799 2910 1858 est
2965 1813 3049 1858 ex
3114 1788 3527 1880 proprietate
3584 1784 3919 1876 personali

2387 1896 2700 1988 SpirituS,
2736 1922 2873 1967 non
2905 1922 2985 1966 ex
3025 1897 3257 1988 aliquo
3314 1895 3577 1962 defectu
3617 1893 3922 1961 essentiae

2384 2004 2650 2075 divinae.

832 2698 918 2770 Β.
966 2698 1235 2771 Utrum
1271 2697 1536 2772 eodem
1569 2698 1865 2772 ratione
1893 2695 2235 2794 Spiritus
2253 2706 2556 2772 sanctus
2584 2686 2895 2774 dicatur?
2922 2698 3241 2793 domem,
3273 2707 3345 2773 el
3383 2699 3642 2774 datum
3671 2699 3828 2772 sive

2120 2831 2481 2908 deviatum
2518 2841 2551 2907 ?

827 3171 1214 3251 Proeterea
1243 3175 1656 3274 diligenter
1701 3174 2337 3252 considerandum
2372 3186 2488 3252 est
2518 3201 2690 3252 curn
2724 3175 3054 3275 Spiritus
3085 3184 3400 3250 sanctus
3440 3172 3742 3248 dicatur
3799 3172 3929 3248 do·

723 3333 942 3403 num,
976 3320 1052 3385 et
1089 3311 1382 3402 datum,
1433 3322 1685 3387 utrum
1722 3322 1794 3386 et
1826 3312 2091 3388 eadem
2129 3312 2417 3387 ratione
2490 3325 2897 3410 utrumque
2967 3334 3250 3387 nomen
3312 3310 3382 3385 ei
3451 3308 3860 3385 conveniat
3897 3332 3915 3383 z

721 3444 927 3542 quod
975 3444 1240 3543 utique
1282 3447 1524 3522 videri
1580 3456 1853 3546 potest.

1745 3995 1827 4066 C.
1878 3991 2129 4084 Quare
2178 3995 2280 4068 ita
2318 4019 2476 4068 esse
2517 3996 2815 4071 videtur
2833 3999 2879 4072 ἵ)

807 4364 1004 4437 Cum
1046 4364 1254 4436 euim
1302 4364 1501 4440 idem
1546 4365 1639 4438 sit
1673 4363 2039 4463 Spiritum
2083 4376 2346 4439 sanctu
2370 4391 2440 4439 ιιι
2475 4367 2661 4453 dari,
2696 4379 2766 4440 et
2800 4367 3169 4466 Spiritum
3204 4376 3556 4441 sanetum
3617 4368 3922 4453 «lunari,

730 4524 823 4575 ex
854 4498 1120 4574 eadem
1168 4499 1462 4574 ratione
1494 4498 1800 4573 videtur
1828 4499 2160 4598 Spiritus
2198 4513 2507 4575 sauctus
2536 4502 2682 4576 «livi
2717 4503 2976 4576 datum
3018 4513 3092 4577 et
3132 4501 3454 4578 «lunum.
3492 4502 3654 4577 llue
3685 4502 3915 4578 etiam

725 4634 1033 4710 videtur
1067 4633 1552 4730 Augustinus
1590 4634 2029 4729 siguificare
2070 4633 2146 4707 in
2184 4635 2371 4708 libro
2404 4635 2537 4708 XV
2567 4638 2659 4711 (le
2700 4636 3096 4729 Trinitate,
3141 4661 3315 4711 cum
3361 4637 3465 4711 ait
3507 4660 3524 4711 ε
3583 4637 3916 4736 Spiritus
3984 4676 3987 4679 ·

729 4780 1042 4849 sanctus
1099 4768 1175 4844 in
1223 4781 1518 4845 tantum
1560 4768 1849 4844 donum
1905 4768 2043 4844 Dei
2113 4779 2250 4858 est,
2324 4769 2397 4843 iu
2478 4784 2852 4869 quantum
2910 4771 3136 4847 datur
3173 4772 3288 4847 eis
3318 4770 3602 4871 quibus
3631 4770 3908 4847 datur:

733 4904 937 5006 apud
980 4927 1062 4981 se
1093 4914 1349 4980 autem
1380 4902 1594 4980 Deus
1622 4914 1764 4998 est,
1807 4901 1948 4979 etsi
1998 4902 2284 4979 nemini
2336 4903 2628 4980 datur¹.
2710 4907 2901 4982 Eece
2958 4917 3220 5007 aperte
3287 4904 3472 4981 dicit
3544 4904 3913 5005 Spiritum

717 5050 1068 5117 sanctum
1111 5039 1402 5113 donum
1440 5039 1843 5138 appellari,
1887 5037 2069 5137 quia
2109 5038 2355 5113 datur.
2403 5040 2481 5114 Si
2522 5052 2776 5118 autern
2817 5065 2911 5117 ex
2959 5065 3051 5117 eo
3131 5050 3426 5116 tanturn
3480 5043 3913 5141 appellatur

717 5175 1037 5268 donum,
1073 5173 1255 5271 quia
1283 5174 1536 5267 (latur,
1585 5196 1735 5246 non
1773 5172 1868 5245 ab
1908 5181 2198 5246 mim-nn
2231 5172 2361 5246 suit
2405 5174 2722 5269 donum,
2758 5175 2940 5272 quia
2974 5198 3125 5249 non
3159 5173 3388 5247 datur
3419 5173 3563 5249 nisi
3606 5198 3696 5250 ex
3734 5186 3913 5249 tem-

714 5331 926 5408 pore.

783 5662 801 5696 ⁸
835 5659 889 5716 S.
922 5662 1301 5733 AcccsrixuS,
1332 5662 1459 5723 Lib.
1494 5665 1586 5717 xv
1617 5664 1689 5721 de
1719 5662 2024 5733 Trinitate,
2055 5677 2184 5734 cap.
2216 5663 2301 5720 19.
