4897 6388
603 278 608 281 Δ
707 323 837 387 462

618 493 637 542 ἲ
707 513 864 582 gere
896 499 1155 559 naturae
1205 492 1537 582 superiori
1577 514 1589 558 :
1627 489 1914 558 charitas
1944 499 2042 557 est
2071 514 2251 559 crea·
2285 561 2291 566 ,

706 607 798 677 ta,
834 608 906 666 ut
935 608 1008 667 tu
1042 600 1234 684 dicis,
1271 608 1332 667 et
1365 622 1496 667 non
1533 598 1903 678 rationalis,
1938 599 2093 688 quia
2126 621 2249 667 nec

708 707 943 792 homo,
968 732 1094 777 nec
1127 708 1429 799 Angelus
1466 732 1478 774 ε
1518 731 1678 798 ergo
1713 731 1847 774 non
1875 716 2093 796 potest
2134 705 2250 772 ho-

711 818 963 884 minem
1006 818 1335 907 superiori
1361 826 1614 882 naturae
1646 817 2095 904 conjungere:
2131 813 2248 880 sed

709 924 1063 1012 conjungit
1124 944 1139 989 :
1203 945 1363 1011 ergo
1409 944 1451 989 a
1499 922 1948 988 destructione
2006 941 2247 985 conse-

711 1031 981 1119 quentis
1023 1052 1157 1096 non
1191 1039 1287 1095 est
1329 1038 1656 1096 creatura.

798 1142 861 1204 2.
909 1139 1106 1216 Item,
1179 1137 1360 1204 Nihil
1407 1139 1709 1205 essentiae
1778 1138 1977 1203 linitae
2051 1135 2252 1202 habet

705 1249 1030 1315 virtutem
1083 1246 1191 1313 vel
1249 1255 1472 1313 actum
1533 1245 1918 1312 inlinitum:
1962 1243 2251 1310 charitas

707 1355 758 1419 si
794 1363 1101 1421 creatura
1140 1361 1264 1433 est,
1298 1360 1398 1419 est
1445 1355 1753 1420 essentiae
1785 1354 1998 1444 finitaey
2028 1374 2041 1416 ;
2087 1372 2249 1440 ergo

710 1461 1080 1528 nonhabet
1119 1463 1439 1527 virtutem
1479 1459 1564 1526 ad
1605 1469 1829 1528 actum
1863 1459 2244 1526 inlinitum:

707 1569 824 1636 sed
854 1568 1059 1636 habet
1097 1570 1236 1635 vim
1281 1568 1362 1634 ad
1391 1582 1612 1635 actum
1655 1568 1989 1634 inlinitum
2026 1588 2040 1634 :
2087 1587 2248 1656 ergo

709 1698 847 1742 non
878 1685 981 1743 est
1019 1676 1330 1742 essentiae
1366 1675 1614 1742 linitae:
1661 1697 1821 1764 ergo
1851 1696 1988 1740 non
2030 1695 2252 1740 essen-

705 1785 794 1850 tia
817 1792 1067 1851 creata.
1098 1782 1461 1859 Pnonnm,
1498 1782 1680 1872 quod
1711 1780 1911 1850 habet
1939 1780 2249 1848 ellectum

704 1890 1045 1958 inlinitum
1092 1912 1106 1955 :
1143 1889 1517 1957 Rationalis
1558 1899 1796 1957 natura
1835 1898 1899 1957 et
1943 1888 2122 1955 Deus
2152 1885 2246 1954 di·

704 2005 885 2065 stant
926 1998 1238 2065 inlinite:
1295 2007 1357 2064 et
1419 2006 1644 2064 tamen
1699 2019 1816 2087 per
1852 1995 2246 2064 charitatem

702 2105 1215 2195 conjunguntur
1244 2128 1259 2172 :
1296 2127 1455 2194 ergo
1478 2103 1770 2171 charitas
1800 2114 1897 2170 est
1929 2106 2244 2171 increata.

794 2212 856 2279 3.
894 2211 1094 2288 Item,
1130 2209 1422 2277 llaeresis
1463 2209 1715 2301 Pelagii
1756 2219 1879 2289 est,
1922 2209 2105 2300 quod
2133 2207 2251 2275 ho-

705 2342 821 2387 mo
851 2342 934 2386 cx
964 2342 1037 2388 se
1069 2317 1274 2386 babet
1313 2318 1491 2386 unde
1549 2319 1805 2408 placeat
1837 2317 1981 2386 Deo
2026 2339 2041 2385 ε
2085 2338 2247 2407 ergo

712 2427 891 2496 uude
923 2426 1138 2518 placet
1170 2425 1380 2496 hoino
1421 2425 1589 2506 Deo,
1634 2425 1876 2495 melius
1903 2434 2002 2495 est
2034 2423 2252 2492 homi·

708 2557 791 2601 ue
836 2556 850 2600 :
887 2534 1006 2602 sed
1037 2534 1305 2602 nullum
1354 2533 1659 2601 accidens
1715 2531 1956 2601 melius
1983 2541 2085 2601 est
2120 2528 2251 2598 ho-

710 2645 935 2711 mine:
982 2666 1145 2734 ergo
1204 2640 1492 2711 charitas
1547 2641 1725 2710 unde
1769 2641 1983 2733 placet
2042 2639 2249 2707 homo

714 2750 882 2831 Deo,
922 2773 1060 2818 non
1108 2757 1210 2818 est
1239 2750 1548 2818 accidens
1582 2773 1596 2815 :
1629 2772 1789 2840 ergo
1820 2748 2196 2816 substantia
2229 2769 2245 2814 :

710 2867 822 2925 aut
864 2867 1112 2939 creata,
1148 2866 1264 2924 aut
1315 2858 1609 2925 increata
1656 2876 1672 2926 :
1734 2860 1787 2924 si
1842 2864 2063 2925 creata
2095 2877 2247 2945 quae

711 2964 953 3032 melior
991 2975 1088 3031 est
1150 2964 1452 3042 homine,
1505 2987 1642 3032 non
1700 2973 2089 3055 potestesse
2122 2964 2248 3030 nisi

707 3070 1014 3161 Angelus
1087 3074 1552 3152 confirmatus,
1635 3072 1815 3162 quod
1883 3072 2249 3142 absurdunt

705 3189 806 3249 est
843 3204 858 3248 :
893 3182 1056 3273 quia
1102 3204 1226 3249 nec
1262 3181 1372 3249 ille
1417 3179 1615 3249 habet
1665 3205 1746 3250 ex
1778 3207 1849 3250 se
1881 3181 2058 3252 unde
2099 3184 2249 3277 pla-

704 3309 855 3355 cere
894 3287 1033 3354 lleo
1073 3289 1283 3377 possit
1323 3311 1337 3355 :
1371 3312 1534 3378 ergo
1581 3298 1873 3379 oportet,
1922 3292 2105 3381 quod
2165 3294 2250 3373 sit

702 3394 1082 3462 substantia
1114 3397 1436 3479 increata,
1476 3405 1537 3463 et
1572 3397 1666 3463 sic
1693 3398 1813 3464 erit
1848 3396 2048 3465 Deus.

793 3505 855 3569 l.
899 3502 1095 3584 ltem,
1132 3505 1372 3571 Omnis
1421 3504 1661 3580 forma,
1709 3505 2076 3573 secuudum
2108 3507 2252 3598 opi·

709 3613 984 3681 niunem
1045 3612 1452 3692 Aristotelis,
1534 3625 1773 3703 praeter
1835 3614 2246 3683 intellectum

706 3722 1015 3789 educitur
1046 3723 1276 3814 aliquo
1320 3723 1522 3791 modo
1568 3724 1651 3790 de
1684 3726 1960 3792 materia
1999 3747 2013 3791 :
2049 3727 2103 3791 si
2134 3751 2247 3792 er-

703 3856 793 3920 go
833 3830 1128 3898 ebaritas
1158 3841 1261 3899 est
1294 3832 1534 3909 forma,
1587 3832 1876 3901 ebaritas
1929 3833 2250 3901 educetur

707 3938 788 4005 de
822 3940 1102 4007 materia
1140 3940 1304 4007 :sed
1367 3963 1500 4007 nun
1559 3940 1862 4008 educitur
1906 3942 1986 4008 de
2031 3951 2249 4009 mate-

711 4049 806 4113 ria
846 4069 861 4114 :
906 4069 1069 4138 ergo
1102 4070 1240 4115 nou
1291 4056 1388 4114 est
1424 4049 1638 4115 sorum
1683 4070 1700 4115 :
1752 4072 1912 4139 ergo
1952 4049 2242 4132 videtur,

706 4155 886 4246 quod
919 4158 1002 4222 sit
1036 4156 1413 4224 substantia
1453 4157 1680 4224 divina
1712 4158 1778 4224 iu
1821 4157 2037 4227 nobis.

795 4269 860 4331 Ξῖ.
914 4267 1110 4342 Item,
1165 4268 1404 4333 Omnis
1458 4275 1761 4333 creatura
1804 4266 2099 4354 subjecta
2149 4279 2246 4335 est

707 4377 1043 4442 vanitati:
1116 4378 1379 4443 vanitas
1436 4387 1660 4443 autem
1739 4400 1872 4443 uon
1929 4379 2241 4444 convenit

708 4483 998 4560 veritati,
1048 4491 1113 4550 et
1172 4484 1504 4573 praecipue
1553 4483 1860 4549 increata*
1905 4506 1920 4550 :
1981 4484 2033 4549 si
2085 4508 2244 4574 ergo

709 4589 1004 4660 ebaritas
1059 4601 1159 4659 est
1217 4601 1435 4661 creata
1501 4601 1567 4659 et
1634 4591 1966 4674 accidens,
2026 4594 2245 4685 magis

709 4700 913 4766 etiam
955 4699 1081 4767 erit
1109 4698 1407 4788 subjecta
1463 4700 1742 4766 vanitati
1801 4723 2004 4790 quam
2037 4699 2243 4769 liomo

707 4810 820 4898 qui
884 4816 980 4874 est
1021 4808 1440 4875 substantia:
1503 4831 1664 4897 ergo
1715 4809 1978 4875 veritati
2018 4809 2244 4898 prima*

708 4917 1123 5009 conjungere
1157 4941 1292 4986 non
1325 4927 1539 5009 potest
1584 4941 1606 4984 .·
1660 4917 1773 4985 sed
1832 4919 2178 5009 conjungit
2224 4942 2238 4986 :

706 5047 869 5116 ergo
903 5014 1182 5095 nonest
1212 5034 1514 5093 creatura
1565 5048 1580 5092 :
1625 5048 1784 5115 ergo
1822 5033 2082 5091 creator
2145 5032 2244 5091 est

705 5127 1004 5198 charitas
1033 5154 1164 5223 qua
1206 5131 1552 5221 diligimus
1583 5129 1830 5208 Deum,
1871 5139 1933 5199 et
1980 5153 2105 5198 nos
2137 5133 2244 5199 in·

703 5257 948 5303 vicem.

792 5349 858 5412 ti.
895 5346 1091 5424 ltein,
1117 5348 1364 5414 Anima
1395 5372 1511 5439 per
1532 5346 1820 5437 seipsam
1852 5349 1993 5414 sine
2023 5349 2243 5416 medio

709 5453 1005 5519 viviticat
1046 5475 1334 5543 corpus:
1377 5477 1530 5521 cum
1571 5476 1733 5544 ergo
1765 5451 1943 5522 Deus
1991 5456 2074 5522 sit
2108 5457 2247 5522 vita

706 5560 974 5633 animae,
1009 5579 1132 5647 per
1158 5560 1456 5647 seipsum
1489 5568 1587 5626 est
1615 5560 1756 5626 vita
1786 5561 2024 5626 animae
2060 5583 2074 5625 :
2129 5560 2244 5628 sed

704 5660 1000 5731 charitas
1037 5671 1137 5732 est
1166 5664 1333 5743 vita,
1378 5673 1450 5731 ut
1507 5665 1666 5732 dicit
1702 5665 2147 5754 Augustinus,
2183 5674 2247 5734 et

1703 319 1786 386 D.
1837 320 2034 386 ALB.
2090 319 2305 387 MAG.
2359 320 2566 387 ORD.
2622 320 2916 387 PRAED.

2351 490 2694 582 Magister,
2729 485 2817 561 ‘et
2862 493 3085 583 ‘Ilugo
3146 493 3228 559 de
3286 501 3521 559 sancto
3582 491 3905 558 Victore:

2355 622 2516 690 ergo
2550 600 2841 669 charitas
2872 610 2973 669 est
3006 601 3212 669 Deus.

2444 710 2508 774 7.
2577 709 2772 800 Item,
2816 709 3077 776 Natura
3131 709 3405 799 expedit
3465 731 3537 777 se
3581 708 3910 798 paucissi-

2358 816 2528 882 mis:
2575 818 2730 904 quia
2772 816 2884 882 ubi
2917 817 3168 883 suflicit
3221 840 3432 906 agens
3491 839 3736 892 unum,
3771 838 3913 882 uon

2353 924 2546 1011 ponit
2585 923 2772 990 duo:
2842 920 3003 990 cum
3056 945 3220 1013 ergo
3286 923 3586 1013 Spiritus
3635 930 3909 990 sanctus

2354 1030 2437 1095 sit
2471 1029 2822 1123 perfectior
2854 1051 3058 1118 quam
3093 1037 3360 1109 natura,
3404 1031 3549 1119 ipse
3571 1028 3911 1119 pauciori-

2354 1134 2480 1203 bus
2511 1135 2752 1202 additis
2805 1137 3247 1225 operabitur:
3311 1135 3431 1203 sed
3504 1144 3729 1226 potest
3793 1157 3912 1224 per

2355 1243 2650 1331 seipsum
2685 1265 2959 1310 movere
2999 1242 3084 1308 ad
3124 1241 3547 1333 diligendum
3591 1240 3812 1308 Deum
3847 1250 3913 1307 et

2359 1352 2744 1441 proximum
2779 1374 2794 1418 :
2841 1374 3004 1442 ergo
3044 1352 3190 1441 ipse
3227 1354 3298 1417 in
3341 1360 3533 1419 motu
3591 1349 3711 1418 illo
3771 1366 3910 1417 non

2356 1470 2583 1527 utetur
2612 1460 2835 1527 medio
2869 1459 3227 1528 habituali.

2442 1571 2507 1634 8.
2570 1568 2761 1645 ltem,
2814 1567 2963 1635 Lux
3028 1590 3150 1659 per
3205 1569 3501 1658 seipsam
3562 1567 3906 1635 illuminat

2354 1697 2577 1742 aerem
2625 1699 2638 1741 :
2674 1697 2829 1743 cum
2863 1697 3025 1764 ergo
3059 1673 3352 1742 charitas
3400 1676 3488 1741 sit
3526 1673 3646 1740 lux
3711 1696 3904 1764 quae-

2353 1780 2508 1848 dam
2544 1781 2796 1872 pellens
2826 1782 3139 1850 tenebras
3189 1780 3600 1872 spirituales,
3644 1781 3910 1847 videtur

2353 1888 2537 1980 quod
2568 1888 2751 1957 Deus
2788 1912 2909 1980 per
2971 1890 3274 1979 seipsum
3318 1889 3405 1957 sit
3451 1888 3569 1955 lux
3612 1887 3723 1955 illa
3765 1888 3910 1954 sinc

2356 1994 2580 2063 medio
2612 1995 2938 2063 habituali
2969 1995 3230 2087 aliquo,

2440 2105 2507 2170 9.
2554 2102 2745 2183 ltem,
2780 2102 3022 2171 Omnis
3053 2104 3269 2171 virtus
3324 2103 3612 2171 motoris
3653 2110 3906 2191 quanto

2354 2209 2642 2277 vicinior
2686 2218 2786 2277 est
2839 2211 3117 2295 motori,
3160 2214 3353 2279 tanto
3410 2208 3789 2299 simplicior
3842 2214 3910 2273 et

2353 2314 2649 2384 nobilior
2675 2324 2774 2384 est
2805 2338 2821 2384 :
2858 2316 2974 2385 sed
3008 2316 3195 2384 nulla
3233 2324 3336 2385 est
3368 2318 3461 2383 ita
3515 2315 3740 2382 vicina
3778 2316 3914 2382 sic-

2355 2428 2426 2488 ut
2456 2420 2572 2488 illa
2602 2421 2671 2487 in
2701 2444 2833 2512 qua
2863 2422 2932 2488 in
2964 2423 3190 2513 seipso
3231 2429 3464 2489 movet
3507 2442 3523 2488 :
3569 2440 3734 2510 ergo
3793 2417 3908 2485 illa

2353 2540 2455 2600 est
2477 2531 2944 2601 nobilissima:
3019 2531 3316 2623 Spiritus
3364 2541 3594 2600 autem
3636 2539 3908 2598 sanctus

2354 2647 2455 2708 est
2486 2647 2706 2707 motor
2736 2639 2983 2706 animae
3022 2661 3037 2707 :
3079 2662 3246 2730 ergo
3286 2638 3717 2706 nobilissimo
3753 2660 3908 2703 mo-

2356 2759 2424 2817 tu
2458 2746 2759 2816 movebit
2787 2749 3012 2837 seipso
3048 2769 3065 2815 :
3107 2747 3227 2815 sed
3256 2744 3727 2815 nobilissimus
3766 2768 3909 2813 ino·

2356 2865 2464 2923 tus
2503 2864 2600 2921 est
2658 2853 3005 2922 charitatis
3061 2863 3305 2921 actus:
3362 2877 3527 2943 ergo
3572 2851 3706 2920 ,illo
3753 2861 3906 2920 actu

2355 2976 2672 3058 operatur
2712 2967 2961 3056 seipso,
3004 2975 3070 3034 et
3099 2988 3239 3034 non
3263 2963 3500 3033 habitu
3526 2964 3782 3055 aliquo.

2456 3079 2555 3145 ¹0.
2600 3075 2795 3153 Item,
2845 3075 3035 3165 Opus
3084 3073 3527 3144 recreationis
3557 3073 3758 3142 debet
3802 3096 3909 3141 re·

2355 3183 2688 3276 spondere
2720 3185 2906 3274 operi
2940 3183 3310 3252 creationis
3348 3191 3416 3251 et
3455 3180 3913 3250 beatificatio-

2357 3294 2519 3362 nis:
2582 3293 2696 3360 sed
2755 3293 2978 3383 seipso
3039 3293 3323 3369 creavit,
3367 3300 3434 3359 et
3490 3291 3718 3380 seipso
3771 3291 3916 3356 sine

2357 3400 2580 3469 medio
2631 3398 3087 3468 beatificabit:
3169 3421 3335 3490 ergo
3393 3398 3600 3466 etiam
3659 3403 3913 3464 recreat

2353 3509 2575 3599 seipso
2607 3510 2750 3575 sine
2781 3507 3033 3576 medio.

2448 3625 2637 3701 lteni,
2685 3623 3038 3691 ltecreatio
3079 3624 3421 3715 przecipue
3479 3623 3788 3692 consistit
3841 3623 3907 3689 in

2353 3730 2677 3799 charitate
2708 3754 2858 3822 qum
2912 3730 3157 3799 dividit
3207 3732 3384 3798 inter
3412 3730 3594 3798 tilios
3622 3729 3811 3819 regni
3842 3738 3908 3796 et

2357 3838 2777 3929 perditionis,
2836 3845 2912 3904 ut
2977 3837 3151 3904 infra
3209 3837 3371 3904 dicit
3450 3837 3517 3904 in
3587 3838 3849 3905 Littera
3892 3859 3916 3902 .·

2354 3967 2516 4034 ergo
2541 3943 2834 4012 charitas
2873 3966 3188 4012 recreans
3221 3953 3323 4011 est
3346 3944 3490 4034 ipse
3523 3942 3730 4011 Deus.

2450 4054 2551 4121 ll.
2607 4051 2799 4130 ltem,
2864 4050 3232 4141 pelagiana
3300 4049 3581 4118 haeresis
3638 4050 3911 4117 videtur

2354 4160 2625 4235 babere,
2661 4161 2842 4251 quud
2901 4158 3131 4250 aliqua
3171 4168 3481 4227 creatura
3536 4158 3748 4249 possit
3786 4180 3906 4248 per

2353 4297 2423 4340 se
2453 4270 2771 4360 conjungi
2812 4268 2995 4338 Deo:
3058 4268 3228 4336 nibil
3287 4278 3519 4336 autem
3548 4269 3899 4359 conjungit

2352 4378 2606 4469 aliquid
2660 4379 2799 4445 Deo
2853 4379 2980 4443 nisi
3040 4379 3262 4467 ipsum
3313 4400 3437 4467 per
3483 4400 3555 4444 se
3619 4376 3762 4444 Deo
3818 4377 3903 4442 sit

2351 4488 2789 4575 conjunctum
2827 4507 2844 4551 ε
2879 4509 3043 4577 ergo
3080 4484 3448 4578 pelagiana
3479 4484 3760 4555 hren-esis
3809 4495 3909 4554 est

2352 4594 2597 4672 dicere,
2625 4595 2806 4686 quod
2834 4594 3263 4685 conjungens
3292 4616 3421 4661 nos
3455 4593 3598 4662 Deo
3627 4594 3714 4662 sit
3730 4616 3908 4662 crea·

2353 4711 2496 4768 tum
2543 4724 2558 4769 :
2592 4700 2882 4768 charitas
2912 4709 3145 4768 autem
3167 4701 3525 4792 conjungit
3556 4722 3684 4768 nos
3717 4699 3895 4767 Deo:

2351 4833 2515 4900 ergo
2547 4809 2911 4900 l‘elagiana
2944 4807 3226 4877 liaeresis
3276 4817 3376 4876 est
3427 4808 3651 4877 dicere
3682 4807 3902 4876 cbari-

2350 4926 2555 4987 tatem
2588 4939 2720 5008 qua
2761 4915 2978 4984 Deum
3021 4924 3085 4983 et
3143 4938 3272 4984 nos
3319 4913 3695 5006 diligimus,
3757 4938 3903 4983 esse

2352 5023 2656 5092 habitum
2690 5031 3021 5092 creatum.

2445 5135 2549 5199 12.
2587 5131 2778 5211 ltem,
2813 5129 2997 5198 Nihil
3039 5129 3197 5197 facit
3229 5127 3584 5198 hominem
3634 5139 3701 5199 et
3736 5154 3908 5222 opus

2352 5240 2497 5327 ejus
2534 5238 2761 5306 valere
2798 5239 3400 5318 vitamaeternam,
3470 5238 3603 5305 nisi
3664 5237 3908 5306 melius

2349 5348 2487 5414 vita
2521 5354 2771 5413 mterua
2803 5343 2908 5411 vel
2941 5342 3362 5434 aequivalens
3410 5343 3506 5410 illi
3545 5366 3561 5411 :
3610 5343 3908 5412 charitas

2352 5454 2506 5522 facit
2547 5453 2897 5521 bominem
2937 5460 3005 5518 et
3035 5474 3210 5542 opus
3249 5451 3396 5538 ejus
3429 5451 3654 5520 valere
3693 5454 3905 5519 vitam

2352 5567 2672 5627 aeternam
2719 5578 2734 5626 :
2778 5579 2942 5647 ergo
2991 5566 3094 5624 est
3150 5555 3410 5647 aliquid
3470 5556 3713 5626 melius
3769 5556 3909 5624 vita

2355 5674 2607 5734 aeterna
2656 5663 2762 5731 vel
2808 5662 3232 5754 aequivalens
3278 5661 3427 5732 illi:
3480 5663 3654 5733 nihil
3682 5672 3911 5734 autem
