4897 6388
548 357 552 361 ·
625 277 760 440 96⁸v

1944 461 1979 485 ⁴⁹-
2028 479 2032 484 ,

1076 811 1582 883 An'rlctJLUS
1632 809 1717 874 V.

621 1035 731 1100 An
754 1054 879 1122 per
906 1039 1296 1098 creaturam
1326 1025 1573 1093 mundi
1604 995 1841 1091 debeo-t
1881 950 2186 1112 iri'cezliqi

1266 1136 1467 1202 lzomo
1496 1131 1536 1200 P

708 1459 970 1529 Deinde
1036 1460 1361 1550 quaeritur
1406 1456 1489 1524 de
1547 1455 1678 1523 hoc
1736 1453 1920 1544 quod
1966 1453 2175 1521 dicit:

619 1597 650 1632 «
686 1572 823 1637 Per
860 1575 1253 1635 creaturam
1306 1564 1556 1632 mundi
1601 1563 2027 1653 inlelliqilur
2066 1562 2182 1628 ho·

611 1698 748 1758 mc,
796 1683 924 1743 etc.
962 1702 996 1738 »

697 1784 760 1849 1.
797 1781 1092 1850 Videtur
1157 1782 1340 1847 enim
1388 1777 1697 1869 Angelus
1744 1776 2025 1844 homine
2070 1797 2181 1843 ex·

602 1886 958 1955 cellentior
1001 1910 1016 1954 ε
1063 1895 1210 1953 tum
1264 1893 1544 1976 propter
1591 1883 2088 1973 separationem
2140 1901 2180 1946 a

604 2015 892 2083 corpore
932 2016 947 2060 ε
983 1993 1146 2083 quia
1188 2014 1435 2082 corpus
1466 1989 1656 2081 quod
1680 1989 2172 2078 corrumpitur,

601 2108 946 2190 aqqravat
1005 2099 1342 2176 animam,
1387 2108 1450 2164 et
1497 2106 1767 2163 terrena
1821 2091 2179 2162 inhabita-

598 2210 695 2276 tio
724 2206 1055 2299 deprimit
1082 2229 1360 2275 sensum
1389 2204 1619 2273 mulla
1660 2203 2074 2295 ceqitantcm
2108 2210 2124 2245 ¹
2151 2236 2177 2283 ,-

532 2305 533 2308 ¹
596 2323 748 2383 tum
779 2316 987 2384 etiam
1016 2313 1172 2383 ideo
1204 2317 1366 2406 quia
1396 2312 1705 2404 Angelus
1734 2319 1836 2380 est
1866 2310 2181 2401 signacu-

599 2423 742 2491 lum
790 2424 1266 2492 similitudinis
1322 2423 1475 2504 Dei,
1535 2421 1746 2490 homo
1804 2428 2034 2488 autem
2092 2417 2176 2485 ad

597 2530 978 2622 imaginem
1034 2539 1326 2598 tantum.
1398 2530 1483 2598 Et
1549 2526 1713 2596 dicit
1774 2526 2170 2618 Gregorius,

597 2636 784 2728 quod
814 2639 1152 2727 majorem
1184 2636 1703 2706 similitudinem
1746 2633 1909 2703 dicit
1936 2635 2173 2725 signa-

595 2740 859 2823 culum,
924 2767 1135 2836 quam
1195 2745 1451 2836 imago.
1516 2743 1593 2811 Si
1649 2742 1822 2811 forte
1880 2741 2165 2819 dicatur,

592 2849 778 2940 quod
816 2853 1047 2920 anima
1108 2852 1460 2920 rationalis
1526 2873 1649 2942 per
1703 2848 2016 2918 accidens
2068 2860 2171 2920 est

594 2951 1026 3051 incorpore,
1077 2961 1359 3045 scilicet,
1419 2969 1495 3028 ut
1550 2960 1620 3027 in
1678 2958 1827 3050 ipso
1883 2953 2170 3049 accipiat

599 3069 942 3151 scientias,
976 3080 1043 3140 et
1072 3073 1383 3141 virtutes.
1421 3069 1564 3139 {loc
1605 3067 1773 3137 nihil
1803 3077 1904 3138 est
1942 3088 1961 3137 t
2006 3068 2166 3158 quia

599 3176 913 3248 accidens
942 3203 1083 3248 non
1114 3187 1216 3248 est
1248 3179 1467 3249 forma
1486 3174 1951 3247 substantialis
1981 3197 2168 3245 com-

596 3287 800 3378 positi
858 3312 875 3357 τ
937 3291 1170 3358 anima
1227 3297 1456 3357 autem
1524 3285 1872 3356 rationalis
1946 3285 2165 3354 forma

591 3393 1065 3466 substantialis
1097 3407 1200 3467 est
1231 3395 1557 3475 bominis,
1600 3395 1796 3485 cujus
1828 3416 1985 3486 pars
2014 3415 2167 3461 ma-

589 3502 848 3572 terialis
892 3513 995 3573 est
1042 3528 1317 3595 corpus.
1371 3505 1733 3583 Praeterea,
1785 3501 1916 3571 boc
1989 3509 2165 3570 esset

589 3609 904 3680 mirabile
946 3612 1265 3681 accidens
1303 3620 1581 3703 propter
1626 3608 1813 3701 quod
1853 3610 2161 3700 incorpo-

590 3725 803 3798 retur,
855 3742 1012 3788 cum
1060 3720 1208 3790 sine
1253 3741 1539 3812 corpore
1579 3716 1787 3787 modo
1841 3715 2161 3786 nobiliori

589 3824 909 3894 scientias
938 3835 1005 3896 et
1032 3827 1320 3895 virtutes
1347 3827 1564 3918 possit
1593 3826 1924 3915 accipere.

680 3934 748 4004 2.
785 3932 985 4020 ltem,
1040 3932 1357 4003 Secunda
1397 3935 1570 4002 ratio
1609 3933 1815 4001 etiam
1853 3930 1982 3999 soli
2031 3929 2163 3998 ho-

592 4040 763 4108 mini
804 4063 945 4109 non
974 4041 1249 4111 videtur
1287 4040 1657 4111 convenire
1689 4063 1707 4109 t
1743 4039 1905 4130 quia
1953 4038 2159 4105 etiam

594 4152 916 4219 convenit
962 4151 1272 4245 Angelis,
1308 4154 1466 4243 quia
1521 4150 1827 4244 Angelus
1863 4157 1965 4219 est
2001 4171 2159 4218 cum

1632 293 1718 395 n.
1768 321 1970 394 ALB.
2022 322 2241 391 MAG.
2276 321 2498 390 om).
2553 323 2847 391 PRAED.

2291 495 2708 584 simplicibus
2748 505 2815 563 et
2861 479 3090 563 mixtis
3137 503 3213 562 ut
3251 489 3717 566 mineralibus,
3769 498 3838 558 et

2289 601 2457 666 vivit
2504 623 2656 666 cum
2713 601 3094 681 arboribus,
3139 610 3205 667 et
3248 597 3667 667 sensibilium
3711 594 3838 661 ha-

2292 707 2399 774 bet
2431 709 2890 797 cognitionem
2930 731 3085 774 cum
3134 707 3373 786 brutiS‚
3409 716 3474 775 et
3523 703 3837 793 intelligit

2292 839 2443 883 cum
2505 816 2894 884 hominibus
2947 839 2961 881 ε
3013 825 3078 883 et
3142 818 3239 884 sic
3286 817 3503 884 ambae
3544 815 3836 882 rationes

2292 925 2705 992 conveniunt
2742 924 2827 1001 ei,
2872 931 2946 989 ut
2983 922 3271 990 videtur.

2382 1134 2687 1203 Somno.
2743 1133 3374 1224 Dicendun1‚·quod
3421 1132 3630 1199 homo
3678 1155 3834 1199 con-

2292 1243 2622 1311 sideratur
2668 1242 3041 1332 tripliciter,
3102 1242 3357 1310 scilicet
3413 1241 3833 1331 reputatione

2291 1349 2545 1427 divina,
2598 1358 2664 1417 et
2710 1351 2778 1416 in
2821 1349 3094 1439 propria
3151 1357 3413 1428 natura,
3474 1356 3539 1415 et
3582 1348 3648 1413 in
3706 1346 3835 1414 [ine

2292 1479 2440 1547 quae
2500 1465 2599 1524 est
2653 1456 2999 1524 beatitudo
3058 1465 3335 1524 aeterna.
3390 1456 3838 1544 Reputatione

2290 1565 2520 1632 divina
2549 1565 2944 1654 dignissima
2999 1575 3461 1633 creaturarum
3512 1572 3636 1645 est,
3682 1565 3838 1652 quia

2290 1673 2472 1740 Deus
2526 1682 2790 1740 tantum
2841 1681 3153 1739 naturam
3219 1694 3412 1739 suam
3472 1672 3831 1760 reputavit,

2289 1780 2472 1869 quod
2509 1779 2722 1868 ipsam
2771 1779 3138 1867 assumpsit
3171 1802 3186 1846 :
3221 1777 3426 1860 unde,
3464 1776 3641 1844 l‘sal.
3692 1799 3831 1854 vm,

2287 1890 2326 1956 5
2362 1910 2377 1954 :
2418 1888 2604 1970 Quid
2629 1899 2725 1955 est
2760 1886 2985 1965 home,
3021 1885 3208 1976 quod
3250 1894 3527 1976 reputas
3571 1908 3724 1952 eum
3751 1885 3772 1918 ⁸
3799 1883 3839 1951 ἶ)

2286 1996 2370 2063 Et
2417 1997 2744 2087 sequitur,
2799 2003 2863 2071 5.
2898 1996 2938 2062 6
2986 1995 3358 2063 :Minuisti
3403 2016 3558 2061 eum
3615 1993 3837 2084 paulo

2293 2104 2520 2170 minus
2564 2102 2650 2169 ab
2677 2101 2988 2193 Anqelis,
3026 2100 3260 2192 qloria
3298 2110 3362 2168 el
3397 2100 3670 2178 honore,
3706 2107 3831 2167 etc.

2291 2210 2367 2276 ln
2398 2220 2638 2277 natura
2666 2217 2894 2277 autem
2943 2209 3216 2299 propria
3261 2209 3408 2276 sine
3447 2206 3835 2299 praejudicio

2287 2318 2463 2400 dico,
2497 2319 2679 2410 quod
2719 2318 2994 2387 inferior
3020 2327 3119 2387 est
3149 2317 3440 2409 Angelo‚
3474 2317 3649 2385 sicut
3690 2338 3839 2407 pro·

2287 2426 2401 2494 bat
2438 2426 2755 2515 objectio.
2790 2424 2868 2492 In
2900 2425 3033 2493 tine
3074 2435 3301 2492 autem
3340 2423 3831 2504 consideratus,

2283 2531 2562 2610 scilicet,
2612 2534 2682 2600 in
2722 2529 3159 2608 beatitudine,
3202 2529 3468 2621 Angelo
3508 2552 3630 2619 par
3677 2538 3776 2597 est
3813 2550 3830 2596 ε

2284 2640 2442 2730 quia
2493 2639 2722 2707 statuit
2799 2639 3130 2707 terminos
3183 2635 3593 2730 populorum
3634 2638 3835 2724 juxta

2281 2770 2642 2816 numerum
2681 2746 3104 2837 Angelorum
3153 2745 3278 2813 Dei
3319 2756 3366 2811 ³.
3401 2743 3507 2811 Ad
3547 2743 3834 2833 dignita-

2278 2864 2378 2924 tes
2426 2856 2607 2922 enim
2647 2852 3068 2944 Angelorum
3107 2861 3550 2920 assumuntur
3596 2849 3831 2917 bomi-

2276 2987 2418 3032 nes.
2450 2961 2717 3041 Unde,l
2761 2962 2930 3054 lleg.
2969 2984 3041 3041 ιι,
3077 2963 3118 3029 8
3155 2984 3171 3030 2
3203 2963 3512 3030 Suscita!
3560 2961 3646 3026 de
3665 2961 3830 3050 pul·

2274 3094 2423 3138 vere
2448 3091 2758 3160 cycnum,
2791 3078 2856 3136 et
2883 3069 2967 3135 de
2999 3078 3289 3136 stercore
3318 3068 3536 3135 elevat
3553 3088 3827 3157 paupe-

2274 3201 2439 3257 rem,
2477 3188 2552 3247 ut
2576 3177 2803 3245 sedeat
2834 3199 2987 3245 cum
3010 3174 3468 3269 principibus,
3511 3184 3640 3242 etc.

2362 3287 2464 3353 An
2513 3309 2575 3353 m
2613 3285 2794 3377 quod
2850 3284 3166 3373 objicitur
3220 3282 3302 3351 de
3349 3282 3483 3350 alia
3532 3282 3813 3364 ratione,

2272 3393 2628 3462 dicendum
2673 3391 2852 3483 quod
2891 3391 3197 3482 Angelus
3225 3390 3450 3481 quoad
3489 3389 3821 3457 essentia-

2271 3500 2362 3569 lia
2414 3501 2541 3568 sibi
2600 3522 2738 3569 non
2794 3497 2998 3568 habet
3062 3499 3609 3567 convenientiam
3662 3520 3817 3565 cum

2270 3611 2456 3678 otnni
2516 3617 2823 3678 creatura
2865 3632 2881 3677 ε
2929 3609 3091 3699 quia
3146 3631 3302 3676 cum
3354 3606 3821 3698 corporalibus

2271 3742 2408 3786 non
2440 3715 2644 3787 babet
2673 3717 3245 3785 convenientiam.
3281 3714 3360 3782 ln
3391 3713 3667 3783 bomine
3699 3736 3825 3781 au—

2268 3835 2404 3893 tem
2436 3824 2786 3893 salvantur
2822 3823 3156 3915 simplicia
3196 3824 3264 3891 in
3294 3821 3724 3898 humoribus,
3758 3829 3823 3889 et

2271 3936 2508 4009 mixta,
2561 3941 2626 4000 et
2676 3933 3224 4025 complexionata
3278 3955 3398 4023 per
3442 3929 3826 3998 similitudi-

2272 4066 2431 4111 nem
2467 4044 2788 4111 materiae.

972 4562 1061 4637 B.
1096 4559 1380 4636 Prima
1404 4561 1631 4656 ralia,
1668 4561 1795 4639 vel
1818 4562 2090 4640 modus
2119 4563 2495 4665 quomodo
2511 4564 2766 4662 poluit
2794 4567 3152 4659 coquom·
3204 4565 3439 4640 Deus,

700 4878 902 4954 Nam
945 4876 1148 4951 sicut
1202 4874 1303 4949 ait
1345 4875 1801 4951 Ambrosius
1846 4900 1862 4951 ε
1912 4876 2011 4951 Ut
2051 4877 2258 4952 Deus
2325 4879 2458 4976 qui
2521 4889 2793 4952 natura
2855 4876 3267 4951 invisibilis
3317 4889 3458 4967 est,
3494 4879 3720 4954 etiam
3775 4903 3820 4953 a

607 5012 1047 5089 visibilibus
1088 5021 1346 5110 posset
1378 5011 1585 5106 sciri,
1620 5036 1818 5111 opus
1859 5012 2029 5087 fecit
2073 5013 2274 5111 quod
2332 5013 2684 5112 opificem
2729 5012 3169 5088 visibilitate
3203 5013 3322 5087 sui
3378 5015 3821 5090 manifesta-

601 5149 709 5223 vit
748 5171 765 5224 ε
804 5156 888 5222 ut
918 5169 1058 5245 per
1096 5157 1426 5241 certum,
1476 5146 1848 5225 incertum
1886 5158 2142 5247 posset
2185 5149 2359 5224 sciri
2399 5173 2414 5224 ε
2454 5161 2520 5224 et
2567 5149 2694 5224 ille
2735 5149 2945 5223 Deus
2970 5148 3319 5222 omnium
3355 5173 3521 5226 esse
3554 5152 3820 5229 crede-

674 5411 697 5446 ⁸
724 5410 989 5483 Sapient.
1017 5428 1101 5482 ux,
1132 5413 1223 5468 ⁴5.

673 5500 696 5535 ⁸
730 5499 976 5573 Vulgata
1003 5501 1182 5559 habet
1216 5518 1230 5556 :
1262 5501 1407 5568 Quid
1428 5508 1506 5556 cst
1535 5502 1714 5569 horno,
1748 5502 1899 5575 quod
1926 5518 2131 5557 memor
2151 5519 2206 5559 es
2232 5503 2351 5574 ejas
2370 5507 2399 5559 ?

672 5591 694 5625 '⁸
735 5591 984 5664 vulgata
1033 5591 1235 5656 habet,
1296 5592 1527 5648 Denter.
1584 5608 1761 5661 xxxn,
1792 5593 1864 5650 8:
1899 5592 2276 5649 Auissae'mus...
2327 5596 2608 5650 consenuit
2648 5593 3270 5665 1e1w511051m1u1‹0›·um
3309 5595 3485 5665 juxta
3527 5612 3814 5651 nnmerum

603 5680 851 5756 filiorum
877 5682 1072 5741 Israel.

3913 1175 4113 1224 solutio.

3937 3322 4014 3368 Ad
4042 3321 4083 3370 2.
