4897 6388
1859 198 1951 317 m
2002 251 2029 317 1
2081 249 2511 317 sumans.
2566 249 2796 318 nis'r.
2851 249 2937 328 v,
2994 249 3085 328 Μ,
3136 251 3333 319 ART.
3393 254 3497 320 10.
3561 329 3569 339 ‚
4151 246 4274 315 193

1064 407 1564 494 confirmatur
1600 419 1830 494 etiam
1873 443 1966 494 ex
2008 442 2097 493 eo
2132 419 2340 518 quod
2373 420 2450 494 in
2485 383 2682 497 libro
2716 422 2808 499 de
2846 424 3222 499 Trinitate
3255 449 3271 483 ¹
3316 423 3518 498 idem
3560 421 3664 496 ait
3699 445 3713 494 :
3763 419 3975 493 Sicut
4014 429 4276 495 nostra

1061 550 1384 627 seientia
1424 552 1764 627 seientiae
1797 552 1966 646 Dei,
1993 553 2102 628 sic
2135 564 2210 629 et
2232 565 2584 631 nostrum
2617 558 2944 631 verbum
2979 557 3185 655 quod
3224 556 3563 630 nascitur
3602 555 3694 630 de
3724 564 3982 628 nestra
4021 554 4276 628 seien-

1062 685 1188 780 tia,
1234 688 1603 762 dissimile
1646 696 1760 762 est
1791 687 1898 762 illi
1931 689 2186 764 Verbo
2221 690 2386 777 Dei,
2429 693 2635 787 quod
2680 701 2947 766 natum
2992 702 3107 767 est
3147 693 3239 767 de
3274 691 3522 766 Patris
3555 691 3907 765 essentia.
3953 689 4128 764 Tale
4160 699 4279 763 est

949 819 954 824 ’
1063 800 1317 898 autern
1364 846 1451 896 ae
1493 823 1553 898 si
1605 823 1917 919 diceret,
1979 826 2070 901 de
2125 826 2377 900 Patris
2419 825 2768 919 seientia,
2824 827 2917 902 (le
2984 828 3234 902 Patris
3285 827 3712 926 sapientia:
3750 828 3894 913 vel,
3927 824 4132 924 quod
4163 833 4280 899 est

1065 959 1532 1057 expressius,
1572 960 1664 1035 de
1698 961 1922 1036 Patre
1957 962 2322 1056 essentia,
2356 962 2450 1037 de
2494 962 2720 1037 Patre
2763 963 2971 1038 scien
2989 963 3114 1057 tia,
3161 964 3254 1039 de
3286 965 3511 1040 Patre
3553 962 3953 1062 sapientia.
3986 963 4094 1036 Ex
4135 961 4279 1034 hee

1014 1069 1019 1072 ’
1063 1094 1321 1194 itaque
1356 1096 1776 1192 intellectu,
1821 1097 2161 1173 Verbum
2205 1098 2347 1174 Dei
2383 1098 2633 1172 Patris
2695 1098 3147 1196 unigenitus
3189 1101 3431 1176 Filius
3473 1099 3894 1200 peremnia
3934 1097 4140 1172 Patri
4173 1095 4280 1171 si-

1066 1231 1270 1306 milis
1310 1242 1385 1307 et
1423 1233 1774 1331 aequalis,
1813 1242 2016 1308 reete
2057 1233 2338 1308 dieitur
2367 1234 2582 1308 Deus
2625 1233 2718 1308 de
2752 1234 2945 1328 Dee,
2990 1234 3252 1311 lumen
3288 1235 3381 1311 de
3416 1234 3737 1327 lumine,
3773 1231 4148 1332 sapientia
4185 1230 4279 1315 de

1066 1368 1472 1468 sapientia,
1509 1369 1843 1444 essentia
1873 1370 1966 1445 de
2008 1369 2345 1446 essentia
2390 1393 2404 1443 ε
2444 1368 2631 1466 quia
2684 1371 2829 1444 hoe
2877 1381 2994 1446 est
3035 1373 3355 1447 omnino
3399 1372 3604 1471 quod
3657 1372 3906 1462 Pater,
3973 1392 4126 1444 non
4163 1376 4279 1442 ta-

940 1483 958 1517 ²
1067 1526 1244 1577 men
1280 1502 1508 1579 Pater
1542 1527 1557 1577 :
1605 1503 1788 1601 quia
1815 1503 1955 1579 iste
1999 1504 2264 1598 Filius,
2303 1503 2431 1578 ille
2463 1502 2716 1577 Pater.

1603 1949 1708 2023 M.
1761 1945 2013 2039 Quare
2068 1948 2394 2026 Verbum
2434 1949 2702 2025 Patris
2741 1949 3048 2025 dicatur
3074 1946 3329 2024 Filius
3360 1950 3718 2025 naturae?

1165 2297 1348 2373 lnde
1376 2305 1517 2391 est,
1563 2296 1768 2394 quod
1809 2296 2021 2371 solus
2056 2293 2507 2391 unigenitus
2538 2294 2677 2370 Dei
2713 2294 2995 2369 dieitur
3048 2305 3327 2371 natura
3379 2297 3643 2392 Filius,
3706 2298 3885 2397 quia
3925 2297 4270 2396 ejusdem

1062 2444 1361 2509 natura}
1394 2442 1534 2527 est,
1580 2441 1656 2506 et
1692 2432 1961 2507 eadem
1996 2441 2275 2506 natura
2306 2439 2421 2506 est
2462 2454 2639 2505 eum
2685 2431 2937 2505 Patre.
2979 2429 3200 2506 Unde
3246 2431 3585 2508 Hilarius
3616 2432 3692 2508 in
3736 2435 3927 2509 libro
3976 2434 4148 2509 xlv
4178 2434 4273 2511 (le

1069 2571 1470 2664 Trz‘nilate,
1514 2570 1606 2645 de
1639 2568 1940 2645 Christo
1982 2569 2336 2667 loquens,
2394 2568 2497 2642 ait
2535 2593 2551 2644 :
2616 2567 2913 2642 Natura
2957 2568 3195 2643 Filius
3228 2578 3370 2664 est,
3435 2570 3618 2668 quia
3666 2573 4009 2648 eamdem
4063 2582 4280 2649 natu-

1062 2730 1227 2781 ram
1270 2729 1502 2806 quam
1548 2704 1671 2780 ille
1713 2704 1843 2803 qui
1877 2703 2170 2803 genuit,
2220 2704 2477 2779 hahet.

2721 3007 2864 3098 ipse
2905 3009 2993 3076 sit
3030 3008 3113 3077 de
3164 3010 3432 3078 nihilo?
3472 3011 3553 3080 Et
3591 3013 3884 3097 videtur,
3938 3011 4121 3104 quod
4176 3010 4273 3079 sie

2725 3139 2843 3207 per
2877 3120 3350 3186 auctoritatem
3410 3121 3772 3213 Augustini
3820 3143 4022 3211 supra
4082 3117 4277 3188 habi·

2723 3233 2864 3292 tam
2913 3249 2928 3294 :

1520 3325 2021 3396 ARTlCULUS
2070 3324 2159 3396 X.
2824 3338 2880 3403 l.
2921 3337 2992 3403 Si
3034 3337 3116 3406 de
3149 3339 3335 3407 nulla
3355 3340 3730 3409 substantia
3771 3351 3870 3409 est
3897 3339 4143 3409 Filius:
4171 3363 4272 3410 er-

2724 3467 2813 3535 go
2858 3444 2940 3514 de
2988 3447 3205 3516 nihilo
3262 3456 3359 3516 est
3422 3448 3628 3517 Filius
3689 3473 3703 3516 :
3766 3473 3925 3540 ergo
3984 3473 4141 3519 eum
4186 3449 4269 3519 de

1067 3543 1312 3612 [strunt
1345 3544 1562 3634 pos-51⁶!
1601 3541 1761 3621 dici,
1793 3542 2020 3609 Filius
2065 3551 2161 3608 OS!
2199 3541 2285 3609 de
2325 3540 2549 3608 ΝῘῘΝἹΟ
2588 3565 2610 3608 .·
2727 3553 2913 3620 nulla
2953 3554 3329 3624 substantia
3369 3566 3467 3626 est
3514 3557 3736 3642 Pater,
3788 3558 3869 3628 (10
3920 3557 4132 3627 nihilo
4173 3566 4271 3627 est

1204 3660 1270 3718 el
1298 3652 1643 3728 similiter,
1681 3654 1889 3719 I’ater
1924 3661 2019 3719 est
2057 3653 2140 3717 de
2176 3648 2401 3717 m‘leilo
2430 3649 2471 3716 :²
2730 3658 2952 3731 Pater.

2813 3768 2880 3834 2.
2922 3766 3115 3847 ltem,
3169 3768 3372 3838 Pater
3413 3779 3513 3838 est
3553 3770 3638 3840 de
3687 3771 3917 3839 nullo:
3965 3794 4126 3862 ergo
4170 3779 4274 3841 est

2728 3873 2810 3940 de
2843 3873 3085 3943 nihilo.

1159 3990 1417 4061 Deinde
1466 3989 1790 4080 quaeritur
1827 3988 1909 4055 de
1968 3986 2071 4054 his
2110 4009 2263 4077 quae
2296 3986 2616 4054 dicuntur
2817 3985 2882 4048 3.
2925 3982 3120 4067 ltem,
3156 3982 3356 4053 Pater
3393 4009 3531 4054 non
3570 3996 3671 4054 est
3718 3987 3798 4055 (le
3840 3986 4065 4078 aliquo
4098 4010 4272 4056 neu-

1068 4104 1138 4170 in
1179 4100 1293 4169 illo
1322 4097 1643 4191 capitulo,
1691 4123 1722 4159 α
1771 4094 2168 4164 ostenditur
2213 4116 2486 4184 quoque
2531 4116 2617 4160 ea·
2728 4090 2988 4159 traliter
3022 4114 3227 4181 :ergo
3277 4091 3358 4161 de
3389 4093 3628 4162 nihilo.

1069 4209 1218 4279 illis
1257 4207 1494 4283 verbis,
1530 4214 1657 4274 etc.
1688 4228 1721 4268 n
1758 4203 2001 4272 L'trum
2045 4200 2253 4268 Filius
2284 4200 2366 4268 de
2398 4200 2613 4268 nihilo
2817 4200 3132 4266 Cesum:
3192 4200 3411 4269 Onine
3463 4200 3646 4292 quod
3718 4202 3799 4272 de
3858 4201 4071 4272 nihilo
4139 4213 4263 4288 est,
4359 4217 4556 4266 eontra.

1067 4318 1178 4400 sit,
1210 4314 1319 4383 vel
1359 4336 1497 4380 non
1520 4313 1555 4378 ⁶?
1587 4311 1869 4379 Videtur
1898 4316 2124 4377 autem
2157 4308 2341 4399 quod
2372 4309 2468 4375 sic
2506 4331 2521 4375 :
2730 4315 3034 4375 creatum
3067 4316 3189 4384 est,
3227 4316 3291 4375 et
3323 4308 3657 4387 vertibile,
3692 4319 3761 4377 ut
3814 4311 4269 4382 Damascenus

1166 4426 1224 4490 Ι.
1261 4421 1461 4503 Quod
1493 4421 1671 4487 enim
1714 4419 1795 4486 de
1836 4416 2022 4485 nulla
2055 4418 2339 4485 materia
2370 4417 2614 4507 proeja·
2730 4414 2931 4483 dicit:
2998 4414 3200 4483 Pater
3268 4438 3432 4507 ergo
3480 4417 3534 4483 si
3584 4426 3684 4485 est
3752 4416 3833 4484 de
3884 4418 4120 4499 nihile,
4171 4429 4272 4488 est

1070 4542 1265 4604 cente
1295 4540 1423 4614 est,
1454 4530 1534 4598 de
1568 4527 1780 4595 nihilo
1820 4536 1918 4594 est
1964 4549 1978 4594 ε
2027 4525 2232 4592 Filius
2291 4524 2373 4592 de
2427 4524 2616 4591 nulla
2731 4531 2997 4592 creatus
3045 4532 3112 4592 et
3165 4523 3520 4593 vertibilis,

1073 4641 1354 4710 materia
1388 4638 1783 4728 praejacente
1840 4642 1940 4702 est
1984 4657 2000 4702 :
2062 4654 2222 4721 ergo
2284 4630 2494 4698 Filius
2533 4633 2615 4700 de

1073 4748 1288 4817 nihilo
1319 4756 1444 4815 est.
2825 4734 3134 4802 ὃιιιυτιο.
3170 4735 3277 4803 Ad
3298 4735 3688 4825 hujusmodi
3722 4738 4137 4830 sophismata
4177 4741 4276 4809 di·
4357 4756 4562 4804 soi-nuo.

1167 4858 1232 4921 2.
1267 4853 1465 4931 Item,
1518 4850 1725 4917 Filius
1766 4869 1903 4916 non
1945 4856 2043 4914 est
2090 4845 2170 4914 de
2220 4846 2477 4937 aliquo,
2532 4846 2623 4911 ita
2734 4843 3057 4923 cendum,
3093 4845 3276 4935 quod
3309 4845 3498 4914 nulla
3537 4870 3976 4937 personarum
4007 4849 4277 4918 divina-

1081 4961 1260 5052 quod
1292 4960 1358 5052 ly
1402 4959 1640 5049 aliquo
1697 4958 1783 5023 sit
1840 4956 2057 5022 neutri
2099 4954 2369 5043 generis
2430 4975 2443 5018 :
2509 4950 2626 5019 sed
2740 4973 2894 5017 rum
2926 4959 3027 5019 est
3068 4951 3150 5018 de.
3185 4952 3443 5021 nihilo:
3480 4957 3640 5044 quia
3669 4978 3822 5023 cum
3862 4956 4125 5034 dicitur,
4198 4958 4280 5027 de

1079 5092 1219 5137 non
1266 5066 1519 5157 aliquid
1559 5075 1624 5134 et
1665 5062 1831 5131 nihil
1886 5062 2326 5152 aequipollent
2391 5083 2407 5125 ε
2463 5082 2626 5151 ergo
2740 5059 2988 5137 nihilo,
3041 5083 3163 5151 per
3221 5064 3652 5152 negationem
3720 5064 3976 5133 tollitur
4030 5067 4284 5157 prinei·

1081 5177 1293 5244 Filius
1324 5174 1404 5243 de
1435 5172 1649 5242 nihilo
1692 5180 1817 5241 est.
2743 5166 2933 5256 pium
2985 5190 3067 5235 ex
3102 5176 3292 5258 parte
3323 5178 3478 5238 ante
3506 5193 3520 5237 :
3551 5171 3672 5239 sed
3704 5195 3823 5262 per
3869 5177 4285 5265 praepositio-

2746 5297 2903 5343 nem
2951 5275 3034 5342 de
3099 5276 3590 5367 praecedentem
3649 5283 4077 5371 negationem
4135 5308 4284 5376 quae

787 5401 971 5458 omi.
1173 5388 1546 5456 l‘nffi‘rnnm
1595 5386 1919 5477 quaeritur
1970 5383 2050 5452 de
2103 5382 2331 5464 Patre,
2388 5381 2634 5451 Utrum
2747 5393 2974 5451 manet
3009 5408 3146 5454 non
3179 5387 3509 5456 exstincta
3542 5410 3662 5479 per
3700 5393 4155 5481 negationem,
4207 5418 4287 5464 eo

1155 5629 1171 5665 ¹
1206 5627 1260 5684 S.
1295 5627 1664 5692 Aecus-risus,
1696 5619 1820 5676 Lib.
1851 5620 1949 5677 XV
1972 5618 2044 5677 de
2073 5619 2382 5688 ‘ri-initam,
2414 5633 2546 5691 cap.
2581 5617 2646 5673 ¹3
2677 5620 2738 5673 et
2769 5617 2855 5674 ¹4.

1337 5759 1446 5803 xxv
3974 5746 4036 5798 13
