4897 6388
741 376 869 444 480
1073 324 1078 329 ·
1726 375 1807 445 D.
1857 376 2055 445 ALB.
2109 374 2325 442 MAG.
2378 372 2583 440 ont).
2639 371 2934 438 PRAED.

740 992 848 1065 G:
899 992 1165 1074 Utrum
1213 987 1777 1062 coneedendum
1811 987 1930 1071 sil,
1997 987 2198 1083 qued
2252 986 2589 1083 Spiritus
2664 992 2969 1059 sanctus
3026 990 3405 1078 anyealm·
3459 982 3534 1055 in
3604 984 3933 1066 homme,

1465 1120 1589 1197 vel
1622 1121 1866 1215 massis
1900 1116 2021 1194 rel
2056 1121 2308 1193 ruinas
2346 1119 2715 1194 habeatur
2761 1116 2887 1193 vel
2921 1117 3201 1192 delur?
3782 1117 3783 1120 ’

790 1478 972 1553 -Hic
1026 1479 1424 1576 quaeritur‚
1470 1480 1549 1554 Si
1627 1481 1960 1554 charitas
2027 1480 2357 1578 Spiritus
2424 1488 2737 1553 sanctus
2797 1487 2937 1570 est,
3011 1501 3188 1549 cum
3244 1478 3414 1574 ipsa
3452 1486 3931 1574 augeaturet

729 1615 1124 1690 minuatur
1190 1615 1263 1688 in
1341 1601 1669 1701 homine,
1734 1625 1807 1689 et
1868 1615 2108 1711 tnagis
2170 1625 2243 1689 et
2304 1614 2559 1687 suiuus
2625 1637 2763 1711 per
2827 1612 3137 1686 diversa
3215 1620 3569 1709 tempora
3645 1611 3930 1686 habea-

726 1758 878 1843 tur,
942 1759 1190 1824 utrum
1260 1750 1834 1825 eoncedendum
1896 1750 1993 1824 sit
2054 1749 2257 1847 qued
2335 1748 2672 1847 Spiritus
2753 1757 3069 1830 sanctus
3157 1755 3541 1843 augeatur
3617 1746 3733 1820 vel
3799 1744 3930 1818 nii-

723 1894 1008 1960 nuatur
1074 1885 1146 1958 in
1221 1885 1557 1979 homine,
1637 1886 1758 1961 vel
1819 1884 2063 1981 magis
2120 1885 2240 1960 vet
2302 1884 2560 1958 minus
2616 1883 3067 1957 habeatur?
3096 1880 3177 1956 Si
3227 1879 3434 1956 enim
3482 1879 3555 1953 in
3615 1880 3925 1955 homine

722 2016 1075 2120 augetur,
1134 2033 1204 2098 et
1251 2024 1492 2121 inagis
1566 2021 2010 2098 vel-minus
2075 2024 2301 2096 «tatur
2364 2031 2438 2096 et
2506 2020 2864 2114 habetur,
2900 2020 3300 2095 mutabilis
3353 2043 3523 2095 esse
3555 2018 3919 2094 videtur:

611 2220 617 2226 .
721 2156 934 2232 Deus
1001 2167 1252 2233 autern
1320 2156 1635 2233 omnino
1688 2156 2186 2233 immutabitis
2251 2167 2388 2232 est.
2448 2155 2772 2231 Videtur
2844 2179 3059 2253 erge,
3125 2154 3337 2254 quod
3390 2155 3511 2229 vel
3580 2153 3911 2252 Spiritus

719 2302 1035 2368 sanctus
1076 2318 1227 2368 non
1271 2293 1369 2368 sit
1406 2271 1765 2386 charitas,
1810 2294 1927 2369 vel
1987 2291 2318 2368 charitas
2369 2317 2521 2366 non
2565 2302 2943 2388 augeatur
3006 2292 3129 2366 vel
3195 2289 3596 2365 minuatur
3662 2288 3735 2362 in
3782 2291 3923 2364 hu-

719 2452 952 2503 nune.

817 2565 1037 2659 Mein,
1107 2565 1454 2640 Charitas
1519 2575 1594 2640 et
1671 2585 1836 2639 non·
1895 2564 2201 2638 habenti
2262 2567 2484 2639 ‹latur
2540 2573 2620 2637 ut
2677 2563 2979 2655 habeat,
3025 2571 3096 2637 et
3133 2560 3447 2636 habenti
3498 2570 3572 2634 ut
3609 2558 3914 2658 plenius

722 2698 1026 2775 habeat.
1072 2698 1150 2775 Si
1183 2724 1365 2795 ergo
1405 2698 1737 2798 Spiritus
1767 2709 2082 2773 sanctus
2111 2699 2442 2773 charitas
2495 2707 2637 2792 est,
2702 2708 2775 2772 et
2826 2722 2979 2772 non
3042 2695 3356 2771 habenti
3391 2694 3616 2769 datur
3650 2704 3727 2768 ut
3781 2695 3918 2767 ha-

721 2833 921 2928 beat,
956 2843 1029 2909 et
1058 2834 1364 2909 habenti
1418 2845 1501 2910 ut
1537 2834 1842 2934 plenius
1884 2835 2187 2910 habeat.
2232 2835 2378 2910 Sed
2413 2835 2804 2933 quemodo
2871 2833 3101 2909 datur
3152 2857 3304 2906 non
3355 2831 3695 2925 habenti,
3740 2854 3912 2905 cuni

713 2960 880 3068 ipse
923 2978 1004 3044 ut
1031 2970 1241 3046 Deus
1271 2970 1366 3043 sit
1401 2969 1713 3069 ubique,
1757 2982 1833 3046 et
1871 2970 1946 3044 in
1980 2971 2342 3045 omnibus
2380 2969 2755 3046 creaturis
2785 2979 2985 3044 tutus
3021 2993 3038 3044 ι
3075 2979 3150 3045 et
3179 2968 3570 3068 quomode
3615 2966 3916 3066 plenius

717 3104 949 3180 datur
983 3108 1104 3182 vel
1141 3107 1464 3183 habetur
1501 3106 1667 3184 sine
1698 3107 1818 3183 sui
1855 3108 2336 3185 mutatione?

1489 3702 1581 3776 li.
1639 3702 2061 3800 Responsio
2101 3703 2205 3778 cul
2217 3704 2554 3802 primum
2586 3704 3117 3801 quies-lintwm.

811 4074 949 4149 liis
1009 4074 1261 4171 itaque
1331 4074 1910 4173 respondemus,
1994 4074 2333 4148 ‹tiro-ntes
2401 4077 2604 4172 quud
2676 4075 3011 4173 Spiritus
3072 4085 3391 4151 sam-tus
3444 4077 3605 4150 sive
3651 4076 3907 4150 chari-

723 4223 838 4286 tas
914 4209 1218 4309 penitus
1275 4208 1773 4284 immutabilis
1838 4220 1979 4302 rst,
2028 4235 2163 4283 ner
2236 4210 2304 4283 in
2369 4240 2448 4280 se·
2518 4220 2847 4302 atigetur
2888 4211 3005 4284 vet
3054 4210 3459 4303 minuitur,
3510 4237 3646 4285 nec
3704 4212 3777 4285 in
3822 4238 3904 4286 se

713 4345 978 4444 recipit
1056 4344 1316 4439 inagis
1353 4346 1470 4419 vet
1538 4344 1855 4418 minus:
1918 4345 2049 4420 sed
2110 4344 2180 4418 in
2259 4346 2565 4418 haenniiw
2636 4347 2753 4418 vet
2792 4345 3048 4444 phtius
3110 4346 3404 4419 homini
3465 4359 3793 4441 angetur
3828 4359 3901 4422 et

713 4477 1111 4570 minuitur,
1166 4489 1236 4552 et
1292 4477 1532 4572 inagis
1588 4478 1705 4551 vet
1771 4477 2026 4551 minus
2064 4478 2287 4551 datur
2337 4481 2452 4552 vet
2521 4479 2871 4571 hahetur,
2918 4476 3119 4551 sicut
3173 4476 3387 4554 Deus
3429 4480 3708 4555 ‹livinu-
3749 4509 3902 4557 ina-

706 4603 1054 4699 gniflcari
1097 4613 1165 4678 et
1207 4602 1519 4678 exaltari
1565 4603 1636 4676 in
1684 4603 1930 4693 nobis,
1975 4603 2103 4702 qui
2151 4614 2398 4678 tumen
2438 4604 2510 4677 in
2555 4631 2637 4678 se
2687 4627 2825 4678 ner.
2883 4603 3434 4701 magnificatur
3474 4632 3613 4685 nec
3688 4610 3900 4684 exal·-

705 4750 931 4814 tatur.
981 4737 1195 4815 Unde
1229 4739 1606 4838 Propheta
1655 4737 2038 4813 :Accedet
2089 4738 2311 4812 leonm
2352 4738 2457 4813 ml
2491 4764 2623 4811 rm·
2674 4738 2939 4818 ullum.
2983 4748 3056 4815 el
3083 4740 3558 4817 ecaltabilm·
3597 4744 3807 4817 Deus
3850 4753 3894 4817 ⁸.

710 4877 961 4974 Super
996 4898 1223 4972 quein
1257 4875 1507 4947 turum
1550 4871 2143 4947 aitaucturitas²
2187 4896 2202 4945 :
2253 4872 2455 4944 Unus
2500 4899 2648 4945 nnn
2712 4874 2782 4945 in
2830 4902 2940 4968 se,
2978 4876 3111 4950 sed
3160 4877 3233 4949 in
3291 4879 3519 4953 corde
3566 4880 3898 4955 huminis

703 5007 1160 5104 grandescit.
1241 5007 1365 5082 Sic
1432 5031 1615 5103 erge
1684 5006 2014 5105 Spiritus
2079 5017 2388 5079 sanctus
2462 5007 2751 5081 tminini
2815 5008 3070 5103 «tatur,
3135 5020 3211 5084 et
3263 5011 3490 5088 datus
3563 5015 3895 5114 amplius

701 5144 954 5239 datur,
1000 5143 1067 5219 id
1115 5154 1254 5237 est,
1291 5153 1644 5239 augetur,
1680 5152 1748 5215 et
1804 5141 2044 5236 tnagis
2084 5153 2152 5215 et
2200 5142 2451 5215 mimis
2524 5145 2849 5217 hahetur
2895 5170 2911 5219 ε
2975 5156 3043 5219 et
3094 5157 3347 5221 tamen
3398 5148 3895 5226 immutabitis

699 5278 977 5354 existit.

766 5605 784 5639 ¹
815 5601 970 5659 Psal.
1000 5620 1153 5672 uni,
1175 5609 1205 5659 ‘a
1237 5611 1296 5660 et
1323 5604 1375 5658 8.

761 5690 784 5727 ²
814 5693 878 5747 ln
909 5693 1154 5765 antiquo
1180 5692 1449 5761 habetur,
1479 5689 1833 5748 Cassiodori-
