<?xml version="1.0" encoding="UTF-8"?>
<!DOCTYPE html PUBLIC "-//W3C//DTD XHTML 1.0 Transitional//EN"
    "http://www.w3.org/TR/xhtml1/DTD/xhtml1-transitional.dtd">
<html xmlns="http://www.w3.org/1999/xhtml" xml:lang="en" lang="en">
 <head>
  <title>
</title>
<meta http-equiv="Content-Type" content="text/html;charset=utf-8" />
  <meta name='ocr-system' content='tesseract 3.04.00' />
  <meta name='ocr-capabilities' content='ocr_page ocr_carea ocr_par ocr_line ocrx_word'/>
</head>
<body>
  <div class='ocr_page' id='page_1' title='image "balbertimagnira03chgoog_0481.png"; bbox 0 0 4897 6388; ppageno 0'>
   <div class='ocr_carea' id='block_1_1' title="bbox 1525 241 3443 380">
    <p class='ocr_par' dir='ltr' id='par_1_1' title="bbox 1525 241 3443 380">
     <span class='ocr_line' id='line_1_1' title="bbox 1525 241 3443 380; baseline -0.01 -20"><span class='ocrx_word' id='word_1_1' title='bbox 1525 369 1538 380; x_wconf 19' lang='grc' dir='ltr'>κ</span> <span class='ocrx_word' id='word_1_2' title='bbox 1767 291 1860 356; x_wconf 85' lang='lat' dir='ltr'><strong>lN</strong></span> <span class='ocrx_word' id='word_1_3' title='bbox 1908 290 1937 357; x_wconf 95' lang='lat'>1</span> <span class='ocrx_word' id='word_1_4' title='bbox 1989 284 2416 356; x_wconf 80' lang='lat' dir='ltr'><strong>SENTENT.</strong></span> <span class='ocrx_word' id='word_1_5' title='bbox 2470 279 2697 346; x_wconf 73' lang='lat' dir='ltr'><strong>mss.</strong></span> <span class='ocrx_word' id='word_1_6' title='bbox 2749 241 2940 355; x_wconf 62' lang='lat' dir='ltr'><strong>xvi,</strong></span> <span class='ocrx_word' id='word_1_7' title='bbox 2994 278 3070 374; x_wconf 67' lang='grc' dir='ltr'><strong>β,</strong></span> <span class='ocrx_word' id='word_1_8' title='bbox 3123 277 3323 376; x_wconf 71' lang='lat' dir='ltr'><strong>An&#39;r.</strong></span> <span class='ocrx_word' id='word_1_9' title='bbox 3379 277 3443 341; x_wconf 71' lang='lat' dir='ltr'><strong>r».</strong></span> 
     </span>
    </p>
   </div>
   <div class='ocr_carea' id='block_1_2' title="bbox 1429 790 2100 862">
    <p class='ocr_par' dir='ltr' id='par_1_2' title="bbox 1429 790 2100 862">
     <span class='ocr_line' id='line_1_2' title="bbox 1429 790 2100 862; baseline -0.009 0"><span class='ocrx_word' id='word_1_10' title='bbox 1429 790 1931 862; x_wconf 76' lang='lat' dir='ltr'><strong>ARTICULUS</strong></span> <span class='ocrx_word' id='word_1_11' title='bbox 1979 791 2100 857; x_wconf 82' lang='lat' dir='ltr'><strong>Vl.</strong></span> 
     </span>
    </p>
   </div>
   <div class='ocr_carea' id='block_1_3' title="bbox 990 998 2551 1527">
    <p class='ocr_par' dir='ltr' id='par_1_3' title="bbox 990 998 2551 1527">
     <span class='ocr_line' id='line_1_3' title="bbox 990 998 2551 1098; baseline -0.01 -18"><span class='ocrx_word' id='word_1_12' title='bbox 990 1019 1220 1098; x_wconf 76' lang='lat' dir='ltr'><strong>Quare</strong></span> <span class='ocrx_word' id='word_1_13' title='bbox 1268 1011 1497 1079; x_wconf 73' lang='lat' dir='ltr'><strong>Filius</strong></span> <span class='ocrx_word' id='word_1_14' title='bbox 1536 1006 1866 1097; x_wconf 78' lang='lat' dir='ltr'><strong>apparuit</strong></span> <span class='ocrx_word' id='word_1_15' title='bbox 1922 1005 1995 1071; x_wconf 83' lang='lat' dir='ltr'><strong>in</strong></span> <span class='ocrx_word' id='word_1_16' title='bbox 2042 1012 2358 1071; x_wconf 80' lang='lat' dir='ltr'><strong>creatura</strong></span> <span class='ocrx_word' id='word_1_17' title='bbox 2413 998 2551 1066; x_wconf 75' lang='lat' dir='ltr'><strong>sibi</strong></span> 
     </span>
     <span class='ocr_line' id='line_1_4' title="bbox 1077 1116 2550 1205; baseline -0.01 -18"><span class='ocrx_word' id='word_1_18' title='bbox 1077 1121 1299 1194; x_wconf 77' lang='lat' dir='ltr'><strong>unica,</strong></span> <span class='ocrx_word' id='word_1_19' title='bbox 1344 1126 1408 1183; x_wconf 83' lang='lat' dir='ltr'><strong>et</strong></span> <span class='ocrx_word' id='word_1_20' title='bbox 1463 1116 1770 1205; x_wconf 77' lang='lat' dir='ltr'><strong>Spiritus</strong></span> <span class='ocrx_word' id='word_1_21' title='bbox 1825 1120 2101 1179; x_wconf 61' lang='lat' dir='ltr'><strong>sanctus</strong></span> <span class='ocrx_word' id='word_1_22' title='bbox 2139 1132 2277 1176; x_wconf 80' lang='lat' dir='ltr'><strong>non</strong></span> <span class='ocrx_word' id='word_1_23' title='bbox 2333 1130 2550 1198; x_wconf 83' lang='lat' dir='ltr'><strong>appa-</strong></span> 
     </span>
     <span class='ocr_line' id='line_1_5' title="bbox 1077 1214 2550 1293; baseline -0.009 0"><span class='ocrx_word' id='word_1_24' title='bbox 1077 1228 1220 1293; x_wconf 79' lang='lat' dir='ltr'><strong>ruit</strong></span> <span class='ocrx_word' id='word_1_25' title='bbox 1252 1227 1323 1292; x_wconf 80' lang='lat' dir='ltr'><strong>in</strong></span> <span class='ocrx_word' id='word_1_26' title='bbox 1366 1225 1565 1291; x_wconf 80' lang='lat' dir='ltr'><strong>unita</strong></span> <span class='ocrx_word' id='word_1_27' title='bbox 1591 1221 1727 1290; x_wconf 79' lang='lat' dir='ltr'><strong>sibi</strong></span> <span class='ocrx_word' id='word_1_28' title='bbox 1753 1219 1793 1288; x_wconf 68' lang='grc' dir='ltr'><em>Ρ</em></span> <span class='ocrx_word' id='word_1_29' title='bbox 1827 1230 1890 1288; x_wconf 79' lang='lat' dir='ltr'><strong>et</strong></span> <span class='ocrx_word' id='word_1_30' title='bbox 1929 1243 2017 1286; x_wconf 81' lang='lat' dir='ltr'><strong>an</strong></span> <span class='ocrx_word' id='word_1_31' title='bbox 2062 1216 2385 1286; x_wconf 84' lang='lat' dir='ltr'><strong>columba</strong></span> <span class='ocrx_word' id='word_1_32' title='bbox 2417 1214 2550 1281; x_wconf 78' lang='lat' dir='ltr'><strong>illa</strong></span> 
     </span>
     <span class='ocr_line' id='line_1_6' title="bbox 1079 1320 2546 1423; baseline -0.009 -25"><span class='ocrx_word' id='word_1_33' title='bbox 1079 1334 1147 1398; x_wconf 83' lang='lat' dir='ltr'><strong>in</strong></span> <span class='ocrx_word' id='word_1_34' title='bbox 1173 1355 1312 1423; x_wconf 80' lang='lat' dir='ltr'><strong>qua</strong></span> <span class='ocrx_word' id='word_1_35' title='bbox 1339 1330 1698 1423; x_wconf 80' lang='lat' dir='ltr'><strong>apparuit,</strong></span> <span class='ocrx_word' id='word_1_36' title='bbox 1723 1329 1867 1417; x_wconf 79' lang='lat' dir='ltr'><strong>fuit</strong></span> <span class='ocrx_word' id='word_1_37' title='bbox 1895 1324 2220 1392; x_wconf 80' lang='lat' dir='ltr'><strong>naturale</strong></span> <span class='ocrx_word' id='word_1_38' title='bbox 2250 1320 2546 1398; x_wconf 83' lang='lat' dir='ltr'><strong>animal,</strong></span> 
     </span>
     <span class='ocr_line' id='line_1_7' title="bbox 1074 1429 2417 1527; baseline -0.008 -19"><span class='ocrx_word' id='word_1_39' title='bbox 1074 1451 1136 1508; x_wconf 77' lang='lat' dir='ltr'><strong>et</strong></span> <span class='ocrx_word' id='word_1_40' title='bbox 1177 1442 1260 1508; x_wconf 84' lang='lat' dir='ltr'><strong>dc</strong></span> <span class='ocrx_word' id='word_1_41' title='bbox 1288 1449 1478 1507; x_wconf 78' lang='lat' dir='ltr'><strong>motu</strong></span> <span class='ocrx_word' id='word_1_42' title='bbox 1509 1436 1841 1506; x_wconf 79' lang='lat' dir='ltr'><strong>columbae</strong></span> <span class='ocrx_word' id='word_1_43' title='bbox 1870 1434 2103 1527; x_wconf 79' lang='lat' dir='ltr'><strong>qualis</strong></span> <span class='ocrx_word' id='word_1_44' title='bbox 2123 1433 2342 1523; x_wconf 76' lang='lat' dir='ltr'><strong>suerit</strong></span> <span class='ocrx_word' id='word_1_45' title='bbox 2377 1429 2417 1497; x_wconf 83' lang='lat'><em>?</em></span> 
     </span>
    </p>
   </div>
   <div class='ocr_carea' id='block_1_4' title="bbox 989 1747 2557 3361">
    <p class='ocr_par' dir='ltr' id='par_1_4' title="bbox 989 1747 2552 2048">
     <span class='ocr_line' id='line_1_8' title="bbox 1083 1747 2547 1844; baseline -0.008 -21"><span class='ocrx_word' id='word_1_46' title='bbox 1083 1755 1344 1824; x_wconf 78' lang='lat' dir='ltr'><strong>Deinde</strong></span> <span class='ocrx_word' id='word_1_47' title='bbox 1403 1753 1730 1844; x_wconf 86' lang='lat' dir='ltr'><strong>quaeritur</strong></span> <span class='ocrx_word' id='word_1_48' title='bbox 1782 1750 1862 1818; x_wconf 89' lang='lat' dir='ltr'><strong>de</strong></span> <span class='ocrx_word' id='word_1_49' title='bbox 1918 1748 2053 1818; x_wconf 87' lang='lat' dir='ltr'><strong>hoc</strong></span> <span class='ocrx_word' id='word_1_50' title='bbox 2118 1747 2304 1839; x_wconf 91' lang='lat' dir='ltr'><strong>quod</strong></span> <span class='ocrx_word' id='word_1_51' title='bbox 2359 1747 2547 1825; x_wconf 88' lang='lat' dir='ltr'><strong>dicit,</strong></span> 
     </span>
     <span class='ocr_line' id='line_1_9' title="bbox 991 1855 2552 1954; baseline -0.008 -22"><span class='ocrx_word' id='word_1_52' title='bbox 991 1864 1111 1943; x_wconf 91' lang='lat' dir='ltr'><strong>ibi,</strong></span> <span class='ocrx_word' id='word_1_53' title='bbox 1147 1891 1181 1925; x_wconf 70' lang='grc' dir='ltr'><strong>α</strong></span> <span class='ocrx_word' id='word_1_54' title='bbox 1228 1865 1308 1931; x_wconf 81' lang='lat' dir='ltr'><strong>In</strong></span> <span class='ocrx_word' id='word_1_55' title='bbox 1334 1871 1670 1954; x_wconf 82' lang='lat' dir='ltr'><strong>promptu</strong></span> <span class='ocrx_word' id='word_1_56' title='bbox 1717 1869 1813 1927; x_wconf 83' lang='lat' dir='ltr'><strong>est</strong></span> <span class='ocrx_word' id='word_1_57' title='bbox 1843 1857 2233 1946; x_wconf 79' lang='lat' dir='ltr'><strong>intelliqere</strong></span> <span class='ocrx_word' id='word_1_58' title='bbox 2261 1855 2346 1923; x_wconf 82' lang='lat' dir='ltr'><strong>de</strong></span> <span class='ocrx_word' id='word_1_59' title='bbox 2380 1855 2552 1947; x_wconf 83' lang='lat' dir='ltr'><strong>Spi-</strong></span> 
     </span>
     <span class='ocr_line' id='line_1_10' title="bbox 989 1972 1668 2048; baseline -0.007 -10"><span class='ocrx_word' id='word_1_60' title='bbox 989 1972 1134 2038; x_wconf 77' lang='lat' dir='ltr'><strong>ritu</strong></span> <span class='ocrx_word' id='word_1_61' title='bbox 1160 1980 1423 2048; x_wconf 74' lang='lat' dir='ltr'><strong>sancte,</strong></span> <span class='ocrx_word' id='word_1_62' title='bbox 1457 1978 1585 2035; x_wconf 86' lang='lat' dir='ltr'><strong>etc.</strong></span> <span class='ocrx_word' id='word_1_63' title='bbox 1632 1992 1668 2033; x_wconf 69' lang='grc' dir='ltr'><strong>ι</strong></span> 
     </span>
    </p>

    <p class='ocr_par' dir='ltr' id='par_1_5' title="bbox 991 2072 2552 2473">
     <span class='ocr_line' id='line_1_11' title="bbox 1079 2072 2552 2171; baseline -0.005 -24"><span class='ocrx_word' id='word_1_64' title='bbox 1079 2080 1164 2147; x_wconf 83' lang='lat' dir='ltr'><strong>Et</strong></span> <span class='ocrx_word' id='word_1_65' title='bbox 1204 2087 1604 2171; x_wconf 85' lang='lat' dir='ltr'><strong>quaeruntur</strong></span> <span class='ocrx_word' id='word_1_66' title='bbox 1658 2076 1770 2145; x_wconf 89' lang='lat' dir='ltr'><strong>bic</strong></span> <span class='ocrx_word' id='word_1_67' title='bbox 1797 2078 1926 2146; x_wconf 82' lang='lat' dir='ltr'><strong>tria</strong></span> <span class='ocrx_word' id='word_1_68' title='bbox 1985 2097 2001 2143; x_wconf 75' lang='lat' dir='ltr'><em>z</em></span> <span class='ocrx_word' id='word_1_69' title='bbox 2063 2098 2358 2167; x_wconf 89' lang='lat' dir='ltr'><strong>quorum</strong></span> <span class='ocrx_word' id='word_1_70' title='bbox 2405 2072 2552 2164; x_wconf 90' lang='lat' dir='ltr'><strong>pri-</strong></span> 
     </span>
     <span class='ocr_line' id='line_1_12' title="bbox 993 2182 2552 2275; baseline -0.006 -18"><span class='ocrx_word' id='word_1_71' title='bbox 993 2211 1183 2257; x_wconf 92' lang='lat' dir='ltr'><strong>mum</strong></span> <span class='ocrx_word' id='word_1_72' title='bbox 1229 2195 1354 2265; x_wconf 87' lang='lat' dir='ltr'><strong>est,</strong></span> <span class='ocrx_word' id='word_1_73' title='bbox 1390 2187 1528 2254; x_wconf 90' lang='lat' dir='ltr'><strong>Cur</strong></span> <span class='ocrx_word' id='word_1_74' title='bbox 1570 2185 1778 2254; x_wconf 83' lang='lat' dir='ltr'><strong>Filius</strong></span> <span class='ocrx_word' id='word_1_75' title='bbox 1824 2185 2137 2275; x_wconf 86' lang='lat' dir='ltr'><strong>apparuit</strong></span> <span class='ocrx_word' id='word_1_76' title='bbox 2197 2189 2264 2251; x_wconf 87' lang='lat' dir='ltr'><strong>et</strong></span> <span class='ocrx_word' id='word_1_77' title='bbox 2301 2182 2552 2249; x_wconf 86' lang='lat' dir='ltr'><strong>missus</strong></span> 
     </span>
     <span class='ocr_line' id='line_1_13' title="bbox 993 2289 2549 2382; baseline -0.007 -18"><span class='ocrx_word' id='word_1_78' title='bbox 993 2297 1195 2364; x_wconf 86' lang='lat' dir='ltr'><strong>estin</strong></span> <span class='ocrx_word' id='word_1_79' title='bbox 1245 2304 1554 2364; x_wconf 85' lang='lat' dir='ltr'><strong>creatura</strong></span> <span class='ocrx_word' id='word_1_80' title='bbox 1592 2293 1721 2363; x_wconf 87' lang='lat' dir='ltr'><strong>sibi</strong></span> <span class='ocrx_word' id='word_1_81' title='bbox 1769 2294 1985 2373; x_wconf 83' lang='lat' dir='ltr'><strong>unita,</strong></span> <span class='ocrx_word' id='word_1_82' title='bbox 2029 2300 2096 2359; x_wconf 87' lang='lat' dir='ltr'><strong>et</strong></span> <span class='ocrx_word' id='word_1_83' title='bbox 2136 2289 2431 2382; x_wconf 78' lang='lat' dir='ltr'><strong>Spiritus</strong></span> <span class='ocrx_word' id='word_1_84' title='bbox 2482 2289 2549 2354; x_wconf 87' lang='lat' dir='ltr'><strong>in</strong></span> 
     </span>
     <span class='ocr_line' id='line_1_14' title="bbox 991 2406 1425 2473; baseline -0.005 0"><span class='ocrx_word' id='word_1_85' title='bbox 991 2428 1132 2473; x_wconf 94' lang='lat' dir='ltr'><strong>non</strong></span> <span class='ocrx_word' id='word_1_86' title='bbox 1170 2407 1365 2471; x_wconf 86' lang='lat' dir='ltr'><strong>unita</strong></span> <span class='ocrx_word' id='word_1_87' title='bbox 1390 2406 1425 2471; x_wconf 80' lang='lat'><strong>⁰?</strong></span> 
     </span>
    </p>

    <p class='ocr_par' dir='ltr' id='par_1_6' title="bbox 992 2506 2554 2902">
     <span class='ocr_line' id='line_1_15' title="bbox 1085 2506 2552 2601; baseline -0.006 -21"><span class='ocrx_word' id='word_1_88' title='bbox 1085 2511 1406 2582; x_wconf 82' lang='lat' dir='ltr'><strong>Secundo</strong></span> <span class='ocrx_word' id='word_1_89' title='bbox 1432 2510 1783 2601; x_wconf 78' lang='lat' dir='ltr'><strong>quaeritur‚</strong></span> <span class='ocrx_word' id='word_1_90' title='bbox 1810 2507 2036 2589; x_wconf 86' lang='lat' dir='ltr'><strong>Quare</strong></span> <span class='ocrx_word' id='word_1_91' title='bbox 2059 2506 2354 2598; x_wconf 78' lang='lat' dir='ltr'><strong>Spiritus</strong></span> <span class='ocrx_word' id='word_1_92' title='bbox 2385 2529 2552 2572; x_wconf 86' lang='lat' dir='ltr'><strong>san·</strong></span> 
     </span>
     <span class='ocr_line' id='line_1_16' title="bbox 992 2613 2547 2707; baseline -0.005 -18"><span class='ocrx_word' id='word_1_93' title='bbox 992 2630 1167 2697; x_wconf 84' lang='lat' dir='ltr'><strong>ctus,</strong></span> <span class='ocrx_word' id='word_1_94' title='bbox 1228 2630 1290 2689; x_wconf 89' lang='lat' dir='ltr'><strong>et</strong></span> <span class='ocrx_word' id='word_1_95' title='bbox 1352 2618 1435 2685; x_wconf 86' lang='lat' dir='ltr'><strong>ad</strong></span> <span class='ocrx_word' id='word_1_96' title='bbox 1492 2617 1654 2707; x_wconf 89' lang='lat' dir='ltr'><strong>quid</strong></span> <span class='ocrx_word' id='word_1_97' title='bbox 1713 2617 1960 2684; x_wconf 85' lang='lat' dir='ltr'><strong>missus</strong></span> <span class='ocrx_word' id='word_1_98' title='bbox 2012 2614 2229 2684; x_wconf 88' lang='lat' dir='ltr'><strong>estad</strong></span> <span class='ocrx_word' id='word_1_99' title='bbox 2271 2613 2547 2694; x_wconf 79' lang='lat' dir='ltr'><strong>Filium,</strong></span> 
     </span>
     <span class='ocr_line' id='line_1_17' title="bbox 992 2719 2554 2815; baseline -0.006 -19"><span class='ocrx_word' id='word_1_100' title='bbox 992 2750 1149 2796; x_wconf 89' lang='lat' dir='ltr'><strong>cum</strong></span> <span class='ocrx_word' id='word_1_101' title='bbox 1185 2725 1393 2793; x_wconf 80' lang='lat' dir='ltr'><strong>Filius</strong></span> <span class='ocrx_word' id='word_1_102' title='bbox 1434 2745 1809 2815; x_wconf 81' lang='lat' dir='ltr'>numquam</span> <span class='ocrx_word' id='word_1_103' title='bbox 1842 2723 2090 2789; x_wconf 85' lang='lat' dir='ltr'><strong>missus</strong></span> <span class='ocrx_word' id='word_1_104' title='bbox 2127 2723 2214 2789; x_wconf 86' lang='lat' dir='ltr'><strong>sit</strong></span> <span class='ocrx_word' id='word_1_105' title='bbox 2253 2720 2338 2788; x_wconf 89' lang='lat' dir='ltr'><strong>ad</strong></span> <span class='ocrx_word' id='word_1_106' title='bbox 2389 2719 2554 2811; x_wconf 91' lang='lat' dir='ltr'><strong>Spi-</strong></span> 
     </span>
     <span class='ocr_line' id='line_1_18' title="bbox 999 2833 1606 2902; baseline -0.008 0"><span class='ocrx_word' id='word_1_107' title='bbox 999 2837 1205 2902; x_wconf 90' lang='lat' dir='ltr'><strong>ritum</strong></span> <span class='ocrx_word' id='word_1_108' title='bbox 1237 2842 1546 2901; x_wconf 86' lang='lat' dir='ltr'><strong>sanctum</strong></span> <span class='ocrx_word' id='word_1_109' title='bbox 1569 2833 1606 2898; x_wconf 77' lang='lat'><strong>⁴?</strong></span> 
     </span>
    </p>

    <p class='ocr_par' dir='ltr' id='par_1_7' title="bbox 995 2936 2557 3361">
     <span class='ocr_line' id='line_1_19' title="bbox 1081 2936 2555 3032; baseline -0.005 -23"><span class='ocrx_word' id='word_1_110' title='bbox 1081 2943 1311 3011; x_wconf 80' lang='lat' dir='ltr'><strong>Tertio</strong></span> <span class='ocrx_word' id='word_1_111' title='bbox 1342 2943 1699 3032; x_wconf 78' lang='lat' dir='ltr'><strong>quaeritur,</strong></span> <span class='ocrx_word' id='word_1_112' title='bbox 1732 2941 1903 3008; x_wconf 90' lang='lat' dir='ltr'><strong>Cum</strong></span> <span class='ocrx_word' id='word_1_113' title='bbox 1931 2937 2136 3007; x_wconf 82' lang='lat' dir='ltr'><strong>Pater</strong></span> <span class='ocrx_word' id='word_1_114' title='bbox 2164 2936 2555 3029; x_wconf 84' lang='lat' dir='ltr'><strong>apparuerit</strong></span> 
     </span>
     <span class='ocr_line' id='line_1_20' title="bbox 996 3045 2557 3142; baseline -0.006 -22"><span class='ocrx_word' id='word_1_115' title='bbox 996 3051 1065 3120; x_wconf 86' lang='lat' dir='ltr'><strong>in</strong></span> <span class='ocrx_word' id='word_1_116' title='bbox 1097 3075 1294 3127; x_wconf 85' lang='lat' dir='ltr'><strong>sono,</strong></span> <span class='ocrx_word' id='word_1_117' title='bbox 1328 3073 1539 3142; x_wconf 86' lang='lat' dir='ltr'><strong>quare</strong></span> <span class='ocrx_word' id='word_1_118' title='bbox 1573 3055 1836 3116; x_wconf 88' lang='lat' dir='ltr'><strong>tantum</strong></span> <span class='ocrx_word' id='word_1_119' title='bbox 1877 3048 2191 3139; x_wconf 87' lang='lat' dir='ltr'><strong>apparuit</strong></span> <span class='ocrx_word' id='word_1_120' title='bbox 2241 3047 2315 3114; x_wconf 90' lang='lat' dir='ltr'><strong>in</strong></span> <span class='ocrx_word' id='word_1_121' title='bbox 2355 3045 2557 3112; x_wconf 89' lang='lat' dir='ltr'><strong>audi·</strong></span> 
     </span>
     <span class='ocr_line' id='line_1_21' title="bbox 997 3155 2556 3250; baseline -0.004 -22"><span class='ocrx_word' id='word_1_122' title='bbox 997 3159 1114 3228; x_wconf 86' lang='lat' dir='ltr'><strong>bili</strong></span> <span class='ocrx_word' id='word_1_123' title='bbox 1139 3169 1367 3228; x_wconf 79' lang='lat' dir='ltr'><strong>creatu</strong></span> <span class='ocrx_word' id='word_1_124' title='bbox 1380 3182 1448 3226; x_wconf 87' lang='lat' dir='ltr'><strong>ra</strong></span> <span class='ocrx_word' id='word_1_125' title='bbox 1474 3167 1539 3227; x_wconf 87' lang='lat' dir='ltr'><strong>et</strong></span> <span class='ocrx_word' id='word_1_126' title='bbox 1560 3179 1766 3250; x_wconf 83' lang='lat' dir='ltr'><strong>super</strong></span> <span class='ocrx_word' id='word_1_127' title='bbox 1786 3155 2062 3241; x_wconf 82' lang='lat' dir='ltr'><strong>Filium,</strong></span> <span class='ocrx_word' id='word_1_128' title='bbox 2085 3164 2153 3226; x_wconf 85' lang='lat' dir='ltr'><strong>ct</strong></span> <span class='ocrx_word' id='word_1_129' title='bbox 2175 3175 2556 3248; x_wconf 75' lang='lat' dir='ltr'><strong>numquam</strong></span> 
     </span>
     <span class='ocr_line' id='line_1_22' title="bbox 995 3260 2190 3361; baseline -0.003 -24"><span class='ocrx_word' id='word_1_130' title='bbox 995 3260 1201 3361; x_wconf 80' lang='lat' dir='ltr'><strong>super</strong></span> <span class='ocrx_word' id='word_1_131' title='bbox 1231 3269 1528 3359; x_wconf 81' lang='lat' dir='ltr'><strong>aliquem</strong></span> <span class='ocrx_word' id='word_1_132' title='bbox 1572 3266 1783 3335; x_wconf 88' lang='lat' dir='ltr'><strong>alium</strong></span> <span class='ocrx_word' id='word_1_133' title='bbox 1813 3264 2190 3335; x_wconf 83' lang='lat' dir='ltr'><strong>hominem.</strong></span> 
     </span>
    </p>
   </div>
   <div class='ocr_carea' id='block_1_5' title="bbox 998 3458 2570 4199">
    <p class='ocr_par' dir='ltr' id='par_1_8' title="bbox 998 3458 2570 4199">
     <span class='ocr_line' id='line_1_23' title="bbox 1089 3458 2561 3550; baseline -0.005 -20"><span class='ocrx_word' id='word_1_134' title='bbox 1089 3464 1192 3530; x_wconf 71' lang='lat' dir='ltr'><strong>An</strong></span> <span class='ocrx_word' id='word_1_135' title='bbox 1259 3484 1512 3527; x_wconf 65' lang='lat' dir='ltr'><strong>rammi</strong></span> <span class='ocrx_word' id='word_1_136' title='bbox 1576 3458 1962 3550; x_wconf 74' lang='lat' dir='ltr'><strong>proceditur</strong></span> <span class='ocrx_word' id='word_1_137' title='bbox 2016 3458 2112 3527; x_wconf 85' lang='lat' dir='ltr'><strong>sic</strong></span> <span class='ocrx_word' id='word_1_138' title='bbox 2170 3479 2186 3527; x_wconf 74' lang='grc' dir='ltr'><em>τ</em></span> <span class='ocrx_word' id='word_1_139' title='bbox 2264 3458 2561 3548; x_wconf 80' lang='lat' dir='ltr'><strong>Spiritus</strong></span> 
     </span>
     <span class='ocr_line' id='line_1_24' title="bbox 998 3564 2564 3655; baseline -0.004 -20"><span class='ocrx_word' id='word_1_140' title='bbox 998 3580 1272 3637; x_wconf 64' lang='lat' dir='ltr'><strong>sanctus</strong></span> <span class='ocrx_word' id='word_1_141' title='bbox 1316 3579 1414 3636; x_wconf 74' lang='lat' dir='ltr'><strong>est</strong></span> <span class='ocrx_word' id='word_1_142' title='bbox 1465 3591 1501 3633; x_wconf 86' lang='lat' dir='ltr'><strong>a</strong></span> <span class='ocrx_word' id='word_1_143' title='bbox 1537 3567 1735 3634; x_wconf 85' lang='lat' dir='ltr'><strong>l‘atre</strong></span> <span class='ocrx_word' id='word_1_144' title='bbox 1775 3575 1840 3633; x_wconf 86' lang='lat' dir='ltr'><strong>et</strong></span> <span class='ocrx_word' id='word_1_145' title='bbox 1887 3564 2057 3633; x_wconf 79' lang='lat' dir='ltr'><strong>Filio</strong></span> <span class='ocrx_word' id='word_1_146' title='bbox 2090 3587 2107 3633; x_wconf 71' lang='grc' dir='ltr'>ε</span> <span class='ocrx_word' id='word_1_147' title='bbox 2143 3587 2307 3655; x_wconf 75' lang='lat' dir='ltr'><strong>ergo</strong></span> <span class='ocrx_word' id='word_1_148' title='bbox 2349 3564 2564 3651; x_wconf 87' lang='lat' dir='ltr'><strong>majo-</strong></span> 
     </span>
     <span class='ocr_line' id='line_1_25' title="bbox 1007 3669 2564 3744; baseline -0.004 0"><span class='ocrx_word' id='word_1_149' title='bbox 1007 3700 1148 3744; x_wconf 67' lang='lat' dir='ltr'><strong>rum</strong></span> <span class='ocrx_word' id='word_1_150' title='bbox 1195 3677 1525 3742; x_wconf 78' lang='lat' dir='ltr'><strong>rationem</strong></span> <span class='ocrx_word' id='word_1_151' title='bbox 1588 3672 1932 3740; x_wconf 72' lang='lat' dir='ltr'><strong>missionis</strong></span> <span class='ocrx_word' id='word_1_152' title='bbox 1986 3670 2257 3739; x_wconf 76' lang='lat' dir='ltr'><strong>videtur</strong></span> <span class='ocrx_word' id='word_1_153' title='bbox 2312 3669 2564 3737; x_wconf 83' lang='lat' dir='ltr'><strong>habere</strong></span> 
     </span>
     <span class='ocr_line' id='line_1_26' title="bbox 1003 3776 2564 3876; baseline -0.004 -27"><span class='ocrx_word' id='word_1_154' title='bbox 1003 3808 1211 3876; x_wconf 82' lang='lat' dir='ltr'><strong>qnam</strong></span> <span class='ocrx_word' id='word_1_155' title='bbox 1268 3783 1474 3850; x_wconf 82' lang='lat' dir='ltr'><strong>Filius</strong></span> <span class='ocrx_word' id='word_1_156' title='bbox 1509 3804 1524 3849; x_wconf 89' lang='lat'><strong>:</strong></span> <span class='ocrx_word' id='word_1_157' title='bbox 1561 3804 1726 3869; x_wconf 76' lang='lat' dir='ltr'><strong>crgo</strong></span> <span class='ocrx_word' id='word_1_158' title='bbox 1773 3779 2043 3848; x_wconf 78' lang='lat' dir='ltr'><strong>videtur</strong></span> <span class='ocrx_word' id='word_1_159' title='bbox 2085 3802 2243 3849; x_wconf 87' lang='lat' dir='ltr'><strong>cum</strong></span> <span class='ocrx_word' id='word_1_160' title='bbox 2303 3779 2387 3844; x_wconf 88' lang='lat' dir='ltr'><strong>ab</strong></span> <span class='ocrx_word' id='word_1_161' title='bbox 2428 3776 2564 3843; x_wconf 87' lang='lat' dir='ltr'><strong>alio</strong></span> 
     </span>
     <span class='ocr_line' id='line_1_27' title="bbox 1001 3884 2567 3976; baseline -0.004 -19"><span class='ocrx_word' id='word_1_162' title='bbox 1001 3917 1147 3957; x_wconf 71' lang='lat' dir='ltr'><strong>esse</strong></span> <span class='ocrx_word' id='word_1_163' title='bbox 1189 3892 1271 3956; x_wconf 74' lang='lat' dir='ltr'><strong>sit</strong></span> <span class='ocrx_word' id='word_1_164' title='bbox 1331 3891 1502 3955; x_wconf 88' lang='lat' dir='ltr'><strong>ratio</strong></span> <span class='ocrx_word' id='word_1_165' title='bbox 1562 3886 1995 3968; x_wconf 76' lang='lat' dir='ltr'><strong>unibititatis,</strong></span> <span class='ocrx_word' id='word_1_166' title='bbox 2030 3885 2214 3976; x_wconf 87' lang='lat' dir='ltr'><strong>quod</strong></span> <span class='ocrx_word' id='word_1_167' title='bbox 2271 3884 2567 3974; x_wconf 83' lang='lat' dir='ltr'><strong>Spiritus</strong></span> 
     </span>
     <span class='ocr_line' id='line_1_28' title="bbox 1003 3994 2570 4086; baseline -0.005 -18"><span class='ocrx_word' id='word_1_168' title='bbox 1003 4010 1279 4068; x_wconf 82' lang='lat' dir='ltr'><strong>sauctus</strong></span> <span class='ocrx_word' id='word_1_169' title='bbox 1332 4000 1418 4065; x_wconf 81' lang='lat' dir='ltr'><strong>sit</strong></span> <span class='ocrx_word' id='word_1_170' title='bbox 1460 3997 1681 4086; x_wconf 64' lang='lat' dir='ltr'><strong>:inagis</strong></span> <span class='ocrx_word' id='word_1_171' title='bbox 1724 3994 2002 4062; x_wconf 84' lang='lat' dir='ltr'><strong>unibilis</strong></span> <span class='ocrx_word' id='word_1_172' title='bbox 2056 4003 2387 4063; x_wconf 65' lang='lat' dir='ltr'><strong>creaturae</strong></span> <span class='ocrx_word' id='word_1_173' title='bbox 2455 4017 2570 4061; x_wconf 84' lang='lat' dir='ltr'><strong>as-</strong></span> 
     </span>
     <span class='ocr_line' id='line_1_29' title="bbox 1005 4105 1829 4199; baseline -0.006 -23"><span class='ocrx_word' id='word_1_174' title='bbox 1005 4119 1320 4199; x_wconf 69' lang='lat' dir='ltr'><strong>sumptae,</strong></span> <span class='ocrx_word' id='word_1_175' title='bbox 1356 4130 1562 4199; x_wconf 81' lang='lat' dir='ltr'><strong>quam</strong></span> <span class='ocrx_word' id='word_1_176' title='bbox 1600 4105 1829 4172; x_wconf 74' lang='lat' dir='ltr'><strong>Filius.</strong></span> 
     </span>
    </p>
   </div>
   <div class='ocr_carea' id='block_1_6' title="bbox 1014 4323 2576 5696">
    <p class='ocr_par' dir='ltr' id='par_1_9' title="bbox 1014 4323 2574 4720">
     <span class='ocr_line' id='line_1_30' title="bbox 1110 4323 2572 4417; baseline -0.006 -23"><span class='ocrx_word' id='word_1_177' title='bbox 1110 4327 1247 4394; x_wconf 76' lang='lat' dir='ltr'><strong>Sed</strong></span> <span class='ocrx_word' id='word_1_178' title='bbox 1287 4327 1445 4417; x_wconf 77' lang='lat' dir='ltr'><strong>quia</strong></span> <span class='ocrx_word' id='word_1_179' title='bbox 1495 4325 1620 4392; x_wconf 75' lang='lat' dir='ltr'><strong>lnoc</strong></span> <span class='ocrx_word' id='word_1_180' title='bbox 1666 4323 1830 4389; x_wconf 77' lang='lat' dir='ltr'><strong>satis</strong></span> <span class='ocrx_word' id='word_1_181' title='bbox 1869 4329 2179 4389; x_wconf 89' lang='lat' dir='ltr'><strong>notatum</strong></span> <span class='ocrx_word' id='word_1_182' title='bbox 2218 4329 2314 4386; x_wconf 76' lang='lat' dir='ltr'><strong>est</strong></span> <span class='ocrx_word' id='word_1_183' title='bbox 2367 4342 2572 4407; x_wconf 89' lang='lat' dir='ltr'><strong>supra</strong></span> 
     </span>
     <span class='ocr_line' id='line_1_31' title="bbox 1020 4426 2574 4527; baseline -0.008 -22"><span class='ocrx_word' id='word_1_184' title='bbox 1020 4437 1427 4527; x_wconf 86' lang='lat' dir='ltr'><strong>principium</strong></span> <span class='ocrx_word' id='word_1_185' title='bbox 1477 4432 1677 4508; x_wconf 68' lang='lat' dir='ltr'><strong>tertii,</strong></span> <span class='ocrx_word' id='word_1_186' title='bbox 1713 4439 2080 4522; x_wconf 74' lang='lat' dir='ltr'><strong>qua-ratur,</strong></span> <span class='ocrx_word' id='word_1_187' title='bbox 2136 4427 2210 4495; x_wconf 82' lang='lat' dir='ltr'><strong>Si</strong></span> <span class='ocrx_word' id='word_1_188' title='bbox 2255 4426 2574 4495; x_wconf 83' lang='lat' dir='ltr'><strong>columba</strong></span> 
     </span>
     <span class='ocr_line' id='line_1_32' title="bbox 1014 4533 2569 4636; baseline -0.008 -24"><span class='ocrx_word' id='word_1_189' title='bbox 1014 4547 1085 4612; x_wconf 88' lang='lat' dir='ltr'><strong>in</strong></span> <span class='ocrx_word' id='word_1_190' title='bbox 1152 4565 1286 4636; x_wconf 89' lang='lat' dir='ltr'><strong>qua</strong></span> <span class='ocrx_word' id='word_1_191' title='bbox 1339 4541 1650 4631; x_wconf 88' lang='lat' dir='ltr'><strong>apparuit</strong></span> <span class='ocrx_word' id='word_1_192' title='bbox 1719 4538 2014 4629; x_wconf 80' lang='lat' dir='ltr'><strong>Spiritus</strong></span> <span class='ocrx_word' id='word_1_193' title='bbox 2074 4544 2376 4615; x_wconf 68' lang='lat' dir='ltr'><strong>sanctuS,</strong></span> <span class='ocrx_word' id='word_1_194' title='bbox 2444 4533 2569 4601; x_wconf 82' lang='lat' dir='ltr'><strong>fuit</strong></span> 
     </span>
     <span class='ocr_line' id='line_1_33' title="bbox 1014 4642 2350 4720; baseline -0.008 -2"><span class='ocrx_word' id='word_1_195' title='bbox 1014 4675 1251 4720; x_wconf 74' lang='lat' dir='ltr'><strong>verum</strong></span> <span class='ocrx_word' id='word_1_196' title='bbox 1293 4658 1358 4717; x_wconf 86' lang='lat' dir='ltr'><strong>et</strong></span> <span class='ocrx_word' id='word_1_197' title='bbox 1391 4645 1694 4714; x_wconf 89' lang='lat' dir='ltr'><strong>naturale</strong></span> <span class='ocrx_word' id='word_1_198' title='bbox 1726 4642 1977 4711; x_wconf 86' lang='lat' dir='ltr'><strong>animal</strong></span> <span class='ocrx_word' id='word_1_199' title='bbox 2008 4642 2117 4711; x_wconf 77' lang='lat' dir='ltr'><strong>vel</strong></span> <span class='ocrx_word' id='word_1_200' title='bbox 2160 4643 2350 4710; x_wconf 83' lang='lat' dir='ltr'><strong>uon?</strong></span> 
     </span>
    </p>

    <p class='ocr_par' dir='ltr' id='par_1_10' title="bbox 1110 4752 2409 4849">
     <span class='ocr_line' id='line_1_34' title="bbox 1110 4752 2409 4849; baseline -0.006 -23"><span class='ocrx_word' id='word_1_201' title='bbox 1110 4760 1416 4833; x_wconf 67' lang='lat' dir='ltr'><strong>Videtur,</strong></span> <span class='ocrx_word' id='word_1_202' title='bbox 1461 4754 1643 4849; x_wconf 88' lang='lat' dir='ltr'><strong>quod</strong></span> <span class='ocrx_word' id='word_1_203' title='bbox 1676 4752 1930 4821; x_wconf 87' lang='lat' dir='ltr'><strong>animal</strong></span> <span class='ocrx_word' id='word_1_204' title='bbox 1961 4753 2162 4821; x_wconf 82' lang='lat' dir='ltr'><strong>fuerit</strong></span> <span class='ocrx_word' id='word_1_205' title='bbox 2196 4774 2212 4820; x_wconf 89' lang='lat'>:</span> <span class='ocrx_word' id='word_1_206' title='bbox 2248 4753 2409 4844; x_wconf 87' lang='lat' dir='ltr'><strong>quia</strong></span> 
     </span>
    </p>

    <p class='ocr_par' dir='ltr' id='par_1_11' title="bbox 1016 4855 2574 5278">
     <span class='ocr_line' id='line_1_35' title="bbox 1113 4855 2574 4953; baseline -0.007 -22"><span class='ocrx_word' id='word_1_207' title='bbox 1113 4868 1168 4932; x_wconf 89' lang='lat' dir='ltr'><strong>l.</strong></span> <span class='ocrx_word' id='word_1_208' title='bbox 1218 4863 1514 4953; x_wconf 77' lang='lat' dir='ltr'><strong>Spiritus</strong></span> <span class='ocrx_word' id='word_1_209' title='bbox 1561 4859 1863 4926; x_wconf 77' lang='lat' dir='ltr'><strong>veritatis</strong></span> <span class='ocrx_word' id='word_1_210' title='bbox 1893 4855 2063 4926; x_wconf 86' lang='lat' dir='ltr'><strong>nihil</strong></span> <span class='ocrx_word' id='word_1_211' title='bbox 2104 4855 2307 4925; x_wconf 90' lang='lat' dir='ltr'><strong>debet</strong></span> <span class='ocrx_word' id='word_1_212' title='bbox 2352 4856 2574 4947; x_wconf 78' lang='lat' dir='ltr'><strong>tinge-</strong></span> 
     </span>
     <span class='ocr_line' id='line_1_36' title="bbox 1018 4966 2574 5043; baseline -0.006 -3"><span class='ocrx_word' id='word_1_213' title='bbox 1018 4999 1086 5040; x_wconf 78' lang='lat' dir='ltr'><strong>re</strong></span> <span class='ocrx_word' id='word_1_214' title='bbox 1139 4995 1155 5040; x_wconf 75' lang='grc' dir='ltr'><em>τ</em></span> <span class='ocrx_word' id='word_1_215' title='bbox 1209 4971 1326 5037; x_wconf 74' lang='lat' dir='ltr'><strong>sud</strong></span> <span class='ocrx_word' id='word_1_216' title='bbox 1387 4969 1693 5036; x_wconf 84' lang='lat' dir='ltr'><strong>tictitium</strong></span> <span class='ocrx_word' id='word_1_217' title='bbox 1753 4973 1954 5043; x_wconf 84' lang='lat' dir='ltr'><strong>esset,</strong></span> <span class='ocrx_word' id='word_1_218' title='bbox 1995 4966 2358 5033; x_wconf 79' lang='lat' dir='ltr'><strong>sitantum</strong></span> <span class='ocrx_word' id='word_1_219' title='bbox 2396 4971 2574 5032; x_wconf 81' lang='lat' dir='ltr'><strong>esset</strong></span> 
     </span>
     <span class='ocr_line' id='line_1_37' title="bbox 1019 5074 2572 5172; baseline -0.007 -23"><span class='ocrx_word' id='word_1_220' title='bbox 1019 5084 1236 5172; x_wconf 73' lang='lat' dir='ltr'><strong>ligura</strong></span> <span class='ocrx_word' id='word_1_221' title='bbox 1266 5076 1627 5152; x_wconf 80' lang='lat' dir='ltr'><strong>columbae,</strong></span> <span class='ocrx_word' id='word_1_222' title='bbox 1663 5084 1727 5143; x_wconf 88' lang='lat' dir='ltr'><strong>et</strong></span> <span class='ocrx_word' id='word_1_223' title='bbox 1770 5096 1905 5142; x_wconf 90' lang='lat' dir='ltr'><strong>non</strong></span> <span class='ocrx_word' id='word_1_224' title='bbox 1934 5074 2185 5141; x_wconf 79' lang='lat' dir='ltr'><strong>veritas</strong></span> <span class='ocrx_word' id='word_1_225' title='bbox 2219 5095 2235 5140; x_wconf 91' lang='lat'><strong>:</strong></span> <span class='ocrx_word' id='word_1_226' title='bbox 2271 5097 2434 5163; x_wconf 82' lang='lat' dir='ltr'><strong>ergo</strong></span> <span class='ocrx_word' id='word_1_227' title='bbox 2469 5074 2572 5139; x_wconf 78' lang='lat' dir='ltr'><strong>vi-</strong></span> 
     </span>
     <span class='ocr_line' id='line_1_38' title="bbox 1016 5180 2251 5278; baseline -0.006 -22"><span class='ocrx_word' id='word_1_228' title='bbox 1016 5189 1239 5266; x_wconf 76' lang='lat' dir='ltr'><strong>detur,</strong></span> <span class='ocrx_word' id='word_1_229' title='bbox 1273 5184 1457 5278; x_wconf 91' lang='lat' dir='ltr'><strong>quod</strong></span> <span class='ocrx_word' id='word_1_230' title='bbox 1486 5206 1650 5252; x_wconf 75' lang='lat' dir='ltr'><strong>vcra</strong></span> <span class='ocrx_word' id='word_1_231' title='bbox 1680 5181 1882 5250; x_wconf 81' lang='lat' dir='ltr'><strong>fuerit</strong></span> <span class='ocrx_word' id='word_1_232' title='bbox 1909 5180 2251 5249; x_wconf 85' lang='lat' dir='ltr'><strong>columba.</strong></span> 
     </span>
    </p>

    <p class='ocr_par' dir='ltr' id='par_1_12' title="bbox 1020 5288 2576 5696">
     <span class='ocr_line' id='line_1_39' title="bbox 1108 5288 2576 5382; baseline -0.007 -17"><span class='ocrx_word' id='word_1_233' title='bbox 1108 5302 1173 5365; x_wconf 78' lang='lat'><strong>2.</strong></span> <span class='ocrx_word' id='word_1_234' title='bbox 1222 5296 1418 5375; x_wconf 87' lang='lat' dir='ltr'><strong>ltem,</strong></span> <span class='ocrx_word' id='word_1_235' title='bbox 1459 5293 1809 5382; x_wconf 79' lang='lat' dir='ltr'><strong>l‘raestigia</strong></span> <span class='ocrx_word' id='word_1_236' title='bbox 1830 5289 2220 5359; x_wconf 84' lang='lat' dir='ltr'><strong>daemonum</strong></span> <span class='ocrx_word' id='word_1_237' title='bbox 2253 5297 2411 5357; x_wconf 88' lang='lat' dir='ltr'><strong>sunt</strong></span> <span class='ocrx_word' id='word_1_238' title='bbox 2451 5288 2576 5356; x_wconf 88' lang='lat' dir='ltr'><strong>de-</strong></span> 
     </span>
     <span class='ocr_line' id='line_1_40' title="bbox 1020 5398 2573 5490; baseline -0.007 -15"><span class='ocrx_word' id='word_1_239' title='bbox 1020 5405 1252 5475; x_wconf 86' lang='lat' dir='ltr'><strong>ludere</strong></span> <span class='ocrx_word' id='word_1_240' title='bbox 1327 5424 1571 5469; x_wconf 84' lang='lat' dir='ltr'><strong>sensus</strong></span> <span class='ocrx_word' id='word_1_241' title='bbox 1629 5398 1991 5468; x_wconf 84' lang='lat' dir='ltr'><strong>hominum</strong></span> <span class='ocrx_word' id='word_1_242' title='bbox 2054 5422 2176 5490; x_wconf 89' lang='lat' dir='ltr'><strong>per</strong></span> <span class='ocrx_word' id='word_1_243' title='bbox 2241 5398 2573 5490; x_wconf 85' lang='lat' dir='ltr'><strong>quasdam</strong></span> 
     </span>
     <span class='ocr_line' id='line_1_41' title="bbox 1020 5509 2571 5609; baseline -0.006 -24"><span class='ocrx_word' id='word_1_244' title='bbox 1020 5519 1275 5609; x_wconf 72' lang='lat' dir='ltr'><strong>figuras</strong></span> <span class='ocrx_word' id='word_1_245' title='bbox 1311 5541 1325 5581; x_wconf 93' lang='lat'>:</span> <span class='ocrx_word' id='word_1_246' title='bbox 1363 5536 1526 5602; x_wconf 80' lang='lat' dir='ltr'><strong>ergo</strong></span> <span class='ocrx_word' id='word_1_247' title='bbox 1561 5509 1687 5579; x_wconf 90' lang='lat' dir='ltr'><strong>hoc</strong></span> <span class='ocrx_word' id='word_1_248' title='bbox 1729 5533 1865 5579; x_wconf 91' lang='lat' dir='ltr'><strong>non</strong></span> <span class='ocrx_word' id='word_1_249' title='bbox 1909 5511 2237 5601; x_wconf 89' lang='lat' dir='ltr'><strong>competit</strong></span> <span class='ocrx_word' id='word_1_250' title='bbox 2287 5510 2571 5601; x_wconf 88' lang='lat' dir='ltr'><strong>Spiritui</strong></span> 
     </span>
     <span class='ocr_line' id='line_1_42' title="bbox 1022 5625 1345 5696; baseline -0.019 0"><span class='ocrx_word' id='word_1_251' title='bbox 1022 5625 1345 5696; x_wconf 78' lang='lat' dir='ltr'><strong>veritatis.</strong></span> 
     </span>
    </p>
   </div>
   <div class='ocr_carea' id='block_1_7' title="bbox 687 4361 943 4414">
    <p class='ocr_par' dir='ltr' id='par_1_13' title="bbox 687 4361 943 4414">
     <span class='ocr_line' id='line_1_43' title="bbox 687 4361 943 4414; baseline -0.016 -4"><span class='ocrx_word' id='word_1_252' title='bbox 687 4361 868 4414; x_wconf 54' lang='lat' dir='ltr'><strong>Qut-8.</strong></span> <span class='ocrx_word' id='word_1_253' title='bbox 905 4364 943 4406; x_wconf 82' lang='lat' dir='ltr'><strong>t.</strong></span> 
     </span>
    </p>
   </div>
   <div class='ocr_carea' id='block_1_8' title="bbox 4060 269 4197 362">
    <p class='ocr_par' dir='ltr' id='par_1_14' title="bbox 4060 269 4197 362">
     <span class='ocr_line' id='line_1_44' title="bbox 4060 269 4197 362; baseline 0.007 -28"><span class='ocrx_word' id='word_1_254' title='bbox 4060 269 4197 362; x_wconf 59' lang='lat' dir='ltr'><strong>Aen</strong></span> 
     </span>
    </p>
   </div>
   <div class='ocr_carea' id='block_1_9' title="bbox 2649 441 4202 1181">
    <p class='ocr_par' dir='ltr' id='par_1_15' title="bbox 2649 441 4202 944">
     <span class='ocr_line' id='line_1_45' title="bbox 2738 441 4202 531; baseline -0.008 -17"><span class='ocrx_word' id='word_1_255' title='bbox 2738 450 2802 515; x_wconf 88' lang='grc'><strong>3.</strong></span> <span class='ocrx_word' id='word_1_256' title='bbox 2839 447 3037 526; x_wconf 88' lang='lat' dir='ltr'><strong>Item,</strong></span> <span class='ocrx_word' id='word_1_257' title='bbox 3089 446 3168 512; x_wconf 91' lang='lat' dir='ltr'><strong>In</strong></span> <span class='ocrx_word' id='word_1_258' title='bbox 3215 444 3536 511; x_wconf 86' lang='lat' dir='ltr'><strong>columba</strong></span> <span class='ocrx_word' id='word_1_259' title='bbox 3567 441 3876 531; x_wconf 89' lang='lat' dir='ltr'><strong>apparuit</strong></span> <span class='ocrx_word' id='word_1_260' title='bbox 3926 445 4202 526; x_wconf 84' lang='lat' dir='ltr'><strong>propter</strong></span> 
     </span>
     <span class='ocr_line' id='line_1_46' title="bbox 2649 549 4200 641; baseline -0.007 -20"><span class='ocrx_word' id='word_1_261' title='bbox 2649 554 2980 622; x_wconf 82' lang='lat' dir='ltr'><strong>columbae</strong></span> <span class='ocrx_word' id='word_1_262' title='bbox 3029 552 3471 641; x_wconf 78' lang='lat' dir='ltr'><strong>proprietates</strong></span> <span class='ocrx_word' id='word_1_263' title='bbox 3519 573 3532 615; x_wconf 89' lang='lat'>:</span> <span class='ocrx_word' id='word_1_264' title='bbox 3581 549 3710 617; x_wconf 77' lang='lat' dir='ltr'><strong>illae</strong></span> <span class='ocrx_word' id='word_1_265' title='bbox 3763 557 3987 614; x_wconf 82' lang='lat' dir='ltr'><strong>autem</strong></span> <span class='ocrx_word' id='word_1_266' title='bbox 4037 567 4200 633; x_wconf 83' lang='lat' dir='ltr'><strong>pro-</strong></span> 
     </span>
     <span class='ocr_line' id='line_1_47' title="bbox 2653 656 4200 751; baseline -0.004 -27"><span class='ocrx_word' id='word_1_267' title='bbox 2653 665 2967 751; x_wconf 83' lang='lat' dir='ltr'><strong>prietates</strong></span> <span class='ocrx_word' id='word_1_268' title='bbox 3016 681 3153 725; x_wconf 89' lang='lat' dir='ltr'><strong>non</strong></span> <span class='ocrx_word' id='word_1_269' title='bbox 3213 659 3629 725; x_wconf 75' lang='lat' dir='ltr'><strong>conveniunt</strong></span> <span class='ocrx_word' id='word_1_270' title='bbox 3690 656 3813 721; x_wconf 80' lang='lat' dir='ltr'><strong>nisi</strong></span> <span class='ocrx_word' id='word_1_271' title='bbox 3876 674 4049 720; x_wconf 79' lang='lat' dir='ltr'><strong>verae</strong></span> <span class='ocrx_word' id='word_1_272' title='bbox 4093 675 4200 719; x_wconf 90' lang='lat' dir='ltr'><strong>co-</strong></span> 
     </span>
     <span class='ocr_line' id='line_1_48' title="bbox 2653 759 4198 856; baseline -0.006 -21"><span class='ocrx_word' id='word_1_273' title='bbox 2653 769 2901 835; x_wconf 80' lang='lat' dir='ltr'><strong>lumbae</strong></span> <span class='ocrx_word' id='word_1_274' title='bbox 2934 789 2949 836; x_wconf 71' lang='grc' dir='ltr'>ε</span> <span class='ocrx_word' id='word_1_275' title='bbox 2983 789 3144 856; x_wconf 87' lang='lat' dir='ltr'><strong>ergo</strong></span> <span class='ocrx_word' id='word_1_276' title='bbox 3177 788 3337 833; x_wconf 84' lang='lat' dir='ltr'><strong>vera</strong></span> <span class='ocrx_word' id='word_1_277' title='bbox 3378 764 3499 832; x_wconf 82' lang='lat' dir='ltr'><strong>fuit</strong></span> <span class='ocrx_word' id='word_1_278' title='bbox 3530 763 3865 838; x_wconf 78' lang='lat' dir='ltr'><strong>columba,</strong></span> <span class='ocrx_word' id='word_1_279' title='bbox 3903 770 3978 827; x_wconf 88' lang='lat' dir='ltr'><strong>ut</strong></span> <span class='ocrx_word' id='word_1_280' title='bbox 4004 759 4198 826; x_wconf 83' lang='lat' dir='ltr'><strong>vidc-</strong></span> 
     </span>
     <span class='ocr_line' id='line_1_49' title="bbox 2654 887 2787 944; baseline -0.015 0"><span class='ocrx_word' id='word_1_281' title='bbox 2654 887 2787 944; x_wconf 87' lang='lat' dir='ltr'><strong>tur.</strong></span> 
     </span>
    </p>

    <p class='ocr_par' dir='ltr' id='par_1_16' title="bbox 2746 985 3215 1053">
     <span class='ocr_line' id='line_1_50' title="bbox 2746 985 3215 1053; baseline 0 -1"><span class='ocrx_word' id='word_1_282' title='bbox 2746 985 2878 1052; x_wconf 74' lang='lat' dir='ltr'><strong>San</strong></span> <span class='ocrx_word' id='word_1_283' title='bbox 2908 1008 3159 1053; x_wconf 73' lang='lat' dir='ltr'><strong>coNTnA</strong></span> <span class='ocrx_word' id='word_1_284' title='bbox 3199 1006 3215 1052; x_wconf 72' lang='grc' dir='ltr'>ε</span> 
     </span>
    </p>

    <p class='ocr_par' dir='ltr' id='par_1_17' title="bbox 2749 1085 4195 1181">
     <span class='ocr_line' id='line_1_51' title="bbox 2749 1085 4195 1181; baseline -0.005 -22"><span class='ocrx_word' id='word_1_285' title='bbox 2749 1098 2808 1161; x_wconf 73' lang='lat'><strong>1.</strong></span> <span class='ocrx_word' id='word_1_286' title='bbox 2875 1093 3106 1161; x_wconf 79' lang='lat' dir='ltr'><strong>Sancti</strong></span> <span class='ocrx_word' id='word_1_287' title='bbox 3167 1093 3424 1172; x_wconf 86' lang='lat' dir='ltr'><strong>dicunt,</strong></span> <span class='ocrx_word' id='word_1_288' title='bbox 3483 1091 3663 1181; x_wconf 91' lang='lat' dir='ltr'><strong>quod</strong></span> <span class='ocrx_word' id='word_1_289' title='bbox 3720 1090 3829 1156; x_wconf 86' lang='lat' dir='ltr'><strong>illa</strong></span> <span class='ocrx_word' id='word_1_290' title='bbox 3882 1085 4195 1156; x_wconf 86' lang='lat' dir='ltr'><strong>columba</strong></span> 
     </span>
    </p>
   </div>
   <div class='ocr_carea' id='block_1_10' title="bbox 2657 1196 4201 1373">
    <p class='ocr_par' dir='ltr' id='par_1_18' title="bbox 2657 1196 4201 1373">
     <span class='ocr_line' id='line_1_52' title="bbox 2657 1196 4198 1291; baseline -0.005 -23"><span class='ocrx_word' id='word_1_291' title='bbox 2657 1210 2923 1291; x_wconf 88' lang='lat' dir='ltr'><strong>peraeto</strong></span> <span class='ocrx_word' id='word_1_292' title='bbox 2974 1200 3197 1268; x_wconf 84' lang='lat' dir='ltr'><strong>ofticio</strong></span> <span class='ocrx_word' id='word_1_293' title='bbox 3246 1221 3515 1267; x_wconf 87' lang='lat' dir='ltr'><strong>reversa</strong></span> <span class='ocrx_word' id='word_1_294' title='bbox 3562 1208 3663 1265; x_wconf 81' lang='lat' dir='ltr'><strong>est</strong></span> <span class='ocrx_word' id='word_1_295' title='bbox 3720 1201 3785 1262; x_wconf 90' lang='lat' dir='ltr'><strong>in</strong></span> <span class='ocrx_word' id='word_1_296' title='bbox 3849 1196 4198 1285; x_wconf 83' lang='lat' dir='ltr'><strong>pristinam</strong></span> 
     </span>
     <span class='ocr_line' id='line_1_53' title="bbox 2658 1301 4201 1373; baseline -0.005 -1"><span class='ocrx_word' id='word_1_297' title='bbox 2658 1305 3011 1373; x_wconf 82' lang='lat' dir='ltr'><strong>materiam</strong></span> <span class='ocrx_word' id='word_1_298' title='bbox 3049 1327 3062 1371; x_wconf 73' lang='grc' dir='ltr'>ε</span> <span class='ocrx_word' id='word_1_299' title='bbox 3099 1302 3230 1371; x_wconf 88' lang='lat' dir='ltr'><strong>hoc</strong></span> <span class='ocrx_word' id='word_1_300' title='bbox 3260 1313 3488 1371; x_wconf 88' lang='lat' dir='ltr'><strong>autem</strong></span> <span class='ocrx_word' id='word_1_301' title='bbox 3524 1325 3658 1369; x_wconf 93' lang='lat' dir='ltr'><strong>non</strong></span> <span class='ocrx_word' id='word_1_302' title='bbox 3692 1301 3923 1368; x_wconf 84' lang='lat' dir='ltr'><strong>fuisset</strong></span> <span class='ocrx_word' id='word_1_303' title='bbox 3952 1302 4011 1366; x_wconf 89' lang='lat' dir='ltr'><strong>si</strong></span> <span class='ocrx_word' id='word_1_304' title='bbox 4041 1321 4201 1366; x_wconf 77' lang='lat' dir='ltr'><strong>vera</strong></span> 
     </span>
    </p>
   </div>
   <div class='ocr_carea' id='block_1_11' title="bbox 2653 1410 4204 2367">
    <p class='ocr_par' dir='ltr' id='par_1_19' title="bbox 2653 1410 4202 1591">
     <span class='ocr_line' id='line_1_54' title="bbox 2653 1410 4202 1504; baseline -0.005 -23"><span class='ocrx_word' id='word_1_305' title='bbox 2653 1415 2888 1483; x_wconf 87' lang='lat' dir='ltr'><strong>fuisset</strong></span> <span class='ocrx_word' id='word_1_306' title='bbox 2923 1413 3244 1483; x_wconf 84' lang='lat' dir='ltr'><strong>columba</strong></span> <span class='ocrx_word' id='word_1_307' title='bbox 3278 1436 3292 1480; x_wconf 72' lang='grc' dir='ltr'><strong>ε</strong></span> <span class='ocrx_word' id='word_1_308' title='bbox 3330 1435 3492 1504; x_wconf 87' lang='lat' dir='ltr'><strong>ergo</strong></span> <span class='ocrx_word' id='word_1_309' title='bbox 3526 1435 3664 1480; x_wconf 90' lang='lat' dir='ltr'><strong>non</strong></span> <span class='ocrx_word' id='word_1_310' title='bbox 3704 1411 3824 1476; x_wconf 86' lang='lat' dir='ltr'><strong>fuit</strong></span> <span class='ocrx_word' id='word_1_311' title='bbox 3862 1410 3989 1476; x_wconf 88' lang='lat' dir='ltr'><strong>nisi</strong></span> <span class='ocrx_word' id='word_1_312' title='bbox 4031 1410 4202 1500; x_wconf 85' lang='lat' dir='ltr'><strong>ligu-</strong></span> 
     </span>
     <span class='ocr_line' id='line_1_55' title="bbox 2658 1521 3130 1591; baseline -0.002 -1"><span class='ocrx_word' id='word_1_313' title='bbox 2658 1547 2728 1591; x_wconf 88' lang='lat' dir='ltr'><strong>ra</strong></span> <span class='ocrx_word' id='word_1_314' title='bbox 2767 1521 3130 1591; x_wconf 81' lang='lat' dir='ltr'><strong>columbae.</strong></span> 
     </span>
    </p>

    <p class='ocr_par' dir='ltr' id='par_1_20' title="bbox 2655 1625 4204 2367">
     <span class='ocr_line' id='line_1_56' title="bbox 2742 1625 4199 1709; baseline -0.005 -12"><span class='ocrx_word' id='word_1_315' title='bbox 2742 1634 2807 1697; x_wconf 82' lang='lat'><strong>2.</strong></span> <span class='ocrx_word' id='word_1_316' title='bbox 2849 1630 3041 1709; x_wconf 78' lang='lat' dir='ltr'><strong>item,</strong></span> <span class='ocrx_word' id='word_1_317' title='bbox 3077 1629 3148 1696; x_wconf 88' lang='lat' dir='ltr'><strong>Si</strong></span> <span class='ocrx_word' id='word_1_318' title='bbox 3195 1651 3357 1696; x_wconf 83' lang='lat' dir='ltr'><strong>vera</strong></span> <span class='ocrx_word' id='word_1_319' title='bbox 3396 1627 3631 1694; x_wconf 82' lang='lat' dir='ltr'><strong>fuisset</strong></span> <span class='ocrx_word' id='word_1_320' title='bbox 3671 1625 4011 1701; x_wconf 86' lang='lat' dir='ltr'><strong>columba,</strong></span> <span class='ocrx_word' id='word_1_321' title='bbox 4060 1647 4199 1692; x_wconf 90' lang='lat' dir='ltr'><strong>non</strong></span> 
     </span>
     <span class='ocr_line' id='line_1_57' title="bbox 2655 1732 4199 1828; baseline -0.005 -21"><span class='ocrx_word' id='word_1_322' title='bbox 2655 1740 2958 1807; x_wconf 85' lang='lat' dir='ltr'><strong>duxisset</strong></span> <span class='ocrx_word' id='word_1_323' title='bbox 2989 1740 3057 1807; x_wconf 90' lang='lat' dir='ltr'><strong>in</strong></span> <span class='ocrx_word' id='word_1_324' title='bbox 3106 1737 3291 1805; x_wconf 88' lang='lat' dir='ltr'><strong>aliud</strong></span> <span class='ocrx_word' id='word_1_325' title='bbox 3327 1762 3340 1806; x_wconf 74' lang='grc' dir='ltr'>ε</span> <span class='ocrx_word' id='word_1_326' title='bbox 3376 1760 3539 1828; x_wconf 88' lang='lat' dir='ltr'><strong>ergo</strong></span> <span class='ocrx_word' id='word_1_327' title='bbox 3579 1736 3867 1812; x_wconf 84' lang='lat' dir='ltr'><strong>videtur,</strong></span> <span class='ocrx_word' id='word_1_328' title='bbox 3904 1732 4087 1825; x_wconf 89' lang='lat' dir='ltr'><strong>quod</strong></span> <span class='ocrx_word' id='word_1_329' title='bbox 4118 1733 4199 1800; x_wconf 89' lang='lat' dir='ltr'><strong>ad</strong></span> 
     </span>
     <span class='ocr_line' id='line_1_58' title="bbox 2656 1842 4203 1938; baseline -0.003 -25"><span class='ocrx_word' id='word_1_330' title='bbox 2656 1846 2785 1915; x_wconf 88' lang='lat' dir='ltr'><strong>hoc</strong></span> <span class='ocrx_word' id='word_1_331' title='bbox 2824 1846 3006 1938; x_wconf 91' lang='lat' dir='ltr'><strong>quod</strong></span> <span class='ocrx_word' id='word_1_332' title='bbox 3037 1846 3311 1915; x_wconf 89' lang='lat' dir='ltr'><strong>duceret</strong></span> <span class='ocrx_word' id='word_1_333' title='bbox 3343 1846 3412 1912; x_wconf 91' lang='lat' dir='ltr'><strong>in</strong></span> <span class='ocrx_word' id='word_1_334' title='bbox 3442 1843 3650 1917; x_wconf 83' lang='lat' dir='ltr'><strong>aliud.</strong></span> <span class='ocrx_word' id='word_1_335' title='bbox 3685 1842 3864 1933; x_wconf 90' lang='lat' dir='ltr'><strong>quod</strong></span> <span class='ocrx_word' id='word_1_336' title='bbox 3915 1864 4054 1909; x_wconf 92' lang='lat' dir='ltr'><strong>non</strong></span> <span class='ocrx_word' id='word_1_337' title='bbox 4084 1863 4203 1908; x_wconf 79' lang='lat' dir='ltr'><strong>ve·</strong></span> 
     </span>
     <span class='ocr_line' id='line_1_59' title="bbox 2657 1949 4204 2024; baseline -0.005 -2"><span class='ocrx_word' id='word_1_338' title='bbox 2657 1978 2800 2022; x_wconf 87' lang='lat' dir='ltr'><strong>ram</strong></span> <span class='ocrx_word' id='word_1_339' title='bbox 2840 1953 3294 2024; x_wconf 88' lang='lat' dir='ltr'><strong>conveniebat</strong></span> <span class='ocrx_word' id='word_1_340' title='bbox 3334 1975 3483 2021; x_wconf 88' lang='lat' dir='ltr'><strong>esse</strong></span> <span class='ocrx_word' id='word_1_341' title='bbox 3540 1949 3925 2019; x_wconf 86' lang='lat' dir='ltr'><strong>columbam</strong></span> <span class='ocrx_word' id='word_1_342' title='bbox 3974 1973 3989 2018; x_wconf 90' lang='lat'>:</span> <span class='ocrx_word' id='word_1_343' title='bbox 4033 1950 4204 2016; x_wconf 87' lang='lat' dir='ltr'><strong>sicut</strong></span> 
     </span>
     <span class='ocr_line' id='line_1_60' title="bbox 2655 2059 4204 2151; baseline -0.005 -19"><span class='ocrx_word' id='word_1_344' title='bbox 2655 2067 2860 2133; x_wconf 89' lang='lat' dir='ltr'><strong>etiam</strong></span> <span class='ocrx_word' id='word_1_345' title='bbox 2904 2063 3230 2131; x_wconf 86' lang='lat' dir='ltr'><strong>Doctores</strong></span> <span class='ocrx_word' id='word_1_346' title='bbox 3278 2062 3536 2144; x_wconf 87' lang='lat' dir='ltr'><strong>dicunt,</strong></span> <span class='ocrx_word' id='word_1_347' title='bbox 3583 2059 3765 2151; x_wconf 91' lang='lat' dir='ltr'><strong>quod</strong></span> <span class='ocrx_word' id='word_1_348' title='bbox 3795 2060 4052 2148; x_wconf 83' lang='lat' dir='ltr'><strong>species</strong></span> <span class='ocrx_word' id='word_1_349' title='bbox 4091 2081 4204 2149; x_wconf 86' lang='lat' dir='ltr'><strong>pa-</strong></span> 
     </span>
     <span class='ocr_line' id='line_1_61' title="bbox 2658 2166 4199 2242; baseline -0.005 -1"><span class='ocrx_word' id='word_1_350' title='bbox 2658 2177 2761 2241; x_wconf 87' lang='lat' dir='ltr'><strong>nis</strong></span> <span class='ocrx_word' id='word_1_351' title='bbox 2818 2182 2885 2241; x_wconf 87' lang='lat' dir='ltr'><strong>et</strong></span> <span class='ocrx_word' id='word_1_352' title='bbox 2949 2173 3092 2240; x_wconf 81' lang='lat' dir='ltr'><strong>vini</strong></span> <span class='ocrx_word' id='word_1_353' title='bbox 3134 2172 3203 2238; x_wconf 90' lang='lat' dir='ltr'><strong>in</strong></span> <span class='ocrx_word' id='word_1_354' title='bbox 3260 2178 3686 2239; x_wconf 86' lang='lat' dir='ltr'><strong>sacramento</strong></span> <span class='ocrx_word' id='word_1_355' title='bbox 3733 2166 4199 2242; x_wconf 64' lang='lat' dir='ltr'><strong>Eucharistia‘‚</strong></span> 
     </span>
     <span class='ocr_line' id='line_1_62' title="bbox 2657 2271 4197 2367; baseline -0.006 -20"><span class='ocrx_word' id='word_1_356' title='bbox 2657 2282 2723 2347; x_wconf 90' lang='lat' dir='ltr'><strong>in</strong></span> <span class='ocrx_word' id='word_1_357' title='bbox 2758 2279 2873 2347; x_wconf 92' lang='lat' dir='ltr'><strong>illo</strong></span> <span class='ocrx_word' id='word_1_358' title='bbox 2904 2287 3063 2348; x_wconf 86' lang='lat' dir='ltr'><strong>sunt</strong></span> <span class='ocrx_word' id='word_1_359' title='bbox 3093 2278 3177 2345; x_wconf 88' lang='lat' dir='ltr'><strong>ad</strong></span> <span class='ocrx_word' id='word_1_360' title='bbox 3219 2276 3349 2345; x_wconf 87' lang='lat' dir='ltr'><strong>hoc</strong></span> <span class='ocrx_word' id='word_1_361' title='bbox 3378 2275 3562 2367; x_wconf 85' lang='lat' dir='ltr'><strong>quod</strong></span> <span class='ocrx_word' id='word_1_362' title='bbox 3617 2275 3681 2342; x_wconf 88' lang='lat' dir='ltr'><strong>in</strong></span> <span class='ocrx_word' id='word_1_363' title='bbox 3713 2273 3891 2340; x_wconf 84' lang='lat' dir='ltr'><strong>aliud</strong></span> <span class='ocrx_word' id='word_1_364' title='bbox 3925 2271 4197 2340; x_wconf 88' lang='lat' dir='ltr'><strong>ducant.</strong></span> 
     </span>
    </p>
   </div>
   <div class='ocr_carea' id='block_1_12' title="bbox 2658 2486 4522 3010">
    <p class='ocr_par' dir='ltr' id='par_1_21' title="bbox 2658 2486 4522 3010">
     <span class='ocr_line' id='line_1_63' title="bbox 2746 2486 4522 2581; baseline -0.005 -23"><span class='ocrx_word' id='word_1_365' title='bbox 2746 2490 2881 2558; x_wconf 71' lang='lat' dir='ltr'><strong>Sao</strong></span> <span class='ocrx_word' id='word_1_366' title='bbox 2926 2514 3092 2559; x_wconf 62' lang='lat' dir='ltr'><strong>‘ruse</strong></span> <span class='ocrx_word' id='word_1_367' title='bbox 3149 2491 3497 2581; x_wconf 84' lang='lat' dir='ltr'><strong>quaeritur,</strong></span> <span class='ocrx_word' id='word_1_368' title='bbox 3560 2486 3737 2565; x_wconf 87' lang='lat' dir='ltr'><strong>Quid</strong></span> <span class='ocrx_word' id='word_1_369' title='bbox 3787 2487 4002 2553; x_wconf 77' lang='lat' dir='ltr'><strong>movit</strong></span> <span class='ocrx_word' id='word_1_370' title='bbox 4049 2509 4197 2552; x_wconf 87' lang='lat' dir='ltr'><strong>eam</strong></span> <span class='ocrx_word' id='word_1_371' title='bbox 4264 2523 4448 2577; x_wconf 65' lang='lat' dir='ltr'><strong>Qua-t.</strong></span> <span class='ocrx_word' id='word_1_372' title='bbox 4479 2522 4522 2567; x_wconf 57' lang='grc' dir='ltr'><strong>ρ,</strong></span> 
     </span>
     <span class='ocr_line' id='line_1_64' title="bbox 2658 2595 4198 2678; baseline -0.005 -11"><span class='ocrx_word' id='word_1_373' title='bbox 2658 2609 2845 2668; x_wconf 87' lang='lat' dir='ltr'><strong>motu</strong></span> <span class='ocrx_word' id='word_1_374' title='bbox 2878 2598 3104 2678; x_wconf 88' lang='lat' dir='ltr'><strong>locali,</strong></span> <span class='ocrx_word' id='word_1_375' title='bbox 3137 2600 3193 2666; x_wconf 86' lang='lat' dir='ltr'><strong>si</strong></span> <span class='ocrx_word' id='word_1_376' title='bbox 3240 2619 3378 2665; x_wconf 88' lang='lat' dir='ltr'><strong>uon</strong></span> <span class='ocrx_word' id='word_1_377' title='bbox 3428 2595 3555 2663; x_wconf 82' lang='lat' dir='ltr'><strong>fuit</strong></span> <span class='ocrx_word' id='word_1_378' title='bbox 3597 2597 3803 2662; x_wconf 74' lang='lat' dir='ltr'><strong>viva?</strong></span> <span class='ocrx_word' id='word_1_379' title='bbox 3832 2617 3968 2661; x_wconf 87' lang='lat' dir='ltr'><strong>non</strong></span> <span class='ocrx_word' id='word_1_380' title='bbox 4016 2597 4198 2661; x_wconf 87' lang='lat' dir='ltr'><strong>enim</strong></span> 
     </span>
     <span class='ocr_line' id='line_1_65' title="bbox 2658 2702 4201 2798; baseline -0.004 -23"><span class='ocrx_word' id='word_1_381' title='bbox 2658 2717 2973 2776; x_wconf 79' lang='lat' dir='ltr'><strong>movetur</strong></span> <span class='ocrx_word' id='word_1_382' title='bbox 3018 2705 3274 2798; x_wconf 87' lang='lat' dir='ltr'><strong>aliquid</strong></span> <span class='ocrx_word' id='word_1_383' title='bbox 3335 2714 3523 2774; x_wconf 93' lang='lat' dir='ltr'><strong>motu</strong></span> <span class='ocrx_word' id='word_1_384' title='bbox 3577 2702 3770 2772; x_wconf 87' lang='lat' dir='ltr'><strong>locali</strong></span> <span class='ocrx_word' id='word_1_385' title='bbox 3822 2704 4201 2792; x_wconf 79' lang='lat' dir='ltr'><strong>processivo</strong></span> 
     </span>
     <span class='ocr_line' id='line_1_66' title="bbox 2658 2810 4206 2884; baseline -0.004 -1"><span class='ocrx_word' id='word_1_386' title='bbox 2658 2817 2785 2883; x_wconf 82' lang='lat' dir='ltr'><strong>nisi</strong></span> <span class='ocrx_word' id='word_1_387' title='bbox 2826 2837 3064 2884; x_wconf 78' lang='lat' dir='ltr'><strong>verum</strong></span> <span class='ocrx_word' id='word_1_388' title='bbox 3113 2812 3370 2881; x_wconf 85' lang='lat' dir='ltr'><strong>animal</strong></span> <span class='ocrx_word' id='word_1_389' title='bbox 3405 2835 3421 2880; x_wconf 90' lang='lat'>:</span> <span class='ocrx_word' id='word_1_390' title='bbox 3456 2810 3773 2878; x_wconf 81' lang='lat' dir='ltr'><strong>columba</strong></span> <span class='ocrx_word' id='word_1_391' title='bbox 3817 2810 3928 2877; x_wconf 88' lang='lat' dir='ltr'><strong>illa</strong></span> <span class='ocrx_word' id='word_1_392' title='bbox 3977 2832 4206 2877; x_wconf 76' lang='lat' dir='ltr'><strong>move·</strong></span> 
     </span>
     <span class='ocr_line' id='line_1_67' title="bbox 2661 2916 4209 3010; baseline -0.006 -18"><span class='ocrx_word' id='word_1_393' title='bbox 2661 2924 2860 2992; x_wconf 87' lang='lat' dir='ltr'><strong>batur</strong></span> <span class='ocrx_word' id='word_1_394' title='bbox 2899 2931 3090 2990; x_wconf 90' lang='lat' dir='ltr'><strong>motu</strong></span> <span class='ocrx_word' id='word_1_395' title='bbox 3136 2918 3335 2988; x_wconf 85' lang='lat' dir='ltr'><strong>locali</strong></span> <span class='ocrx_word' id='word_1_396' title='bbox 3382 2943 3398 2988; x_wconf 91' lang='lat'>:</span> <span class='ocrx_word' id='word_1_397' title='bbox 3440 2941 3604 3010; x_wconf 82' lang='lat' dir='ltr'><strong>crgo</strong></span> <span class='ocrx_word' id='word_1_398' title='bbox 3634 2918 3757 2985; x_wconf 79' lang='lat' dir='ltr'><strong>tuit</strong></span> <span class='ocrx_word' id='word_1_399' title='bbox 3797 2941 4032 2984; x_wconf 73' lang='lat' dir='ltr'><strong>verum</strong></span> <span class='ocrx_word' id='word_1_400' title='bbox 4066 2916 4209 2984; x_wconf 89' lang='lat' dir='ltr'><strong>ani·</strong></span> 
     </span>
    </p>
   </div>
   <div class='ocr_carea' id='block_1_13' title="bbox 2663 3030 2825 3101">
    <p class='ocr_par' dir='ltr' id='par_1_22' title="bbox 2663 3030 2825 3101">
     <span class='ocr_line' id='line_1_68' title="bbox 2663 3030 2825 3101; baseline -0.019 0"><span class='ocrx_word' id='word_1_401' title='bbox 2663 3030 2825 3101; x_wconf 82' lang='lat' dir='ltr'><strong>mal.</strong></span> 
     </span>
    </p>
   </div>
   <div class='ocr_carea' id='block_1_14' title="bbox 2665 3240 4231 4717">
    <p class='ocr_par' dir='ltr' id='par_1_23' title="bbox 2665 3240 4231 4717">
     <span class='ocr_line' id='line_1_69' title="bbox 2758 3240 4215 3331; baseline -0.003 -22"><span class='ocrx_word' id='word_1_402' title='bbox 2758 3245 3065 3312; x_wconf 62' lang='lat' dir='ltr'><strong>Souu‘rio.</strong></span> <span class='ocrx_word' id='word_1_403' title='bbox 3094 3240 3501 3321; x_wconf 81' lang='lat' dir='ltr'><strong>Dicendum,</strong></span> <span class='ocrx_word' id='word_1_404' title='bbox 3528 3240 3707 3331; x_wconf 87' lang='lat' dir='ltr'><strong>quod</strong></span> <span class='ocrx_word' id='word_1_405' title='bbox 3740 3240 4031 3329; x_wconf 73' lang='lat' dir='ltr'><strong>Spiritus</strong></span> <span class='ocrx_word' id='word_1_406' title='bbox 4064 3262 4215 3305; x_wconf 83' lang='lat' dir='ltr'><strong>san·</strong></span> 
     </span>
     <span class='ocr_line' id='line_1_70' title="bbox 2665 3346 4214 3422; baseline -0.006 0"><span class='ocrx_word' id='word_1_407' title='bbox 2665 3364 2813 3422; x_wconf 87' lang='lat' dir='ltr'><strong>ctus</strong></span> <span class='ocrx_word' id='word_1_408' title='bbox 2878 3375 3016 3420; x_wconf 95' lang='lat' dir='ltr'><strong>non</strong></span> <span class='ocrx_word' id='word_1_409' title='bbox 3076 3359 3176 3418; x_wconf 87' lang='lat' dir='ltr'><strong>est</strong></span> <span class='ocrx_word' id='word_1_410' title='bbox 3235 3346 3514 3417; x_wconf 82' lang='lat' dir='ltr'><strong>unibilis</strong></span> <span class='ocrx_word' id='word_1_411' title='bbox 3567 3346 3764 3415; x_wconf 90' lang='lat' dir='ltr'><strong>alicui</strong></span> <span class='ocrx_word' id='word_1_412' title='bbox 3821 3355 4141 3414; x_wconf 73' lang='lat' dir='ltr'><strong>creaturae</strong></span> <span class='ocrx_word' id='word_1_413' title='bbox 4198 3369 4214 3413; x_wconf 75' lang='grc' dir='ltr'>ε</span> 
     </span>
     <span class='ocr_line' id='line_1_71' title="bbox 2671 3456 4221 3553; baseline -0.005 -23"><span class='ocrx_word' id='word_1_414' title='bbox 2671 3463 2829 3553; x_wconf 86' lang='lat' dir='ltr'><strong>quia</strong></span> <span class='ocrx_word' id='word_1_415' title='bbox 2857 3484 3058 3531; x_wconf 85' lang='lat' dir='ltr'><strong>omne</strong></span> <span class='ocrx_word' id='word_1_416' title='bbox 3100 3459 3283 3551; x_wconf 86' lang='lat' dir='ltr'><strong>quod</strong></span> <span class='ocrx_word' id='word_1_417' title='bbox 3317 3462 3382 3525; x_wconf 91' lang='lat' dir='ltr'><strong>in</strong></span> <span class='ocrx_word' id='word_1_418' title='bbox 3425 3457 3769 3550; x_wconf 72' lang='lat' dir='ltr'><strong>hypostasi</strong></span> <span class='ocrx_word' id='word_1_419' title='bbox 3812 3458 4044 3524; x_wconf 88' lang='lat' dir='ltr'><strong>unitur</strong></span> <span class='ocrx_word' id='word_1_420' title='bbox 4092 3456 4221 3524; x_wconf 84' lang='lat' dir='ltr'><strong>ali-</strong></span> 
     </span>
     <span class='ocr_line' id='line_1_72' title="bbox 2669 3564 4217 3657; baseline -0.006 -19"><span class='ocrx_word' id='word_1_421' title='bbox 2669 3570 2775 3638; x_wconf 90' lang='lat' dir='ltr'><strong>cui</strong></span> <span class='ocrx_word' id='word_1_422' title='bbox 2814 3577 3099 3645; x_wconf 62' lang='lat' dir='ltr'><strong>natura-0</strong></span> <span class='ocrx_word' id='word_1_423' title='bbox 3136 3576 3233 3636; x_wconf 79' lang='lat' dir='ltr'><strong>est</strong></span> <span class='ocrx_word' id='word_1_424' title='bbox 3270 3588 3561 3657; x_wconf 79' lang='lat' dir='ltr'><strong>persona</strong></span> <span class='ocrx_word' id='word_1_425' title='bbox 3599 3589 3734 3632; x_wconf 85' lang='lat' dir='ltr'><strong>una</strong></span> <span class='ocrx_word' id='word_1_426' title='bbox 3765 3567 3831 3631; x_wconf 90' lang='lat' dir='ltr'><strong>in</strong></span> <span class='ocrx_word' id='word_1_427' title='bbox 3861 3564 4217 3643; x_wconf 77' lang='lat' dir='ltr'><strong>&#39;l&#39;rinitatc‚</strong></span> 
     </span>
     <span class='ocr_line' id='line_1_73' title="bbox 2674 3670 4219 3760; baseline -0.005 -16"><span class='ocrx_word' id='word_1_428' title='bbox 2674 3676 2851 3744; x_wconf 88' lang='lat' dir='ltr'><strong>unde</strong></span> <span class='ocrx_word' id='word_1_429' title='bbox 2885 3673 3255 3741; x_wconf 81' lang='lat' dir='ltr'><strong>irrationali</strong></span> <span class='ocrx_word' id='word_1_430' title='bbox 3289 3682 3548 3739; x_wconf 85' lang='lat' dir='ltr'><strong>natura·</strong></span> <span class='ocrx_word' id='word_1_431' title='bbox 3583 3674 3754 3738; x_wconf 88' lang='lat' dir='ltr'><strong>uniri</strong></span> <span class='ocrx_word' id='word_1_432' title='bbox 3792 3695 3925 3737; x_wconf 79' lang='lat' dir='ltr'><strong>nun</strong></span> <span class='ocrx_word' id='word_1_433' title='bbox 3960 3670 4219 3760; x_wconf 84' lang='lat' dir='ltr'><strong>potuit:</strong></span> 
     </span>
     <span class='ocr_line' id='line_1_74' title="bbox 2674 3777 4224 3877; baseline -0.006 -25"><span class='ocrx_word' id='word_1_434' title='bbox 2674 3786 2834 3877; x_wconf 86' lang='lat' dir='ltr'><strong>quia</strong></span> <span class='ocrx_word' id='word_1_435' title='bbox 2885 3782 3378 3851; x_wconf 77' lang='lat' dir='ltr'><strong>inconveniens</strong></span> <span class='ocrx_word' id='word_1_436' title='bbox 3414 3792 3618 3853; x_wconf 81' lang='lat' dir='ltr'><strong>esset,</strong></span> <span class='ocrx_word' id='word_1_437' title='bbox 3675 3780 3855 3869; x_wconf 79' lang='lat' dir='ltr'><strong>quod</strong></span> <span class='ocrx_word' id='word_1_438' title='bbox 3905 3777 4224 3846; x_wconf 82' lang='lat' dir='ltr'><strong>columba</strong></span> 
     </span>
     <span class='ocr_line' id='line_1_75' title="bbox 2673 3885 4221 3977; baseline -0.008 -16"><span class='ocrx_word' id='word_1_439' title='bbox 2673 3901 2850 3961; x_wconf 80' lang='lat' dir='ltr'><strong>esset</strong></span> <span class='ocrx_word' id='word_1_440' title='bbox 2882 3889 3090 3966; x_wconf 70' lang='lat' dir='ltr'><strong>Deua,</strong></span> <span class='ocrx_word' id='word_1_441' title='bbox 3127 3888 3233 3957; x_wconf 74' lang='lat' dir='ltr'><strong>vel</strong></span> <span class='ocrx_word' id='word_1_442' title='bbox 3284 3886 3560 3977; x_wconf 87' lang='lat' dir='ltr'><strong>aliquod</strong></span> <span class='ocrx_word' id='word_1_443' title='bbox 3603 3886 3873 3954; x_wconf 84' lang='lat' dir='ltr'><strong>brutum</strong></span> <span class='ocrx_word' id='word_1_444' title='bbox 3917 3885 4165 3953; x_wconf 89' lang='lat' dir='ltr'><strong>animal</strong></span> <span class='ocrx_word' id='word_1_445' title='bbox 4206 3908 4221 3948; x_wconf 90' lang='lat'>:</span> 
     </span>
     <span class='ocr_line' id='line_1_76' title="bbox 2681 3995 4226 4069; baseline -0.005 -2"><span class='ocrx_word' id='word_1_446' title='bbox 2681 4000 2923 4069; x_wconf 75' lang='lat' dir='ltr'><strong>Filium</strong></span> <span class='ocrx_word' id='word_1_447' title='bbox 2984 4007 3212 4066; x_wconf 86' lang='lat' dir='ltr'><strong>autem</strong></span> <span class='ocrx_word' id='word_1_448' title='bbox 3258 3995 3704 4064; x_wconf 78' lang='lat' dir='ltr'><strong>conveniebat</strong></span> <span class='ocrx_word' id='word_1_449' title='bbox 3747 3996 3921 4061; x_wconf 87' lang='lat' dir='ltr'><strong>uniri</strong></span> <span class='ocrx_word' id='word_1_450' title='bbox 3964 4005 4226 4060; x_wconf 74' lang='lat' dir='ltr'><strong>creatu·</strong></span> 
     </span>
     <span class='ocr_line' id='line_1_77' title="bbox 2680 4102 4227 4194; baseline -0.008 -18"><span class='ocrx_word' id='word_1_451' title='bbox 2680 4134 2768 4177; x_wconf 70' lang='lat' dir='ltr'><strong>rau</strong></span> <span class='ocrx_word' id='word_1_452' title='bbox 2830 4105 3142 4174; x_wconf 80' lang='lat' dir='ltr'><strong>rationali</strong></span> <span class='ocrx_word' id='word_1_453' title='bbox 3187 4126 3336 4194; x_wconf 75' lang='lat' dir='ltr'><strong>qua·-</strong></span> <span class='ocrx_word' id='word_1_454' title='bbox 3394 4112 3490 4169; x_wconf 72' lang='lat' dir='ltr'><strong>est</strong></span> <span class='ocrx_word' id='word_1_455' title='bbox 3550 4102 3778 4176; x_wconf 71' lang='lat' dir='ltr'><strong>lie-mo,</strong></span> <span class='ocrx_word' id='word_1_456' title='bbox 3815 4103 4008 4187; x_wconf 73' lang='lat' dir='ltr'><strong>cujus</strong></span> <span class='ocrx_word' id='word_1_457' title='bbox 4060 4103 4227 4167; x_wconf 82' lang='lat' dir='ltr'><strong>ratio</strong></span> 
     </span>
     <span class='ocr_line' id='line_1_78' title="bbox 2681 4211 4221 4294; baseline -0.006 -12"><span class='ocrx_word' id='word_1_458' title='bbox 2681 4218 2746 4282; x_wconf 83' lang='lat' dir='ltr'><strong>in</strong></span> <span class='ocrx_word' id='word_1_459' title='bbox 2788 4214 2961 4280; x_wconf 81' lang='lat' dir='ltr'><strong>litu-u</strong></span> <span class='ocrx_word' id='word_1_460' title='bbox 3008 4212 3205 4279; x_wconf 74' lang='lat' dir='ltr'><strong>turtio</strong></span> <span class='ocrx_word' id='word_1_461' title='bbox 3245 4212 3750 4279; x_wconf 71' lang='lat' dir='ltr'><strong>Seu!‹·ule&#39;m·eme</strong></span> <span class='ocrx_word' id='word_1_462' title='bbox 3793 4211 4221 4294; x_wconf 61' lang='lat' dir='ltr'><strong>assignatur:</strong></span> 
     </span>
     <span class='ocr_line' id='line_1_79' title="bbox 2677 4317 4231 4410; baseline -0.007 -19"><span class='ocrx_word' id='word_1_463' title='bbox 2677 4334 2744 4391; x_wconf 84' lang='lat' dir='ltr'><strong>et</strong></span> <span class='ocrx_word' id='word_1_464' title='bbox 2774 4345 2912 4389; x_wconf 87' lang='lat' dir='ltr'><strong>non</strong></span> <span class='ocrx_word' id='word_1_465' title='bbox 2944 4328 3048 4389; x_wconf 87' lang='lat' dir='ltr'><strong>est</strong></span> <span class='ocrx_word' id='word_1_466' title='bbox 3077 4322 3249 4388; x_wconf 87' lang='lat' dir='ltr'><strong>ratio</strong></span> <span class='ocrx_word' id='word_1_467' title='bbox 3290 4318 3473 4410; x_wconf 89' lang='lat' dir='ltr'><strong>quod</strong></span> <span class='ocrx_word' id='word_1_468' title='bbox 3522 4319 3814 4409; x_wconf 76' lang='lat' dir='ltr'><strong>Spiritus</strong></span> <span class='ocrx_word' id='word_1_469' title='bbox 3860 4319 3944 4384; x_wconf 80' lang='lat' dir='ltr'><strong>sit</strong></span> <span class='ocrx_word' id='word_1_470' title='bbox 3986 4342 4022 4383; x_wconf 88' lang='lat' dir='ltr'><strong>a</strong></span> <span class='ocrx_word' id='word_1_471' title='bbox 4053 4317 4231 4383; x_wconf 77' lang='lat' dir='ltr'><strong>duo-</strong></span> 
     </span>
     <span class='ocr_line' id='line_1_80' title="bbox 2680 4425 4230 4516; baseline -0.004 -18"><span class='ocrx_word' id='word_1_472' title='bbox 2680 4431 2830 4507; x_wconf 82' lang='lat' dir='ltr'><strong>bus,</strong></span> <span class='ocrx_word' id='word_1_473' title='bbox 2870 4428 3077 4496; x_wconf 74' lang='lat' dir='ltr'><strong>Filius</strong></span> <span class='ocrx_word' id='word_1_474' title='bbox 3125 4435 3353 4495; x_wconf 78' lang='lat' dir='ltr'><strong>autent</strong></span> <span class='ocrx_word' id='word_1_475' title='bbox 3385 4425 3470 4493; x_wconf 77' lang='lat' dir='ltr'><strong>al)</strong></span> <span class='ocrx_word' id='word_1_476' title='bbox 3522 4449 3683 4501; x_wconf 81' lang='lat' dir='ltr'><strong>unu,</strong></span> <span class='ocrx_word' id='word_1_477' title='bbox 3732 4426 3914 4515; x_wconf 82' lang='lat' dir='ltr'><strong>quod</strong></span> <span class='ocrx_word' id='word_1_478' title='bbox 3963 4426 4104 4516; x_wconf 85' lang='lat' dir='ltr'><strong>ipse</strong></span> <span class='ocrx_word' id='word_1_479' title='bbox 4143 4426 4230 4492; x_wconf 85' lang='lat' dir='ltr'><strong>sit</strong></span> 
     </span>
     <span class='ocr_line' id='line_1_81' title="bbox 2683 4532 4230 4628; baseline -0.004 -22"><span class='ocrx_word' id='word_1_480' title='bbox 2683 4538 2898 4628; x_wconf 82' lang='lat' dir='ltr'><strong>magis</strong></span> <span class='ocrx_word' id='word_1_481' title='bbox 2930 4535 3208 4603; x_wconf 84' lang='lat' dir='ltr'><strong>unibilis</strong></span> <span class='ocrx_word' id='word_1_482' title='bbox 3237 4557 3444 4625; x_wconf 86' lang='lat' dir='ltr'><strong>quam</strong></span> <span class='ocrx_word' id='word_1_483' title='bbox 3489 4533 3696 4601; x_wconf 80' lang='lat' dir='ltr'><strong>Filius</strong></span> <span class='ocrx_word' id='word_1_484' title='bbox 3732 4555 3745 4598; x_wconf 91' lang='lat'>:</span> <span class='ocrx_word' id='word_1_485' title='bbox 3782 4535 3939 4623; x_wconf 81' lang='lat' dir='ltr'><strong>quia</strong></span> <span class='ocrx_word' id='word_1_486' title='bbox 3994 4533 4059 4599; x_wconf 91' lang='lat' dir='ltr'><strong>in</strong></span> <span class='ocrx_word' id='word_1_487' title='bbox 4102 4532 4230 4600; x_wconf 82' lang='lat' dir='ltr'><strong>hoc</strong></span> 
     </span>
     <span class='ocr_line' id='line_1_82' title="bbox 2683 4643 3891 4717; baseline -0.006 0"><span class='ocrx_word' id='word_1_488' title='bbox 2683 4672 2816 4717; x_wconf 92' lang='lat' dir='ltr'><strong>non</strong></span> <span class='ocrx_word' id='word_1_489' title='bbox 2857 4647 3233 4715; x_wconf 84' lang='lat' dir='ltr'><strong>attenditur</strong></span> <span class='ocrx_word' id='word_1_490' title='bbox 3263 4646 3434 4713; x_wconf 82' lang='lat' dir='ltr'><strong>ratio</strong></span> <span class='ocrx_word' id='word_1_491' title='bbox 3467 4643 3891 4712; x_wconf 70' lang='lat' dir='ltr'><strong>unilnilitatis.</strong></span> 
     </span>
    </p>
   </div>
   <div class='ocr_carea' id='block_1_15' title="bbox 4318 3270 4515 3315">
    <p class='ocr_par' dir='ltr' id='par_1_24' title="bbox 4318 3270 4515 3315">
     <span class='ocr_line' id='line_1_83' title="bbox 4318 3270 4515 3315; baseline -0.015 0"><span class='ocrx_word' id='word_1_492' title='bbox 4318 3270 4515 3315; x_wconf 73' lang='lat' dir='ltr'><strong>sotunio.</strong></span> 
     </span>
    </p>
   </div>
   <div class='ocr_carea' id='block_1_16' title="bbox 2684 4856 4503 5706">
    <p class='ocr_par' dir='ltr' id='par_1_25' title="bbox 2684 4856 4228 5145">
     <span class='ocr_line' id='line_1_84' title="bbox 2772 4856 4228 4949; baseline -0.003 -20"><span class='ocrx_word' id='word_1_493' title='bbox 2772 4864 2875 4929; x_wconf 74' lang='lat' dir='ltr'><strong>Au</strong></span> <span class='ocrx_word' id='word_1_494' title='bbox 2920 4884 3119 4930; x_wconf 69' lang='lat' dir='ltr'><strong>Auru</strong></span> <span class='ocrx_word' id='word_1_495' title='bbox 3157 4857 3546 4935; x_wconf 85' lang='lat' dir='ltr'><strong>dicendum,</strong></span> <span class='ocrx_word' id='word_1_496' title='bbox 3598 4857 3777 4949; x_wconf 80' lang='lat' dir='ltr'><strong>quod</strong></span> <span class='ocrx_word' id='word_1_497' title='bbox 3822 4856 3931 4924; x_wconf 86' lang='lat' dir='ltr'><strong>illa</strong></span> <span class='ocrx_word' id='word_1_498' title='bbox 3968 4856 4228 4925; x_wconf 83' lang='lat' dir='ltr'><strong>colum·</strong></span> 
     </span>
     <span class='ocr_line' id='line_1_85' title="bbox 2684 4964 4225 5060; baseline -0.002 -24"><span class='ocrx_word' id='word_1_499' title='bbox 2684 4970 2769 5038; x_wconf 76' lang='lat' dir='ltr'><strong>ba</strong></span> <span class='ocrx_word' id='word_1_500' title='bbox 2794 4969 3052 5060; x_wconf 82' lang='lat' dir='ltr'><strong>species</strong></span> <span class='ocrx_word' id='word_1_501' title='bbox 3090 4964 3426 5034; x_wconf 77' lang='lat' dir='ltr'><strong>columbae</strong></span> <span class='ocrx_word' id='word_1_502' title='bbox 3464 4965 3613 5039; x_wconf 82' lang='lat' dir='ltr'><strong>fuit,</strong></span> <span class='ocrx_word' id='word_1_503' title='bbox 3647 4974 3709 5032; x_wconf 87' lang='lat' dir='ltr'><strong>et</strong></span> <span class='ocrx_word' id='word_1_504' title='bbox 3753 4989 3885 5031; x_wconf 86' lang='lat' dir='ltr'><strong>non</strong></span> <span class='ocrx_word' id='word_1_505' title='bbox 3922 4966 4225 5035; x_wconf 83' lang='lat' dir='ltr'><strong>naturale</strong></span> 
     </span>
     <span class='ocr_line' id='line_1_86' title="bbox 2684 5072 3329 5145; baseline -0.012 0"><span class='ocrx_word' id='word_1_506' title='bbox 2684 5087 2750 5145; x_wconf 89' lang='lat' dir='ltr'><strong>et</strong></span> <span class='ocrx_word' id='word_1_507' title='bbox 2779 5099 3018 5145; x_wconf 77' lang='lat' dir='ltr'><strong>verum</strong></span> <span class='ocrx_word' id='word_1_508' title='bbox 3050 5072 3329 5142; x_wconf 82' lang='lat' dir='ltr'><strong>animal.</strong></span> 
     </span>
    </p>

    <p class='ocr_par' dir='ltr' id='par_1_26' title="bbox 2686 5182 4503 5706">
     <span class='ocr_line' id='line_1_87' title="bbox 2771 5182 4503 5277; baseline -0.003 -21"><span class='ocrx_word' id='word_1_509' title='bbox 2771 5189 2877 5255; x_wconf 82' lang='grc' dir='ltr'><strong>Αυ</strong></span> <span class='ocrx_word' id='word_1_510' title='bbox 2914 5210 2982 5255; x_wconf 85' lang='lat' dir='ltr'><strong>m</strong></span> <span class='ocrx_word' id='word_1_511' title='bbox 3012 5184 3196 5277; x_wconf 89' lang='lat' dir='ltr'><strong>quod</strong></span> <span class='ocrx_word' id='word_1_512' title='bbox 3226 5191 3462 5251; x_wconf 88' lang='lat' dir='ltr'><strong>contra</strong></span> <span class='ocrx_word' id='word_1_513' title='bbox 3490 5182 3827 5271; x_wconf 82' lang='lat' dir='ltr'><strong>objicitur,</strong></span> <span class='ocrx_word' id='word_1_514' title='bbox 3869 5184 4227 5252; x_wconf 84' lang='lat' dir='ltr'><strong>dicendum</strong></span> <span class='ocrx_word' id='word_1_515' title='bbox 4338 5211 4433 5259; x_wconf 60' lang='lat' dir='ltr'><strong>Aa</strong></span> <span class='ocrx_word' id='word_1_516' title='bbox 4462 5212 4503 5257; x_wconf 83' lang='lat'><strong>1.</strong></span> 
     </span>
     <span class='ocr_line' id='line_1_88' title="bbox 2686 5289 4233 5388; baseline -0.004 -25"><span class='ocrx_word' id='word_1_517' title='bbox 2686 5295 2870 5388; x_wconf 88' lang='lat' dir='ltr'><strong>quod</strong></span> <span class='ocrx_word' id='word_1_518' title='bbox 2905 5318 3041 5362; x_wconf 88' lang='lat' dir='ltr'><strong>non</strong></span> <span class='ocrx_word' id='word_1_519' title='bbox 3073 5300 3172 5360; x_wconf 86' lang='lat' dir='ltr'><strong>est</strong></span> <span class='ocrx_word' id='word_1_520' title='bbox 3200 5290 3430 5358; x_wconf 79' lang='lat' dir='ltr'><strong>lictum</strong></span> <span class='ocrx_word' id='word_1_521' title='bbox 3474 5313 3593 5357; x_wconf 84' lang='lat' dir='ltr'><strong>nec</strong></span> <span class='ocrx_word' id='word_1_522' title='bbox 3627 5289 3869 5357; x_wconf 77' lang='lat' dir='ltr'><strong>fulsum</strong></span> <span class='ocrx_word' id='word_1_523' title='bbox 3902 5291 4086 5382; x_wconf 91' lang='lat' dir='ltr'><strong>quod</strong></span> <span class='ocrx_word' id='word_1_524' title='bbox 4116 5314 4233 5358; x_wconf 80' lang='lat' dir='ltr'><strong>os-</strong></span> 
     </span>
     <span class='ocr_line' id='line_1_89' title="bbox 2689 5397 4229 5490; baseline -0.001 -19"><span class='ocrx_word' id='word_1_525' title='bbox 2689 5402 2902 5471; x_wconf 86' lang='lat' dir='ltr'><strong>tendit</strong></span> <span class='ocrx_word' id='word_1_526' title='bbox 2941 5398 3072 5469; x_wconf 83' lang='lat' dir='ltr'><strong>hoc</strong></span> <span class='ocrx_word' id='word_1_527' title='bbox 3102 5407 3379 5490; x_wconf 84' lang='lat' dir='ltr'><strong>propter</strong></span> <span class='ocrx_word' id='word_1_528' title='bbox 3408 5397 3592 5488; x_wconf 90' lang='lat' dir='ltr'><strong>quod</strong></span> <span class='ocrx_word' id='word_1_529' title='bbox 3629 5406 3727 5465; x_wconf 83' lang='lat' dir='ltr'><strong>est</strong></span> <span class='ocrx_word' id='word_1_530' title='bbox 3758 5407 4176 5489; x_wconf 77' lang='lat' dir='ltr'><strong>assumptum</strong></span> <span class='ocrx_word' id='word_1_531' title='bbox 4212 5420 4229 5469; x_wconf 74' lang='grc' dir='ltr'>ε</span> 
     </span>
     <span class='ocr_line' id='line_1_90' title="bbox 2690 5507 4236 5603; baseline -0.003 -24"><span class='ocrx_word' id='word_1_532' title='bbox 2690 5512 2869 5581; x_wconf 90' lang='lat' dir='ltr'><strong>unde</strong></span> <span class='ocrx_word' id='word_1_533' title='bbox 2920 5511 3179 5603; x_wconf 87' lang='lat' dir='ltr'><strong>species</strong></span> <span class='ocrx_word' id='word_1_534' title='bbox 3232 5507 3347 5575; x_wconf 87' lang='lat' dir='ltr'><strong>illa</strong></span> <span class='ocrx_word' id='word_1_535' title='bbox 3391 5529 3553 5575; x_wconf 72' lang='lat' dir='ltr'><strong>veru</strong></span> <span class='ocrx_word' id='word_1_536' title='bbox 3598 5507 3745 5585; x_wconf 78' lang='lat' dir='ltr'><strong>fuit,</strong></span> <span class='ocrx_word' id='word_1_537' title='bbox 3782 5511 3938 5599; x_wconf 89' lang='lat' dir='ltr'><strong>quia</strong></span> <span class='ocrx_word' id='word_1_538' title='bbox 3989 5507 4236 5577; x_wconf 79' lang='lat' dir='ltr'><strong>directe</strong></span> 
     </span>
     <span class='ocr_line' id='line_1_91' title="bbox 2694 5614 4242 5706; baseline -0.005 -18"><span class='ocrx_word' id='word_1_539' title='bbox 2694 5617 3095 5688; x_wconf 85' lang='lat' dir='ltr'><strong>ostendebat</strong></span> <span class='ocrx_word' id='word_1_540' title='bbox 3128 5614 3294 5684; x_wconf 91' lang='lat' dir='ltr'><strong>illud</strong></span> <span class='ocrx_word' id='word_1_541' title='bbox 3325 5623 3603 5705; x_wconf 87' lang='lat' dir='ltr'><strong>propter</strong></span> <span class='ocrx_word' id='word_1_542' title='bbox 3624 5615 3804 5706; x_wconf 86' lang='lat' dir='ltr'><strong>quod</strong></span> <span class='ocrx_word' id='word_1_543' title='bbox 3842 5614 4242 5684; x_wconf 80' lang='lat' dir='ltr'><strong>assumeba-</strong></span> 
     </span>
    </p>
   </div>
   <div class='ocr_carea' id='block_1_17' title="bbox 4224 977 4626 1044">
    <p class='ocr_par' dir='ltr' id='par_1_27' title="bbox 4224 977 4626 1044">
     <span class='ocr_line' id='line_1_92' title="bbox 4224 977 4626 1044; baseline 0.005 -2"><span class='ocrx_word' id='word_1_544' title='bbox 4224 996 4321 1042; x_wconf 75' lang='lat' dir='ltr'><strong>Sed</strong></span> <span class='ocrx_word' id='word_1_545' title='bbox 4344 1002 4530 1044; x_wconf 82' lang='lat' dir='ltr'><strong>contra.</strong></span> <span class='ocrx_word' id='word_1_546' title='bbox 4619 977 4626 983; x_wconf 91' lang='lat'><em>.</em></span> 
     </span>
    </p>
   </div>
   <div class='ocr_carea' id='block_1_18' title="bbox 4255 4906 4711 4966">
    <p class='ocr_par' dir='ltr' id='par_1_28' title="bbox 4255 4906 4711 4966">
     <span class='ocr_line' id='line_1_93' title="bbox 4255 4906 4711 4966; baseline 0 -15"><span class='ocrx_word' id='word_1_547' title='bbox 4255 4906 4325 4952; x_wconf 75' lang='lat' dir='ltr'><strong>Ad</strong></span> <span class='ocrx_word' id='word_1_548' title='bbox 4352 4914 4522 4966; x_wconf 69' lang='lat' dir='ltr'><strong>quest.</strong></span> <span class='ocrx_word' id='word_1_549' title='bbox 4541 4908 4578 4951; x_wconf 89' lang='grc' dir='ltr'><strong>Ι.</strong></span> <span class='ocrx_word' id='word_1_550' title='bbox 4700 4948 4711 4958; x_wconf 80' lang='grc'><em>,</em></span> 
     </span>
    </p>
   </div>
  </div>
 </body>
</html>
