4897 6388
641 33 655 150 φιν-..ψι-

633 323 659 468 Nx...-

664 395 675 401 ὁ

822 889 1005 942 Queat.

783 2942 986 2991 sotatto.

1915 331 2006 396 [N
2054 327 2083 394 1
2136 327 2849 439 sauTENssnnlsT.
2903 329 3026 408 lx,
3080 331 3135 424 1,
3187 334 3387 424 Apa}t
3444 336 3551 428 1³3.

1111 502 1209 570 ad
1264 502 1584 571 alterum.
1650 501 1730 568 In
1759 499 2077 569 Zacharia
2126 520 2304 566 unus
2352 469 2662 600 loquitur
2776 498 3098 590 intelligit
3135 473 3506 570 secundum
3555 512 3805 584 actum,
3840 503 4053 571 multo
4104 504 4319 593 magis

1109 610 1302 679 alteri
1326 612 1388 702 ¹„
1417 612 1503 678 Et
1532 611 1597 678 in
1637 608 1920 678 Daniele
1960 613 2004 675 ².

1193 830 1402 897 Juxta
1450 828 1580 897 hoc
1631 829 1913 897 ulterius
1963 833 2310 921 quaeritur,
2357 831 2432 900 Si
2483 857 2656 902 con-

1106 935 1370 1004 ceditur
1398 937 1581 1027 quod
1619 936 2010 1027 loquantur,
2043 938 2337 1029 qualiter
2363 940 2656 1031 loquan-

1101 1054 1213 1114 tur
1251 1049 1283 1114 ⁴?
1345 1046 1431 1114 Et
1488 1048 1757 1115 videtur
1803 1047 2066 1128 Glossa‚
2111 1047 2134 1115 l
2188 1049 2647 1120 adCorinth.

1098 1159 1246 1233 xm,
1282 1157 1343 1236 1,
1390 1154 1635 1236 dicere,
1671 1155 1856 1245 quod
1874 1155 2251 1246 loquuntur
2277 1157 2563 1248 nutibus
2584 1167 2652 1226 et

1096 1265 1335 1354 signiS.
1366 1261 1503 1331 Sed
1540 1262 1670 1331 hoc
1695 1263 1963 1330 videtur
1999 1271 2176 1332 stare
2207 1287 2346 1333 non
2377 1273 2583 1356 posse
2627 1291 2642 1334 :

1094 1392 1281 1461 quia.

1189 1478 1253 1544 1.
1298 1476 1523 1545 Nutus
1562 1445 1782 1544 ‘servit
1819 1477 2042 1566 potius
2073 1476 2668 1547 demonstrationi.

1094 1587 1307 1677 ipsius
1346 1589 1441 1654 rei
1462 1608 1668 1678 quam
1699 1585 2049 1655 locutioni.

1181 1695 1247 1760 2.
1286 1691 1485 1776 Item,
1521 1692 1729 1784 Signa
1779 1692 1896 1761 illa
1942 1702 2058 1762 aut
2085 1701 2245 1762 sunt
2289 1716 2332 1762 a
2366 1701 2639 1780 natura,

1090 1808 1210 1868 aut
1237 1822 1277 1867 a
1304 1791 1577 1892 placito.
1606 1799 1680 1867 Si
1701 1823 1743 1868 a
1770 1806 2037 1879 natura,
2079 1809 2246 1870 tunc
2283 1812 2486 1871 erunt
2520 1825 2642 1870 ea-

1089 1907 1245 2004 dem
1287 1909 1468 2000 apud
1493 1931 1756 1978 omneS.
1792 1907 1866 1977 Si
1895 1899 2124 1979 autem
2153 1909 2241 2005 ad
2275 1909 2639 2002 placitum,

1087 2023 1252 2084 tunc
1301 2027 1458 2085 ante
1488 2016 1906 2086 locutionem
1945 2018 2242 2109 exigitur
2280 2017 2641 2109 disciplina

1085 2122 1454 2208 idiomatis,
1489 2123 1674 2215 quod
1703 2125 1906 2192 etiam
1927 2113 2250 2213 frivolum
2280 2132 2384 2193 est
2420 2148 2637 2217 pone·

1082 2253 1154 2299 re
1199 2233 1268 2299 in
1300 2231 1608 2326 Angelis.
1846 2311 1849 2316 .
2052 2311 2053 2316 ἵ
2106 2229 2109 2234 ’
2220 2313 2225 2322 ⁸

1175 2338 1241 2406 3.
1278 2337 1476 2418 Item,
1510 2338 1973 2407 Damascenus
2019 2339 2205 2421 dicit,
2266 2340 2459 2436 quod
2490 2329 2638 2409 tra-

1082 2449 1255 2543 dunt
1285 2447 1414 2517 sibi
1436 2470 1592 2516 suas
1621 2447 2100 2540 intelligentias
2122 2449 2269 2517 sine
2289 2469 2459 2516 voce
2479 2471 2637 2539 pro·

1081 2554 1220 2623 lato
1258 2577 1596 2623 sermone.
1649 2552 1787 2622 Sed
1822 2556 1980 2645 quia
2010 2552 2170 2622 alibi
2202 2552 2287 2622 de
2323 2552 2459 2623 hoc
2488 2554 2636 2645 plu-

1082 2663 1259 2730 rima
1292 2661 1470 2733 dicta
1509 2671 1668 2730 sunt
1698 2675 1747 2742 ³,
1780 2663 1910 2731 ista
1937 2662 2297 2762 sufficiant.

1174 2873 1485 2943 Somno.
1507 2873 1849 2956 Concede,
1872 2873 2056 2967 quod
2079 2873 2323 2967 Angeli
2340 2873 2637 2965 loquun-

1080 2993 1217 3064 tur,
1297 2993 1366 3054 et
1422 2982 1718 3077 qualiter
1769 2982 2167 3076 loquuntur,
2248 2981 2631 3052 secundum

1081 3092 1267 3186 quod
1306 3094 1575 3184 opinor,
1633 3092 1717 3160 ad
1765 3089 1895 3160 hoc
1950 3090 2319 3160 videndum
2359 3100 2633 3183 oportet

1077 3201 1972 3295 praesupponerequoddam
1993 3201 2241 3271 simile.
2281 3201 2632 3270 Ponamus

1081 3308 1220 3380 duo
1257 3310 1517 3379 lumina
1557 3309 1880 3378 distantia
1916 3332 1955 3376 a
1990 3331 2063 3377 se
2097 3331 2113 3378 ε
2148 3308 2234 3377 ad
2272 3307 2407 3378 hoc
2445 3310 2635 3401 quod

1078 3441 1295 3487 unum
1353 3416 1625 3486 illorum
1673 3414 2010 3485 luminum
2076 3424 2384 3507 penetret
2443 3414 2676 3509 aliud·

1080 3548 1223 3595 non
1270 3526 1637 3618 exiguntur
1689 3524 1819 3592 nisi
1859 3524 2012 3603 tria,
2072 3544 2368 3615 quorum
2407 3545 2630 3592 unum

1076 3641 1177 3701 est
1209 3631 1392 3723 quod
1443 3653 1656 3699 unum
1711 3629 1960 3699 directe
1999 3629 2354 3699 ordinetur
2390 3639 2631 3699 contra

1077 3737 1266 3806 aliud
1331 3738 1402 3806 in
1438 3739 1597 3816 situ,
1667 3746 1733 3806 et
1781 3735 1965 3828 quod
1995 3733 2262 3804 nullum
2319 3734 2628 3805 medium

1074 3844 1449 3937 prohibens
1478 3853 1546 3914 et
1596 3844 1915 3913 claudens
1981 3867 2193 3913 unum
2226 3842 2314 3912 ab
2352 3842 2488 3913 alio
2540 3846 2630 3913 sit

1078 3957 1585 4049 interpositum,
1636 3963 1702 4024 et
1743 3952 1926 4046 quod
1965 3954 2051 4023 sit
2106 3954 2429 4023 distantia
2460 3977 2630 4046 pro-

1073 4066 1466 4158 portionata
1490 4065 1809 4156 potentiae
1846 4063 2284 4144 immutandi,
2311 4065 2476 4154 quia
2514 4063 2632 4132 lu-

1074 4197 1235 4243 men
1302 4173 1580 4242 Parisiis
1631 4173 1950 4250 existens,
2021 4194 2159 4240 non
2236 4169 2626 4240 immutabit

1076 4300 1294 4370 usque
1325 4276 1409 4345 ad
1449 4276 1677 4345 lumen
1709 4276 1891 4370 quod
1940 4286 2040 4346 est
2081 4276 2343 4346 Romae.
2390 4274 2466 4345 Si
2499 4300 2630 4345 au-

1074 4392 1215 4452 tem
1245 4403 1606 4471 ponamus»,
1639 4381 1823 4474 quod
1852 4404 2064 4449 unum
2107 4379 2381 4450 illorum
2412 4381 2628 4450 lumi-

1074 4511 1242 4557 num
1292 4489 1379 4557 sit
1445 4490 1867 4581 cognitivum
1906 4488 2213 4572 alterius,
2265 4498 2331 4557 et
2371 4513 2409 4557 e
2457 4512 2630 4559 con-

1076 4620 1305 4674 verso,
1340 4603 1408 4665 et
1443 4597 1626 4688 quod
1666 4595 1958 4664 habeant
2012 4595 2395 4665 libertatem
2438 4595 2629 4666 arbi-

1075 4706 1185 4773 trii
1225 4727 1240 4772 :
1288 4713 1450 4773 tuuc
1491 4705 1796 4794 sequitur
1850 4703 2034 4794 quod
2063 4726 2134 4771 se
2175 4716 2623 4796 cognoscent,

1075 4810 1505 4879 sivoluerint
1552 4831 1569 4877 :
1611 4817 1680 4877 et
1708 4831 1846 4876 non
1881 4819 2323 4902 cognoscent,
2380 4812 2436 4891 si
2487 4834 2630 4880 non

1074 4919 1442 4989 voluerint.
1505 4918 1676 4988 Dicit
1718 4920 1898 4988 enim
1936 4919 2392 5011 Augustinus,
2442 4921 2633 5014 quod

1074 5028 1312 5097 lumen
1342 5036 1409 5097 et
1437 5028 1695 5119 species
1725 5026 2251 5120 intelligibilium
2285 5029 2424 5099 sint
2442 5052 2631 5098 sem-

1076 5163 1200 5233 per
1233 5140 1301 5206 in
1342 5139 1597 5221 anima,
1631 5160 1769 5206 non
1822 5145 2048 5207 tamen
2097 5139 2327 5207 anima
2358 5162 2633 5230 semper

1077 5246 1428 5339 intelligit,
1462 5249 1621 5339 quia
1649 5269 1785 5316 non
1804 5246 1949 5316 vult
1980 5271 1996 5317 ε
2029 5245 2210 5316 unde
2229 5248 2288 5316 si
2307 5247 2631 5318 voluntas

1077 5352 1335 5423 claudit
1355 5353 1772 5422 intellectum
1803 5353 1957 5432 sibi,
1991 5352 2171 5445 quod
2201 5353 2459 5423 scilicet
2487 5378 2631 5424 non

1156 5606 1172 5640 ¹
1205 5602 1447 5660 zachar.
1473 5617 1489 5655 ι
1518 5606 1579 5658 et
1607 5617 1733 5672 seq.
1758 5599 2004 5674 passim.

1153 5698 1177 5734 ¹
1217 5689 1451 5752 Daniel.
1490 5706 1586 5761 vn,
1620 5693 1706 5747 ¹6.

2772 603 2978 674 habet
3033 617 3440 698 potestatem
3494 611 3852 680 claudendi
3895 634 3964 678 se
3996 611 4076 677 ab
4116 610 4250 676 alio
4296 630 4326 692 :=

2771 718 2868 782 sic
2908 736 3072 805 ergo
3116 716 3293 802 dico,
3339 719 3519 809 quod
3560 727 3663 788 est
3698 720 3766 786 in
3798 717 4100 808 AngeliS,
4135 715 4316 805 quod

2770 831 2934 890 sunt
2971 823 3430 915 intelligibilia
3475 826 3761 905 lumina,
3826 834 3902 893 ut
3955 824 4114 890 dicit
4143 821 4310 890 Dio÷

2768 933 3006 1022 nysius
3042 955 3057 1000 ε
3095 942 3161 1002 et
3201 934 3352 1003 ideo
3400 935 3486 1001 ad
3538 934 3668 1003 hoc
3706 933 3890 1025 quod
3950 932 4326 1021 loquantur·

2767 1040 3092 1118 invicem,
3138 1063 3278 1109 non
3309 1042 3604 1132 exigitur
3639 1042 3767 1108 nisi
3786 1039 4100 1128 voluntas
4117 1059 4310 1105 com-

2768 1148 3163 1217 municandi
3203 1150 3394 1217 alteri
3426 1172 3618 1217 suam
3662 1147 4199 1239 intelligentiam,
4241 1153 4308 1212 et

2763 1254 3122 1321 conversio
3172 1252 3257 1320 ad
3315 1254 3538 1344 ipsum
3577 1253 3647 1320 in
3701 1251 3962 1329 ordine,
4031 1257 4096 1318 et
4141 1270 4303 1315 con-

2761 1361 2983 1451 ceptio
3032 1384 3174 1430 suae
3212 1346 3678 1453 intelligentiae
3707 1383 3827 1452 per
3875 1359 4150 1427 modum
4179 1378 4326 1444 ex-¹

2758 1473 3133 1564 pressionis
3185 1472 3271 1540 ad
3337 1471 3672 1541 alterum:
3733 1469 3926 1538 aliter
3973 1469 4152 1537 enim
4195 1469 4304 1534 in-

2755 1578 3158 1670 telligimuS,
3201 1587 3267 1647 et
3298 1579 3495 1647 aliter
3540 1580 3919 1669 cogitamus
3949 1580 4016 1645 in
4065 1575 4299 1644 ordine

2757 1687 3218 1777 expressionis
3296 1686 3383 1754 ad
3456 1685 3768 1755 alterum.
3849 1683 4294 1774 Intelligimus

2754 1797 2939 1864 enim
2979 1819 3136 1866 cum
3178 1797 3493 1865 notitiam
3533 1794 3866 1874 habemus
3900 1818 3916 1862 :
3960 1794 4076 1862 sed
4104 1793 4297 1883 cogi-

2752 1913 2979 1973 tamus
3008 1906 3169 1973 'cum
3207 1905 3391 1995 apud
3451 1927 3578 1974 nos
3622 1903 4054 1981 conferimuS,
4086 1909 4153 1970 et
4181 1924 4298 1969 or-

2751 2011 3072 2080 dinamus
3100 2011 3186 2079 ad
3216 2014 3723 2104 expressionem
3753 2033 3908 2080 cum
3930 2008 4294 2100 accipimus

2750 2119 3130 2211 cogitatum
3200 2127 3509 2189 nostrum
3560 2120 3629 2186 in
3686 2116 3912 2208 aliquo
3960 2119 4154 2207 signo
4206 2114 4291 2183 ad

2748 2228 3066 2317 alterum.
3138 2227 3226 2296 Et
3272 2252 3409 2297 non
3465 2227 3759 2317 amplius
3825 2248 3976 2294 meo
4034 2224 4289 2314 judicio

2747 2336 3049 2427 exigitur
3066 2334 3153 2403 ad
3185 2334 3372 2426 loqui
3401 2333 3847 2427 Angelorum.
3889 2331 4038 2401 Iloc
4063 2338 4288 2401 autem

2746 2443 3024 2535 signum
3080 2465 3224 2511 non
3279 2451 3381 2511 est
3416 2440 3601 2511 aliud
3647 2463 3853 2532 quam
3890 2439 4144 2530 species
4192 2438 4290 2505 in-

2745 2548 3124 2643 telligibilis
3179 2571 3338 2619 cum
3404 2547 3641 2617 ordine
3697 2547 3782 2615 ad
3845 2546 4156 2624 alterum,
4225 2552 4291 2612 et

2742 2657 3098 2727 voluntate
3117 2654 3695 2740 communicandi,
3714 2664 3789 2723 ut
3812 2653 3977 2722 mihi
3999 2652 4287 2721 videtur.

2833 2770 2941 2837 Ao
2988 2791 3054 2836 ιο
3085 2790 3251 2859 ergo
3300 2766 3484 2859 quod
3513 2766 3733 2857 primo
3789 2762 4129 2852 objicitur,
4179 2761 4290 2854 di-

2740 2878 3038 2948 cendum
3070 2875 3256 2969 quod
3286 2874 3578 2944 Basilius
3598 2872 3907 2951 intendit,
3943 2871 4123 2964 quod
4145 2893 4285 2939 non

2742 2987 3134 3078 indigemus
3186 3005 3500 3053 sermone
3573 2980 3838 3073 prolato
3904 3003 4024 3072 per
4073 2988 4287 3048 attra-

2740 3107 2929 3166 ctum
2969 3095 3147 3164 aeris
3196 3117 3214 3164 z
3259 3116 3403 3163 non
3447 3102 3673 3162 autem
3731 3090 4040 3169 intendit,
4101 3089 4285 3181 quod

2738 3229 2880 3276 non
2940 3204 3334 3299 indigemus
3397 3226 3713 3273 sermone
3769 3201 4098 3293 spirituali
4152 3199 4283 3268 hoc

2740 3313 2951 3383 modo
2992 3336 3131 3405 quo
3169 3311 3696 3382 determinatum
3727 3320 3827 3379 est
3857 3310 4060 3379 dicto.

2827 3423 2937 3490 An
2982 3444 3183 3489 Λιιυυ
3213 3419 3605 3501 dicendum,
3632 3418 3814 3512 quod
3845 3427 3944 3487 est
3973 3416 4282 3509 quaedam

2740 3554 2937 3600 mens
2973 3537 3201 3600 creata
3233 3528 3318 3598 ab
3359 3552 3445 3598 eo
3484 3527 3664 3620 quod
3690 3526 4050 3596 causaliter
4076 3523 4286 3595 beati·

2737 3638 2898 3708 ticat
2952 3660 2970 3707 ε
3041 3636 3216 3706 sicut
3283 3658 3477 3704 mens
3543 3631 3977 3704 beatitudinis
4027 3634 4093 3699 in
4148 3651 4283 3723 qua

2737 3755 2899 3817 sunt
2971 3744 3167 3814 dotes
3222 3746 3495 3828 animae,
3563 3766 3647 3811 ex
3696 3764 3981 3834 quarum
4023 3741 4282 3811 redun-

2738 3853 2971 3923 dantia
2999 3860 3160 3921 sunt
3193 3852 3399 3920 etiam
3429 3850 3621 3918 dotes
3643 3850 3711 3917 in
3739 3872 4018 3941 corpore
4045 3872 4062 3917 2
4094 3858 4161 3918 et
4196 3847 4279 3917 de

2736 3963 2854 4031 illa
2881 3984 3126 4030 verum
3166 3969 3295 4043 est,
3328 3958 3514 4051 quod
3545 3981 3682 4026 nou
3712 3955 4150 4027 absconditur
4190 3956 4275 4025 ab

2737 4068 2955 4139 oculis
2984 4066 3274 4158 alicujus
3312 4065 3664 4134 beatorum
3701 4087 3717 4133 :
3762 4066 3920 4156 quia
3952 4063 4079 4133 hoc
4109 4062 4277 4133 nihil

2732 4185 2862 4252 est,
2898 4196 3106 4267 quam
3139 4171 3324 4264 quod
3349 4170 3633 4263 quilibet
3665 4169 3900 4239 beatus
3958 4170 4178 4240 videat
4210 4172 4278 4238 in

2733 4281 2870 4351 alio
2902 4280 3357 4372 quantitatem
3392 4276 3627 4371 gloriae
3664 4278 3907 4345 animae
3946 4288 4012 4347 et
4037 4300 4281 4368 corpo-

2736 4391 2828 4457 ris
2859 4411 3068 4480 quam
3117 4384 3322 4455 habet
3360 4408 3400 4453 a
3437 4386 3628 4453 Deo:
3675 4385 3794 4455 sed
3826 4384 4147 4476 quiddam
4179 4394 4281 4454 est

2737 4500 2808 4566 in
2867 4503 3096 4565 mente
3137 4502 3487 4564 causatum
3527 4515 3567 4561 a
3605 4491 3816 4562 libero
3873 4493 4176 4570 arbitrio,
4210 4491 4280 4560 in

2736 4605 2922 4697 quod
2952 4611 3177 4695 potest
3205 4609 3504 4693 potestas
3540 4599 3908 4669 voluntatis
3951 4623 3968 4665 ε
4011 4610 4075 4668 et
4115 4598 4280 4667 illud

2735 4714 2984 4782 dicitur
3011 4711 3331 4802 proprius
3359 4717 3725 4800 conceptus
3780 4708 4002 4778 cordis
4040 4710 4280 4777 unius-

2735 4822 3096 4912 cujusque,
3149 4829 3217 4888 et
3261 4816 3428 4887 illud
3483 4840 3622 4887 non
3677 4816 3932 4885 videbit
3988 4840 4161 4885 unus
4207 4819 4279 4884 in

2736 4930 2872 4998 alio
2912 4930 3060 4997 sine
3099 4926 3447 4997 locutione
3492 4947 3508 4997 ε
3552 4935 3617 4994 et
3657 4926 3871 5016 prima
3911 4923 4278 4993 similitudo

2734 5045 2835 5106 est
2894 5037 2962 5104 in
3010 5035 3175 5103 vino
3235 5034 3576 5102 inliciente
3613 5034 3865 5100 vitrum
3910 5054 3925 5098 :
3965 5032 4120 5122 quia
4161 5054 4279 5122 per

2736 5144 2993 5213 vitrum
3023 5141 3296 5211 videtur
3348 5139 3539 5210 color
3579 5140 3721 5207 vini
3766 5163 3781 5207 :
3819 5140 3908 5208 ita
3957 5142 4024 5207 in
4061 5139 4277 5232 gloria

2734 5253 3043 5343 corporis
3099 5250 3370 5319 videtur
3437 5260 3502 5318 et
3563 5249 3998 5340 perpenditur
4058 5248 4276 5337 gloria

2736 5361 3012 5427 mentis.

2807 5604 2832 5640 ³
2861 5604 3106 5662 Summa
3124 5601 3403 5675 Theolog.
3426 5603 3476 5659 11
3509 5619 3666 5676 pars,
3697 5602 3765 5670 Q.
3789 5603 3879 5656 33.

4189 333 4338 417 293,

4395 2831 4466 2876 Ad
4503 2833 4546 2880 1.

4390 3482 4462 3526 Ad
4488 3481 4532 3526 2.
