4897 6388
1880 367 1978 435 IN
2025 363 2536 434 lSENTENT.
2587 360 2815 430 DIST.
2871 360 3059 439 XIX,
3118 361 3447 443 D,‘ART.
3503 361 3568 428 7.

4169 351 4293 419 521

1074 545 1303 641 gulis.
1343 542 1563 617 Unde
1602 540 1943 614 Joannes
1983 540 2515 612 Damascenus
2547 534 2652 608 ait
2694 531 3217 610 :Confitemur
3258 531 3556 606 deitatis
3597 538 3948 602 naturam
3990 547 4292 598 omnem

1072 681 1406 778 perfecte
1441 700 1610 752 esse
1654 677 1732 749 in
1777 675 2090 771 singula
2128 695 2444 746 suarum
2485 672 3032 767 hypostaseon,
3082 667 3154 740 id
3185 678 3329 759 est,
3390 685 3940 764 personarum:
3989 683 4295 733 onmem

1072 815 1148 888 in
1223 816 1470 898 Patre,
1549 835 1861 886 omnem
1941 809 2019 883 in
2114 808 2334 901 Filio,
2417 829 2726 879 omnem
2798 805 2873 877 in
2965 803 3299 901 Spiritus
3382 813 3670 877 saneto.
3746 799 4075 895 Ideoque
4136 821 4298 895 per-

1073 952 1317 1025 fectus
1351 949 1556 1023 Deus
1598 948 1847 1033 Pater,
1895 945 2281 1042 perfectus
2324 942 2534 1015 Deus
2567 940 2832 1032 Filius,
2870 938 3255 1035 perfectus
3289 937 3495 1010 Deus
3547 932 3876 1032 Spiritus
3908 940 4219 1005 sanctus
4245 933 4287 1002 ¹.

1488 1490 1993 1562 ARTlCULUS
2041 1490 2196 1557 VII.

1077 1714 1328 1780 Utrum
1370 1721 1502 1778 tres
1532 1731 1847 1803 personae
1883 1709 2024 1776 sint
2062 1706 2342 1797 aliquid
2389 1705 2630 1793 majus

1248 1841 1463 1910 quam
1493 1819 1672 1899 duoe,
1715 1827 1779 1885 et
1808 1816 1963 1884 duae
1992 1837 2205 1906 quam
2245 1837 2388 1882 una
2413 1815 2452 1879 ?

1161 2133 1464 2200 Dubium
1496 2140 1597 2200 est
1621 2130 1733 2200 hic
1756 2130 1937 2222 quod
1957 2131 2117 2199 dicit
2138 2126 2207 2198 in
2239 2139 2479 2222 quarto
2510 2153 2632 2198 ca-

1070 2242 1289 2330 pitulo
1329 2240 1416 2318 D,
1471 2239 1590 2323 ibi,
1655 2267 1690 2302 α
1725 2240 1863 2308 Nec
1899 2238 2138 2328 majus
2167 2238 2452 2329 aliquid
2476 2240 2631 2307 duee

1062 2370 1371 2440 personae
1388 2348 1606 2414 simul
1629 2357 1816 2429 sunt,
1841 2368 2054 2437 quam
2086 2369 2252 2429 zena,
2288 2356 2417 2414 etc.
2456 2373 2489 2410 n

1162 2457 1225 2522 1.
1254 2454 1660 2523 Instantiam
1691 2454 1875 2521 enim
1899 2451 2028 2521 hoc
2067 2451 2338 2521 videtur
2374 2452 2627 2523 habere

1071 2566 1138 2631 in
1169 2563 1492 2631 omnibus
1521 2563 1826 2630 discretis
1858 2572 1922 2630 et
1955 2561 2373 2630 collectivis:
2408 2570 2623 2630 u‘num

1067 2673 1251 2740 enim
1305 2680 1409 2740 est
1455 2695 1611 2762 pars
1666 2670 2016 2738 duorum:
2088 2678 2153 2738 et
2185 2671 2411 2738 omnis
2470 2693 2626 2759 pars

1065 2781 1296 2848 minor
1331 2787 1431 2848 est
1462 2789 1605 2848 toto
1651 2802 1666 2846 ε
1703 2801 1867 2869 ergo
1907 2778 2201 2856 videtur,
2248 2778 2432 2870 quod
2473 2778 2624 2845 duae

1060 2910 1373 2978 personae
1405 2888 1540 2955 sint
1579 2884 1842 2977 aliquid
1873 2887 2097 2977 majus
2126 2907 2332 2976 quam
2359 2909 2521 2964 una,
2556 2896 2624 2954 et

1063 3003 1200 3061 tres
1239 3017 1444 3085 quarn
1481 2994 1656 3061 duae.
2095 2989 2102 2995 ’

1150 3103 1216 3170 2.
1284 3100 1616 3169 Similiter
1663 3099 2069 3168 habebimus
2127 3099 2299 3168 infra
2327 3101 2374 3179 ¹,
2438 3102 2624 3192 quod

1059 3213 1192 3279 hoc
1222 3233 1503 3286 nomen.
1544 3210 1866 3288 Trinitas,
1907 3207 2257 3277 collective
2287 3204 2627 3300 significat

1058 3340 1387 3410 personas
1431 3340 1447 3384 τ
1491 3339 1646 3385 cum
1688 3339 1852 3407 ergo
1900 3315 2186 3408 quilibet
2244 3316 2326 3385 de
2364 3317 2622 3408 populo

1058 3427 1145 3494 sit
1169 3449 1328 3517 pars
1359 3424 1625 3517 populi,
1657 3425 1932 3493 videtur
1951 3423 2134 3516 quod
2161 3449 2295 3492 una
2328 3448 2622 3516 persona

1057 3536 1137 3601 sit
1175 3534 1405 3600 minus
1433 3531 1692 3623 aliquid
1724 3554 1930 3623 quam
1964 3540 2107 3599 tota
2133 3533 2456 3601 Trinitas.

1145 3642 1211 3707 3.
1260 3638 1455 3717 ltem,
1504 3640 1802 3706 l’ersona
1843 3662 1979 3707 una
2020 3639 2254 3731 aliquo
2297 3639 2505 3708 modo
2550 3664 2621 3708 se

1053 3747 1258 3816 habet
1292 3747 1374 3815 ad
1403 3748 1831 3825 Trinitatem,
1885 3757 2001 3815 aut
2051 3756 2125 3816 ut
2154 3748 2364 3826 idem,
2401 3758 2517 3816 aut
2550 3759 2621 3816 ut

1050 3856 1348 3947 requam,
1373 3865 1490 3924 aut
1531 3864 1603 3922 ut
1637 3856 1888 3942 majus,
1922 3865 2039 3924 aut
2070 3865 2144 3924 ut
2179 3858 2432 3923 minus.
2463 3856 2617 3925 Non

1051 3973 1128 4031 ut
1172 3964 1351 4031 idem
1388 3985 1404 4031 ε
1486 3964 1647 4055 quia
1722 3963 1922 4031 aliter
1981 3972 2352 4054 oporteret,
2433 3966 2618 4057 quod

1052 4073 1405 4162 supposita
1439 4071 1553 4139 illa
1596 4094 1890 4162 persona
1929 4082 2435 4163 supponeretur
2477 4074 2623 4142 Tri·

1056 4182 1260 4255 nitaS.
1296 4179 1480 4269 quod
1511 4203 1656 4246 esse
1705 4201 1844 4247 non
1888 4189 2138 4271 potest.
2189 4180 2330 4250 Nec
2361 4192 2434 4249 ut
2481 4205 2622 4249 ma-

1044 4289 1187 4377 jus„
1260 4311 1385 4355 nec
1452 4298 1522 4356 ut
1605 4288 1894 4379 aequale,
1969 4299 2046 4358 ut
2100 4289 2394 4370 videtur,
2458 4292 2619 4382 quia

1052 4395 1341 4487 mqualia
1387 4417 1538 4486 quaa
1606 4405 1766 4463 sunt
1824 4399 2028 4466 unius
2066 4400 2402 4481 essentiae,
2448 4421 2618 4465 con-

1051 4512 1419 4571 vertuntur
1454 4526 1661 4595 super
1688 4527 1759 4571 se
1805 4527 1822 4572 τ
1856 4527 1996 4573 non
2061 4514 2290 4574 autem
2333 4528 2615 4575 conver-

1055 4613 1219 4680 titur
1247 4612 1639 4702 praedicatio
1687 4611 1769 4680 de
1806 4612 2138 4683 Trinitate
2187 4615 2271 4683 ad
2312 4614 2614 4705 aliquam

1054 4743 1504 4811 personarum
1543 4743 1559 4789 ε
1594 4743 1759 4810 ergo
1790 4721 2087 4801 videtur,
2118 4724 2302 4814 quod
2346 4747 2418 4791 se
2487 4722 2615 4791 ha-

1053 4828 1209 4896 beat
1239 4838 1313 4896 ut
1346 4831 1571 4897 minus
1607 4852 1622 4896 ε
1668 4853 1830 4921 ergo
1864 4854 2001 4899 uon
2037 4843 2138 4901 est
2171 4843 2436 4901 tantum
2482 4856 2614 4902 una

1053 4958 1371 5026 persona,
1397 4946 1728 5026 quantum
1761 4937 1912 5005 duze
1945 4939 2051 5007 vel
2083 4947 2246 5008 tres.

1129 5196 1233 5252 ¹S.
1283 5197 1531 5253 ‹lolia-ns
1586 5199 1975 5266 numen-cs,
2066 5202 2185 5257 Lib.
2245 5203 2268 5258 1
2317 5204 2391 5259 de
2476 5205 2615 5261 Fide

1053 5285 1408 5356 orthodoxa,
1442 5304 1569 5361 cap,
1603 5290 1658 5346 6.

2830 1274 3152 1342 Somno.
3219 1270 3618 1350 Dicendum,
3663 1266 3845 1358 quod
3903 1271 4162 1331 tantum
4220 1270 4286 1327 et

2738 1390 3072 1473 quantum
3114 1380 3347 1448 dicunt
3375 1379 3485 1446 hic
3540 1375 3995 1467 aequalitatem
4073 1372 4140 1436 in
4200 1393 4281 1438 eo

2740 1488 2922 1578 quod
2954 1496 3055 1556 est
3085 1487 3452 1577 quantitaS,
3490 1493 3554 1552 et
3583 1505 3720 1550 non
3753 1483 3822 1547 in
3854 1498 4139 1545 numero
4167 1498 4285 1543 no-

2739 1599 3005 1665 tionum
3043 1595 3151 1662 vel
3183 1616 3627 1686 personarum
3662 1614 3675 1658 z
3723 1591 3837 1681 qui
3866 1597 4091 1656 tamen
4147 1606 4286 1652 non

2740 1713 2843 1773 est
2878 1703 3278 1794 simpliciter
3318 1723 3672 1777 numerus,
3726 1706 3800 1764 ut
3840 1696 4010 1763 inira
4056 1702 4290 1760 osten-

2741 1813 2987 1881 detur:
3032 1813 3102 1879 in
3146 1832 3434 1878 numero
3476 1809 3653 1876 enim
3689 1807 4045 1874 notionum
4087 1822 4291 1892 quem

2742 1919 2997 1987 faciunt
3025 1918 3368 1996 notioneS,
3403 1915 3551 1982 duae
3602 1933 3910 2004 personae
3942 1918 4101 1977 sunt
4138 1907 4293 1998 plu-

2742 2050 2849 2094 res
2906 2047 3069 2105 una,
3130 2031 3197 2091 et
3246 2032 3379 2092 tres
3428 2022 3654 2114 plures
3696 2041 3902 2110 quarn
3971 2016 4120 2083 duae
4183 2013 4291 2081 vel

2742 2156 2879 2202 una
2915 2132 3074 2201 :sed
3104 2153 3242 2199 non
3273 2140 3428 2198 sunt
3460 2128 3714 2219 aliquid
3758 2126 3937 2217 pluS,
3991 2122 4097 2190 vel
4142 2146 4292 2190 ma-

2734 2246 2890 2334 jus:
2927 2252 2992 2310 et
3012 2250 3111 2309 est
3151 2262 3506 2331 processus
3537 2240 3602 2306 in
3633 2238 3853 2327 primo
3886 2239 4289 2324 argumento

2740 2377 2779 2420 a
2820 2352 3118 2421 disc-reto
3175 2349 3261 2417 ad
3321 2351 3721 2418 continuum
3768 2367 3783 2412 :
3843 2342 4019 2411 unde
4059 2339 4289 2408 incidit

2741 2460 3003 2531 fallacia
3044 2460 3277 2550 tigurae
3309 2457 3645 2525 dictionis.

2829 2572 2932 2638 Αυ
2963 2592 3163 2637 auen
3202 2565 3590 2648 dicendum,
3625 2561 3804 2654 quod
3836 2561 4127 2627 Trinitas
4150 2581 4286 2626 non

2737 2689 2835 2746 est
2877 2677 3310 2746 collectivum
3351 2698 3365 2743 :
3403 2674 3559 2764 quia
3610 2671 3823 2738 forma
3868 2666 4290 2736 collectionis

2745 2785 3148 2876 simpliciter
3186 2791 3285 2851 est
3313 2782 3566 2873 plures,
3609 2787 3670 2846 ct
3720 2774 4094 2845 secundum
4128 2774 4290 2864 quid

2737 2915 2872 2961 una
2910 2914 2926 2961 ε
2967 2893 3266 2959 Trinitas
3302 2898 3528 2958 autem
3568 2887 3715 2953 unit
3748 2905 4069 2976 personas
4123 2881 4295 2947 sim-

2748 3002 3012 3094 pliciter
3042 3002 3111 3068 in
3144 3023 3279 3068 una
3312 3008 3590 3067 natura:
3636 2994 3749 3061 sed
3799 2993 4041 3060 dicitur
4096 2981 4291 3082 quas?

2735 3108 3197 3190 collectivum,
3231 3129 3313 3175 eo
3347 3104 3527 3198 quod
3567 3104 3634 3170 in
3665 3126 3735 3168 se
3767 3100 4021 3190 colligit
4052 3121 4291 3165 omncs

2737 3240 3087 3310 personas,
3124 3238 3264 3285 non
3298 3223 3365 3281 ut
3400 3222 3646 3305 [ιω-1ος,
3680 3209 3794 3276 sed
3836 3217 3906 3275 ut
3960 3228 4171 3273 unum
4222 3207 4287 3272 in

2742 3337 3010 3403 natura,
3048 3347 3201 3416 qum
3242 3346 3378 3391 non
3430 3330 3528 3389 est
3562 3330 3780 3387 totum
3829 3318 3911 3384 ad
3954 3314 4128 3390 illas.
4169 3312 4285 3380 sed

2735 3435 2915 3503 idem
2953 3433 3324 3523 unicuique
3363 3452 3594 3498 earum
3636 3450 3653 3495 ε
3688 3425 3868 3517 quod
3901 3447 4037 3493 non
4068 3432 4167 3490 est
4216 3425 4283 3489 in

2737 3552 2885 3610 toto
2925 3539 3383 3632 quantitative
3413 3535 3519 3602 vel
3563 3532 3897 3621 integrali.

2822 3652 2928 3717 An
2955 3672 3155 3717 Αιιιύ
3185 3644 3574 3722 dicendum,
3608 3640 3788 3732 quod
3823 3664 3952 3706 una
3997 3661 4280 3730 persona

2732 3758 3041 3826 sehabet
3088 3756 3171 3823 ad
3207 3754 3602 3821 Trinitatem
3663 3748 3927 3815 duobus
3994 3747 4217 3813 modis
4261 3768 4277 3815 t

2732 3867 2894 3956 quia
2935 3864 3072 3932 duo
3105 3863 3267 3930 dicit
3293 3862 3607 3929 Trinitas.
3638 3856 3888 3923 scilicet
3931 3854 4280 3922 collectio·

2734 3996 2892 4042 nem
2952 3993 3429 4062 personarum,
3496 3977 3560 4034 ct
3620 3968 3966 4033 unium-m.
4036 3961 4277 4042 Quoad

2731 4079 3173 4148 collectorum
3234 4076 3709 4143 discretionem
3762 4095 3832 4138 se
3891 4069 4089 4137 habet
4142 4092 4275 4135 una

2730 4210 3023 4279 persona
3054 4194 3127 4253 nt
3162 4186 3229 4252 in
3280 4182 3579 4275 pauciori
3620 4178 4021 4246 ‹lisere-tion«-
4065 4178 4278 4244 notio·

2731 4295 2895 4377 nali,
2932 4318 3136 4386 quam
3179 4292 3487 4362 collectio
3527 4289 3730 4358 trium
3773 4310 3796 4355 .·
3838 4286 3917 4353 mt
3953 4286 4274 4352 unionem

2731 4414 2960 4473 autem
3002 4426 3074 4469 se
3107 4399 3311 4469 habet
3345 4409 3414 4466 ut
3446 4396 3702 4488 aequale
3734 4405 3796 4462 et
3831 4396 4004 4463 idem
4051 4417 4066 4462 τ
4115 4395 4276 4485 quia

2729 4520 2831 4578 est
2870 4510 3050 4578 idem
3099 4508 3409 4575 essentiae
3440 4505 3681 4572 unitati
3716 4511 3779 4569 et
3837 4500 4116 4590 aequalis
4155 4522 4277 4590 per

2726 4617 3093 4684 essentiam
3148 4613 3468 4681 omnibus
3532 4610 3744 4677 tribus
3802 4608 4026 4675 simul.
4075 4607 4271 4674 tssnde
4344 4624 4347 4627 ·

2729 4748 2884 4792 meo
2905 4723 3168 4813 judicio
3209 4721 3291 4790 ad
3344 4721 3507 4787 tales
3565 4741 3700 4786 non
3759 4726 3855 4784 est
3904 4715 4123 4782 danda
4165 4739 4275 4782 re-

2726 4832 3005 4923 sponsio
3036 4829 3184 4897 sine
3215 4825 3603 4917 hujusmodi
3633 4824 4088 4893 distinctione.

2796 5210 2821 5246 ²
2849 5209 2936 5266 Cf.
2967 5208 3151 5276 intra,
3184 5209 3329 5265 nist.
3361 5210 3507 5267 xxt.

4382 1289 4564 1334 Solutio
