4897 6388
579 341 706 412 326

261 533 296 570 ι’
345 564 356 572 .
396 511 426 543 “·’
493 565 498 570 -
576 515 953 608 personalis
984 517 1133 582 unit
1162 516 1484 606 ipsamet
1511 493 1720 581 ne‘ctit
1748 513 1833 581 ad
1864 536 1938 580 ea
1972 534 2122 603 quae

234 868 304 917 Ad
320 875 487 925 quaest.
504 872 544 916 6.

579 633 760 691 amat
789 624 981 718 quasi
1025 622 1334 713 quaedam
1374 621 1615 688 forma.

665 846 768 911 An
817 868 880 912 m
911 844 1096 935 quod
1127 843 1410 910 ulterius
1449 844 1776 933 quaeritur
1804 841 1884 909 de
1928 841 2123 908 hahi—

576 950 807 1022 tudine
864 950 1168 1033 ablativi,
1236 948 1599 1017 dicendum
1674 948 1856 1039 quod
1912 948 2120 1039 respi-

573 1059 810 1128 ciendo
860 1058 945 1126 ad
1001 1046 1283 1126 moduni
1322 1056 1692 1125 notionalis
1758 1065 1944 1124 actus
2002 1059 2116 1147 qui

571 1169 994 1258 importatur*
1036 1167 1105 1233 in
1170 1164 1407 1248 verbo,
1495 1167 1908 1234 construitur
1952 1187 2109 1232 cum

565 1275 773 1343 verbo
805 1274 1141 1343 ablativus
1185 1278 1254 1342 in
1284 1274 1682 1343 habitudine
1741 1275 1930 1364 quasi
1983 1272 2108 1340 ior·

564 1406 715 1452 mae.
782 1379 916 1450 Sed
985 1376 1237 1472 duplex
1282 1389 1381 1450 est
1420 1382 1662 1465 forma,
1696 1381 1945 1448 scilicet
2000 1399 2104 1447 se·

561 1491 858 1559 cundum
896 1509 1067 1569 esse,
1103 1498 1168 1558 et
1198 1490 1572 1558 secundum
1615 1488 1784 1557 bene
1818 1509 1984 1556 esse.
2028 1487 2104 1555 In

559 1597 824 1689 ratione
863 1598 1103 1672 sormae
1153 1597 1528 1665 secundum
1569 1616 1740 1678 esse,
1773 1615 1913 1664 non
1953 1616 2108 1662 con·

558 1707 838 1773 struitur
874 1704 1212 1774 ablativus
1255 1728 1410 1774 curn
1441 1701 1678 1773 verbo.
1717 1705 1961 1772 Forma
1990 1726 2107 1770 au-

556 1821 694 1880 tem
726 1813 1100 1881 secundum
1156 1812 1330 1906 bene
1369 1834 1514 1880 esse
1563 1811 1784 1880 adhuc
1827 1810 2108 1902 duplici-

557 1929 658 1989 ter
685 1922 1033 2011 accipitur,
1068 1917 1322 1989 scilicet
1350 1915 1661 1988 absoluta
1708 1941 1855 2011 quae
1922 1919 2108 2010 quie-

555 2028 680 2097 scit
706 2028 776 2095 in
807 2047 887 2097 eo
919 2029 1113 2118 cujus
1142 2034 1244 2097 est
1267 2026 1512 2111 forma,
1541 2036 1608 2096 et
1635 2025 1999 2119 respiciens
2021 2024 2107 2094 ad

554 2135 842 2226 alterum
944 2135 1320 2226 procedens
1394 2136 1479 2203 ab
1565 2158 1645 2203 eo
1728 2135 1920 2224 cujus
2001 2143 2105 2204 est

552 2247 822 2315 forma:
884 2247 1057 2315 sicut
1105 2263 1262 2316 cum
1293 2245 1476 2328 dico,
1508 2246 1623 2315 ille
1680 2254 1783 2315 est
1836 2251 2105 2338 sapiens

554 2355 911 2444 sapientia,
956 2351 1296 2424 ablativus
1348 2352 1510 2424 dicit
1558 2355 1850 2423 sormam
1906 2358 2106 2447 quie-

555 2470 854 2533 scentem
895 2465 965 2532 in
1004 2486 1089 2534 eo
1119 2463 1311 2555 cujus
1350 2472 1452 2533 est
1478 2463 1722 2543 forma,
1758 2471 1822 2533 et
1865 2466 2100 2533 nonin

555 2558 818 2640 ratione
885 2570 1312 2663 procedentis
1342 2595 1381 2641 a
1438 2573 1768 2663 sapiente,
1801 2580 1879 2640 ut
1915 2573 2101 2664 prius

556 2688 658 2748 est
678 2680 956 2751 dictum.
996 2679 1170 2749 Cum
1201 2690 1429 2750 autem
1461 2681 1637 2762 dico,
1672 2682 1780 2750 isti
1811 2681 2105 2773 diligunt

553 2810 625 2855 se
664 2788 982 2868 amicitia,
1035 2789 1331 2858 amicitia
1363 2797 1465 2857 est
1504 2788 1743 2873 forma,
1778 2797 1843 2856 et
1884 2789 2101 2856 forma

553 2894 887 2986 dependet
940 2917 980 2964 a
1025 2898 1237 2965 verbo
1287 2896 1390 2964 'ad
1429 2895 1738 2966 verbum.
1787 2895 1920 2963 Sed
1959 2895 2099 2964 haec

552 3003 771 3070 forma
800 3003 927 3070 tria
958 3004 1027 3070 in
1053 3027 1125 3072 se
1155 3003 1434 3085 claudit,
1477 3003 1730 3073 scilicet
1784 3004 1965 3094 quod
1996 3013 2102 3072 est

1561 340 1643 409 D.
1695 339 1892 409 ALB.
1945 339 2164 408 MAG.

2221 285 2429 413 ono.
2480 303 2780 410 PRAED.

2234 521 2334 581 est
2397 514 2590 604 quasi
2659 512 2962 581 medium
3026 514 3268 604 ligans,
3316 511 3645 580 Similiter
3680 533 3782 579 se·-

2233 622 2531 690 cundum
2603 625 2935 690 rationem
2992 620 3412 712 intelligendi
3458 620 3782 709 accipitur

2232 733 2300 797 in
2367 731 2640 812 divinis,
2676 753 2832 798 cum
2889 730 3154 814 dicitur,
3200 731 3402 799 Pater
3457 739 3524 799 et
3577 728 3777 795 Filius

2229 841 2527 931 diligunt
2564 861 2636 907 se
2681 838 2941 931 Spiritu
2982 849 3240 918 sanct0,
3275 863 3414 908 non
3457 840 3779 930 accipitur

2228 950 2322 1016 ibi
2364 948 2659 1040 Spiritus
2723 957 2998 1016 sanctus
3028 958 3103 1015 ut
3161 948 3453 1040 Spiritus
3479 956 3771 1027 sanctuS,

2228 1057 2295 1125 id
2326 1064 2453 1140 est,
2488 1056 2864 1125 secundum
2897 1057 3080 1147 quod
3111 1066 3214 1125 est
3250 1065 3516 1125 tantum
3545 1078 3772 1147 perso·

2222 1188 2310 1234 na
2340 1166 2409 1232 in
2440 1186 2513 1233 se
2571 1186 2708 1232 una
2747 1174 2814 1233 et
2842 1165 3154 1234 distincta
3184 1165 3269 1233 ab
3321 1165 3496 1245 aliis,
3531 1185 3775 1233 secun-

2222 1275 2383 1343 dum
2441 1276 2626 1366 quod
2682 1275 3103 1367 significatur
3155 1277 3225 1344 in
3282 1274 3412 1343 hoc
3466 1275 3766 1352 nomine,

2221 1385 2529 1474 Spiritus
2554 1394 2878 1451 sanctus:
2910 1383 3028 1450 sed
3076 1384 3400 1474 accipitur
3445 1391 3523 1450 ut
3559 1401 3771 1449 nexus

2221 1501 2285 1561 et
2317 1514 2551 1561 amor:
2590 1499 2656 1561 et
2703 1494 2854 1561 ideo
2909 1502 3009 1561 est
3048 1494 3239 1584 quasi
3296 1493 3515 1562 forma
3543 1485 3773 1583 proce·

2220 1588 2384 1671 den's
2451 1601 2536 1669 ab
2609 1611 2901 1692 utroque
2959 1601 3305 1692 diligente,
3355 1609 3420 1669 et
3457 1607 3767 1691 respectu
3888 1629 3893 1630 ⁷

2215 1712 2571 1799 utriusque
2612 1708 2985 1799 diligentis.
3030 1712 3187 1799 quia
3218 1731 3288 1777 se
3339 1710 3627 1778 invicem
3661 1707 3768 1774 di-

2216 1816 2439 1908 ligunt
2473 1836 2488 1885 ε
2525 1825 2593 1885 et
2621 1824 2724 1885 est
2753 1818 2821 1883 in
2853 1835 2925 1884 se
2963 1836 3178 1884 nexus
3207 1817 3583 1906 utriusque.

2305 2033 2409 2098 An
2447 2052 2513 2098 m
2553 2030 2736 2120 quod
2779 2029 3064 2098 ulterius
3115 2030 3442 2120 quoeritur
3477 2028 3560 2096 de
3590 2028 3769 2119 posi·
3792 2071 3861 2119 Ad
3876 2079 4048 2133 qum
4063 2075 4109 2123 7·

2217 2140 2400 2207 tione
2445 2138 2752 2229 Magistri
2794 2136 3122 2216 Simonis,
3175 2136 3536 2204 dicendum
3585 2134 3766 2226 quod

2216 2245 2529 2312 sustineri
2596 2250 2847 2334 potest,
2882 2244 2941 2309 si
2969 2241 3038 2334 ly
3083 2243 3392 2333 diliqaemt
3421 2262 3561 2310 non
3590 2240 3767 2308 dicat

2216 2356 2346 2422 nisi
2422 2361 2650 2423 actum
2691 2351 2989 2444 spirandi
3030 2375 3046 2420 ε
3105 2359 3172 2420 et
3227 2360 3389 2420 tunc
3417 2360 3764 2441 sumptum

2216 2470 2317 2530 est
2344 2464 2412 2529 in
2446 2462 2823 2552 aptitudine
2857 2461 3082 2552 quoad
3140 2480 3503 2552 personam
3542 2462 3765 2551 spira-

2217 2579 2380 2639 tam.

2294 2789 2399 2855 An
2437 2810 2503 2854 m
2533 2786 2718 2878 quod
2777 2789 3104 2878 quaeritur
3149 2786 3459 2863 ulterius,
3518 2783 3760 2852 Utrum
3792 2823 4111 2883 “qma

2214 2893 2417 2965 Pate'r
2448 2906 2515 2965 et
2552 2895 2762 2963 Filius
2792 2893 3083 2986 diligunt
3114 2914 3184 2961 se
3215 2892 3571 2960 dilectione
3609 2911 3760 2982 quae

2213 3013 2311 3072 est
2334 3004 2629 3095 Spiritus
2668 3011 2969 3083 sanctus,
3004 3000 3364 3072 dicendum
3421 2999 3606 3092 quod
3647 2998 3761 3066 illa

554 3110 924 3202 procedens
953 3111 1039 3179 ab
1069 3110 1176 3180 his
1205 3112 1319 3203 qui
1353 3111 1644 3204 diligunt
1671 3133 1766 3191 se,
1811 3120 1873 3178 et
1914 3111 2097 3203 quod
2210 3133 2368 3180 vera
2410 3120 2537 3198 est,
2580 3120 2645 3180 et
2673 3114 2893 3204 magis
2925 3112 3194 3202 propria
3225 3130 3430 3202 quam
3462 3108 3601 3186 illa,
3635 3107 3762 3174 Pa-

552 3239 689 3287 non
724 3227 825 3287 est
855 3219 921 3287 in
962 3221 1060 3289 eis
1089 3219 1424 3300 absolute,
1457 3229 1524 3289 et
1571 3220 1754 3313 quod
1803 3221 2094 3288 amicitia
2208 3228 2311 3287 ter
2336 3229 2403 3289 et
2447 3219 2655 3288 Filius
2684 3219 2978 3311 diligunt
3015 3242 3087 3287 se
3121 3219 3376 3310 Spiritu
3406 3225 3665 3285 sancto.

1264 3725 1353 3797 G.
1405 3718 1613 3810 Quid
1642 3721 1744 3795 sil
1774 3721 2118 3818 Spiritus
2140 3730 2475 3815 sanctus,
2503 3722 2629 3796 laic
2668 3722 3041 3819 (φονίων.

648 4079 829 4155 Sive
871 4078 1079 4154 enim
1125 4080 1220 4156 sit
1266 4080 1525 4155 unitas
1566 4081 1996 4167 amborum,
2042 4081 2204 4154 sive
2246 4082 2639 4173 sanctitas,
2677 4081 2842 4157 sive
2877 4082 3235 4169 charitas,
3270 4083 3755 4160 manifestum

554 4226 671 4292 est
710 4214 916 4313 quod
953 4239 1108 4289 non
1152 4215 1437 4314 aliquis
1468 4214 1795 4289 duorum
1832 4226 1944 4288 est
1975 4238 2129 4313 qun
2170 4226 2491 4315 uterque
2549 4216 3079 4316 conjungitur,
3127 4243 3280 4317 quo
3347 4218 3654 4315 genitus
3718 4244 3758 4295 a

553 4350 914 4446 gignente
945 4349 1339 4446 diligatur,
1376 4350 1963 4448 genitoremque
2005 4375 2233 4444 suurn
2265 4351 2562 4448 diligat,
2608 4353 2918 4451 sintque
2974 4379 3121 4427 uon
3179 4354 3758 4453 participatione

554 4484 685 4559 sed
727 4484 1064 4559 essentia
1093 4509 1236 4558 sua
1272 4509 1289 4559 :
1338 4507 1591 4582 neque
1623 4485 1826 4558 ‹lono
1859 4484 2280 4583 superioris
2319 4487 2679 4584 alicujuS,
2734 4488 2866 4562 sed
2912 4489 3219 4586 proprio
3266 4514 3408 4563 suo
3448 4513 3763 4565 servan-

556 4627 672 4693 tes
714 4616 1084 4693 unitatem
1118 4618 1452 4717 Spiritus
1486 4617 1559 4691 in
1603 4618 1914 4693 vinculo
1948 4618 2159 4717 pacis
2187 4620 2230 4692 ¹.
2282 4623 2474 4695 licre
2518 4619 2641 4694 hic
2686 4622 2925 4695 habes
2978 4623 3350 4721 Spiritum
3411 4634 3754 4700 sanctum

556 4777 902 4852 essequo
942 4752 1185 4828 Filius
1224 4752 1571 4851 diligitur
1608 4777 1650 4828 a
1683 4752 1937 4848 Patre,
1973 4765 2046 4828 et
2088 4755 2316 4831 Pater
2344 4781 2387 4829 a
2435 4756 2623 4833 Filio
2671 4783 2686 4833 :
2734 4770 2809 4833 et
2885 4783 3039 4858 quo
3091 4758 3195 4833 illi
3240 4750 3414 4832 duo‘
3455 4770 3760 4836 servant

445 4980 450 4986 ι
557 4888 925 4963 unitatem
963 4888 1176 4987 pacis
1201 4884 1249 4962 ².
1297 4888 1630 4987 Spiritus
1670 4912 1854 4984 ergo
1895 4902 2210 4965 sanctus
2270 4897 2380 4984 (ut
2419 4892 2525 4967 ait
2582 4895 3064 4990 Augustinus
3122 4896 3197 4969 iu
3242 4897 3539 4993 eodeun)
3569 4924 3766 4974 coui-

561 5045 791 5097 mune
833 5033 949 5097 est
1014 5022 1307 5120 aliquid
1371 5022 1622 5096 Patris
1688 5033 1764 5097 et
1823 5023 2022 5117 Filii,
2066 5025 2440 5124 quidquid
2514 5027 2701 5102 illud
2765 5039 2904 5103 est.
2951 5034 3045 5104 At
3085 5031 3251 5128 ipsa
3321 5035 3761 5109 communio

560 5157 1265 5251 consubstantialis,
1311 5167 1386 5232 et
1427 5167 1811 5232 coaeterua
1870 5167 1980 5234 est
2020 5182 2035 5233 ε
2083 5183 2260 5257 qua·
2303 5162 2364 5234 si
2444 5163 2782 5238 amicitia
2825 5166 3377 5242 convenienter
3428 5169 3576 5244 dici
3610 5180 3764 5270 pot·

561 5301 700 5386 est,
743 5290 1092 5366 dicatur:
1132 5292 1264 5366 sed
1307 5291 1563 5391 aptius
1595 5292 1876 5366 dicitur
1915 5294 2275 5389 cliaritaS,
2320 5309 2394 5371 et
2465 5299 2630 5373 lunc
2706 5322 3019 5398 quoque
3083 5301 3540 5400 substantia,
3584 5305 3764 5404 quia

635 5622 650 5657 ¹
679 5618 769 5677 Ad
797 5619 1010 5692 Ephes.
1044 5640 1118 5697 iv,
1146 5625 1216 5680 3:
1266 5624 1508 5684 Solliciti
1544 5643 1760 5685 servare
1790 5628 2059 5687 unitatem
2088 5630 2320 5702 spiritus
2359 5632 2416 5685 in
2468 5632 2687 5691 vinculo
2710 5636 2890 5709 pacis.

629 5707 655 5746 ¹
677 5710 731 5769 S.
763 5714 1139 5783 Auocsrnxtxs,
1171 5710 1293 5770 Lib.
1336 5712 1404 5771 Vl
1444 5714 1519 5777 de
1546 5714 1850 5787 Trinitate,
1871 5732 2000 5802 cap.
2043 5721 2096 5776 5.
