4897 6388
535 296 665 363 210

978 783 1482 853 ARTICULUS
1532 785 1651 852 IV.

536 1002 784 1068 Utrum
815 1001 1107 1067 univoca
1136 1002 1227 1066 sit
1248 1003 1558 1091 potentia
1608 1002 1701 1069 ad
1720 1024 1916 1092 posse
1960 1025 2081 1091 qe-

843 1133 1106 1190 nerare,
1152 1119 1214 1178 et
1246 1134 1440 1201 posse
1481 1133 1706 1179 creare
1739 1111 1779 1178 ?

624 1432 943 1502 Secundo
977 1433 1326 1522 quaeritur,
1392 1432 1631 1500 Utrum
1664 1433 1951 1500 univoca
1993 1434 2080 1500 sit

531 1541 837 1633 potentia
893 1540 982 1608 ad
1045 1562 1247 1630 posse
1314 1561 1663 1629 generare,
1742 1548 1808 1608 et
1880 1564 2077 1630 posse

530 1673 762 1720 creare
790 1650 826 1717 ⁴?
1987 1704 1999 1716 .

627 1761 688 1826 1.
726 1757 1016 1827 Videtur
1054 1757 1240 1849 quod
1280 1781 1417 1825 non
1454 1782 1468 1825 :
1513 1759 1671 1848 quia
1725 1780 1936 1825 unum
1971 1758 2077 1826 di-

432 1857 446 1863 ’
532 1865 624 1932 cit
661 1862 946 1953 aliquid,
1003 1862 1189 1930 aliud
1260 1863 1424 1931 dicit
1461 1864 1545 1930 ad
1583 1862 1837 1952 aliquid
1880 1887 1895 1930 ε
1961 1865 2078 1932 sed

192 3634 287 3679 Sed
316 3641 508 3680 contro.

531 1972 791 2063 aliquid
830 1980 896 2042 et
937 1972 1021 2039 ad
1051 1972 1309 2063 aliquid
1341 1996 1478 2040 non
1508 1982 1666 2040 sunt
1718 1973 1921 2040 unius
1958 1995 2073 2064 ge-

531 2081 715 2149 neris
758 2101 776 2149 z
821 2102 986 2171 ergo
1030 2102 1153 2148 nec
1237 2082 1439 2147 unius
1504 2081 1785 2147 rationis
1837 2101 1853 2148 :
1912 2102 2072 2171 ergo

530 2187 884 2279 aequivoce
940 2185 1188 2255 dicitur
1217 2187 1299 2255 de
1332 2190 1452 2255 eis.

620 2297 687 2362 2.
759 2292 958 2371 Item,
1060 2293 1392 2362 Potentiae
1474 2294 1898 2362 diffiniuntur
1959 2318 2076 2384 per

531 2410 724 2471 actus
758 2423 774 2468 τ
821 2422 961 2469 non
989 2410 1221 2469 autem
1272 2425 1448 2470 unus
1494 2411 1596 2471 est
1622 2413 1808 2471 aetus
1845 2426 2078 2471 crean-

532 2509 625 2596 di,
670 2518 734 2579 et
774 2508 1201 2602 generandi:
1237 2532 1403 2601 ergo
1452 2512 1752 2601 potentia
1801 2533 1939 2579 non
1968 2510 2079 2580 di-

531 2620 706 2686 citur
741 2640 883 2687 uno
915 2617 1124 2686 modo
1158 2618 1240 2685 de
1274 2618 1431 2685 illis.

624 2726 688 2790 23.
733 2722 934 2801 Item,
979 2722 1137 2790 Non
1179 2731 1403 2813 potest
1449 2723 1659 2814 accipi
1708 2723 2076 2792 secundum

530 2854 742 2900 unam
773 2832 1115 2899 rationem
1156 2831 1340 2922 quod
1383 2834 1450 2899 in
1492 2832 1782 2923 quadam
1820 2836 2077 2902 ratione

533 2940 856 3008 convenit
887 2937 1105 3006 tribus
1154 2941 1223 3005 in
1271 2940 1645 3018 communi,
1706 2949 1772 3008 et
1810 2941 1879 3008 in
1920 2963 2081 3031 qua·

533 3048 692 3117 dam
758 3068 899 3115 non
942 3046 1072 3114 nisi
1130 3048 1249 3113 uni
1317 3048 1518 3114 trium
1563 3073 1579 3114 :
1623 3048 1735 3116 sed
1790 3049 2080 3139 potentia

534 3150 906 3248 generandi
952 3174 1089 3222 non
1127 3138 1449 3221 convenit
1493 3155 1621 3221 nisi
1672 3156 1786 3222 uni
1847 3156 2077 3236 trium,

535 3262 808 3334 creandi
847 3270 1080 3331 autem
1141 3265 1443 3353 potentia
1499 3266 1817 3333 convenit
1854 3267 2082 3333 omni-

540 3370 668 3440 bus
698 3370 920 3440 tribus
987 3371 1054 3437 in
1116 3372 1516 3438 communi:
1577 3393 1738 3460 ergo
1786 3372 2077 3452 videtur,

537 3481 723 3575 quod
747 3503 890 3550 non
923 3482 1186 3549 dicatur
1214 3483 1516 3572 potentia
1546 3484 1858 3551 univoce.

627 3590 763 3658 Sin·
789 3612 1044 3659 cosma
1081 3611 1097 3659 ε

630 3702 692 3767 t.
736 3697 958 3766 Omne
1002 3701 1432 3789 aequivocum
1480 3700 1706 3790 aliquo
1737 3700 1941 3768 modo
1982 3710 2080 3768 est

533 3805 816 3873 diversae
847 3812 1107 3872 naturoe
1138 3806 1246 3872 cui
1280 3805 1633 3894 respondet
1667 3808 1834 3874 ratio
1865 3806 2081 3875 diver-

530 3935 604 3980 sa
634 3933 651 3981 τ
687 3909 804 3980 sed
835 3913 905 3978 in
926 3909 1072 3979 Deo
1103 3920 1369 3979 nonest
1399 3912 1748 3980 diversitas
1778 3922 2071 3982 naturae:

530 4041 693 4110 ergo
726 4021 795 4085 in
838 4017 983 4086 Deo
1042 4017 1213 4085 nihil
1284 4018 1397 4084 atii
1456 4021 1883 4109 aequivocum
1915 4029 2013 4087 est
2056 4043 2071 4087 :

528 4124 644 4192 sed
684 4126 992 4215 potentia
1029 4123 1300 4192 creandi
1328 4126 1518 4192 estin
1565 4124 1728 4203 Deo,
1771 4127 2078 4193 similiter

528 4234 831 4321 potentia
877 4229 1246 4320 generandi
1293 4255 1308 4298 ε
1347 4255 1509 4321 ergo
1552 4234 1849 4321 potentia
1900 4233 2076 4303 dicta

528 4337 609 4406 de
640 4340 737 4406 eis
765 4360 904 4404 non
936 4337 1201 4404 dicetur
1236 4342 1611 4426 aequivoce.

616 4450 683 4516 2.
724 4444 921 4521 Item,
962 4444 1273 4512 Potentia
1315 4447 1583 4513 creandi
1625 4457 1723 4513 est
1757 4448 1935 4516 idem
2005 4472 2072 4517 re

525 4578 681 4625 cum
713 4562 1011 4632 creante,
1055 4562 1122 4620 et
1180 4576 1417 4620 creans
1455 4577 1609 4621 cum
1651 4568 2014 4643 generante
2053 4582 2067 4625 2

526 4686 689 4755 ergo
725 4664 1023 4754 potentia
1056 4662 1330 4730 creandi
1391 4673 1491 4730 est
1532 4665 1827 4753 potentia
1868 4688 2071 4755 gene-

528 4770 718 4839 randi
764 4792 971 4861 :quae
1020 4778 1248 4836 autem
1318 4772 1665 4859 aequivoce
1730 4772 2069 4848 dicuntur,

527 4879 842 4947 distincta
872 4899 1011 4944 non
1040 4876 1493 4966 praedicantur
1530 4876 1611 4944 de
1642 4901 1711 4945 se
1752 4880 2068 4957 invicem,

526 4988 689 5078 quia
717 4986 906 5054 canis
935 4982 1266 5051 latrabilis
1308 5007 1444 5051 non
1505 4995 1603 5053 est
1640 4986 1824 5054 canis
1865 4989 2074 5055 mari-

527 5116 708 5163 nus:
770 5116 932 5183 ergo
1012 5093 1315 5182 potentia
1370 5095 1673 5160 nouerit
1726 5095 2071 5185 aequivoce

525 5204 703 5270 dicta
744 5199 825 5268 de
860 5200 1162 5289 potentia
1191 5200 1583 5289 generandi,
1619 5213 1680 5267 et
1720 5201 1800 5267 de
1834 5210 2070 5290 poten·

524 5312 618 5378 tia
658 5309 956 5377 creandi.

617 5422 679 5487 3.
719 5418 914 5491 ltem,
961 5418 1131 5481 (lum
1175 5415 1421 5481 dicitur
1450 5418 1967 5507 omnipotentia,
2005 5418 2069 5507 ty

524 5529 748 5598 omnis
778 5523 955 5616 quod
990 5530 1091 5591 est
1124 5522 1188 5588 in
1232 5525 1724 5613 compositione
1785 5548 1938 5592 cum
2003 5525 2068 5616 ty

520 5636 831 5731 potentia
870 5629 1213 5701 distribuit
1247 5652 1366 5719 pro
1399 5634 1716 5702 omnibus
1746 5658 1895 5725 qum
1925 5644 2067 5724 pot·

1543 297 1626 363 n.
1676 296 1873 364 ALB.
1926 297 2140 367 MAG.
2195 282 2395 369 om).
2452 299 2745 367 PRAED.

2166 480 2288 546 ,est
2323 447 2562 537 Deus:
2601 492 2762 560 ergo
2802 478 2942 537 tam
2972 495 3095 560 pro
3135 494 3463 564 generare
3512 493 3729 561 quam

2184 599 2304 666 pro
2335 599 2583 653 creare,
2628 586 2694 642 et
2723 577 2815 643 ita
2843 575 2926 643 de
2975 578 3173 646 aliis:
3232 581 3289 646 si
3336 585 3569 646 autem
3622 599 3733 644 es-

2183 692 2332 749 sent
2369 683 2745 772 aequivoca,
2814 705 2953 749 uon
3021 684 3543 753 distribueretur
3609 707 3730 773 pro

2185 788 2361 855 illis:
2426 811 2585 878 ergo
2652 788 2940 865 videtur,
3014 791 3196 879 quod
3269 815 3409 858 uon
3468 791 3732 859 dicatur

2184 895 2551 983 aequivoce.

2274 1104 2574 1171 Somno.
2613 1105 3020 1191 Dicendum,
3063 1107 3248 1198 quod
3287 1130 3426 1175 non
3483 1107 3728 1174 dicitur
3809 1147 4009 1200 Somno,

2182 1214 2480 1301 potentia
2508 1215 2853 1301 aequivoce
2883 1212 2967 1281 de
3006 1214 3139 1282 illis
3169 1217 3240 1282 in
3281 1237 3360 1283 eo
3395 1214 3578 1304 quod
3608 1238 3726 1304 po-

2181 1322 2387 1387 tentia
2418 1323 2741 1409 accipitur
2792 1319 3192 1390 abstrahens
3252 1323 3335 1390 ab
3377 1331 3666 1413 utroque
3704 1346 3717 1388 :

2181 1426 2373 1494 aliter
2411 1429 2591 1494 enim
2632 1450 2771 1494 non
2801 1427 3205 1517 praedicatur
3260 1430 3343 1498 de
3401 1439 3720 1520 utroque,

2179 1536 2306 1601 nisi
2349 1545 2551 1624 prout
2587 1534 2917 1602 abstrahit
2946 1536 3030 1603 ab
3080 1546 3372 1629 utroque
3428 1561 3443 1605 ε
3499 1546 3568 1605 et
3615 1561 3727 1606 se-

2181 1641 2476 1710 cundum
2515 1641 2644 1710 hoc
2675 1652 2902 1711 manet
2939 1647 3244 1733 potentia
3275 1668 3427 1735 quae
3462 1645 3723 1712 radica-

2181 1760 2292 1818 tur
2328 1751 2393 1816 in
2425 1752 2715 1817 essentia
2754 1751 2976 1818 Patris
3007 1761 3074 1819 ct
3104 1753 3255 1821 Filii
3303 1762 3368 1820 et
3429 1752 3723 1843 Spiritus

2180 1858 2413 1925 sancti.

2268 1965 2369 2031 Au
2413 1988 2667 2032 ramum
2724 1988 2886 2055 ergo
2925 1966 3317 2048 dicendum,
3390 1968 3574 2058 quod
3611 1989 3723 2034 se-

2179 2074 2474 2142 cundum
2505 2074 2689 2164 quod
2716 2077 3022 2165 potentia
3052 2076 3383 2145 abstrahit
3420 2086 3484 2146 et
3516 2100 3555 2145 a
3609 2100 3724 2168 ge-

2181 2204 2415 2250 nerare
2443 2190 2509 2249 et
2546 2204 2586 2248 a
2623 2204 2874 2265 creare,
2933 2205 3074 2250 non
3111 2183 3274 2252 dicit
3312 2184 3398 2252 ad
3437 2183 3719 2275 aliquid,

2181 2289 2344 2380 quin
2384 2290 2522 2355 imo
2564 2288 2724 2356 dicit
2753 2289 3010 2379 aliquid
3038 2292 3224 2381 quod
3255 2300 3357 2360 est
3402 2292 3725 2360 substan-

2181 2399 2312 2464 tiae.

2182 2573 2185 2574 γ
2265 2505 2368 2570 Ao
2433 2526 2629 2570 mun
2684 2502 3074 2585 dicendum,
3137 2507 3322 2598 quod
3377 2505 3509 2575 hoc
3585 2530 3722 2575 non

2182 2620 2281 2678 est
2307 2635 2545 2680 verum
2586 2612 2666 2679 de
2698 2612 2936 2679 activis
2977 2615 3299 2702 potentiis
3332 2636 3348 2682 z
3395 2616 3722 2705 quoniam

2181 2718 2310 2786 itlae
2342 2742 2475 2786 non
2517 2719 2957 2809 perficiuntur
2994 2743 3115 2810 per
3141 2744 3305 2789 suos
3349 2730 3565 2802 actus,
3607 2722 3727 2790 sed

2183 2837 2336 2894 ante
2365 2827 2676 2918 perfecta)
2706 2834 2866 2893 sunt
2917 2848 2933 2894 ε
2981 2830 3142 2917 quia
3179 2828 3352 2896 nihil
3391 2831 3534 2920 agit
3598 2830 3725 2896 nisi

2183 2934 2550 3024 perfectum
2584 2934 2651 2999 in
2682 2955 2850 3002 esse.
2916 2932 2993 3000 ln
3044 2936 3335 3025 passivis
3374 2947 3605 3004 autem
3658 2937 3727 3002 iu

2185 3042 2430 3131 quibus
2461 3050 2616 3107 sunt
2655 3050 2843 3108 actus
2872 3043 3276 3121 activorum,
3311 3044 3484 3111 sicut
3517 3045 3583 3109 in
3619 3066 3734 3132 pa-

2186 3150 2391 3219 tientc
2421 3149 2774 3238 disposito,
2852 3170 3092 3216 verum
3150 3160 3251 3219 est
3306 3149 3491 3240 quod
3532 3149 3735 3241 perli-

2185 3258 2455 3325 ciuntur
2482 3266 2545 3323 ct
2585 3256 3014 3324 diffiniuntur
3065 3280 3185 3348 per
3236 3268 3426 3327 actus
3470 3280 3486 3325 :
3546 3266 3612 3326 et
3659 3259 3730 3324 in

2188 3365 2300 3432 tali
2332 3388 2531 3433 seusu
2571 3364 2728 3432 dicit
2761 3364 3526 3457 illam‘propositionem
3564 3366 3732 3433 Phi-

2187 3470 2510 3562 losophus
2542 3471 2609 3538 in
2643 3472 2702 3539 11
2733 3472 2815 3539 de
2843 3473 3125 3556 Anima,
3161 3473 3275 3541 ubi
3319 3476 3459 3565 agit
3487 3472 3567 3541 de
3612 3496 3729 3563 po-

2187 3584 2408 3648 tentiis
2446 3579 3109 3670 apprehendentibus
3174 3584 3484 3673 passivis,
3558 3583 3731 3649 sicut

2188 3690 2326 3778 ipse
2358 3688 2604 3755 ibidem
2644 3688 2806 3755 dicit
2848 3711 2864 3754 :
2900 3687 3017 3754 scd
3070 3690 3134 3755 in
3204 3689 3346 3758 Deo
3423 3713 3561 3757 non
3630 3697 3725 3756 est

2187 3797 2483 3885 potentia
2535 3796 2856 3885 passiva:
2920 3803 2982 3861 et
3054 3794 3204 3865 ideo
3263 3796 3375 3864 illa
3434 3796 3728 3886 objectio

2185 3906 2366 3973 uuita
2404 3914 2530 3973 est.

2270 4017 2373 4081 An
2401 4036 2597 4079 Amrn
2628 4012 3018 4094 dicendum,
3053 4016 3234 4105 quod
3268 4018 3574 4107 potentia
3613 4040 3728 4084 ac-

2183 4123 2425 4212 cipitur
2454 4120 2824 4189 secuudum
2894 4145 3101 4190 uuam
3164 4126 3496 4192 rationem
3539 4147 3724 4191 cmu-

2186 4254 2485 4307 munem‚
2521 4230 2892 4297 sei-undum
2934 4231 3116 4320 quod
3149 4233 3475 4300 abstrahit
3511 4245 3571 4300 et
3644 4234 3727 4300 ab

2185 4350 2334 4407 actu
2367 4339 2631 4406 creandi
2663 4347 2725 4403 et
2760 4339 2841 4404 ab
2873 4348 3027 4406 actu
3060 4342 3460 4429 generandi,
3504 4352 3570 4410 et
3627 4350 3727 4410 est

2186 4448 2252 4513 in
2287 4447 2480 4513 Patre
2521 4455 2583 4513 et
2625 4444 2794 4512 Filio
2834 4455 2899 4513 et
2941 4447 3198 4536 Spiritu
3251 4460 3484 4518 sancto
3532 4472 3547 4519 :
3609 4451 3725 4518 sed

2183 4556 2550 4624 secundum
2579 4555 2760 4645 quod
2816 4557 3256 4647 conjungitur
3293 4560 3470 4626 actui
3512 4583 3725 4650 genc-

2187 4665 2370 4731 randi
2403 4674 2465 4730 et
2507 4664 2801 4743 creandi,
2837 4665 2991 4733 licet
3021 4666 3153 4736 alia
3199 4691 3334 4736 uon
3395 4669 3725 4737 efficiatur

2182 4797 2385 4864 quam
2440 4775 2627 4863 prius
2677 4773 2825 4855 suit,
2884 4782 3112 4842 tamen
3167 4776 3377 4843 atium
3439 4775 3720 4843 modum

2183 4881 2450 4950 babebit
2508 4889 2668 4948 tuuc
2716 4883 3167 4971 significandi,
3220 4885 3478 4952 ratione
3529 4885 3721 4971 cujus

2182 4992 2474 5080 potentia
2534 4991 2897 5079 generandi
2966 5013 3104 5058 non
3162 4994 3484 5061 convenit
3553 4992 3720 5061 filio

2182 5121 2299 5166 nec
2334 5098 2613 5188 Spiritui
2645 5108 2878 5165 sancto
2914 5121 2929 5164 :
2974 5099 3090 5167 sed
3130 5104 3436 5190 potentia
3476 5125 3720 5171 crean-

2181 5207 2246 5273 di
2276 5209 2590 5274 convenit
2623 5208 2884 5274 tribus:
2932 5216 2996 5275 et
3044 5208 3245 5298 hujus
3311 5212 3482 5278 ratio
3543 5221 3719 5303 patet

2181 5341 2262 5384 ex
2302 5318 2655 5406 praedictis.
3631 5324 3640 5335 ‘

2270 5425 2387 5491 llis
2428 5424 2697 5503 habitis,
2744 5424 3091 5493 tractanda
3129 5437 3228 5495 est
3267 5430 3526 5496 Lillera
3595 5432 3723 5521 pri-

2184 5556 2309 5599 ma·
2351 5534 2581 5623 partis.

3834 1983 3909 2027 Ad
3943 1987 3978 2032 Ι.

3832 2534 3901 2577 Ad
3927 2532 3968 2579 2.

3841 4059 3906 4099 ,w
3936 4027 3978 4106 εξ
