4897 6388
594 575 599 586 -
593 383 601 530 -..u-
587 45 602 358 ..u-...dm-

626 278 633 282 .

760 749 837 794 Ad
868 750 909 796 2.

781 2379 863 2426 Ad
890 2379 936 2427 3.

1801 262 1894 334 IN
1945 262 1973 327 I
2026 257 2451 327 SENTENT.
2504 255 2732 326 DIST.
2786 256 2908 339 111,
2963 257 3045 339 Ο,
3089 258 3290 330 ART.
3338 260 3446 326 34.

1032 422 1318 510 ipsemet
1347 433 1520 498 infra
1564 431 1828 520 probat,
1874 429 1992 497 sed
2050 429 2251 497 etiam
2319 437 2572 510 motor,

1032 531 1204 600 sicut
1244 548 1449 604 nauta
1477 540 1695 618 naviS,
1731 540 1844 627 qui
1875 546 1974 605 est
2007 540 2071 604 in
2104 539 2322 627 seipso
2358 537 2573 628 quod-

1036 638 1191 706 dam
1228 665 1347 710 ens
1386 654 1452 711 et
1479 646 1870 734 separabilis
1901 670 1940 714 a
1970 649 2149 714 navi.

1127 749 1229 813 An
1296 773 1492 817 mun
1546 737 1928 834 dicendum,
1975 756 2154 845 quod
2186 753 2370 819 nulla
2408 752 2576 818 sub-

1040 858 1289 923 stantia
1336 861 1616 929 omnino
1681 863 1973 953 perfecta
2054 863 2122 928 in
2187 864 2405 949 seipsa
2474 868 2574 926 est

1035 962 1335 1048 species:
1381 966 1498 1034 sed
1527 970 1754 1037 anima
1790 968 2160 1036 secundum
2220 989 2425 1033 unam
2468 966 2572 1033 sui

1033 1067 1646 1142 considerationem
1672 1085 1771 1141 est
1817 1076 2097 1163 species,
2149 1097 2279 1165 qua
2321 1072 2574 1140 scilicet

1035 1195 1179 1240 esse
1213 1178 1473 1246 confert
1510 1179 1901 1269 hujusmodi
1959 1184 2222 1270 corpori
2272 1181 2574 1271 potentia

1035 1279 1247 1347 vitam
1292 1282 1568 1352 habenti
1611 1311 1625 1354 :
1689 1288 1805 1355 sed
1835 1287 1967 1356 alio
2005 1288 2204 1356 modo
2263 1297 2362 1356 est
2402 1287 2573 1355 sub-

1034 1393 1303 1470 stantia,
1367 1395 1622 1463 scilicet
1659 1407 1732 1464 ut
1789 1407 1888 1466 est
1941 1407 2220 1467 motor:
2299 1408 2365 1465 et
2422 1399 2572 1464 ideo

1031 1499 1428 1588 separabilis
1468 1511 1567 1570 est
1597 1504 1679 1571 ab
1711 1505 1855 1595 ipso
1892 1529 1906 1572 ε
1979 1517 2043 1574 ct
2092 1505 2220 1574 hoc
2262 1513 2441 1595 patet
2489 1528 2574 1572 ex

1034 1603 1166 1673 hoc
1206 1607 1389 1697 quod
1419 1610 1748 1702 quidquid
1804 1614 1896 1679 ita
1941 1622 2040 1680 est
2080 1613 2397 1703 perfectio
2457 1611 2576 1678 ali-

1033 1715 1227 1799 cujus
1258 1717 1442 1805 quod
1474 1742 1597 1786 nec
1642 1720 2008 1788 secundum
2049 1744 2120 1788 se
2159 1743 2283 1789 nec
2328 1743 2577 1788 secuu-

1032 1819 1196 1888 dum
1231 1833 1453 1912 partes
1484 1834 1582 1894 cst
1614 1837 1801 1894 actus
1846 1830 2254 1895 commixtus
2285 1830 2371 1911 ei,
2407 1827 2576 1893 illud

1032 1938 1135 1994 est
1171 1930 1547 2019 separabile
1588 1933 1847 2024 abipso
1892 1955 1907 2000 ε
1942 1935 2059 2002 sed
2107 1918 2330 2002 anima
2375 1937 2580 2002 ratio·

1034 2035 1210 2103 nalis
1239 2060 1379 2106 non
1418 2050 1518 2107 est
1575 2039 1859 2130 alicujus
1915 2043 2216 2133 corporis
2256 2052 2468 2121 actuS,
2505 2051 2579 2109 ut

1034 2142 1199 2211 dicit.
1229 2143 1728 2239 Philosophus:
1782 2173 1943 2240 ergo
1970 2151 2135 2240 {ipsa
2164 2159 2263 2217 est
2300 2171 2581 2240 separa-

1037 2252 1193 2320 bilis
1232 2253 1519 2347 abipso.
1590 2269 1597 2275 ’

1133 2363 1237 2429 An
1265 2387 1463 2432 amun
1494 2365 1878 2445 dicendum,
1912 2368 2097 2458 quod
2138 2367 2371 2457 primm
2421 2390 2583 2458 par·-

1040 2477 1139 2536 tes
1179 2471 1580 2540 substantiae
1615 2473 2151 2542 diversificantur
2204 2475 2577 2542 secundum

1037 2578 1499 2650 diversitatem
1541 2582 2068 2653 substantiarum
2108 2606 2123 2650 z
2178 2584 2582 2674 corruptibi-

1034 2686 1132 2754 les
1163 2690 1346 2757 enim
1396 2690 1789 2760 substantiae
1845 2715 1998 2760 cum
2056 2690 2582 2783 incorruptibili-

1036 2795 1161 2863 bus
1192 2804 1287 2884 (ut
1364 2797 1524 2868 dicit
1599 2799 2081 2892 Philosophus)
2136 2825 2272 2869 non
2324 2800 2577 2869 habent

1031 2903 1336 2992 ejusdem
1426 2908 1707 2975 rationis
1788 2909 2183 2998 potentiam.
2248 2908 2580 2977 Similiter

1032 3033 1169 3077 non
1201 3020 1360 3081 sunt
1424 3013 1725 3104 ejusdem
1782 3017 2048 3106 generis
2087 3015 2471 3107 spirituales
2510 3024 2578 3085 et

1027 3119 1442 3211 corporales.
1506 3121 1587 3190 Et
1674 3122 1823 3192 ideo
1881 3147 2017 3193 non
2073 3134 2336 3217 oportet
2392 3125 2576 3217 quod

1032 3230 1366 3321 principia
1429 3231 1562 3298 sint
1619 3232 1923 3321 ejusdem
1963 3237 2276 3326 generis:
2321 3234 2437 3302 sed
2507 3235 2576 3302 in

1031 3339 1657 3430 incorruptibilibus
1716 3344 2040 3433 accipitur
2082 3344 2296 3412 forma
2339 3344 2424 3411 ab
2477 3345 2576 3412 in·

1027 3447 1300 3517 tellectu
1357 3451 1606 3541 speciei
1671 3452 2042 3521 secundum
2100 3477 2271 3533 esse,
2360 3464 2426 3522 et
2508 3454 2576 3523 id

1028 3557 1211 3646 quod
1255 3567 1357 3625 est
1392 3557 1709 3627 substans
1747 3559 1844 3629 illi
1887 3563 1954 3628 in
1993 3585 2129 3652 quo
2170 3561 2315 3652 ipsa
2353 3562 2575 3630 forma

1024 3663 1626 3753 substantilicatur‚
1660 3671 1982 3759 accipitur
2008 3694 2128 3760 per
2156 3668 2571 3739 intellectum

1026 3772 1171 3861 ejus
1210 3772 1394 3863 quod
1424 3784 1521 3843 est
1554 3776 1884 3867 suppositi
1932 3799 1948 3844 ε
1982 3779 2154 3845 sicut
2192 3776 2352 3847 dicit
2413 3777 2573 3846 l‘hi-

1029 3881 1355 3974 losophus
1383 3885 1450 3952 in
1485 3884 1540 3951 ll
1578 3886 1660 3953 de
1695 3887 1880 3955 Coelo
1909 3898 1973 3955 e!
2010 3888 2270 3955 ,lltmdo
2311 3912 2334 3956 .·
2395 3888 2569 3957 Cum

1023 3989 1201 4067 dico,
1231 3991 1502 4077 coelum,
1536 3993 1685 4061 dico
1713 3993 2039 4063 formam:
2072 4019 2225 4064 cum
2247 3995 2571 4080 dico,leoc

1022 4097 1294 4181 coelmn,
1338 4099 1489 4167 dico
1514 4104 1889 4170 materiam.
1938 4102 2070 4171 Sed
2101 4106 2168 4171 in
2206 4101 2571 4195 spirituali·

1025 4204 1151 4272 bus
1185 4204 1407 4274 adhuc
1438 4210 1664 4275 minus
1685 4217 1782 4277 est
1810 4209 1893 4277 de
1927 4212 2182 4279 ratione
2222 4212 2559 4280 tuatcrioe:

1023 4320 1087 4379 et
1139 4311 1288 4381 ideo
1349 4317 1675 4405 accipitur
1720 4340 1839 4407 per
1886 4318 2560 4399 demonstrationem,

1022 4444 1178 4488 cum
1209 4421 1478 4506 dicitur,
1531 4422 1671 4491 leaec
1726 4426 1985 4508 am‘ma,
2029 4427 2132 4495 vel
2196 4428 2308 4495 leae‘c
2345 4431 2566 4519 Ληρε-

1021 4526 1172 4593 lus:
1217 4526 1335 4595 sed
1368 4527 1498 4596 hoc
1536 4539 1638 4598 est
1687 4530 1753 4598 id
1810 4531 1994 4623 quod
2031 4543 2128 4601 est
2190 4559 2315 4602 res.
2363 4534 2445 4603 Et
2505 4536 2561 4603 si

1019 4633 1304 4716 dicatur,
1375 4636 1557 4727 quod
1632 4637 1787 4705 dicit
1855 4638 2308 4731 Philosophus
2376 4642 2561 4734 quod

1022 4744 1196 4812 idem
1233 4746 1299 4813 in
1333 4770 1619 4816 numero
1660 4757 1759 4816 est
1803 4749 1977 4817 idem
2014 4752 2078 4818 in
2120 4755 2428 4831 materia,
2462 4753 2560 4820 di·

1017 4852 1333 4934 ceudum,
1367 4855 1548 4945 quod
1587 4857 1911 4947 accipitur
1939 4861 2214 4927 materia
2245 4884 2368 4950 pro
2409 4885 2564 4952 pro-

1018 4961 1295 5050 prietate
1334 4966 1632 5033 materiae
1662 4989 1808 5057 quae
1848 4976 1944 5034 est
1976 4968 2272 5039 dividere
2329 4980 2395 5038 et
2463 4973 2562 5039 in·

1019 5069 1367 5140 dividuare
1397 5072 1687 5141 formam
1730 5076 2099 5144 secundum
2168 5102 2313 5148 esse
2373 5081 2558 5171 quod

1019 5175 1221 5247 habet
1254 5180 1320 5246 in
1353 5179 1482 5249 hoc
1510 5180 1834 5271 subjecto.
1948 5250 1952 5254 Α

1108 5286 1210 5353 An
1242 5310 1438 5354 Αιιυυ
1478 5285 1861 5369 dicendum,
1908 5293 2088 5384 quod
2128 5296 2356 5362 anima
2386 5297 2559 5364 sim-

4106 259 4232 348 ‚13⁹
4261 255 4279 291 ³

2681 429 2736 495 si
2798 429 3084 497 divisive
3130 429 3457 497 distarent
3514 429 3644 495 illae
3699 431 4020 518 potentiae
4059 428 4236 494 inter
4327 457 4332 458 ff
4382 424 4391 432 ’

2681 561 2774 606 se.

2680 757 2922 844 accipit
2943 768 3193 845 praeler
3221 753 3327 820 vel
3371 764 3570 819 extra
3619 760 3856 818 contra
3896 749 4228 839 quosdam

2681 862 2794 957 qui
2844 847 3159 929 dicebant
3208 859 3626 928 intellec-tum
3688 881 3824 925 non
3882 879 4028 925 esse
4074 877 4228 945 par-

2680 976 2814 1034 tem
2847 969 3115 1045 animm,
3152 967 3269 1034 sed
3300 967 3821 1033 illustrationem
3855 956 4234 1053 intelligenss

2678 1077 2786 1142 tiae
2829 1099 3034 1166 supra
3100 1077 3357 1166 ipsam:
3404 1085 3471 1142 et
3529 1071 3667 1142 non
3714 1071 3999 1140 intendit
4044 1069 4231 1161 quod

2678 1181 3060 1250 intellectus
3118 1182 3389 1271 proprie
3486 1179 3825 1271 loquendo
3912 1181 3999 1245 sit
4072 1197 4230 1266 pars

2678 1313 2848 1377 eJus.

2766 1398 2974 1464 Aums
3016 1396 3314 1463 rationes
3345 1398 3413 1462 in
3447 1396 3840 1485 oppositum
3902 1392 4227 1460 adductas
4258 1421 4341 1469 Ad
4369 1419 4545 1477 «Μαι,

2677 1503 3144 1587 concedimus,
3180 1510 3421 1593 praeter
3451 1501 3583 1569 hoc
3610 1501 3834 1569 solum
3866 1499 4050 1591 quod
4091 1521 4232 1565 non

2679 1610 2970 1678 dicimus
3000 1609 3186 1701 quod
3225 1611 3313 1677 sit
3362 1633 3447 1677 ex
3495 1609 3782 1676 materia
3855 1615 3922 1674 et
3981 1606 4226 1674 forma.
4283 1633 4302 1666 η

2680 1718 3069 1788 Intellectus
3110 1720 3292 1786 enim
3336 1742 3474 1809 quo
3505 1727 3608 1786 est
3636 1719 3868 1786 omnia
3898 1715 4043 1784 fieri
4095 1738 4236 1783 non

2680 1837 2780 1896 est
2824 1827 3131 1912 materia,
3171 1825 3281 1893 vel
3346 1849 3431 1894 ex
3491 1826 3824 1894 materia:
3887 1823 4042 1892 licet.
4106 1821 4237 1890 ali-

2682 1958 2889 2027 quam
2932 1934 3182 2002 habeat
3247 1934 3628 2024 potentiam
3679 1929 4127 2010 materialem,
4170 1936 4239 1996 et

2683 2042 2827 2112 haec
2863 2051 3147 2111 vocatur
3206 2064 3244 2108 a
3321 2041 3734 2132 quibusdam
3793 2035 4238 2129 Philosophis

2685 2152 2989 2221 materia.

3022 2594 3524 2666 ACT1CL'LUS
3592 2593 3921 2662 xxxtv.

2905 2811 3013 2877 An
3054 2808 3293 2875 anima
3321 2809 3414 2874 sic
3441 2829 3585 2874 suae
3613 2805 3938 2897 potentiae
3971 2803 4014 2872 P

2775 3129 3030 3200 Deinde
3064 3130 3416 3221 quaeritur,
3455 3125 3696 3196 Utrum
3719 3123 3948 3192 anima
3968 3123 4056 3191 sit
4093 3143 4234 3190 suae

2683 3239 3055 3331 potentiae?
3092 3236 3383 3305 Videtur
3420 3244 3650 3304 autem
3684 3231 3867 3325 quod
3903 3254 4063 3299 nou.

2775 3350 2834 3417 1.
2870 3345 3059 3414 Nihil
3088 3352 3191 3413 est
3239 3344 3308 3412 id
3382 3341 3565 3436 quod
3605 3340 3810 3409 habet
3840 3339 3967 3408 uisi
4000 3336 4187 3406 Deus
4211 3358 4239 3419 z,

2680 3456 2908 3523 anima
2955 3478 3092 3522 non
3147 3461 3251 3521 est
3302 3451 3527 3520 Deus:
3579 3473 3743 3542 ergo
3811 3470 3950 3516 uon
4007 3452 4108 3514 cst
4164 3444 4236 3512 id

2680 3566 2862 3658 quod
2896 3564 3138 3633 habet:
3191 3560 3311 3631 sed
3368 3559 3577 3629 habet
3623 3557 4004 3650 potentias:
4065 3575 4231 3646 ergo

2679 3675 2822 3764 ipsa
2855 3695 2995 3741 nou
3026 3680 3131 3741 est
3168 3669 3492 3761 potentiae
3522 3689 3689 3735 suae.

2766 3784 2833 3851 2.
2869 3778 3069 3858 Item,
3098 3779 3169 3846 in
3203 3776 3392 3845 omni
3427 3798 3508 3843 eo
3539 3770 3722 3865 quod
3763 3780 3866 3840 est
3892 3770 4061 3838 citra
4091 3771 4234 3861 pri·

2677 3912 2894 3966 mum,
2938 3886 3258 3955 differunt
3306 3905 3503 3976 posse
3552 3890 3617 3949 et
3671 3901 3818 3949 esse
3865 3876 4230 3970 plusquam

2676 3994 2856 4087 quod
2889 4003 2989 4063 cst
3022 4002 3088 4062 et
3125 4015 3299 4061 esse.
3335 3990 3696 4059 Pnommo.
3741 3985 3953 4055 Posse
4001 3991 4103 4053 est
4160 3983 4230 4052 iu

2673 4129 2922 4197 genere
2968 4103 3344 4196 qualitatis,
3379 4112 3446 4170 et
3497 4122 3644 4169 esse
3684 4099 3754 4167 iu
3802 4096 4223 4166 substantia:

2671 4212 2853 4305 quod
2893 4221 2996 4281 est
3024 4220 3253 4280 autem
3296 4219 3362 4277 et
3401 4231 3550 4277 esse
3591 4216 3956 4297 utrumque
4010 4211 4115 4273 est
4157 4203 4228 4271 iu

2671 4319 3089 4389 substantia:
3138 4319 3198 4386 si
3238 4316 3448 4409 igitur
3506 4316 3574 4383 iu
3620 4315 3851 4404 anima
3904 4308 4228 4379 differunt

2670 4428 2856 4520 quod
2885 4438 2985 4496 est
3015 4434 3083 4496 et
3111 4449 3250 4517 quo
3292 4433 3390 4493 est
3422 4424 3568 4491 sive
3598 4444 3772 4501 esse,
3823 4418 4041 4488 multo
4073 4416 4225 4489 l'or-

2669 4540 2805 4605 tius
2835 4535 3157 4605 diss'eruut
3190 4534 3260 4602 iu
3290 4555 3369 4601 ea
3399 4553 3547 4600 esse
3587 4538 3653 4599 et
3681 4550 3906 4621 posse.

2759 4647 2823 4715 3.
2867 4643 3064 4721 Item,
3111 4641 3184 4709 Si
3226 4664 3345 4732 per
3373 4639 3738 4708 essentiam
3771 4636 3951 4704 idem
3975 4642 4074 4704 est
4105 4634 4224 4702 iu-

2669 4752 2975 4821 tellectus
3024 4749 3271 4817 animae
3319 4757 3385 4816 et
3437 4743 3755 4814 voluntas
3794 4742 4094 4811 auimae:
4156 4748 4225 4809 et

2668 4879 3117 4950 quaecumque
3151 4854 3267 4922 uni
3300 4860 3363 4922 et
3421 4850 3641 4920 eidem
3719 4857 3880 4918 sunt
3951 4846 4217 4928 eadem,

2667 4970 2818 5060 ipsa
2851 4976 3011 5037 sunt
3067 4963 3359 5033 eadem:
3431 4968 3591 5029 tunc
3655 4957 4034 5027 intellectus
4088 4957 4219 5026 erit

2668 5075 3010 5146 voluntas.

2757 5187 2891 5256 San
2936 5207 3231 5255 comm:

2760 5299 2819 5364 ί.
2881 5294 3138 5364 Contra
3175 5289 3307 5359 hoc
3357 5296 3461 5357 est
3514 5287 3699 5379 quod
3792 5283 4218 5378 Augustinus

1017 5395 1174 5486 plex
1191 5403 1289 5462 est
1311 5394 1605 5486 quadam
1625 5396 2077 5489 simplicitate,
2101 5401 2353 5471 scilicet
2370 5404 2554 5495 quod
2663 5404 2849 5483 dicit,
2883 5401 3070 5495 quod
3100 5407 3260 5467 sunt
3299 5419 3437 5466 una
3475 5396 3640 5478 vita,
3681 5417 3819 5463 una
3873 5414 4092 5478 mens,
4151 5399 4220 5461 et

1018 5503 1208 5571 adest
1230 5502 1507 5572 cuilibet
1534 5509 1850 5594 potentia:
1881 5532 2018 5577 suae
2051 5534 2168 5601 per
2189 5513 2570 5594 essentiam,
2664 5536 2801 5582 una
2822 5512 3141 5581 essentia.

971 5620 1082 5686 ,ct
1149 5610 1626 5692 substantiam,
1698 5615 1878 5704 quod
1940 5641 2072 5685 non
2126 5629 2349 5708 posset
2407 5644 2555 5691 esse

2753 5626 2816 5689 2.
2854 5620 3056 5702 Item,
3101 5618 3530 5710 Augustinus
3563 5617 3631 5683 in
3659 5614 3833 5683 libro
3863 5613 3946 5682 de
3981 5613 4219 5705 Spiri-

2771 648 2873 713 An
2902 672 3100 715 Amun
3122 646 3512 724 dicendum,
3549 646 3731 735 quod
3770 644 4230 710 Damascenus
4346 644 4422 687 ΑΛ
4451 644 4493 687 ⁵·

4242 5184 4554 5233 sedeontrn.
