<?xml version="1.0" encoding="UTF-8"?>
<!DOCTYPE html PUBLIC "-//W3C//DTD XHTML 1.0 Transitional//EN"
    "http://www.w3.org/TR/xhtml1/DTD/xhtml1-transitional.dtd">
<html xmlns="http://www.w3.org/1999/xhtml" xml:lang="en" lang="en">
 <head>
  <title>
</title>
<meta http-equiv="Content-Type" content="text/html;charset=utf-8" />
  <meta name='ocr-system' content='tesseract 3.04.00' />
  <meta name='ocr-capabilities' content='ocr_page ocr_carea ocr_par ocr_line ocrx_word'/>
</head>
<body>
  <div class='ocr_page' id='page_1' title='image "balbertimagnira03chgoog_0098.png"; bbox 0 0 4897 6388; ppageno 0'>
   <div class='ocr_carea' id='block_1_1' title="bbox 326 796 481 841">
    <p class='ocr_par' dir='ltr' id='par_1_1' title="bbox 326 796 481 841">
     <span class='ocr_line' id='line_1_1' title="bbox 326 796 481 841; baseline 0.013 -2"><span class='ocrx_word' id='word_1_1' title='bbox 326 797 395 839; x_wconf 74' lang='lat' dir='ltr'>Ad</span> <span class='ocrx_word' id='word_1_2' title='bbox 440 796 481 841; x_wconf 79' lang='grc'>4.</span> 
     </span>
    </p>
   </div>
   <div class='ocr_carea' id='block_1_2' title="bbox 354 2294 504 2342">
    <p class='ocr_par' dir='ltr' id='par_1_2' title="bbox 354 2294 504 2342">
     <span class='ocr_line' id='line_1_2' title="bbox 354 2294 504 2342; baseline 0 -4"><span class='ocrx_word' id='word_1_3' title='bbox 354 2294 436 2342; x_wconf 68' lang='lat' dir='ltr'>Aa</span> <span class='ocrx_word' id='word_1_4' title='bbox 460 2294 504 2340; x_wconf 72' lang='grc' dir='ltr'>δ.</span> 
     </span>
    </p>
   </div>
   <div class='ocr_carea' id='block_1_3' title="bbox 367 2940 518 2987">
    <p class='ocr_par' dir='ltr' id='par_1_3' title="bbox 367 2940 518 2987">
     <span class='ocr_line' id='line_1_3' title="bbox 367 2940 518 2987; baseline -0.007 0"><span class='ocrx_word' id='word_1_5' title='bbox 367 2940 449 2987; x_wconf 70' lang='lat' dir='ltr'>Ad</span> <span class='ocrx_word' id='word_1_6' title='bbox 474 2941 518 2986; x_wconf 69' lang='grc'>6.</span> 
     </span>
    </p>
   </div>
   <div class='ocr_carea' id='block_1_4' title="bbox 3220 480 3252 503">
    <p class='ocr_par' dir='ltr' id='par_1_4' title="bbox 3220 480 3252 503">
     <span class='ocr_line' id='line_1_4' title="bbox 3220 480 3252 503; baseline 0 0"><span class='ocrx_word' id='word_1_7' title='bbox 3220 480 3252 503; x_wconf 63' lang='grc' dir='ltr'>Α·</span> 
     </span>
    </p>
   </div>
   <div class='ocr_carea' id='block_1_5' title="bbox 588 406 2798 507">
    <p class='ocr_par' dir='ltr' id='par_1_5' title="bbox 588 406 2798 507">
     <span class='ocr_line' id='line_1_5' title="bbox 588 406 2798 507; baseline 0.004 -36"><span class='ocrx_word' id='word_1_8' title='bbox 588 406 671 471; x_wconf 87' lang='lat'>86</span> <span class='ocrx_word' id='word_1_9' title='bbox 760 503 765 507; x_wconf 8' lang='grc' dir='ltr'>Φ</span> <span class='ocrx_word' id='word_1_10' title='bbox 1038 470 1041 471; x_wconf 20' lang='lat' dir='ltr'><em>f</em></span> <span class='ocrx_word' id='word_1_11' title='bbox 1586 412 1665 481; x_wconf 80' lang='lat' dir='ltr'>n.</span> <span class='ocrx_word' id='word_1_12' title='bbox 1720 415 1915 482; x_wconf 82' lang='lat' dir='ltr'><strong>ALB.</strong></span> <span class='ocrx_word' id='word_1_13' title='bbox 1974 413 2186 481; x_wconf 80' lang='lat' dir='ltr'><strong>MAG.</strong></span> <span class='ocrx_word' id='word_1_14' title='bbox 2240 413 2447 481; x_wconf 75' lang='lat' dir='ltr'>om).</span> <span class='ocrx_word' id='word_1_15' title='bbox 2505 414 2798 482; x_wconf 84' lang='lat' dir='ltr'><strong>PRAED.</strong></span> 
     </span>
    </p>
   </div>
   <div class='ocr_carea' id='block_1_6' title="bbox 590 566 3794 669">
    <p class='ocr_par' dir='ltr' id='par_1_6' title="bbox 590 566 3794 669">
     <span class='ocr_line' id='line_1_6' title="bbox 590 566 3794 669; baseline -0 -34"><span class='ocrx_word' id='word_1_16' title='bbox 590 567 877 637; x_wconf 81' lang='lat' dir='ltr'>exeundi</span> <span class='ocrx_word' id='word_1_17' title='bbox 931 573 1014 640; x_wconf 89' lang='lat' dir='ltr'>ab</span> <span class='ocrx_word' id='word_1_18' title='bbox 1084 580 1353 646; x_wconf 85' lang='lat' dir='ltr'>aeternis</span> <span class='ocrx_word' id='word_1_19' title='bbox 1439 583 1817 650; x_wconf 88' lang='lat' dir='ltr'>rationibus</span> <span class='ocrx_word' id='word_1_20' title='bbox 1897 586 1965 649; x_wconf 92' lang='lat' dir='ltr'>in</span> <span class='ocrx_word' id='word_1_21' title='bbox 2034 566 2173 648; x_wconf 32' lang='lat' dir='ltr'>res·</span> <span class='ocrx_word' id='word_1_22' title='bbox 2253 581 3092 669; x_wconf 76' lang='lat' dir='ltr'>lorumztamenmagnus</span> <span class='ocrx_word' id='word_1_23' title='bbox 3123 579 3404 645; x_wconf 86' lang='lat' dir='ltr'>vicuses</span> <span class='ocrx_word' id='word_1_24' title='bbox 3434 573 3794 662; x_wconf 76' lang='lat' dir='ltr'>dignitate:</span> 
     </span>
    </p>
   </div>
   <div class='ocr_carea' id='block_1_7' title="bbox 592 686 2156 1736">
    <p class='ocr_par' dir='ltr' id='par_1_7' title="bbox 592 686 1779 771">
     <span class='ocr_line' id='line_1_7' title="bbox 592 686 1779 771; baseline 0.012 -28"><span class='ocrx_word' id='word_1_25' title='bbox 592 686 844 746; x_wconf 86' lang='lat' dir='ltr'>creatas</span> <span class='ocrx_word' id='word_1_26' title='bbox 884 703 1034 771; x_wconf 80' lang='lat' dir='ltr'>quae</span> <span class='ocrx_word' id='word_1_27' title='bbox 1073 697 1324 754; x_wconf 83' lang='lat' dir='ltr'>exeunt</span> <span class='ocrx_word' id='word_1_28' title='bbox 1354 689 1437 755; x_wconf 91' lang='lat' dir='ltr'>ab</span> <span class='ocrx_word' id='word_1_29' title='bbox 1469 700 1610 757; x_wconf 90' lang='lat' dir='ltr'>arte</span> <span class='ocrx_word' id='word_1_30' title='bbox 1643 690 1779 757; x_wconf 87' lang='lat' dir='ltr'>illa.</span> 
     </span>
    </p>

    <p class='ocr_par' dir='ltr' id='par_1_8' title="bbox 593 788 2156 1736">
     <span class='ocr_line' id='line_1_8' title="bbox 684 788 2144 887; baseline 0.004 -32"><span class='ocrx_word' id='word_1_31' title='bbox 684 788 1010 860; x_wconf 64' lang='lat' dir='ltr'>Canmmzs</span> <span class='ocrx_word' id='word_1_32' title='bbox 1041 803 1269 861; x_wconf 90' lang='lat' dir='ltr'>autem</span> <span class='ocrx_word' id='word_1_33' title='bbox 1310 806 1468 862; x_wconf 84' lang='lat' dir='ltr'>sunt</span> <span class='ocrx_word' id='word_1_34' title='bbox 1508 799 1576 862; x_wconf 91' lang='lat' dir='ltr'>in</span> <span class='ocrx_word' id='word_1_35' title='bbox 1626 797 1871 887; x_wconf 91' lang='lat' dir='ltr'>quibus</span> <span class='ocrx_word' id='word_1_36' title='bbox 1917 795 2144 863; x_wconf 80' lang='lat' dir='ltr'>volvi·</span> 
     </span>
     <span class='ocr_line' id='line_1_9' title="bbox 593 898 2145 993; baseline 0.005 -32"><span class='ocrx_word' id='word_1_37' title='bbox 593 905 704 961; x_wconf 90' lang='lat' dir='ltr'>tur</span> <span class='ocrx_word' id='word_1_38' title='bbox 734 898 966 964; x_wconf 89' lang='lat' dir='ltr'>mundi</span> <span class='ocrx_word' id='word_1_39' title='bbox 1008 903 1476 968; x_wconf 76' lang='lat' dir='ltr'>conservatio:</span> <span class='ocrx_word' id='word_1_40' title='bbox 1532 912 1609 969; x_wconf 70' lang='lat' dir='ltr'>ut.</span> <span class='ocrx_word' id='word_1_41' title='bbox 1666 906 1839 971; x_wconf 89' lang='lat' dir='ltr'>actio</span> <span class='ocrx_word' id='word_1_42' title='bbox 1886 904 2145 993; x_wconf 87' lang='lat' dir='ltr'>prima-</span> 
     </span>
     <span class='ocr_line' id='line_1_10' title="bbox 596 1004 2144 1092; baseline 0.005 -25"><span class='ocrx_word' id='word_1_43' title='bbox 596 1026 744 1068; x_wconf 92' lang='lat' dir='ltr'>rum</span> <span class='ocrx_word' id='word_1_44' title='bbox 802 1004 1204 1092; x_wconf 77' lang='lat' dir='ltr'>qualitatum</span> <span class='ocrx_word' id='word_1_45' title='bbox 1284 1008 1640 1076; x_wconf 75' lang='lat' dir='ltr'>reducatur</span> <span class='ocrx_word' id='word_1_46' title='bbox 1721 1012 1805 1079; x_wconf 93' lang='lat' dir='ltr'>ad</span> <span class='ocrx_word' id='word_1_47' title='bbox 1881 1019 2144 1078; x_wconf 90' lang='lat' dir='ltr'>motum</span> 
     </span>
     <span class='ocr_line' id='line_1_11' title="bbox 597 1110 2148 1193; baseline 0.006 -17"><span class='ocrx_word' id='word_1_48' title='bbox 597 1110 937 1176; x_wconf 83' lang='lat' dir='ltr'>diversum</span> <span class='ocrx_word' id='word_1_49' title='bbox 981 1112 1047 1177; x_wconf 92' lang='lat' dir='ltr'>in</span> <span class='ocrx_word' id='word_1_50' title='bbox 1087 1113 1285 1193; x_wconf 87' lang='lat' dir='ltr'>coe10,</span> <span class='ocrx_word' id='word_1_51' title='bbox 1323 1126 1388 1183; x_wconf 88' lang='lat' dir='ltr'>et</span> <span class='ocrx_word' id='word_1_52' title='bbox 1419 1128 1645 1186; x_wconf 86' lang='lat' dir='ltr'>motus</span> <span class='ocrx_word' id='word_1_53' title='bbox 1685 1121 1990 1186; x_wconf 89' lang='lat' dir='ltr'>diversus</span> <span class='ocrx_word' id='word_1_54' title='bbox 2040 1141 2148 1185; x_wconf 90' lang='lat' dir='ltr'>re-</span> 
     </span>
     <span class='ocr_line' id='line_1_12' title="bbox 599 1215 2143 1314; baseline 0.007 -33"><span class='ocrx_word' id='word_1_55' title='bbox 599 1215 882 1283; x_wconf 81' lang='lat' dir='ltr'>ducatur</span> <span class='ocrx_word' id='word_1_56' title='bbox 920 1218 1007 1285; x_wconf 90' lang='lat' dir='ltr'>ad</span> <span class='ocrx_word' id='word_1_57' title='bbox 1038 1230 1301 1288; x_wconf 91' lang='lat' dir='ltr'>motum</span> <span class='ocrx_word' id='word_1_58' title='bbox 1338 1227 1540 1314; x_wconf 87' lang='lat' dir='ltr'>primi</span> <span class='ocrx_word' id='word_1_59' title='bbox 1591 1227 1864 1294; x_wconf 87' lang='lat' dir='ltr'>mobilis</span> <span class='ocrx_word' id='word_1_60' title='bbox 1903 1249 2143 1302; x_wconf 91' lang='lat' dir='ltr'>unum,</span> 
     </span>
     <span class='ocr_line' id='line_1_13' title="bbox 599 1323 2153 1420; baseline 0.005 -32"><span class='ocrx_word' id='word_1_61' title='bbox 599 1334 663 1389; x_wconf 90' lang='lat' dir='ltr'>et</span> <span class='ocrx_word' id='word_1_62' title='bbox 702 1323 813 1391; x_wconf 86' lang='lat' dir='ltr'>ille</span> <span class='ocrx_word' id='word_1_63' title='bbox 845 1335 1072 1394; x_wconf 90' lang='lat' dir='ltr'>motus</span> <span class='ocrx_word' id='word_1_64' title='bbox 1122 1328 1406 1398; x_wconf 89' lang='lat' dir='ltr'>ulterius</span> <span class='ocrx_word' id='word_1_65' title='bbox 1458 1332 1814 1400; x_wconf 88' lang='lat' dir='ltr'>reducatur</span> <span class='ocrx_word' id='word_1_66' title='bbox 1868 1332 1954 1399; x_wconf 90' lang='lat' dir='ltr'>ad</span> <span class='ocrx_word' id='word_1_67' title='bbox 2018 1330 2153 1420; x_wconf 88' lang='lat' dir='ltr'>pri-</span> 
     </span>
     <span class='ocr_line' id='line_1_14' title="bbox 598 1435 2151 1524; baseline 0.005 -30"><span class='ocrx_word' id='word_1_68' title='bbox 598 1451 788 1496; x_wconf 87' lang='lat' dir='ltr'>mum</span> <span class='ocrx_word' id='word_1_69' title='bbox 822 1453 1130 1511; x_wconf 79' lang='lat' dir='ltr'>movenS,</span> <span class='ocrx_word' id='word_1_70' title='bbox 1167 1435 1350 1524; x_wconf 92' lang='lat' dir='ltr'>quod</span> <span class='ocrx_word' id='word_1_71' title='bbox 1379 1437 1445 1502; x_wconf 90' lang='lat' dir='ltr'>in</span> <span class='ocrx_word' id='word_1_72' title='bbox 1486 1459 1557 1503; x_wconf 89' lang='lat' dir='ltr'>se</span> <span class='ocrx_word' id='word_1_73' title='bbox 1587 1438 1828 1504; x_wconf 87' lang='lat' dir='ltr'>stabile</span> <span class='ocrx_word' id='word_1_74' title='bbox 1869 1458 2151 1504; x_wconf 88' lang='lat' dir='ltr'>manens</span> 
     </span>
     <span class='ocr_line' id='line_1_15' title="bbox 601 1536 2154 1634; baseline 0.005 -32"><span class='ocrx_word' id='word_1_75' title='bbox 601 1536 714 1603; x_wconf 89' lang='lat' dir='ltr'>dat</span> <span class='ocrx_word' id='word_1_76' title='bbox 750 1546 991 1605; x_wconf 89' lang='lat' dir='ltr'>cuncta</span> <span class='ocrx_word' id='word_1_77' title='bbox 1019 1543 1308 1633; x_wconf 84' lang='lat' dir='ltr'>moveri.</span> <span class='ocrx_word' id='word_1_78' title='bbox 1345 1540 1422 1608; x_wconf 90' lang='lat' dir='ltr'>In</span> <span class='ocrx_word' id='word_1_79' title='bbox 1454 1544 1598 1610; x_wconf 87' lang='lat' dir='ltr'>istis</span> <span class='ocrx_word' id='word_1_80' title='bbox 1655 1546 1836 1612; x_wconf 91' lang='lat' dir='ltr'>enim</span> <span class='ocrx_word' id='word_1_81' title='bbox 1892 1545 2154 1634; x_wconf 91' lang='lat' dir='ltr'>princi-</span> 
     </span>
     <span class='ocr_line' id='line_1_16' title="bbox 603 1644 2156 1736; baseline 0.005 -28"><span class='ocrx_word' id='word_1_82' title='bbox 603 1644 731 1733; x_wconf 84' lang='lat' dir='ltr'>piis</span> <span class='ocrx_word' id='word_1_83' title='bbox 768 1652 1120 1734; x_wconf 91' lang='lat' dir='ltr'>tamquam</span> <span class='ocrx_word' id='word_1_84' title='bbox 1162 1648 1570 1736; x_wconf 89' lang='lat' dir='ltr'>quibusdam</span> <span class='ocrx_word' id='word_1_85' title='bbox 1595 1651 1981 1720; x_wconf 80' lang='lat' dir='ltr'>cardinibus</span> <span class='ocrx_word' id='word_1_86' title='bbox 2011 1650 2156 1717; x_wconf 83' lang='lat' dir='ltr'>vol-</span> 
     </span>
    </p>
   </div>
   <div class='ocr_carea' id='block_1_8' title="bbox 2255 688 3818 1745">
    <p class='ocr_par' dir='ltr' id='par_1_9' title="bbox 2256 688 2820 776">
     <span class='ocr_line' id='line_1_17' title="bbox 2256 688 2820 776; baseline -0.002 -23"><span class='ocrx_word' id='word_1_87' title='bbox 2256 688 2415 776; x_wconf 89' lang='lat' dir='ltr'>quia</span> <span class='ocrx_word' id='word_1_88' title='bbox 2444 708 2529 753; x_wconf 79' lang='lat' dir='ltr'>ex</span> <span class='ocrx_word' id='word_1_89' title='bbox 2559 695 2648 765; x_wconf 91' lang='lat' dir='ltr'>te,</span> <span class='ocrx_word' id='word_1_90' title='bbox 2693 695 2820 753; x_wconf 87' lang='lat' dir='ltr'>etc.</span> 
     </span>
    </p>

    <p class='ocr_par' dir='ltr' id='par_1_10' title="bbox 2255 792 3800 970">
     <span class='ocr_line' id='line_1_18' title="bbox 2353 792 3800 881; baseline -0.008 -21"><span class='ocrx_word' id='word_1_91' title='bbox 2353 820 2385 853; x_wconf 90' lang='lat'>«</span> <span class='ocrx_word' id='word_1_92' title='bbox 2425 795 2520 860; x_wconf 79' lang='lat' dir='ltr'>Et</span> <span class='ocrx_word' id='word_1_93' title='bbox 2549 814 2851 881; x_wconf 77' lang='lat' dir='ltr'>eqressus</span> <span class='ocrx_word' id='word_1_94' title='bbox 2881 792 3056 879; x_wconf 80' lang='lat' dir='ltr'>ejus,</span> <span class='ocrx_word' id='word_1_95' title='bbox 3107 817 3137 850; x_wconf 75' lang='lat' dir='ltr'>n</span> <span class='ocrx_word' id='word_1_96' title='bbox 3173 814 3292 880; x_wconf 91' lang='lat' dir='ltr'>per</span> <span class='ocrx_word' id='word_1_97' title='bbox 3329 798 3645 857; x_wconf 70' lang='lat' dir='ltr'>:eternam</span> <span class='ocrx_word' id='word_1_98' title='bbox 3679 805 3800 873; x_wconf 77' lang='lat' dir='ltr'>ge-</span> 
     </span>
     <span class='ocr_line' id='line_1_19' title="bbox 2255 902 2709 970; baseline 0.002 -2"><span class='ocrx_word' id='word_1_99' title='bbox 2255 902 2709 970; x_wconf 88' lang='lat' dir='ltr'>nerationem.</span> 
     </span>
    </p>

    <p class='ocr_par' dir='ltr' id='par_1_11' title="bbox 2349 1002 3799 1081">
     <span class='ocr_line' id='line_1_20' title="bbox 2349 1002 3799 1081; baseline -0.007 -5"><span class='ocrx_word' id='word_1_100' title='bbox 2349 1034 2383 1069; x_wconf 91' lang='lat'>«</span> <span class='ocrx_word' id='word_1_101' title='bbox 2415 1008 2523 1076; x_wconf 80' lang='lat' dir='ltr'>Ab</span> <span class='ocrx_word' id='word_1_102' title='bbox 2553 1010 2751 1075; x_wconf 82' lang='grc' dir='ltr'>ἰηίίίο</span> <span class='ocrx_word' id='word_1_103' title='bbox 2784 1033 2817 1072; x_wconf 70' lang='lat' dir='ltr'>n</span> <span class='ocrx_word' id='word_1_104' title='bbox 2860 1006 3274 1081; x_wconf 60' lang='lat' dir='ltr'>(eternitatis,</span> <span class='ocrx_word' id='word_1_105' title='bbox 3335 1003 3442 1070; x_wconf 73' lang='lat' dir='ltr'>vel</span> <span class='ocrx_word' id='word_1_106' title='bbox 3473 1025 3512 1068; x_wconf 87' lang='lat' dir='ltr'>a</span> <span class='ocrx_word' id='word_1_107' title='bbox 3577 1002 3799 1068; x_wconf 89' lang='lat' dir='ltr'>Patre.</span> 
     </span>
    </p>

    <p class='ocr_par' dir='ltr' id='par_1_12' title="bbox 2259 1111 3818 1745">
     <span class='ocr_line' id='line_1_21' title="bbox 2351 1111 3801 1187; baseline -0.002 -9"><span class='ocrx_word' id='word_1_108' title='bbox 2351 1144 2385 1179; x_wconf 93' lang='lat'>«</span> <span class='ocrx_word' id='word_1_109' title='bbox 2428 1121 2486 1183; x_wconf 79' lang='lat' dir='ltr'><strong><em>A</em></strong></span> <span class='ocrx_word' id='word_1_110' title='bbox 2539 1116 2800 1183; x_wconf 79' lang='lat' dir='ltr'>diebus.</span> <span class='ocrx_word' id='word_1_111' title='bbox 2850 1141 2881 1180; x_wconf 87' lang='lat'>»</span> <span class='ocrx_word' id='word_1_112' title='bbox 2953 1113 3312 1181; x_wconf 88' lang='lat' dir='ltr'>Pluraliter</span> <span class='ocrx_word' id='word_1_113' title='bbox 3367 1111 3633 1187; x_wconf 89' lang='lat' dir='ltr'>dicitur,</span> <span class='ocrx_word' id='word_1_114' title='bbox 3681 1134 3712 1172; x_wconf 77' lang='grc' dir='ltr'><strong>α</strong></span> <span class='ocrx_word' id='word_1_115' title='bbox 3747 1113 3801 1175; x_wconf 86' lang='grc' dir='ltr'><em>Α</em></span> 
     </span>
     <span class='ocr_line' id='line_1_22' title="bbox 2259 1219 3810 1314; baseline -0.006 -22"><span class='ocrx_word' id='word_1_116' title='bbox 2259 1225 2523 1301; x_wconf 78' lang='lat' dir='ltr'>diebus,</span> <span class='ocrx_word' id='word_1_117' title='bbox 2581 1254 2615 1289; x_wconf 85' lang='lat'>»</span> <span class='ocrx_word' id='word_1_118' title='bbox 2688 1249 2828 1292; x_wconf 91' lang='lat' dir='ltr'>non</span> <span class='ocrx_word' id='word_1_119' title='bbox 2886 1223 3067 1314; x_wconf 89' lang='lat' dir='ltr'>quod</span> <span class='ocrx_word' id='word_1_120' title='bbox 3149 1222 3488 1290; x_wconf 83' lang='lat' dir='ltr'>aeternitas</span> <span class='ocrx_word' id='word_1_121' title='bbox 3564 1219 3810 1287; x_wconf 84' lang='lat' dir='ltr'>habeat</span> 
     </span>
     <span class='ocr_line' id='line_1_23' title="bbox 2259 1327 3809 1422; baseline -0.006 -21"><span class='ocrx_word' id='word_1_122' title='bbox 2259 1343 2549 1422; x_wconf 88' lang='lat' dir='ltr'>partem,</span> <span class='ocrx_word' id='word_1_123' title='bbox 2587 1341 2661 1400; x_wconf 92' lang='lat' dir='ltr'>ut</span> <span class='ocrx_word' id='word_1_124' title='bbox 2716 1333 2888 1400; x_wconf 83' lang='lat' dir='ltr'>infra</span> <span class='ocrx_word' id='word_1_125' title='bbox 2945 1332 3341 1422; x_wconf 82' lang='lat' dir='ltr'>probabitur</span> <span class='ocrx_word' id='word_1_126' title='bbox 3381 1329 3439 1395; x_wconf 89' lang='lat'>¹:</span> <span class='ocrx_word' id='word_1_127' title='bbox 3490 1327 3608 1396; x_wconf 90' lang='lat' dir='ltr'>sed</span> <span class='ocrx_word' id='word_1_128' title='bbox 3639 1327 3809 1393; x_wconf 89' lang='lat' dir='ltr'>dici-</span> 
     </span>
     <span class='ocr_line' id='line_1_24' title="bbox 2262 1432 3809 1529; baseline -0.005 -23"><span class='ocrx_word' id='word_1_129' title='bbox 2262 1441 2474 1506; x_wconf 90' lang='lat' dir='ltr'>turin</span> <span class='ocrx_word' id='word_1_130' title='bbox 2514 1443 3022 1529; x_wconf 87' lang='lat' dir='ltr'>comparatione</span> <span class='ocrx_word' id='word_1_131' title='bbox 3062 1437 3149 1506; x_wconf 91' lang='lat' dir='ltr'>ad</span> <span class='ocrx_word' id='word_1_132' title='bbox 3206 1460 3309 1505; x_wconf 87' lang='lat' dir='ltr'>res</span> <span class='ocrx_word' id='word_1_133' title='bbox 3375 1432 3809 1526; x_wconf 77' lang='lat' dir='ltr'>temporaleS‚</span> 
     </span>
     <span class='ocr_line' id='line_1_25' title="bbox 2264 1544 3809 1625; baseline -0.005 -11"><span class='ocrx_word' id='word_1_134' title='bbox 2264 1558 2340 1614; x_wconf 87' lang='lat' dir='ltr'>ut</span> <span class='ocrx_word' id='word_1_135' title='bbox 2368 1549 2457 1616; x_wconf 88' lang='lat' dir='ltr'>sit</span> <span class='ocrx_word' id='word_1_136' title='bbox 2485 1571 2724 1616; x_wconf 91' lang='lat' dir='ltr'>sensus</span> <span class='ocrx_word' id='word_1_137' title='bbox 2751 1571 2766 1614; x_wconf 75' lang='grc' dir='ltr'><strong><em>ε</em></strong></span> <span class='ocrx_word' id='word_1_138' title='bbox 2795 1549 2852 1614; x_wconf 90' lang='grc' dir='ltr'><strong>Α</strong></span> <span class='ocrx_word' id='word_1_139' title='bbox 2883 1547 3144 1622; x_wconf 89' lang='lat' dir='ltr'>diebus,</span> <span class='ocrx_word' id='word_1_140' title='bbox 3173 1544 3239 1613; x_wconf 90' lang='lat' dir='ltr'>id</span> <span class='ocrx_word' id='word_1_141' title='bbox 3262 1552 3387 1625; x_wconf 85' lang='lat' dir='ltr'>est,</span> <span class='ocrx_word' id='word_1_142' title='bbox 3421 1544 3505 1611; x_wconf 88' lang='lat' dir='ltr'>ab</span> <span class='ocrx_word' id='word_1_143' title='bbox 3528 1551 3809 1618; x_wconf 79' lang='lat' dir='ltr'>aeternn,</span> 
     </span>
     <span class='ocr_line' id='line_1_26' title="bbox 2267 1650 3818 1745; baseline -0.006 -22"><span class='ocrx_word' id='word_1_144' title='bbox 2267 1665 2575 1745; x_wconf 86' lang='lat' dir='ltr'>respectu</span> <span class='ocrx_word' id='word_1_145' title='bbox 2613 1656 2805 1745; x_wconf 90' lang='lat' dir='ltr'>cujus</span> <span class='ocrx_word' id='word_1_146' title='bbox 2836 1656 2905 1721; x_wconf 88' lang='lat' dir='ltr'>in</span> <span class='ocrx_word' id='word_1_147' title='bbox 2935 1652 3295 1744; x_wconf 87' lang='lat' dir='ltr'>temporali</span> <span class='ocrx_word' id='word_1_148' title='bbox 3333 1674 3404 1720; x_wconf 90' lang='lat' dir='ltr'>re</span> <span class='ocrx_word' id='word_1_149' title='bbox 3471 1650 3818 1739; x_wconf 88' lang='lat' dir='ltr'>accipiun-</span> 
     </span>
    </p>
   </div>
   <div class='ocr_carea' id='block_1_9' title="bbox 605 1750 2176 2716">
    <p class='ocr_par' dir='ltr' id='par_1_13' title="bbox 605 1750 2166 2247">
     <span class='ocr_line' id='line_1_27' title="bbox 605 1750 2159 1836; baseline 0.006 -22"><span class='ocrx_word' id='word_1_150' title='bbox 605 1750 786 1816; x_wconf 82' lang='lat' dir='ltr'>vitur</span> <span class='ocrx_word' id='word_1_151' title='bbox 840 1758 1023 1818; x_wconf 86' lang='lat' dir='ltr'>totus</span> <span class='ocrx_word' id='word_1_152' title='bbox 1081 1753 1404 1836; x_wconf 78' lang='lat' dir='ltr'>munduS,</span> <span class='ocrx_word' id='word_1_153' title='bbox 1456 1765 1595 1824; x_wconf 92' lang='lat' dir='ltr'>tam</span> <span class='ocrx_word' id='word_1_154' title='bbox 1662 1759 1731 1824; x_wconf 91' lang='lat' dir='ltr'>in</span> <span class='ocrx_word' id='word_1_155' title='bbox 1792 1766 1981 1825; x_wconf 90' lang='lat' dir='ltr'>motu</span> <span class='ocrx_word' id='word_1_156' title='bbox 2048 1754 2159 1823; x_wconf 92' lang='lat' dir='ltr'>lo-</span> 
     </span>
     <span class='ocr_line' id='line_1_28' title="bbox 608 1856 2161 1956; baseline 0.006 -33"><span class='ocrx_word' id='word_1_157' title='bbox 608 1856 733 1923; x_wconf 87' lang='lat' dir='ltr'>cali</span> <span class='ocrx_word' id='word_1_158' title='bbox 771 1861 1378 1948; x_wconf 87' lang='lat' dir='ltr'>supercoelestium,</span> <span class='ocrx_word' id='word_1_159' title='bbox 1426 1887 1632 1956; x_wconf 88' lang='lat' dir='ltr'>quam</span> <span class='ocrx_word' id='word_1_160' title='bbox 1675 1867 1743 1932; x_wconf 90' lang='lat' dir='ltr'>in</span> <span class='ocrx_word' id='word_1_161' title='bbox 1791 1874 1983 1934; x_wconf 90' lang='lat' dir='ltr'>motu</span> <span class='ocrx_word' id='word_1_162' title='bbox 2035 1888 2161 1956; x_wconf 85' lang='lat' dir='ltr'>ge-</span> 
     </span>
     <span class='ocr_line' id='line_1_29' title="bbox 609 1967 2161 2065; baseline 0.006 -34"><span class='ocrx_word' id='word_1_163' title='bbox 609 1967 977 2035; x_wconf 86' lang='lat' dir='ltr'>nerationis</span> <span class='ocrx_word' id='word_1_164' title='bbox 1008 1978 1075 2036; x_wconf 88' lang='lat' dir='ltr'>et</span> <span class='ocrx_word' id='word_1_165' title='bbox 1105 1969 1525 2040; x_wconf 83' lang='lat' dir='ltr'>alterationis</span> <span class='ocrx_word' id='word_1_166' title='bbox 1573 1983 1637 2041; x_wconf 89' lang='lat' dir='ltr'>et</span> <span class='ocrx_word' id='word_1_167' title='bbox 1696 1976 2040 2065; x_wconf 84' lang='lat' dir='ltr'>augmenti</span> <span class='ocrx_word' id='word_1_168' title='bbox 2095 1982 2161 2041; x_wconf 90' lang='lat' dir='ltr'>et</span> 
     </span>
     <span class='ocr_line' id='line_1_30' title="bbox 611 2071 2166 2172; baseline 0.006 -34"><span class='ocrx_word' id='word_1_169' title='bbox 611 2071 1081 2143; x_wconf 86' lang='lat' dir='ltr'>diminutionis</span> <span class='ocrx_word' id='word_1_170' title='bbox 1149 2079 1643 2167; x_wconf 85' lang='lat' dir='ltr'>generabilium</span> <span class='ocrx_word' id='word_1_171' title='bbox 1701 2093 1768 2149; x_wconf 88' lang='lat' dir='ltr'>et</span> <span class='ocrx_word' id='word_1_172' title='bbox 1836 2082 2166 2172; x_wconf 90' lang='lat' dir='ltr'>corrupti-</span> 
     </span>
     <span class='ocr_line' id='line_1_31' title="bbox 612 2179 877 2247; baseline 0 -1"><span class='ocrx_word' id='word_1_173' title='bbox 612 2179 877 2247; x_wconf 86' lang='lat' dir='ltr'>bilium.</span> 
     </span>
    </p>

    <p class='ocr_par' dir='ltr' id='par_1_14' title="bbox 618 2288 2176 2716">
     <span class='ocr_line' id='line_1_32' title="bbox 702 2288 2169 2388; baseline 0.007 -34"><span class='ocrx_word' id='word_1_174' title='bbox 702 2288 806 2354; x_wconf 81' lang='lat' dir='ltr'>An</span> <span class='ocrx_word' id='word_1_175' title='bbox 843 2313 1042 2358; x_wconf 78' lang='grc' dir='ltr'><strong>Αιιυι)</strong></span> <span class='ocrx_word' id='word_1_176' title='bbox 1091 2292 1484 2375; x_wconf 90' lang='lat' dir='ltr'>dicendum,</span> <span class='ocrx_word' id='word_1_177' title='bbox 1546 2296 1732 2387; x_wconf 90' lang='lat' dir='ltr'>quod</span> <span class='ocrx_word' id='word_1_178' title='bbox 1788 2296 2169 2388; x_wconf 79' lang='lat' dir='ltr'>appendere</span> 
     </span>
     <span class='ocr_line' id='line_1_33' title="bbox 618 2396 2172 2498; baseline 0.006 -34"><span class='ocrx_word' id='word_1_179' title='bbox 618 2406 717 2465; x_wconf 89' lang='lat' dir='ltr'>est</span> <span class='ocrx_word' id='word_1_180' title='bbox 748 2396 994 2468; x_wconf 88' lang='lat' dir='ltr'>librare</span> <span class='ocrx_word' id='word_1_181' title='bbox 1022 2424 1145 2491; x_wconf 85' lang='lat' dir='ltr'>per</span> <span class='ocrx_word' id='word_1_182' title='bbox 1175 2410 1489 2472; x_wconf 87' lang='lat' dir='ltr'>naturam</span> <span class='ocrx_word' id='word_1_183' title='bbox 1530 2405 1615 2473; x_wconf 90' lang='lat' dir='ltr'>ad</span> <span class='ocrx_word' id='word_1_184' title='bbox 1663 2415 1970 2475; x_wconf 82' lang='lat' dir='ltr'>centrum</span> <span class='ocrx_word' id='word_1_185' title='bbox 2028 2408 2172 2498; x_wconf 86' lang='lat' dir='ltr'>pri-</span> 
     </span>
     <span class='ocr_line' id='line_1_34' title="bbox 621 2505 2169 2607; baseline 0.005 -34"><span class='ocrx_word' id='word_1_186' title='bbox 621 2505 717 2573; x_wconf 89' lang='lat' dir='ltr'>mi</span> <span class='ocrx_word' id='word_1_187' title='bbox 748 2506 1047 2579; x_wconf 89' lang='lat' dir='ltr'>mobilis.</span> <span class='ocrx_word' id='word_1_188' title='bbox 1090 2512 1431 2580; x_wconf 71' lang='lat' dir='ltr'>Fundere</span> <span class='ocrx_word' id='word_1_189' title='bbox 1459 2522 1687 2582; x_wconf 87' lang='lat' dir='ltr'>autem</span> <span class='ocrx_word' id='word_1_190' title='bbox 1730 2523 1831 2607; x_wconf 82' lang='lat' dir='ltr'>est</span> <span class='ocrx_word' id='word_1_191' title='bbox 1876 2516 2169 2605; x_wconf 90' lang='lat' dir='ltr'>speciem</span> 
     </span>
     <span class='ocr_line' id='line_1_35' title="bbox 622 2621 2176 2716; baseline 0.007 -36"><span class='ocrx_word' id='word_1_192' title='bbox 622 2621 816 2683; x_wconf 81' lang='lat' dir='ltr'>terrae</span> <span class='ocrx_word' id='word_1_193' title='bbox 847 2640 966 2707; x_wconf 86' lang='lat' dir='ltr'>per</span> <span class='ocrx_word' id='word_1_194' title='bbox 1003 2627 1317 2688; x_wconf 88' lang='lat' dir='ltr'>naturam</span> <span class='ocrx_word' id='word_1_195' title='bbox 1360 2624 1429 2689; x_wconf 91' lang='lat' dir='ltr'>in</span> <span class='ocrx_word' id='word_1_196' title='bbox 1484 2622 1637 2691; x_wconf 89' lang='lat' dir='ltr'>loco</span> <span class='ocrx_word' id='word_1_197' title='bbox 1687 2624 1912 2692; x_wconf 87' lang='lat' dir='ltr'>medio</span> <span class='ocrx_word' id='word_1_198' title='bbox 1960 2646 2176 2716; x_wconf 82' lang='lat' dir='ltr'>gene-</span> 
     </span>
    </p>
   </div>
   <div class='ocr_carea' id='block_1_10' title="bbox 631 2722 2179 2900">
    <p class='ocr_par' dir='ltr' id='par_1_15' title="bbox 631 2722 2179 2900">
     <span class='ocr_line' id='line_1_36' title="bbox 631 2722 2179 2821; baseline 0.005 -32"><span class='ocrx_word' id='word_1_199' title='bbox 631 2722 758 2790; x_wconf 90' lang='lat' dir='ltr'>rari</span> <span class='ocrx_word' id='word_1_200' title='bbox 798 2732 866 2791; x_wconf 89' lang='lat' dir='ltr'>et</span> <span class='ocrx_word' id='word_1_201' title='bbox 902 2730 1314 2807; x_wconf 80' lang='lat' dir='ltr'>conservari,</span> <span class='ocrx_word' id='word_1_202' title='bbox 1350 2739 1416 2796; x_wconf 90' lang='lat' dir='ltr'>et</span> <span class='ocrx_word' id='word_1_203' title='bbox 1446 2729 1533 2797; x_wconf 84' lang='lat' dir='ltr'>ad</span> <span class='ocrx_word' id='word_1_204' title='bbox 1575 2729 1767 2798; x_wconf 91' lang='lat' dir='ltr'>illum</span> <span class='ocrx_word' id='word_1_205' title='bbox 1807 2753 1928 2821; x_wconf 90' lang='lat' dir='ltr'>per</span> <span class='ocrx_word' id='word_1_206' title='bbox 1972 2740 2179 2799; x_wconf 86' lang='lat' dir='ltr'>natu-</span> 
     </span>
     <span class='ocr_line' id='line_1_37' title="bbox 634 2852 1102 2900; baseline 0.006 -4"><span class='ocrx_word' id='word_1_207' title='bbox 634 2852 776 2896; x_wconf 88' lang='lat' dir='ltr'>ram</span> <span class='ocrx_word' id='word_1_208' title='bbox 817 2852 1102 2900; x_wconf 74' lang='lat' dir='ltr'>moveri.</span> 
     </span>
    </p>
   </div>
   <div class='ocr_carea' id='block_1_11' title="bbox 626 2935 2185 3891">
    <p class='ocr_par' dir='ltr' id='par_1_16' title="bbox 626 2935 2185 3891">
     <span class='ocr_line' id='line_1_38' title="bbox 724 2935 2181 3010; baseline 0.006 -9"><span class='ocrx_word' id='word_1_209' title='bbox 724 2935 1093 3004; x_wconf 66' lang='lat' dir='ltr'>Denscrant</span> <span class='ocrx_word' id='word_1_210' title='bbox 1133 2947 1362 3007; x_wconf 89' lang='lat' dir='ltr'>autem</span> <span class='ocrx_word' id='word_1_211' title='bbox 1426 2964 1654 3010; x_wconf 91' lang='lat' dir='ltr'>coram</span> <span class='ocrx_word' id='word_1_212' title='bbox 1724 2943 1919 3010; x_wconf 85' lang='lat' dir='ltr'>Patre</span> <span class='ocrx_word' id='word_1_213' title='bbox 1967 2953 2067 3010; x_wconf 89' lang='lat' dir='ltr'>est</span> <span class='ocrx_word' id='word_1_214' title='bbox 2096 2942 2181 3010; x_wconf 88' lang='lat' dir='ltr'>ab</span> 
     </span>
     <span class='ocr_line' id='line_1_39' title="bbox 635 3042 2185 3141; baseline 0.006 -32"><span class='ocrx_word' id='word_1_215' title='bbox 635 3042 823 3109; x_wconf 90' lang='lat' dir='ltr'>omni</span> <span class='ocrx_word' id='word_1_216' title='bbox 852 3067 1056 3133; x_wconf 91' lang='lat' dir='ltr'>opere</span> <span class='ocrx_word' id='word_1_217' title='bbox 1095 3048 1517 3137; x_wconf 89' lang='lat' dir='ltr'>requiescere</span> <span class='ocrx_word' id='word_1_218' title='bbox 1541 3050 1607 3116; x_wconf 88' lang='lat' dir='ltr'>in</span> <span class='ocrx_word' id='word_1_219' title='bbox 1633 3052 1877 3141; x_wconf 90' lang='lat' dir='ltr'>seipsa.</span> <span class='ocrx_word' id='word_1_220' title='bbox 1920 3050 2185 3118; x_wconf 83' lang='lat' dir='ltr'>Ludere</span> 
     </span>
     <span class='ocr_line' id='line_1_40' title="bbox 634 3155 2179 3249; baseline 0.006 -32"><span class='ocrx_word' id='word_1_221' title='bbox 634 3158 857 3219; x_wconf 87' lang='lat' dir='ltr'>autem</span> <span class='ocrx_word' id='word_1_222' title='bbox 917 3160 1016 3219; x_wconf 88' lang='lat' dir='ltr'>est</span> <span class='ocrx_word' id='word_1_223' title='bbox 1072 3155 1261 3223; x_wconf 81' lang='lat' dir='ltr'>mirae</span> <span class='ocrx_word' id='word_1_224' title='bbox 1335 3158 1689 3249; x_wconf 69' lang='lat' dir='ltr'>sapientiae</span> <span class='ocrx_word' id='word_1_225' title='bbox 1757 3159 2054 3227; x_wconf 88' lang='lat' dir='ltr'>rationes</span> <span class='ocrx_word' id='word_1_226' title='bbox 2110 3159 2179 3227; x_wconf 91' lang='lat' dir='ltr'>in</span> 
     </span>
     <span class='ocr_line' id='line_1_41' title="bbox 635 3253 2180 3355; baseline 0.007 -33"><span class='ocrx_word' id='word_1_227' title='bbox 635 3253 1086 3328; x_wconf 76' lang='lat' dir='ltr'>illustratione</span> <span class='ocrx_word' id='word_1_228' title='bbox 1150 3262 1511 3350; x_wconf 86' lang='lat' dir='ltr'>cujuslibet</span> <span class='ocrx_word' id='word_1_229' title='bbox 1559 3272 1885 3332; x_wconf 66' lang='lat' dir='ltr'>creaturae</span> <span class='ocrx_word' id='word_1_230' title='bbox 1917 3265 2180 3355; x_wconf 91' lang='lat' dir='ltr'>produ-</span> 
     </span>
     <span class='ocr_line' id='line_1_42' title="bbox 629 3368 2175 3463; baseline 0.007 -32"><span class='ocrx_word' id='word_1_231' title='bbox 629 3387 823 3433; x_wconf 83' lang='lat' dir='ltr'>cere:</span> <span class='ocrx_word' id='word_1_232' title='bbox 857 3369 1017 3458; x_wconf 89' lang='lat' dir='ltr'>quia</span> <span class='ocrx_word' id='word_1_233' title='bbox 1048 3368 1193 3437; x_wconf 89' lang='lat' dir='ltr'>dies</span> <span class='ocrx_word' id='word_1_234' title='bbox 1250 3380 1377 3454; x_wconf 85' lang='lat' dir='ltr'>est,</span> <span class='ocrx_word' id='word_1_235' title='bbox 1439 3372 1714 3463; x_wconf 85' lang='lat' dir='ltr'>quando</span> <span class='ocrx_word' id='word_1_236' title='bbox 1772 3395 1893 3463; x_wconf 90' lang='lat' dir='ltr'>per</span> <span class='ocrx_word' id='word_1_237' title='bbox 1955 3373 2175 3442; x_wconf 89' lang='lat' dir='ltr'>lucem</span> 
     </span>
     <span class='ocr_line' id='line_1_43' title="bbox 626 3473 2177 3572; baseline 0.008 -35"><span class='ocrx_word' id='word_1_238' title='bbox 626 3473 972 3563; x_wconf 83' lang='lat' dir='ltr'>sapientiae</span> <span class='ocrx_word' id='word_1_239' title='bbox 1001 3498 1107 3545; x_wconf 86' lang='lat' dir='ltr'>res</span> <span class='ocrx_word' id='word_1_240' title='bbox 1138 3480 1410 3569; x_wconf 82' lang='lat' dir='ltr'>cognita</span> <span class='ocrx_word' id='word_1_241' title='bbox 1425 3479 1863 3570; x_wconf 84' lang='lat' dir='ltr'>producitur:</span> <span class='ocrx_word' id='word_1_242' title='bbox 1890 3503 1972 3550; x_wconf 92' lang='lat' dir='ltr'>eo</span> <span class='ocrx_word' id='word_1_243' title='bbox 1994 3481 2177 3572; x_wconf 91' lang='lat' dir='ltr'>quod</span> 
     </span>
     <span class='ocr_line' id='line_1_44' title="bbox 627 3581 2179 3678; baseline 0.006 -31"><span class='ocrx_word' id='word_1_244' title='bbox 627 3581 748 3648; x_wconf 85' lang='lat' dir='ltr'>etsi</span> <span class='ocrx_word' id='word_1_245' title='bbox 790 3583 1100 3674; x_wconf 78' lang='lat' dir='ltr'>quaedam</span> <span class='ocrx_word' id='word_1_246' title='bbox 1134 3585 1203 3652; x_wconf 91' lang='lat' dir='ltr'>in</span> <span class='ocrx_word' id='word_1_247' title='bbox 1234 3593 1474 3654; x_wconf 87' lang='lat' dir='ltr'>natura</span> <span class='ocrx_word' id='word_1_248' title='bbox 1506 3589 1839 3678; x_wconf 77' lang='lat' dir='ltr'>permixta</span> <span class='ocrx_word' id='word_1_249' title='bbox 1875 3589 2010 3656; x_wconf 88' lang='lat' dir='ltr'>sint</span> <span class='ocrx_word' id='word_1_250' title='bbox 2075 3597 2179 3657; x_wconf 89' lang='lat' dir='ltr'>te-</span> 
     </span>
     <span class='ocr_line' id='line_1_45' title="bbox 631 3687 2177 3786; baseline 0.006 -34"><span class='ocrx_word' id='word_1_251' title='bbox 631 3687 856 3755; x_wconf 85' lang='lat' dir='ltr'>nebris</span> <span class='ocrx_word' id='word_1_252' title='bbox 894 3691 1321 3781; x_wconf 77' lang='lat' dir='ltr'>privationis,</span> <span class='ocrx_word' id='word_1_253' title='bbox 1356 3702 1586 3761; x_wconf 90' lang='lat' dir='ltr'>tamen</span> <span class='ocrx_word' id='word_1_254' title='bbox 1628 3694 1697 3762; x_wconf 88' lang='lat' dir='ltr'>in</span> <span class='ocrx_word' id='word_1_255' title='bbox 1741 3695 1884 3786; x_wconf 88' lang='lat' dir='ltr'>ipsa</span> <span class='ocrx_word' id='word_1_256' title='bbox 1914 3697 2177 3786; x_wconf 89' lang='lat' dir='ltr'>sapien-</span> 
     </span>
     <span class='ocr_line' id='line_1_46' title="bbox 629 3797 2026 3891; baseline 0.008 -30"><span class='ocrx_word' id='word_1_257' title='bbox 629 3797 722 3862; x_wconf 89' lang='lat' dir='ltr'>tia</span> <span class='ocrx_word' id='word_1_258' title='bbox 749 3807 908 3865; x_wconf 88' lang='lat' dir='ltr'>sunt</span> <span class='ocrx_word' id='word_1_259' title='bbox 940 3801 1005 3867; x_wconf 88' lang='lat' dir='ltr'>in</span> <span class='ocrx_word' id='word_1_260' title='bbox 1039 3802 1300 3868; x_wconf 88' lang='lat' dir='ltr'>ratione</span> <span class='ocrx_word' id='word_1_261' title='bbox 1331 3800 1548 3891; x_wconf 78' lang='lat' dir='ltr'>plenae</span> <span class='ocrx_word' id='word_1_262' title='bbox 1576 3801 1745 3869; x_wconf 84' lang='lat' dir='ltr'>lueis</span> <span class='ocrx_word' id='word_1_263' title='bbox 1775 3811 1840 3870; x_wconf 89' lang='lat' dir='ltr'>et</span> <span class='ocrx_word' id='word_1_264' title='bbox 1868 3802 2026 3872; x_wconf 90' lang='lat' dir='ltr'>diei.</span> 
     </span>
    </p>
   </div>
   <div class='ocr_carea' id='block_1_12' title="bbox 1012 4356 1781 4428">
    <p class='ocr_par' dir='ltr' id='par_1_17' title="bbox 1012 4356 1781 4428">
     <span class='ocr_line' id='line_1_47' title="bbox 1012 4356 1781 4428; baseline 0.008 -6"><span class='ocrx_word' id='word_1_265' title='bbox 1012 4356 1517 4425; x_wconf 75' lang='lat' dir='ltr'>AllTlCl&#39;Ll’S</span> <span class='ocrx_word' id='word_1_266' title='bbox 1560 4357 1781 4428; x_wconf 74' lang='lat' dir='ltr'><strong>XXV.</strong></span> 
     </span>
    </p>
   </div>
   <div class='ocr_carea' id='block_1_13' title="bbox 634 4566 2172 4753">
    <p class='ocr_par' dir='ltr' id='par_1_18' title="bbox 634 4566 2172 4753">
     <span class='ocr_line' id='line_1_48' title="bbox 634 4566 2172 4661; baseline 0.005 -28"><span class='ocrx_word' id='word_1_267' title='bbox 634 4566 986 4653; x_wconf 80' lang='lat' dir='ltr'>Quomodo</span> <span class='ocrx_word' id='word_1_268' title='bbox 1038 4569 1462 4657; x_wconf 73' lang='lat' dir='ltr'>intelliye‘enr</span> <span class='ocrx_word' id='word_1_269' title='bbox 1513 4569 1639 4634; x_wconf 76' lang='lat' dir='ltr'>leoc</span> <span class='ocrx_word' id='word_1_270' title='bbox 1679 4573 1870 4661; x_wconf 81' lang='lat' dir='ltr'>quoe!</span> <span class='ocrx_word' id='word_1_271' title='bbox 1894 4573 2172 4651; x_wconf 73' lang='lat' dir='ltr'>(licitur,</span> 
     </span>
     <span class='ocr_line' id='line_1_49' title="bbox 1097 4674 1719 4753; baseline 0.006 -12"><span class='ocrx_word' id='word_1_272' title='bbox 1097 4675 1224 4753; x_wconf 84' lang='lat' dir='ltr'>Tu,</span> <span class='ocrx_word' id='word_1_273' title='bbox 1263 4674 1719 4745; x_wconf 78' lang='lat' dir='ltr'>Bethlehem?</span> 
     </span>
    </p>
   </div>
   <div class='ocr_carea' id='block_1_14' title="bbox 629 5002 2183 5644">
    <p class='ocr_par' dir='ltr' id='par_1_19' title="bbox 629 5002 2183 5644">
     <span class='ocr_line' id='line_1_50' title="bbox 724 5002 2183 5094; baseline 0.006 -26"><span class='ocrx_word' id='word_1_274' title='bbox 724 5002 976 5070; x_wconf 73' lang='lat' dir='ltr'>lleinde</span> <span class='ocrx_word' id='word_1_275' title='bbox 1006 5003 1330 5094; x_wconf 84' lang='lat' dir='ltr'>quaeritur</span> <span class='ocrx_word' id='word_1_276' title='bbox 1358 5003 1441 5071; x_wconf 90' lang='lat' dir='ltr'>de</span> <span class='ocrx_word' id='word_1_277' title='bbox 1490 5007 1912 5094; x_wconf 83' lang='lat' dir='ltr'>expositione</span> <span class='ocrx_word' id='word_1_278' title='bbox 1944 5016 2183 5077; x_wconf 89' lang='lat' dir='ltr'>aucto-</span> 
     </span>
     <span class='ocr_line' id='line_1_51' title="bbox 633 5110 2175 5198; baseline 0.001 -20"><span class='ocrx_word' id='word_1_279' title='bbox 633 5113 845 5178; x_wconf 88' lang='lat' dir='ltr'>ritatis</span> <span class='ocrx_word' id='word_1_280' title='bbox 885 5110 1222 5179; x_wconf 78' lang='lat' dir='ltr'>Michaeae:</span> <span class='ocrx_word' id='word_1_281' title='bbox 1264 5137 1298 5176; x_wconf 74' lang='grc' dir='ltr'>ι</span> <span class='ocrx_word' id='word_1_282' title='bbox 1354 5113 1479 5193; x_wconf 82' lang='grc' dir='ltr'>Τιι,</span> <span class='ocrx_word' id='word_1_283' title='bbox 1512 5113 1933 5198; x_wconf 79' lang='lat' dir='ltr'>Bethlehem,</span> <span class='ocrx_word' id='word_1_284' title='bbox 1977 5124 2103 5184; x_wconf 87' lang='lat' dir='ltr'>etc.</span> <span class='ocrx_word' id='word_1_285' title='bbox 2143 5141 2175 5179; x_wconf 72' lang='lat' dir='ltr'>n</span> 
     </span>
     <span class='ocr_line' id='line_1_52' title="bbox 722 5217 2180 5308; baseline 0.002 -25"><span class='ocrx_word' id='word_1_286' title='bbox 722 5217 1122 5298; x_wconf 85' lang='lat' dir='ltr'>Dicendum,</span> <span class='ocrx_word' id='word_1_287' title='bbox 1148 5217 1333 5308; x_wconf 84' lang='lat' dir='ltr'>quod</span> <span class='ocrx_word' id='word_1_288' title='bbox 1371 5241 1612 5285; x_wconf 88' lang='lat' dir='ltr'>sensus</span> <span class='ocrx_word' id='word_1_289' title='bbox 1641 5228 1741 5286; x_wconf 86' lang='lat' dir='ltr'>est</span> <span class='ocrx_word' id='word_1_290' title='bbox 1772 5242 1787 5286; x_wconf 89' lang='lat'>:</span> <span class='ocrx_word' id='word_1_291' title='bbox 1846 5219 2180 5287; x_wconf 77' lang='lat' dir='ltr'>l‘arvulus</span> 
     </span>
     <span class='ocr_line' id='line_1_53' title="bbox 632 5325 2178 5416; baseline 0.003 -26"><span class='ocrx_word' id='word_1_292' title='bbox 632 5325 902 5416; x_wconf 87' lang='lat' dir='ltr'>quidem</span> <span class='ocrx_word' id='word_1_293' title='bbox 935 5349 1005 5392; x_wconf 87' lang='lat' dir='ltr'>es</span> <span class='ocrx_word' id='word_1_294' title='bbox 1042 5329 1264 5416; x_wconf 90' lang='lat' dir='ltr'>spatio</span> <span class='ocrx_word' id='word_1_295' title='bbox 1297 5335 1362 5394; x_wconf 85' lang='lat' dir='ltr'>et</span> <span class='ocrx_word' id='word_1_296' title='bbox 1396 5349 1680 5395; x_wconf 88' lang='lat' dir='ltr'>numero</span> <span class='ocrx_word' id='word_1_297' title='bbox 1722 5326 2178 5394; x_wconf 89' lang='lat' dir='ltr'>habitatorum</span> 
     </span>
     <span class='ocr_line' id='line_1_54' title="bbox 629 5434 2177 5518; baseline 0.003 -18"><span class='ocrx_word' id='word_1_298' title='bbox 629 5435 702 5501; x_wconf 90' lang='lat' dir='ltr'>in</span> <span class='ocrx_word' id='word_1_299' title='bbox 748 5434 1049 5501; x_wconf 87' lang='lat' dir='ltr'>millibus</span> <span class='ocrx_word' id='word_1_300' title='bbox 1093 5434 1298 5513; x_wconf 89' lang='lat' dir='ltr'>Juda,</span> <span class='ocrx_word' id='word_1_301' title='bbox 1369 5434 1499 5505; x_wconf 93' lang='lat' dir='ltr'>hoc</span> <span class='ocrx_word' id='word_1_302' title='bbox 1563 5444 1690 5518; x_wconf 85' lang='lat' dir='ltr'>est,</span> <span class='ocrx_word' id='word_1_303' title='bbox 1734 5436 1803 5504; x_wconf 90' lang='lat' dir='ltr'>in</span> <span class='ocrx_word' id='word_1_304' title='bbox 1865 5436 2044 5506; x_wconf 83' lang='lat' dir='ltr'>Juda</span> <span class='ocrx_word' id='word_1_305' title='bbox 2110 5438 2177 5504; x_wconf 89' lang='lat' dir='ltr'>in</span> 
     </span>
     <span class='ocr_line' id='line_1_55' title="bbox 629 5542 2180 5644; baseline 0.003 -34"><span class='ocrx_word' id='word_1_306' title='bbox 629 5565 764 5635; x_wconf 89' lang='lat' dir='ltr'>quo</span> <span class='ocrx_word' id='word_1_307' title='bbox 794 5550 952 5611; x_wconf 88' lang='lat' dir='ltr'>sunt</span> <span class='ocrx_word' id='word_1_308' title='bbox 973 5551 1075 5611; x_wconf 87' lang='lat' dir='ltr'>tot</span> <span class='ocrx_word' id='word_1_309' title='bbox 1106 5542 1320 5644; x_wconf 80' lang='lat' dir='ltr'>millia</span> <span class='ocrx_word' id='word_1_310' title='bbox 1347 5542 1809 5614; x_wconf 87' lang='lat' dir='ltr'>habitatorum</span> <span class='ocrx_word' id='word_1_311' title='bbox 1838 5546 1946 5615; x_wconf 75' lang='lat' dir='ltr'>vel</span> <span class='ocrx_word' id='word_1_312' title='bbox 1984 5546 2180 5615; x_wconf 89' lang='lat' dir='ltr'>vicu-</span> 
     </span>
    </p>
   </div>
   <div class='ocr_carea' id='block_1_15' title="bbox 700 5776 1522 5851">
    <p class='ocr_par' dir='ltr' id='par_1_20' title="bbox 700 5776 1522 5851">
     <span class='ocr_line' id='line_1_56' title="bbox 700 5776 1522 5851; baseline 0.001 -11"><span class='ocrx_word' id='word_1_313' title='bbox 700 5781 721 5822; x_wconf 82' lang='lat'>⁸</span> <span class='ocrx_word' id='word_1_314' title='bbox 750 5778 833 5840; x_wconf 77' lang='lat' dir='ltr'>Cf.</span> <span class='ocrx_word' id='word_1_315' title='bbox 863 5776 1043 5851; x_wconf 73' lang='lat' dir='ltr'>Infra,</span> <span class='ocrx_word' id='word_1_316' title='bbox 1073 5777 1347 5841; x_wconf 76' lang='lat' dir='ltr'>Distinet.</span> <span class='ocrx_word' id='word_1_317' title='bbox 1378 5776 1522 5843; x_wconf 85' lang='lat' dir='ltr'>vm.</span> 
     </span>
    </p>
   </div>
   <div class='ocr_carea' id='block_1_16' title="bbox 2265 1761 2813 1830">
    <p class='ocr_par' dir='ltr' id='par_1_21' title="bbox 2265 1761 2813 1830">
     <span class='ocr_line' id='line_1_57' title="bbox 2265 1761 2813 1830; baseline 0 0"><span class='ocrx_word' id='word_1_318' title='bbox 2265 1772 2377 1830; x_wconf 85' lang='lat' dir='ltr'>tur</span> <span class='ocrx_word' id='word_1_319' title='bbox 2418 1761 2613 1829; x_wconf 87' lang='lat' dir='ltr'>multi</span> <span class='ocrx_word' id='word_1_320' title='bbox 2646 1762 2813 1830; x_wconf 80' lang='lat' dir='ltr'>dies,</span> 
     </span>
    </p>
   </div>
   <div class='ocr_carea' id='block_1_17' title="bbox 2271 1986 3836 5633">
    <p class='ocr_par' dir='ltr' id='par_1_22' title="bbox 2271 1986 3836 5633">
     <span class='ocr_line' id='line_1_58' title="bbox 2362 1986 3819 2082; baseline -0.003 -25"><span class='ocrx_word' id='word_1_321' title='bbox 2362 1990 2524 2058; x_wconf 71' lang='lat' dir='ltr'>lmz</span> <span class='ocrx_word' id='word_1_322' title='bbox 2563 1999 2750 2073; x_wconf 88' lang='lat' dir='ltr'>nota,</span> <span class='ocrx_word' id='word_1_323' title='bbox 2795 1990 2978 2082; x_wconf 91' lang='lat' dir='ltr'>quod</span> <span class='ocrx_word' id='word_1_324' title='bbox 3033 1990 3464 2057; x_wconf 86' lang='lat' dir='ltr'>auctoritates</span> <span class='ocrx_word' id='word_1_325' title='bbox 3529 1986 3819 2055; x_wconf 63' lang='lat' dir='ltr'>inducta:</span> 
     </span>
     <span class='ocr_line' id='line_1_59' title="bbox 2271 2097 3822 2190; baseline -0.004 -24"><span class='ocrx_word' id='word_1_326' title='bbox 2271 2101 2344 2166; x_wconf 91' lang='lat' dir='ltr'>in</span> <span class='ocrx_word' id='word_1_327' title='bbox 2373 2098 2506 2168; x_wconf 90' lang='lat' dir='ltr'>hoc</span> <span class='ocrx_word' id='word_1_328' title='bbox 2535 2097 2858 2190; x_wconf 86' lang='lat' dir='ltr'>capitulo,</span> <span class='ocrx_word' id='word_1_329' title='bbox 2898 2097 3295 2165; x_wconf 83' lang='lat' dir='ltr'>Trinitatem</span> <span class='ocrx_word' id='word_1_330' title='bbox 3343 2097 3634 2163; x_wconf 88' lang='lat' dir='ltr'>innuunt</span> <span class='ocrx_word' id='word_1_331' title='bbox 3689 2116 3822 2161; x_wconf 90' lang='lat' dir='ltr'>no-</span> 
     </span>
     <span class='ocr_line' id='line_1_60' title="bbox 2272 2202 3816 2294; baseline -0.005 -19"><span class='ocrx_word' id='word_1_332' title='bbox 2272 2229 2429 2275; x_wconf 77' lang='lat' dir='ltr'>vem</span> <span class='ocrx_word' id='word_1_333' title='bbox 2499 2206 2744 2274; x_wconf 89' lang='lat' dir='ltr'>modis.</span> <span class='ocrx_word' id='word_1_334' title='bbox 2807 2205 3067 2287; x_wconf 85' lang='lat' dir='ltr'>Primo,</span> <span class='ocrx_word' id='word_1_335' title='bbox 3157 2227 3243 2272; x_wconf 82' lang='lat' dir='ltr'>ex</span> <span class='ocrx_word' id='word_1_336' title='bbox 3306 2202 3816 2294; x_wconf 81' lang='lat' dir='ltr'>consignificato</span> 
     </span>
     <span class='ocr_line' id='line_1_61' title="bbox 2275 2310 3821 2406; baseline -0.004 -25"><span class='ocrx_word' id='word_1_337' title='bbox 2275 2315 2543 2382; x_wconf 91' lang='lat' dir='ltr'>numeri</span> <span class='ocrx_word' id='word_1_338' title='bbox 2599 2312 2906 2406; x_wconf 90' lang='lat' dir='ltr'>pluralis,</span> <span class='ocrx_word' id='word_1_339' title='bbox 2968 2313 3167 2397; x_wconf 81' lang='lat' dir='ltr'>sicut,</span> <span class='ocrx_word' id='word_1_340' title='bbox 3226 2312 3512 2380; x_wconf 77' lang='lat' dir='ltr'>Elolu‘m</span> <span class='ocrx_word' id='word_1_341' title='bbox 3547 2310 3648 2380; x_wconf 77' lang='lat' dir='ltr'>vel</span> <span class='ocrx_word' id='word_1_342' title='bbox 3698 2310 3821 2376; x_wconf 74' lang='lat' dir='ltr'>dii.</span> 
     </span>
     <span class='ocr_line' id='line_1_62' title="bbox 2280 2418 3836 2512; baseline -0.003 -23"><span class='ocrx_word' id='word_1_343' title='bbox 2280 2421 2628 2501; x_wconf 88' lang='lat' dir='ltr'>Secund0,</span> <span class='ocrx_word' id='word_1_344' title='bbox 2662 2444 2746 2490; x_wconf 85' lang='lat' dir='ltr'>ex</span> <span class='ocrx_word' id='word_1_345' title='bbox 2793 2422 3086 2512; x_wconf 90' lang='lat' dir='ltr'>propriis</span> <span class='ocrx_word' id='word_1_346' title='bbox 3144 2418 3538 2488; x_wconf 89' lang='lat' dir='ltr'>nominibus</span> <span class='ocrx_word' id='word_1_347' title='bbox 3602 2440 3836 2509; x_wconf 89' lang='lat' dir='ltr'>perso-</span> 
     </span>
     <span class='ocr_line' id='line_1_63' title="bbox 2281 2528 3831 2609; baseline -0.003 -11"><span class='ocrx_word' id='word_1_348' title='bbox 2281 2532 2784 2609; x_wconf 88' lang='lat' dir='ltr'>narum,sicut‚</span> <span class='ocrx_word' id='word_1_349' title='bbox 2859 2529 3062 2597; x_wconf 84' lang='lat' dir='ltr'>Verbo</span> <span class='ocrx_word' id='word_1_350' title='bbox 3128 2528 3435 2605; x_wconf 80' lang='lat' dir='ltr'>Domini,</span> <span class='ocrx_word' id='word_1_351' title='bbox 3505 2536 3698 2594; x_wconf 90' lang='lat' dir='ltr'>etc.:</span> <span class='ocrx_word' id='word_1_352' title='bbox 3762 2528 3831 2594; x_wconf 88' lang='lat' dir='ltr'>in</span> 
     </span>
     <span class='ocr_line' id='line_1_64' title="bbox 2284 2638 3823 2730; baseline -0.005 -23"><span class='ocrx_word' id='word_1_353' title='bbox 2284 2662 2420 2730; x_wconf 90' lang='lat' dir='ltr'>quo</span> <span class='ocrx_word' id='word_1_354' title='bbox 2467 2639 2800 2722; x_wconf 81' lang='lat' dir='ltr'>Verbum,</span> <span class='ocrx_word' id='word_1_355' title='bbox 2858 2647 2925 2707; x_wconf 91' lang='lat' dir='ltr'>et</span> <span class='ocrx_word' id='word_1_356' title='bbox 3001 2638 3294 2728; x_wconf 77' lang='lat' dir='ltr'>Spiritus</span> <span class='ocrx_word' id='word_1_357' title='bbox 3361 2639 3823 2703; x_wconf 87' lang='lat' dir='ltr'>nominantur.</span> 
     </span>
     <span class='ocr_line' id='line_1_65' title="bbox 2281 2741 3829 2826; baseline -0.003 -13"><span class='ocrx_word' id='word_1_358' title='bbox 2281 2745 2538 2826; x_wconf 88' lang='lat' dir='ltr'>Terti0,</span> <span class='ocrx_word' id='word_1_359' title='bbox 2607 2768 2690 2814; x_wconf 80' lang='lat' dir='ltr'>ex</span> <span class='ocrx_word' id='word_1_360' title='bbox 2750 2744 2986 2814; x_wconf 87' lang='lat' dir='ltr'>ordine</span> <span class='ocrx_word' id='word_1_361' title='bbox 3049 2744 3442 2823; x_wconf 81' lang='lat' dir='ltr'>verborum,</span> <span class='ocrx_word' id='word_1_362' title='bbox 3532 2750 3607 2809; x_wconf 86' lang='lat' dir='ltr'>ut</span> <span class='ocrx_word' id='word_1_363' title='bbox 3689 2741 3829 2819; x_wconf 90' lang='lat' dir='ltr'>illa,</span> 
     </span>
     <span class='ocr_line' id='line_1_66' title="bbox 2286 2849 3835 2933; baseline -0.005 -12"><span class='ocrx_word' id='word_1_364' title='bbox 2286 2854 2659 2921; x_wconf 79' lang='lat' dir='ltr'>Benedicat</span> <span class='ocrx_word' id='word_1_365' title='bbox 2688 2875 2810 2920; x_wconf 84' lang='lat' dir='ltr'>nos</span> <span class='ocrx_word' id='word_1_366' title='bbox 2849 2855 3058 2933; x_wconf 71' lang='lat' dir='ltr'>DenS,</span> <span class='ocrx_word' id='word_1_367' title='bbox 3101 2854 3305 2927; x_wconf 70' lang='lat' dir='ltr'>Deua,</span> <span class='ocrx_word' id='word_1_368' title='bbox 3371 2851 3485 2918; x_wconf 90' lang='lat' dir='ltr'>uhi</span> <span class='ocrx_word' id='word_1_369' title='bbox 3553 2849 3654 2917; x_wconf 87' lang='lat' dir='ltr'>bis</span> <span class='ocrx_word' id='word_1_370' title='bbox 3702 2851 3835 2916; x_wconf 87' lang='lat' dir='ltr'>im·-</span> 
     </span>
     <span class='ocr_line' id='line_1_67' title="bbox 2287 2956 3831 3050; baseline -0.004 -22"><span class='ocrx_word' id='word_1_371' title='bbox 2287 2960 2582 3029; x_wconf 90' lang='lat' dir='ltr'>mediate</span> <span class='ocrx_word' id='word_1_372' title='bbox 2621 2959 3099 3050; x_wconf 83' lang='lat' dir='ltr'>conjungitur:</span> <span class='ocrx_word' id='word_1_373' title='bbox 3146 2959 3302 3049; x_wconf 90' lang='lat' dir='ltr'>quia</span> <span class='ocrx_word' id='word_1_374' title='bbox 3335 2956 3544 3024; x_wconf 79' lang='lat' dir='ltr'>Filius</span> <span class='ocrx_word' id='word_1_375' title='bbox 3575 2956 3755 3024; x_wconf 85' lang='lat' dir='ltr'>Deus</span> <span class='ocrx_word' id='word_1_376' title='bbox 3794 2979 3831 3022; x_wconf 89' lang='lat' dir='ltr'>a</span> 
     </span>
     <span class='ocr_line' id='line_1_68' title="bbox 2287 3064 3834 3157; baseline -0.003 -22"><span class='ocrx_word' id='word_1_377' title='bbox 2287 3067 2437 3137; x_wconf 88' lang='lat' dir='ltr'>solo</span> <span class='ocrx_word' id='word_1_378' title='bbox 2468 3077 2568 3135; x_wconf 89' lang='lat' dir='ltr'>est</span> <span class='ocrx_word' id='word_1_379' title='bbox 2603 3066 2802 3135; x_wconf 83' lang='lat' dir='ltr'>Patre</span> <span class='ocrx_word' id='word_1_380' title='bbox 2856 3067 3026 3135; x_wconf 83' lang='lat' dir='ltr'>Deo.</span> <span class='ocrx_word' id='word_1_381' title='bbox 3062 3066 3142 3133; x_wconf 78' lang='lat' dir='ltr'>Et</span> <span class='ocrx_word' id='word_1_382' title='bbox 3191 3073 3423 3157; x_wconf 88' lang='lat' dir='ltr'>postea</span> <span class='ocrx_word' id='word_1_383' title='bbox 3473 3064 3834 3156; x_wconf 80' lang='lat' dir='ltr'>subjungi-</span> 
     </span>
     <span class='ocr_line' id='line_1_69' title="bbox 2287 3172 3831 3264; baseline -0.003 -20"><span class='ocrx_word' id='word_1_384' title='bbox 2287 3184 2399 3244; x_wconf 92' lang='lat' dir='ltr'>tur</span> <span class='ocrx_word' id='word_1_385' title='bbox 2452 3176 2681 3257; x_wconf 84' lang='lat' dir='ltr'>tertio‚</span> <span class='ocrx_word' id='word_1_386' title='bbox 2754 3178 2964 3252; x_wconf 71' lang='lat' dir='ltr'>Dens,</span> <span class='ocrx_word' id='word_1_387' title='bbox 3040 3183 3110 3241; x_wconf 93' lang='lat' dir='ltr'>ut</span> <span class='ocrx_word' id='word_1_388' title='bbox 3187 3181 3457 3243; x_wconf 86' lang='lat' dir='ltr'>notetur</span> <span class='ocrx_word' id='word_1_389' title='bbox 3541 3172 3831 3264; x_wconf 84' lang='lat' dir='ltr'>Spiritus</span> 
     </span>
     <span class='ocr_line' id='line_1_70' title="bbox 2283 3279 3825 3372; baseline -0.003 -20"><span class='ocrx_word' id='word_1_390' title='bbox 2283 3294 2560 3352; x_wconf 85' lang='lat' dir='ltr'>sauctus</span> <span class='ocrx_word' id='word_1_391' title='bbox 2625 3283 2810 3351; x_wconf 90' lang='lat' dir='ltr'>Deus</span> <span class='ocrx_word' id='word_1_392' title='bbox 2883 3306 3027 3350; x_wconf 82' lang='lat' dir='ltr'>esse</span> <span class='ocrx_word' id='word_1_393' title='bbox 3074 3279 3159 3350; x_wconf 89' lang='lat' dir='ltr'>ab</span> <span class='ocrx_word' id='word_1_394' title='bbox 3189 3290 3502 3372; x_wconf 88' lang='lat' dir='ltr'>utroque.</span> <span class='ocrx_word' id='word_1_395' title='bbox 3545 3279 3825 3360; x_wconf 87' lang='lat' dir='ltr'>Quart0‚</span> 
     </span>
     <span class='ocr_line' id='line_1_71' title="bbox 2284 3386 3827 3474; baseline -0.003 -16"><span class='ocrx_word' id='word_1_396' title='bbox 2284 3413 2644 3459; x_wconf 88' lang='lat' dir='ltr'>anumero</span> <span class='ocrx_word' id='word_1_397' title='bbox 2701 3393 3179 3474; x_wconf 83' lang='lat' dir='ltr'>terminorum,</span> <span class='ocrx_word' id='word_1_398' title='bbox 3239 3389 3381 3456; x_wconf 77' lang='lat' dir='ltr'>sive</span> <span class='ocrx_word' id='word_1_399' title='bbox 3456 3386 3827 3455; x_wconf 88' lang='lat' dir='ltr'>dictionum</span> 
     </span>
     <span class='ocr_line' id='line_1_72' title="bbox 2283 3494 3832 3589; baseline -0.002 -24"><span class='ocrx_word' id='word_1_400' title='bbox 2283 3499 2662 3589; x_wconf 85' lang='lat' dir='ltr'>positarum</span> <span class='ocrx_word' id='word_1_401' title='bbox 2693 3497 2778 3564; x_wconf 91' lang='lat' dir='ltr'>ad</span> <span class='ocrx_word' id='word_1_402' title='bbox 2810 3496 3224 3564; x_wconf 88' lang='lat' dir='ltr'>laudandum</span> <span class='ocrx_word' id='word_1_403' title='bbox 3258 3495 3502 3564; x_wconf 78' lang='lat' dir='ltr'>Deum.</span> <span class='ocrx_word' id='word_1_404' title='bbox 3555 3495 3665 3562; x_wconf 80' lang='lat' dir='ltr'>Sic</span> <span class='ocrx_word' id='word_1_405' title='bbox 3722 3494 3832 3562; x_wconf 91' lang='lat' dir='ltr'>di-</span> 
     </span>
     <span class='ocr_line' id='line_1_73' title="bbox 2282 3602 3828 3685; baseline -0.003 -10"><span class='ocrx_word' id='word_1_406' title='bbox 2282 3608 2413 3675; x_wconf 87' lang='lat' dir='ltr'>cit:</span> <span class='ocrx_word' id='word_1_407' title='bbox 2447 3609 2771 3685; x_wconf 68' lang='lat' dir='ltr'>Sanc-lew,</span> <span class='ocrx_word' id='word_1_408' title='bbox 2806 3615 3107 3683; x_wconf 78' lang='lat' dir='ltr'>sanctus,</span> <span class='ocrx_word' id='word_1_409' title='bbox 3129 3612 3428 3672; x_wconf 79' lang='lat' dir='ltr'>sanclus.</span> <span class='ocrx_word' id='word_1_410' title='bbox 3466 3602 3617 3671; x_wconf 76' lang='lat' dir='ltr'>Non</span> <span class='ocrx_word' id='word_1_411' title='bbox 3648 3603 3828 3670; x_wconf 88' lang='lat' dir='ltr'>enim</span> 
     </span>
     <span class='ocr_line' id='line_1_74' title="bbox 2287 3710 3824 3805; baseline 0 -28"><span class='ocrx_word' id='word_1_412' title='bbox 2287 3725 2517 3805; x_wconf 86' lang='lat' dir='ltr'>posset</span> <span class='ocrx_word' id='word_1_413' title='bbox 2564 3736 2710 3782; x_wconf 88' lang='lat' dir='ltr'>esse</span> <span class='ocrx_word' id='word_1_414' title='bbox 2750 3712 2882 3780; x_wconf 89' lang='lat' dir='ltr'>alia</span> <span class='ocrx_word' id='word_1_415' title='bbox 2910 3714 3088 3781; x_wconf 91' lang='lat' dir='ltr'>ratio</span> <span class='ocrx_word' id='word_1_416' title='bbox 3154 3734 3361 3803; x_wconf 90' lang='lat' dir='ltr'>quare</span> <span class='ocrx_word' id='word_1_417' title='bbox 3413 3722 3512 3778; x_wconf 89' lang='lat' dir='ltr'>ter</span> <span class='ocrx_word' id='word_1_418' title='bbox 3553 3710 3824 3788; x_wconf 70' lang='lat' dir='ltr'>diceri-t,</span> 
     </span>
     <span class='ocr_line' id='line_1_75' title="bbox 2280 3820 3830 3912; baseline -0.003 -22"><span class='ocrx_word' id='word_1_419' title='bbox 2280 3832 2345 3890; x_wconf 93' lang='lat' dir='ltr'>et</span> <span class='ocrx_word' id='word_1_420' title='bbox 2387 3845 2524 3889; x_wconf 87' lang='lat' dir='ltr'>non</span> <span class='ocrx_word' id='word_1_421' title='bbox 2558 3820 2834 3912; x_wconf 89' lang='lat' dir='ltr'>pluries,</span> <span class='ocrx_word' id='word_1_422' title='bbox 2895 3843 3101 3911; x_wconf 88' lang='lat' dir='ltr'>quam</span> <span class='ocrx_word' id='word_1_423' title='bbox 3155 3820 3448 3887; x_wconf 81' lang='lat' dir='ltr'>Trinitas</span> <span class='ocrx_word' id='word_1_424' title='bbox 3513 3843 3830 3909; x_wconf 77' lang='lat' dir='ltr'>persona-</span> 
     </span>
     <span class='ocr_line' id='line_1_76' title="bbox 2282 3924 3822 4016; baseline -0.003 -21"><span class='ocrx_word' id='word_1_425' title='bbox 2282 3951 2458 3995; x_wconf 89' lang='lat' dir='ltr'>rum.</span> <span class='ocrx_word' id='word_1_426' title='bbox 2503 3927 2786 4008; x_wconf 86' lang='lat' dir='ltr'>Quinto,</span> <span class='ocrx_word' id='word_1_427' title='bbox 2829 3950 2912 3994; x_wconf 83' lang='lat' dir='ltr'>ex</span> <span class='ocrx_word' id='word_1_428' title='bbox 2979 3936 3129 3994; x_wconf 90' lang='lat' dir='ltr'>actu</span> <span class='ocrx_word' id='word_1_429' title='bbox 3204 3924 3569 4016; x_wconf 88' lang='lat' dir='ltr'>personali,</span> <span class='ocrx_word' id='word_1_430' title='bbox 3629 3928 3822 4001; x_wconf 83' lang='lat' dir='ltr'>sieut,</span> 
     </span>
     <span class='ocr_line' id='line_1_77' title="bbox 2282 4034 3820 4104; baseline -0.003 -1"><span class='ocrx_word' id='word_1_431' title='bbox 2282 4036 2624 4103; x_wconf 75' lang='lat' dir='ltr'>Dominus</span> <span class='ocrx_word' id='word_1_432' title='bbox 2654 4035 2836 4102; x_wconf 69' lang='lat' dir='ltr'>disi!</span> <span class='ocrx_word' id='word_1_433' title='bbox 2875 4035 2972 4100; x_wconf 85' lang='lat' dir='ltr'>ad</span> <span class='ocrx_word' id='word_1_434' title='bbox 2997 4055 3142 4101; x_wconf 81' lang='lat' dir='ltr'>me:</span> <span class='ocrx_word' id='word_1_435' title='bbox 3187 4034 3417 4100; x_wconf 77' lang='lat' dir='ltr'>Filius</span> <span class='ocrx_word' id='word_1_436' title='bbox 3447 4057 3658 4104; x_wconf 81' lang='lat' dir='ltr'>mens.</span> <span class='ocrx_word' id='word_1_437' title='bbox 3693 4041 3820 4100; x_wconf 82' lang='lat' dir='ltr'>ete.</span> 
     </span>
     <span class='ocr_line' id='line_1_78' title="bbox 2281 4139 3825 4232; baseline -0.003 -21"><span class='ocrx_word' id='word_1_438' title='bbox 2281 4145 2622 4211; x_wconf 86' lang='lat' dir='ltr'>Generare</span> <span class='ocrx_word' id='word_1_439' title='bbox 2679 4143 2860 4212; x_wconf 84' lang='lat' dir='ltr'>enim</span> <span class='ocrx_word' id='word_1_440' title='bbox 2943 4142 3291 4232; x_wconf 88' lang='lat' dir='ltr'>proprium</span> <span class='ocrx_word' id='word_1_441' title='bbox 3359 4149 3582 4208; x_wconf 83' lang='lat' dir='ltr'>actum</span> <span class='ocrx_word' id='word_1_442' title='bbox 3642 4139 3825 4223; x_wconf 80' lang='lat' dir='ltr'>dicit,</span> 
     </span>
     <span class='ocr_line' id='line_1_79' title="bbox 2281 4246 3831 4340; baseline -0.002 -24"><span class='ocrx_word' id='word_1_443' title='bbox 2281 4273 2417 4340; x_wconf 86' lang='lat' dir='ltr'>quo</span> <span class='ocrx_word' id='word_1_444' title='bbox 2457 4271 2749 4340; x_wconf 88' lang='lat' dir='ltr'>persona</span> <span class='ocrx_word' id='word_1_445' title='bbox 2789 4255 2887 4315; x_wconf 87' lang='lat' dir='ltr'>est</span> <span class='ocrx_word' id='word_1_446' title='bbox 2923 4268 3236 4336; x_wconf 76' lang='lat' dir='ltr'>persona.</span> <span class='ocrx_word' id='word_1_447' title='bbox 3285 4246 3521 4325; x_wconf 81' lang='lat' dir='ltr'>Sexto,</span> <span class='ocrx_word' id='word_1_448' title='bbox 3555 4269 3635 4314; x_wconf 83' lang='lat' dir='ltr'>ex</span> <span class='ocrx_word' id='word_1_449' title='bbox 3667 4270 3831 4337; x_wconf 82' lang='lat' dir='ltr'>pro·</span> 
     </span>
     <span class='ocr_line' id='line_1_80' title="bbox 2282 4353 3830 4447; baseline -0.001 -24"><span class='ocrx_word' id='word_1_450' title='bbox 2282 4358 2565 4447; x_wconf 89' lang='lat' dir='ltr'>prietate</span> <span class='ocrx_word' id='word_1_451' title='bbox 2603 4354 2971 4446; x_wconf 85' lang='lat' dir='ltr'>personali,</span> <span class='ocrx_word' id='word_1_452' title='bbox 3015 4377 3168 4421; x_wconf 82' lang='lat' dir='ltr'>cum</span> <span class='ocrx_word' id='word_1_453' title='bbox 3208 4353 3475 4431; x_wconf 78' lang='lat' dir='ltr'>dicitur,</span> <span class='ocrx_word' id='word_1_454' title='bbox 3532 4358 3830 4422; x_wconf 65' lang='lat' dir='ltr'>Genera-</span> 
     </span>
     <span class='ocr_line' id='line_1_81' title="bbox 2282 4461 3825 4554; baseline 0 -24"><span class='ocrx_word' id='word_1_455' title='bbox 2282 4466 2533 4531; x_wconf 77' lang='lat' dir='ltr'>tionem</span> <span class='ocrx_word' id='word_1_456' title='bbox 2562 4464 2719 4553; x_wconf 73' lang='lat' dir='ltr'>ejus</span> <span class='ocrx_word' id='word_1_457' title='bbox 2784 4464 2939 4554; x_wconf 76' lang='lat' dir='ltr'>quis</span> <span class='ocrx_word' id='word_1_458' title='bbox 3002 4461 3418 4529; x_wconf 57' lang='lat' dir='ltr'>‹emt-rabit?</span> <span class='ocrx_word' id='word_1_459' title='bbox 3470 4464 3825 4530; x_wconf 81' lang='lat' dir='ltr'>(ieneratio</span> 
     </span>
     <span class='ocr_line' id='line_1_82' title="bbox 2281 4571 3827 4663; baseline -0.003 -23"><span class='ocrx_word' id='word_1_460' title='bbox 2281 4574 2463 4640; x_wconf 90' lang='lat' dir='ltr'>enim</span> <span class='ocrx_word' id='word_1_461' title='bbox 2514 4573 2784 4663; x_wconf 78' lang='lat' dir='ltr'>passiva</span> <span class='ocrx_word' id='word_1_462' title='bbox 2850 4573 3223 4662; x_wconf 85' lang='lat' dir='ltr'>proprietas</span> <span class='ocrx_word' id='word_1_463' title='bbox 3298 4579 3396 4639; x_wconf 84' lang='lat' dir='ltr'>est</span> <span class='ocrx_word' id='word_1_464' title='bbox 3455 4571 3827 4661; x_wconf 76' lang='lat' dir='ltr'>personalis</span> 
     </span>
     <span class='ocr_line' id='line_1_83' title="bbox 2287 4678 3826 4771; baseline -0.001 -25"><span class='ocrx_word' id='word_1_465' title='bbox 2287 4679 2464 4747; x_wconf 81' lang='lat' dir='ltr'>Filii.</span> <span class='ocrx_word' id='word_1_466' title='bbox 2537 4678 2874 4771; x_wconf 87' lang='lat' dir='ltr'>Septimo,</span> <span class='ocrx_word' id='word_1_467' title='bbox 2929 4702 3052 4768; x_wconf 88' lang='lat' dir='ltr'>per</span> <span class='ocrx_word' id='word_1_468' title='bbox 3127 4679 3585 4769; x_wconf 84' lang='lat' dir='ltr'>appropriata,</span> <span class='ocrx_word' id='word_1_469' title='bbox 3656 4680 3826 4745; x_wconf 76' lang='lat' dir='ltr'>sient</span> 
     </span>
     <span class='ocr_line' id='line_1_84' title="bbox 2283 4785 3829 4878; baseline -0.002 -23"><span class='ocrx_word' id='word_1_470' title='bbox 2283 4788 2420 4867; x_wconf 88' lang='lat' dir='ltr'>illa,</span> <span class='ocrx_word' id='word_1_471' title='bbox 2458 4789 2800 4856; x_wconf 77' lang='lat' dir='ltr'>Dominus</span> <span class='ocrx_word' id='word_1_472' title='bbox 2822 4787 3124 4878; x_wconf 70' lang='lat' dir='ltr'>possedit</span> <span class='ocrx_word' id='word_1_473' title='bbox 3153 4810 3282 4865; x_wconf 84' lang='lat' dir='ltr'>me,</span> <span class='ocrx_word' id='word_1_474' title='bbox 3331 4794 3489 4869; x_wconf 61' lang='lat' dir='ltr'>etc„</span> <span class='ocrx_word' id='word_1_475' title='bbox 3534 4785 3645 4853; x_wconf 90' lang='lat' dir='ltr'>ubi</span> <span class='ocrx_word' id='word_1_476' title='bbox 3700 4811 3829 4878; x_wconf 87' lang='lat' dir='ltr'>ap-</span> 
     </span>
     <span class='ocr_line' id='line_1_85' title="bbox 2280 4893 3830 4987; baseline -0.001 -25"><span class='ocrx_word' id='word_1_477' title='bbox 2280 4898 2627 4987; x_wconf 87' lang='lat' dir='ltr'>propriata</span> <span class='ocrx_word' id='word_1_478' title='bbox 2662 4896 2809 4963; x_wconf 77' lang='lat' dir='ltr'>Filii</span> <span class='ocrx_word' id='word_1_479' title='bbox 2845 4905 3213 4987; x_wconf 88' lang='lat' dir='ltr'>ponuntur.</span> <span class='ocrx_word' id='word_1_480' title='bbox 3259 4893 3542 4972; x_wconf 70' lang='lat' dir='ltr'>Octavo,</span> <span class='ocrx_word' id='word_1_481' title='bbox 3587 4919 3665 4962; x_wconf 81' lang='lat' dir='ltr'>ex</span> <span class='ocrx_word' id='word_1_482' title='bbox 3715 4920 3830 4962; x_wconf 87' lang='lat' dir='ltr'>or-</span> 
     </span>
     <span class='ocr_line' id='line_1_86' title="bbox 2280 5002 3823 5096; baseline -0.001 -23"><span class='ocrx_word' id='word_1_483' title='bbox 2280 5005 2436 5074; x_wconf 90' lang='lat' dir='ltr'>dine</span> <span class='ocrx_word' id='word_1_484' title='bbox 2467 5005 2928 5096; x_wconf 83' lang='lat' dir='ltr'>generationis</span> <span class='ocrx_word' id='word_1_485' title='bbox 2966 5012 3230 5071; x_wconf 80' lang='lat' dir='ltr'>a·ternae</span> <span class='ocrx_word' id='word_1_486' title='bbox 3276 5002 3359 5071; x_wconf 90' lang='lat' dir='ltr'>ad</span> <span class='ocrx_word' id='word_1_487' title='bbox 3415 5004 3823 5072; x_wconf 87' lang='lat' dir='ltr'>creationem</span> 
     </span>
     <span class='ocr_line' id='line_1_87' title="bbox 2281 5108 3825 5201; baseline -0.001 -21"><span class='ocrx_word' id='word_1_488' title='bbox 2281 5121 2608 5180; x_wconf 64' lang='lat' dir='ltr'>creaturae</span> <span class='ocrx_word' id='word_1_489' title='bbox 2644 5111 2711 5178; x_wconf 90' lang='lat' dir='ltr'>in</span> <span class='ocrx_word' id='word_1_490' title='bbox 2744 5122 3075 5200; x_wconf 91' lang='lat' dir='ltr'>tempore,</span> <span class='ocrx_word' id='word_1_491' title='bbox 3109 5108 3280 5176; x_wconf 91' lang='lat' dir='ltr'>sicut</span> <span class='ocrx_word' id='word_1_492' title='bbox 3332 5111 3399 5176; x_wconf 92' lang='lat' dir='ltr'>in</span> <span class='ocrx_word' id='word_1_493' title='bbox 3477 5108 3613 5191; x_wconf 90' lang='lat' dir='ltr'>illa,</span> <span class='ocrx_word' id='word_1_494' title='bbox 3676 5112 3825 5201; x_wconf 74' lang='lat' dir='ltr'>qu</span> 
     </span>
     <span class='ocr_line' id='line_1_88' title="bbox 2280 5216 3828 5308; baseline 0.001 -22"><span class='ocrx_word' id='word_1_495' title='bbox 2280 5243 2366 5286; x_wconf 74' lang='lat' dir='ltr'>ex</span> <span class='ocrx_word' id='word_1_496' title='bbox 2419 5244 2536 5287; x_wconf 84' lang='lat' dir='ltr'>ore</span> <span class='ocrx_word' id='word_1_497' title='bbox 2589 5219 2940 5288; x_wconf 75' lang='lat' dir='ltr'>Allissimi</span> <span class='ocrx_word' id='word_1_498' title='bbox 2995 5216 3293 5308; x_wconf 79' lang='lat' dir='ltr'>proclivi,</span> <span class='ocrx_word' id='word_1_499' title='bbox 3365 5225 3494 5284; x_wconf 89' lang='lat' dir='ltr'>etc.</span> <span class='ocrx_word' id='word_1_500' title='bbox 3530 5216 3728 5285; x_wconf 77' lang='lat' dir='ltr'>Nono</span> <span class='ocrx_word' id='word_1_501' title='bbox 3763 5229 3828 5287; x_wconf 88' lang='lat' dir='ltr'>et</span> 
     </span>
     <span class='ocr_line' id='line_1_89' title="bbox 2281 5320 3828 5415; baseline 0 -20"><span class='ocrx_word' id='word_1_502' title='bbox 2281 5328 2553 5407; x_wconf 90' lang='lat' dir='ltr'>ultimo,</span> <span class='ocrx_word' id='word_1_503' title='bbox 2598 5349 2681 5396; x_wconf 81' lang='lat' dir='ltr'>ex</span> <span class='ocrx_word' id='word_1_504' title='bbox 2728 5324 2963 5395; x_wconf 90' lang='lat' dir='ltr'>ordine</span> <span class='ocrx_word' id='word_1_505' title='bbox 3037 5325 3495 5415; x_wconf 80' lang='lat' dir='ltr'>generationis</span> <span class='ocrx_word' id='word_1_506' title='bbox 3563 5320 3828 5395; x_wconf 76' lang='lat' dir='ltr'>aeter&#39;uae</span> 
     </span>
     <span class='ocr_line' id='line_1_90' title="bbox 2282 5429 3832 5526; baseline 0 -23"><span class='ocrx_word' id='word_1_507' title='bbox 2282 5435 2365 5503; x_wconf 92' lang='lat' dir='ltr'>ad</span> <span class='ocrx_word' id='word_1_508' title='bbox 2405 5435 2853 5526; x_wconf 84' lang='lat' dir='ltr'>temporalem</span> <span class='ocrx_word' id='word_1_509' title='bbox 2887 5432 3188 5519; x_wconf 85' lang='lat' dir='ltr'>ejusdem</span> <span class='ocrx_word' id='word_1_510' title='bbox 3247 5429 3396 5498; x_wconf 82' lang='lat' dir='ltr'>Filii</span> <span class='ocrx_word' id='word_1_511' title='bbox 3444 5437 3832 5523; x_wconf 82' lang='lat' dir='ltr'>generatio-</span> 
     </span>
     <span class='ocr_line' id='line_1_91' title="bbox 2280 5540 3638 5633; baseline 0.001 -21"><span class='ocrx_word' id='word_1_512' title='bbox 2280 5568 2464 5633; x_wconf 84' lang='lat' dir='ltr'>nem,</span> <span class='ocrx_word' id='word_1_513' title='bbox 2509 5554 2579 5613; x_wconf 92' lang='lat' dir='ltr'>ut</span> <span class='ocrx_word' id='word_1_514' title='bbox 2616 5545 2684 5611; x_wconf 89' lang='lat' dir='ltr'>in</span> <span class='ocrx_word' id='word_1_515' title='bbox 2724 5543 2864 5622; x_wconf 91' lang='lat' dir='ltr'>illa,</span> <span class='ocrx_word' id='word_1_516' title='bbox 2898 5544 3015 5622; x_wconf 80' lang='lat' dir='ltr'>Tu,</span> <span class='ocrx_word' id='word_1_517' title='bbox 3057 5540 3477 5624; x_wconf 74' lang='lat' dir='ltr'>Bethlehem,</span> <span class='ocrx_word' id='word_1_518' title='bbox 3512 5552 3638 5614; x_wconf 89' lang='lat' dir='ltr'>etc.</span> 
     </span>
    </p>
   </div>
  </div>
 </body>
</html>
