4897 6388
658 290 811 434 ’292Δ

1059 1020 1563 1092 ARTICULUS
1605 1018 1793 1086 XIII.

969 1245 1077 1311 An
1137 1241 1514 1329 loquantur
1560 1187 1815 1323 szyeli
1858 1229 1898 1298 ?

741 1561 1003 1630 Deinde
1067 1558 1391 1649 quaeritur
1439 1554 1521 1621 de
1576 1550 1710 1619 hoc
1759 1547 1942 1639 quod
1986 1546 2200 1613 dicit:

659 1697 693 1733 α
745 1670 887 1736 Vox
922 1666 1104 1750 silet,
1136 1687 1273 1731 non
1303 1684 1455 1729 mea
1497 1667 1796 1741 tantum,
1829 1653 2203 1721 sedetiam

652 1775 1105 1867 Anqelorum,
1135 1780 1262 1841 etc.
1294 1769 1435 1836 »Et
1461 1753 1857 1859 quaeruntur
1886 1768 2203 1852 quatuor,

653 1882 905 1952 scilicet
970 1880 1260 1972 qualiter
1323 1876 1699 1966 loquantur
1747 1867 1992 1960 Angeli
2050 1869 2084 1934 ⁸?
2140 1873 2206 1934 et

654 1999 885 2058 utrum
934 1987 1169 2057 omnia
1202 1985 1406 2074 loqui
1457 1980 1783 2074 possint?
1846 1986 1914 2045 et
1974 1983 2206 2043 utrum

659 2092 1263 2173 om'nesomnibus‚
1302 2090 1405 2159 vel
1437 2087 1714 2180 quidam
1749 2081 2209 2175 quibusdam?

660 2212 727 2273 et
755 2202 838 2271 de
868 2200 1108 2269 auditu
1147 2197 1568 2266 audientium
1601 2191 1892 2260 aliorum
1926 2189 2209 2258 locutio·

557 2322 603 2371 ἱ·
661 2336 845 2382 nem.

756 2422 958 2492 Circa
988 2420 1301 2512 primum
1343 2414 1735 2506 proceditur
1770 2413 1868 2480 sic
1900 2433 1916 2479 :

754 2532 816 2598 1.
840 2530 1023 2599 Dicit
1048 2528 1340 2596 Basilius
1363 2527 1433 2593 in
1470 2522 1764 2615 quadam
1786 2520 2070 2589 homilia
2089 2541 2210 2588 su-

662 2661 783 2730 per
810 2636 982 2706 illud
1001 2636 1274 2704 Denter.
1299 2655 1512 2715 xxvn,
1537 2633 1578 2699 9
1614 2627 1962 2706 :Attende‚
1995 2636 2059 2695 et
2087 2648 2212 2694 au·

665 2746 763 2826 di,
806 2753 979 2815 etc.:
1024 2742 1375 2811 Sermonis
1403 2761 1604 2808 usum
1643 2735 1843 2805 nobis
1870 2736 2054 2803 Deus
2092 2734 2211 2825 qui

665 2874 792 2922 nos
822 2851 1103 2931 creavit,
1146 2847 1451 2928 indulsit,
1486 2867 1610 2938 pro
1641 2865 1720 2911 eo
1751 2851 1824 2911 ut
1852 2841 2073 2910 cordis
2102 2861 2206 2908 oc·

666 2966 847 3029 culta
878 2956 1169 3028 invicem
1200 2955 1399 3025 nobis
1419 2952 1609 3022 verbi
1645 2950 2019 3019 ministerio
2049 2969 2214 3038 pan·

666 3068 1007 3143 deremus,
1042 3074 1119 3133 ut
1146 3062 1494 3134 communi
1519 3061 1586 3127 in
1617 3057 2016 3127 alterutrum
2042 3054 2215 3122 ass'e-

662 3178 891 3249 ctione
911 3181 1172 3244 naturae
1198 3171 1670 3261 unusquisque
1700 3173 2008 3234 nostrum
2047 3184 2213 3255 pro-

668 3286 856 3353 ximo
921 3304 1048 3349 suo
1111 3277 1300 3347 velut
1348 3300 1431 3345 ex
1489 3275 1755 3343 arcanis
1804 3268 2211 3363 quibusdam

668 3394 1035 3465 domiciliis
1097 3390 1361 3461 consilii
1411 3395 1667 3456 secreta
1729 3383 2206 3474 depromeret:

666 3507 723 3573 si
775 3504 959 3572 enim
1003 3499 1186 3569 nuda
1217 3494 1653 3565 solummodo
1701 3501 1906 3583 atque
1964 3491 2212 3558 intecta

667 3613 896 3680 anima
930 3611 1344 3686 viveremuS,
1377 3627 1461 3672 ex
1501 3604 1664 3694 ipsis
1714 3608 1975 3669 tantum
2010 3620 2213 3666 men-

671 3720 757 3787 tis
787 3715 1086 3786 motibus
1116 3723 1319 3805 atque
1345 3707 1875 3802 cogitationibus
1894 3706 2204 3773 intentio·

665 3826 1004 3917 nibusque
1065 3821 1558 3911 cogitationum
1616 3815 2015 3884 alterutrum
2081 3833 2210 3879 no-

664 3954 1032 4004 sceremur.
1067 3930 1171 3997 Ex
1201 3928 1330 3996 hoc
1356 3926 1707 4017 accipitur,
1753 3922 1936 4015 quod
1964 3918 2209 4013 Angeli

666 4064 821 4112 cum
861 4041 998 4108 sint
1039 4036 1361 4107 denudati
1416 4058 1456 4103 a
1512 4055 1826 4125 corpore,
1866 4033 2011 4098 sine
2063 4051 2212 4097 ser-

665 4169 871 4218 mone
925 4146 1054 4215 sibi
1115 4145 1403 4213 invicem
1475 4144 1905 4209 innotescunt
1956 4158 1972 4204 :
2043 4158 2208 4227 ergo

662 4254 1009 4324 locutione
1050 4274 1187 4320 non
1237 4248 1543 4340 indigent
1586 4268 1602 4315 :
1639 4254 1706 4314 et
1747 4242 1914 4312 nibil
1954 4251 2055 4311 est
2084 4265 2205 4310 va-

663 4366 837 4430 num'
872 4361 945 4428 in
973 4358 1072 4427 eis
1114 4380 1131 4424 :
1166 4379 1329 4447 ergo
1368 4376 1508 4422 non
1542 4353 1936 4444 loquuntur.

751 4475 818 4539 2.
853 4470 1051 4547 Item,
1082 4466 1239 4547 Job,
1273 4488 1507 4544 xxviii,
1547 4464 1655 4540 Π,
1697 4484 1898 4552 super
1946 4459 2208 4538 id,Nou

663 4575 1148 4670 adaequabitur
1206 4575 1269 4642 ei
1322 4596 1573 4641 aurum
1620 4569 1731 4638 vel
1764 4571 2016 4637 vitrum
2047 4567 2209 4635 dicit

663 4688 1060 4778 Gregorius»,
1102 4683 1287 4777 quod
1334 4685 1400 4750 in
1432 4680 1921 4751 resurrectione
1963 4677 2208 4745 unius-

663 4797 992 4887 cujusque
1033 4802 1329 4862 mentem
1361 4789 1446 4858 ab
1485 4789 1763 4857 alterius
1802 4784 2014 4854 oculis
2053 4807 2208 4853 cor-

663 4904 965 4996 pulentia
1045 4924 1184 4970 non
1270 4897 1660 4968 abscondet.
1736 4895 1914 4985 Ergo
1990 4890 2205 4961 multo

662 5011 881 5102 magis
910 5031 1066 5078 cum
1094 5006 1506 5098 spiritualior
1542 5006 1625 5072 sit
1666 5011 1903 5070 natura
1936 4999 2204 5090 Angeli,

664 5117 848 5210 quod
905 5118 973 5184 in
1029 5138 1168 5185 uno
1236 5113 1500 5206 Angelo
1574 5120 1699 5192 est,
1768 5132 1907 5177 non
1974 5107 2206 5176 latebit

663 5225 872 5293 alium
908 5244 924 5293 :
960 5235 1026 5293 et
1050 5226 1144 5293 ita
1184 5248 1319 5292 non
1363 5222 1664 5312 indigent
1701 5218 2066 5286 locutione.

754 5336 816 5401 3.
846 5332 1039 5411 Item,
1079 5332 1411 5400 Basilius:
1455 5328 1797 5408 Quoniam
1829 5326 2028 5413 vigor
2057 5324 2211 5391 ani-

662 5463 791 5509 mae
830 5438 1168 5507 velamine
1199 5439 1418 5508 carnis
1457 5436 1759 5526 operitur
1787 5433 1871 5501 ad
1912 5431 2211 5499 indican-

738 5672 757 5708 ¹
790 5671 993 5728 naith.
1030 5687 1170 5741 xxn,
1203 5675 1270 5725 30
1301 5688 1315 5726 :
1350 5673 1524 5727 Erum
1553 5671 1692 5725 sicut
1744 5664 1948 5738 Anam
1991 5665 2088 5719 Dei
2145 5665 2203 5718 in

1640 320 1723 387 D.
1778 317 1984 401 Abs.
2026 314 2246 382 MAG.
2300 312 2505 380 ofin.
2564 285 2860 382 PRAED.
2974 280 2978 284 ’

2314 484 2401 551 da
2430 493 2634 573 atque
2683 486 2752 549 in
2791 467 3426 574 publieam²faciemf
3460 479 3853 574 proferenda

2302 599 2391 658 'ea
2418 613 2569 681 quae
2612 592 2679 657 in
2711 591 3051 680 profundo
3092 592 3312 659 cordis
3360 591 3466 659 vel
3496 592 3859 681 cogitatio-

2310 698 2512 766 nibus
2552 699 2658 766 vel
2713 699 3025 766 sensibus
3072 708 3592 768 commoventur
3630 697 3850 776 nobiS,

2304 811 2378 873 ‘et
2407 805 2802 872 nominibus
2832 815 2899 872 et
2933 804 3285 872 vocabulis
3317 806 3732 895 indigemus-
3756 803 3857 869 Ex

2312 911 2442 978 hoc
2479 914 2810 1002 accipitur
2839 912 3020 1003 quod
3075 913 3190 980 ubi
3230 935 3370 981 non
3419 920 3520 981 est
3546 912 3855 980 velamen

2309 1020 2556 1096 carniS,
2602 1041 2742 1086 non
2774 1027 2874 1087 est
2908 1020 3329 1087 necessarius
3364 1041 3530 1086 usus
3568 1017 3858 1109 loquen-

2305 1125 2402 1193 di.
2448 1126 2470 1191 l
2484 1149 2526 1193 n
2582 1126 2869 1216 Angelis
2910 1135 3142 1195 autem
3197 1132 3339 1194 non
3392 1134 3493 1194 est
3549 1126 3884 1212 velamen,

2311 1234 2531 1300 carnis
2575 1255 2591 1299 :
2628 1256 2793 1323 crgo
2826 1256 2964 1301 non
2994 1234 3399 1324 loquuntur.

2400 1341 2465 1405 lt.
2494 1340 2690 1421 Item,
2716 1340 2850 1408 Iad
2879 1339 3186 1408 Corinth.
3222 1364 3315 1427 iv,
3341 1344 3407 1420 ὅ,
3440 1363 3643 1431 super
3669 1339 3855 1421 illud,

2302 1450 2544 1517 'Nolite
2563 1460 2722 1517 ante
2751 1460 3018 1541 tempus
3033 1448 3388 1538 judicare,
3412 1450 3573 1518 dicit
3595 1447 3858 1532 Glossa,

2312 1555 2497 1645 quod
2541 1562 2734 1645 gesta
2756 1562 2820 1623 et
2841 1556 3137 1646 cogitata
3157 1555 3337 1624 bona
3365 1555 3473 1625 vel
3495 1554 3675 1623 mala
3703 1553 3863 1622 tunc

2311 1675 2506 1734 erunt
2540 1675 2772 1756 aperta
2812 1689 2827 1733 ε
2863 1674 2930 1734 et
2968 1668 3131 1756 quia
3185 1668 3418 1735 omnia
3461 1657 3625 1735 tunc'
3661 1661 3865 1734 ⁴erunt

2309 1783 2520 1854 nota,
2541 1783 2708 1843 tunc
2735 1797 2990 1874 omnes·
3006 1783 3328 1865 poterunt
3347 1775 3654 1865 judicare
3685 1776 3766 1844 de
3795 1798 3866 1844 se

2308 1889 2377 1950 et
2415 1883 2498 1950 de
2527 1882 2703 1950 aliis.
2746 1881 2849 1950 Ex
2897 1881 3029 1950 hoo
3058 1884 3408 1975 accipitur,
3451 1883 3633 1975 quod
3662 1886 3864 1952 etiam
3899 1928 3904 1932 -

2310 1990 2475 2057 mali
2504 1999 2668 2059 tunc
2693 1989 3026 2066 videbunt
3044 1990 3490 2081 cogitationes
3509 1991 3818 2060 omnium
3842 2012 3857 2057 :

2311 2120 2476 2189 ergo
2518 2098 2734 2166 multo
2764 2097 3008 2166 fortius
3046 2097 3296 2189 Angeli
3326 2098 3532 2167 modo
3565 2098 3800 2167 vident
3840 2120 3857 2166 :
3974 2126 3987 2138 ·

2294 2212 2378 2276 ,et
2440 2226 2523 2271 ex
2574 2202 2708 2273 hoc
2780 2204 3024 2271 iterum
3083 2205 3417 2295 sequitur,
3478 2204 3660 2296 quod
3726 2227 3863 2273 non

2311 2313 2715 2405 loquuntur.

2402 2425 2468 2490 5.
2529 2421 2730 2502 Item,
2788 2422 3268 2513 Augustinus:
3315 2423 3393 2490 In
3450 2423 3670 2514 patria
3724 2444 3863 2490 non

2313 2536 2513 2597 erunt
2548 2529 3001 2620 cogitationes
3053 2528 3397 2599 volubiles
3461 2529 3624 2597 hinc
3677 2528 3859 2609 illuc,

2312 2645 2430 2705 aut
2467 2636 2627 2705 inde
2683 2633 2878 2704 huc':
2921 2636 3044 2705 sed
3080 2641 3315 2707 omnia
3354 2636 3558 2707 simul
3598 2636 3863 2705 videbi-

2313 2768 2493 2814 mus.
2537 2745 2720 2836 Ergo
2759 2767 2916 2814 cum
2956 2746 3202 2839 Angeli
3231 2746 3437 2816 modo
3484 2746 3623 2815 sint
3658 2745 3860 2825 beati,

2315 2874 2455 2920 non
2503 2850 2813 2945 indigent
2862 2850 3234 2935 locutione,
3303 2853 3424 2922 sed
3489 2853 3723 2921 omnia
3768 2854 3867 2919 si-

2314 2960 2465 3027 mul·
2489 2959 2832 3031 videntur.

2404 3073 2472 3136 (5.
2508 3066 2708 3147 Item,
2743 3064 3118 3160 Gregorius
3176 3069 3243 3136 in
3289 3066 3464 3136 libro
3498 3065 3592 3134 IV
3621 3065 3864 3135 Dialo-

2310 3198 2562 3265 qorum
2594 3199 2618 3244 .·
2650 3173 2832 3257 Quid
2877 3185 2977 3246 est
3025 3176 3208 3268 quod
3249 3199 3388 3245 non
3427 3175 3684 3255 vident,
3747 3175 3860 3267 qui

2313 3281 2664 3365 videntem
2722 3283 2958 3351 omnia
3002 3282 3240 3351 vident
3265 3284 3301 3350 ⁴?
3328 3292 3396 3351 et
3438 3282 3743 3374 loquitur
3778 3282 3858 3351 de

2312 3388 2623 3480 Angelis,
2669 3389 2745 3458 Si
2797 3413 2964 3483 ergo
3021 3391 3254 3458 omnia
3314 3389 3578 3470 vident,
3630 3390 3860 3459 vident

2314 3498 2522 3567 etiam
2555 3521 2634 3566 ea
2666 3518 2823 3590 quae
2862 3506 3021 3565 sunt
3062 3497 3129 3564 in
3169 3519 3242 3565 se
3268 3497 3562 3567 invicem
3599 3519 3616 3566 ε
3658 3507 3722 3566 et
3771 3499 3862 3565 ita

2304 3628 2457 3675 ¹non
2489 3605 2794 3696 indigent
2823 3604 3193 3674 locutione.

2404 3712 2471 3777 Ἰ.
2516 3709 2712 3787 Item,
2756 3708 3185 3799 Augustinus
3227 3710 3296 3777 in
3338 3709 3513 3780 libro
3558 3711 3642 3780 de
3668 3714 3858 3781 Bono

2313 3815 2683 3907 conJ'uqali
2708 3839 2732 3883 .·
2794 3815 2957 3884 Post
3014 3813 3192 3885 hanc
3245 3821 3857 3911 peregrinationem

2313 3924 2618 3992 futurum
2649 3932 2775 4006 est,
2802 3920 2917 3989 ubi
2940 3923 3252 3991 omnium
3274 3925 3718 4015 cogitationes
3747 3949 3864 4017 pa·

2314 4030 2554 4100 tebunt
2609 4031 2930 4109 invicem,
2991 4053 3118 4101 nec
3176 4032 3469 4102 invicem
3517 4056 3863 4126 repugna-

2312 4138 2509 4206 bunt.
2551 4139 2722 4208 Cum
2755 4161 2921 4230 ergo
2955 4139 3022 4205 in
3053 4139 3283 4209 futuro
3313 4141 3569 4211 similes
3607 4143 3858 4210 erimus

2314 4244 2621 4336 Angelis,
2663 4254 2737 4313 ut
2780 4244 2944 4313 dicit
2980 4244 3347 4323 Dominus,
3390 4245 3634 4319 Matth.
3692 4270 3856 4331 xxii,

2313 4356 2397 4419 30
2432 4353 2448 4387 ¹
2496 4375 2512 4421 :
2555 4375 2719 4443 ergo
2763 4351 3007 4444 Angcli
3051 4354 3257 4421 modo
3287 4354 3521 4423 vident
3569 4356 3856 4425 invicem

2313 4459 2763 4549 cogitationes
2792 4482 2977 4537 suas,
3010 4468 3142 4528 etc.

2415 4568 2432 4631 Ι
2455 4620 2469 4634 .
2498 4567 2631 4633 San
2650 4589 2906 4635 commi
2922 4565 3056 4636 hoc
3075 4570 3380 4660 estquod
3400 4570 3561 4639 dicit
3590 4571 3853 4650 Glossa,
3891 4612 3986 4662 sa
4021 4623 4203 4661 coner·-

2315 4673 2339 4741 l
2372 4674 2458 4742 ad
2487 4673 2796 4743 Corinth.
2840 4698 2987 4754 xm,
3039 4678 3097 4757 I,
3132 4679 3317 4769 quod
3345 4682 3728 4771 superiores
3763 4683 3863 4750 si-

2310 4784 2640 4873 gnificant
2707 4783 3144 4854 inferioribus
3191 4788 3380 4879 quod
3426 4788 3510 4860 de
3548 4789 3676 4859 Dei
3734 4813 3861 4859 vo-

2312 4889 2571 4961 luntate
2602 4900 3052 4984 perceperunt
3080 4894 3361 4993 nutibus
3387 4903 3452 4964 et
3487 4897 3726 4988 signis.

2402 5002 2468 5066 2.
2541 4999 2739 5081 Item,
2810 4998 3090 5069 Boetius
3134 5024 3149 5067 ε
3231 5000 3580 5093 Quidquid
3643 5012 3863 5094 potest

2313 5108 2616 5196 potentia
2646 5106 2948 5187 inferior,
2982 5115 3208 5198 potest
3236 5116 3304 5176 et
3324 5110 3673 5200 superior:
3707 5134 3859 5179 cum

2314 5234 2478 5303 ergo
2511 5211 2720 5286 bomo
2754 5215 2868 5304 qui
2900 5221 3001 5282 est
3033 5213 3312 5282 inferior
3339 5218 3668 5306 potentia,
3701 5241 3859 5310 pos-

2314 5319 2402 5386 sit
2438 5318 2654 5410 loqui,
2696 5326 2922 5409 potest
2960 5319 3151 5411 loqui
3187 5329 3252 5389 et
3282 5320 3611 5413 Angelus.

2407 5429 2472 5497 3.
2508 5426 2707 5507 Item,
2746 5427 2879 5495 Isa.
2922 5450 3018 5505 vi,
3063 5429 3102 5496 3
3147 5450 3162 5494 :
3212 5429 3633 5500 Clamabunt
3688 5434 3868 5502 alter

2316 5663 2446 5717 cqu
2457 5704 2468 5715 .
