4897 6388
619 25 633 425 ,ff--f—-a-ae--u--o

2083 206 2176 273 IN
2227 207 2256 273 1
2305 151 2734 273 SENTENT.
2787 201 3016 269 msT.
3069 202 3257 282 xiv,
3312 203 3393 270 A.
3710 204 3714 208 ·
4189 207 4315 275 389

1916 337 1948 356 fi

2179 802 2884 897 DISTINCTIO
2958 802 3191 896 XIV.

1728 1168 1817 1240 A.
1871 1161 2092 1252 Quod
2114 1163 2428 1259 qemina
2467 1166 2579 1234 cst
2605 1161 3000 1258 processio
3039 1159 3383 1257 Spiritus
3411 1161 3682 1234 sancti.

1193 1616 1584 1690 Proeterea
1622 1611 2036 1708 diligenter
2066 1608 2597 1682 adnotandum
2640 1618 2783 1701 est,
2832 1606 3039 1705 quod
3072 1606 3381 1702 gemina
3404 1615 3519 1681 est
3561 1609 3947 1705 processio
3979 1609 4311 1709 Spiritus

1094 1752 1337 1828 sancti
1370 1776 1386 1826 :
1420 1758 1714 1825 (eterna
1752 1745 2135 1837 videlicet,
2173 1767 2351 1842 quoe
2385 1742 2798 1819 ineffabilis
2820 1753 2963 1838 est,
3000 1765 3154 1840 qua
3184 1766 3230 1815 a
3262 1743 3484 1818 Patre
3525 1752 3596 1819 et
3630 1743 3816 1818 Filio
3848 1746 4312 1821 aeternaliter

1094 1899 1169 1965 et
1207 1890 1375 1965 sine
1416 1896 1764 1985 tempore
1805 1880 2180 1983 processit
2223 1890 2348 1956 :et
2385 1881 2837 1980 temporalis
2882 1903 3041 1978 qua
3080 1904 3125 1953 a
3165 1880 3390 1954 Patre
3446 1889 3519 1955 et
3564 1881 3752 1956 Filio
3815 1883 3907 1956 ad
3967 1882 4313 1958 sanctifi-

1094 2023 1420 2100 candam
1453 2029 1887 2096 creaturam
1914 2015 2285 2116 procedit.
2324 2016 2416 2090 Et
2452 2014 2656 2091 sicut
2678 2015 2775 2090 ab
2816 2025 3110 2090 zeterno
3142 2017 3656 2092 communiter
3675 2040 3763 2091 ac
3793 2018 4021 2093 simul
4053 2043 4311 2118 proce-

1092 2159 1204 2233 dit
1239 2182 1288 2234 a
1326 2158 1552 2232 Patre
1584 2164 1661 2231 et
1718 2153 1939 2243 Filio,
1977 2153 2080 2227 ita
2108 2161 2186 2228 et
2216 2151 2292 2226 in
2341 2164 2685 2251 tempore
2720 2150 3236 2227 communiter
3265 2163 3339 2226 et
3368 2152 3596 2226 simul
3631 2153 3726 2228 ab
3760 2164 4083 2253 utroque
4125 2180 4303 2255 pro-

1094 2296 1297 2372 cedit
1325 2294 1419 2371 ad
1454 2305 1919 2387 creaturam,
1955 2314 2105 2365 non
2137 2288 2444 2364 divisim
2488 2312 2534 2364 a
2565 2289 2794 2364 Patre
2825 2288 2903 2363 in
2937 2289 3246 2384 Filium,
3295 2299 3369 2365 et
3398 2313 3442 2364 a
3501 2290 3689 2364 Filio
3716 2291 3808 2366 ad
3842 2304 4297 2370 creaturam.

1092 2431 1316 2507 Unde
1356 2428 1844 2526 Augustinus
1884 2426 1958 2501 in
2021 2424 2215 2500 libro
2278 2425 2416 2501 XV
2492 2425 2589 2501 de
2636 2425 3015 2500 Trim‘tate
3054 2424 3161 2499 ait
3204 2449 3221 2500 ε
3290 2424 3621 2524 Spiritus
3651 2438 3968 2504 sanctus
4011 2455 4164 2506 non
4210 2432 4302 2506 de

1092 2567 1320 2642 Patre
1352 2563 1698 2665 procedit
1729 2562 1804 2636 in
1841 2561 2143 2647 Filium,
2176 2568 2252 2635 et
2289 2559 2384 2636 de
2418 2559 2611 2635 Filio
2655 2559 2999 2660 procedit
3029 2559 3122 2634 ad
3156 2559 3783 2636 sanctificandam
3835 2575 4295 2660 creaturam,

1091 2702 1225 2776 sed
1269 2700 1501 2774 simul
1535 2698 1629 2773 de
1673 2708 2000 2796 utroque
2033 2695 2376 2796 procedit
2420 2720 2438 2771 :
2484 2695 2847 2793 quamvis
2890 2695 3035 2769 hoc
3106 2694 3293 2768 Fiiiu
3338 2696 3564 2768 Pater
3601 2696 3919 2793 dederit,
3957 2709 4038 2773 ut
4105 2700 4301 2774 sicut

1090 2838 1184 2914 de
1224 2861 1337 2932 se,
1387 2836 1490 2911 ita
1527 2833 1757 2909 etiam
1790 2832 1884 2909 de
1928 2832 2057 2908 ilio
2105 2829 2468 2931 procedat
2507 2835 2556 2902 ¹.

1590 3398 1830 3445 mvlsto
1864 3398 1894 3443 Ἰ
1908 3397 2132 3443 ΒΧΤΓΒ.

1173 3728 1206 3767 α
1234 3705 1573 3771 I’raelerea
1609 3704 1982 3795 diliqmler
2003 3705 2478 3773 adnotandum
2509 3718 2629 3781 est.

1092 3809 1284 3902 quod
1304 3811 1584 3900 flemina
1612 3821 1734 3889 est,
1769 3823 1899 3881 etc.
1938 3838 1970 3873 n

1171 3915 1299 3983 llic
1319 3916 1555 4007 incipit
1573 3939 1733 4007 pars
1755 3915 1868 3984 itta
1886 3918 1953 3984 in
1978 3940 2108 4009 qua
2131 3919 2356 4008 agitur
2376 3918 2458 3986 de
2480 3942 2634 4009 pro·

1072 4024 1378 4091 cessione
1409 4024 1764 4115 temporali
1817 4024 2110 4116 Spiritus
2156 4029 2397 4096 sancti.

1164 4127 1243 4196 Et
1285 4129 1610 4198 dividitur
1648 4132 1714 4198 in
1759 4139 1894 4198 tres
1914 4140 2180 4222 partes:
2228 4134 2294 4200 in
2332 4156 2626 4224 quarum

1072 4237 1294 4326 prima
1323 4236 1814 4305 determinatur
1843 4237 1981 4306 haec
2012 4240 2357 4329 processio
2378 4262 2630 4307 secun-

1076 4344 1239 4411 dum
1275 4346 1861 4437 comparationem
1903 4346 1986 4413 ad
2040 4348 2451 4427 mittentem,
2485 4349 2628 4415 sive

1071 4450 1156 4518 ud
1196 4450 1262 4517 id
1293 4473 1331 4517 a
1362 4473 1501 4542 quo
1532 4460 1658 4521 est.
1704 4452 1779 4519 ln
1809 4452 2129 4529 secunda.
2173 4453 2630 4522 determinan-

1076 4567 1186 4626 tur
1216 4558 1398 4627 modi
1439 4557 1601 4635 duo,
1646 4560 1901 4627 scilicet
1929 4561 2213 4629 visibilis
2270 4571 2336 4629 et
2386 4563 2632 4630 invisi-

1081 4665 1237 4733 bilis
1293 4668 1488 4735 istius
1536 4669 2036 4758 processionis:
2089 4679 2153 4737 et
2194 4668 2336 4739 haec
2396 4672 2631 4762 incipit

1080 4775 1147 4840 in
1179 4772 1611 4843 distinctione
1649 4772 1841 4853 xvl,
1884 4773 2002 4856 ibi,
2039 4801 2072 4840 α
2115 4778 2317 4844 Nunc
2353 4777 2436 4843 de
2464 4779 2631 4869 Spi-

1081 4882 1222 4947 ritu
1248 4892 1484 4948 sancto
1517 4881 1884 4949 videndum
1905 4892 2026 4959 est,
2060 4893 2187 4950 etc.
2219 4910 2252 4945 »
2290 4882 2362 4950 in
2403 4885 2627 4963 tertia,

1079 4996 1310 5055 autem
1357 4986 1616 5056 determ
1650 4988 1880 5056 inetur
1915 5011 2163 5056 nomen
2204 5013 2632 5081 consequens

1077 5093 1254 5161 hanc
1291 5095 1798 5184 processionem
1844 5118 1927 5164 ex
1956 5103 2145 5187 parte
2201 5096 2633 5187 procedentis

1082 5201 1264 5292 quod
1294 5210 1396 5269 est
1423 5201 1678 5269 donum
1706 5210 1771 5271 et
1794 5203 2025 5271 datum
2054 5227 2069 5271 :
2104 5214 2169 5272 et
2194 5202 2337 5271 liaec
2397 5204 2632 5294 incipit

1083 5309 1153 5375 in
1183 5308 1613 5377 distinctione
1652 5309 1903 5393 xvttl,
1948 5310 2026 5395 B,
2059 5310 2177 5392 ibi,
2215 5335 2252 5378 ι
2292 5312 2635 5379 Praeterea

1162 5557 1183 5593 ¹
1215 5558 1794 5627 S.Auet·.enxcs‚t.ib.
1828 5557 1927 5614 XV
1946 5557 2021 5616 de
2050 5559 2358 5631 ‘ri-inimic,
2379 5574 2510 5632 cap.
2541 5562 2634 5616 27.

2753 3163 3124 3256 diliqeetter
3162 3156 3729 3232 considerandum
3787 3165 3907 3235 est,
3949 3175 4104 3222 cum
4133 3155 4304 3246 Spa·-

2752 3275 2931 3342 ritus
2956 3280 3233 3340 sanctus
3272 3268 3569 3345 dicatur,
3605 3277 3729 3333 etc.
3778 3289 3812 3330 ι

2837 3382 3071 3449 Prima
3112 3378 3352 3447 harum
3385 3373 3836 3442 subdividitur
3864 3372 3931 3438 in
3980 3371 4195 3439 duas:
4234 3373 4299 3439 in

2749 3512 3040 3583 quarum
3085 3489 3302 3579 prima
3371 3483 3718 3577 probatur,
3767 3479 3951 3571 quod
4007 3479 4300 3570 Spiritus

2746 3605 3023 3666 sanctus
3061 3620 3097 3663 a
3133 3595 3331 3662 l'ntrc·
3372 3602 3434 3659 et
3471 3590 3637 3658 Filio
3670 3590 3954 3656 mittitur
3979 3596 4043 3654 et
4074 3585 4295 3662 datur,

2745 3719 2807 3775 et
2854 3730 2991 3776 non
3024 3706 3109 3774 ab
3141 3702 3559 3772 hominibus.
3614 3698 3688 3765 ln
3737 3696 4029 3764 secunda
4070 3705 4295 3762 autem

2745 3815 3100 3909 quaeritur,
3140 3812 3378 3879 l’trum
3420 3833 3455 3875 a
3506 3831 3576 3873 se
3635 3806 3940 3873 mittatur
3967 3813 4029 3871 et
4074 3802 4292 3880 detur,

2745 3924 2849 3992 vel
2892 3924 3087 3992 non?
3117 3931 3181 3989 et
3238 3920 3378 3986 iia-c
3457 3916 3685 4006 incipit
3752 3917 3816 3981 in
3867 3912 4297 3980 distinctione

2745 4035 2900 4119 XV,
2937 4035 3055 4114 ibi,
3102 4060 3133 4096 ι
3180 4033 3307 4099 llic
3341 4025 3904 4096 considerandum
3964 4034 4082 4100 est,
4142 4048 4293 4091 cum

2737 4145 3046 4235 Spiritus
3074 4150 3350 4206 sam-lus
3389 4138 3588 4203 delur
3640 4131 4033 4200 leome'm'bus
4076 4157 4119 4198 a
4152 4133 4298 4199 Ρα-

2740 4258 2865 4325 tre,
2899 4259 3023 4316 etc.
3068 4273 3100 4311 ι

2830 4358 2990 4425 lta-c
3060 4354 3402 4423 distinctio
3461 4374 3610 4441 qua·
3690 4351 3908 4439 primo
3975 4347 4290 4415 occurrit.

2739 4466 3070 4537 scinditur
3100 4466 3165 4531 in
3199 4462 3366 4528 duas
3395 4470 3637 4550 partes.
3677 4456 3747 4524 ln
3790 4458 4007 4546 prima
4064 4465 4298 4521 osten-

2741 4575 2924 4641 ditur
2962 4571 3292 4663 Spiritum
3337 4568 3579 4634 mittin
3635 4564 3826 4630 Patre
3857 4571 3920 4629 et
3983 4559 4171 4628 Filio.
4219 4559 4293 4627 in

2740 4679 3036 4748 secunda
3075 4674 3453 4745 ostenditur
3498 4695 3652 4739 eum
3729 4692 3866 4737 non
3943 4668 4117 4735 mitti
4174 4688 4293 4734 nec

2741 4789 2885 4855 dari
2935 4786 3022 4853 ab
3062 4780 3481 4859 hominibus,
3517 4778 3633 4854 ibi,
3679 4777 3761 4853 1),
3805 4808 3833 4833 c«
3882 4776 4011 4843 llic
4039 4773 4295 4864 querri-

2744 4909 2884 4978 Iur,
2924 4897 3170 4964 Utrum
3201 4901 3264 4957 e!
3296 4888 3673 4956 rin‘smwli
3711 4886 3866 4951 dent
3900 4884 4007 4951 rel
4033 4884 4295 4968 possin!

2744 5006 2934 5084 dare,
2979 5012 3107 5072 etc.
3151 5031 3182 5061 »ι

2836 5112 2913 5180 In
2982 5110 3187 5202 priori
3256 5115 3412 5175 sunt
3470 5115 3604 5172 tres
3674 5111 3892 5192 partes
3976 5122 4095 5190 per
4167 5100 4291 5166 tria

2744 5218 3082 5312 capitula:
3129 5220 3196 5284 in
3263 5234 3553 5305 quorum
3630 5211 3848 5301 primo
3887 5206 4288 5285 ostenditur,

2744 5327 2925 5420 qnod
2952 5325 3222 5417 gemina
3249 5331 3345 5388 est
3368 5321 3709 5410 processio
3733 5316 4024 5406 Spiritus
4047 5315 4285 5388 sancti.
