4897 6388
534 365 537 366 f
582 299 588 304 -
637 266 784 372 .}1‚.⁹‚⁰
876 361 879 362 f
1659 267 1740 336 n
1766 268 2006 375 Anu..
2016 269 2272 339 MAG
2286 268 2520 377 ono.
2576 241 2869 335 PRAED.

634 431 924 555 1nuisse
997 406 1518 547 Vehementer
1558 431 1889 542 movent
1918 464 2071 517 nos
2140 443 2336 520 hoec
2362 439 2625 533 verba,
2691 454 2878 537 quae
2920 435 3310 536 quomodo
3371 435 3892 532 intelligendav

630 567 836 686 sint,-
860 574 1185 650 mallem
1220 575 1467 672 magis
1509 576 1603 650 ab
1645 574 1819 649 aliis
1858 554 2127 649 audire
2136 597 2388 672 quam
2431 574 2608 670 ipse
2627 557 2949 648 tradere.
2998 572 3135 646 Ut
3158 581 3412 647 tamen
3456 570 3623 646 sine
3683 593 3870 668 prae-

627 682 939 822 jjudicio
980 720 1212 826 atque
1257 711 1684 786 teme1itate
1727 713 2027 808 loquar,
2075 734 2168 785 ex
2198 712 2342 784 hoc
2382 732 2613 784 sensu
2655 707 2858 783 dicta
2889 717 3215 807 possunt
3244 708 3530 807 accipi:
3577 707 3871 782 Natura

626 856 1061 957 ..coaeterna
1080 847 1175 921 de
1219 848 1382 922 Deo
1425 856 1584 941 es-,t
1604 847 1678 920 id
1720 856 1861 941 est,
1907 846 2147 923 Filius
2187 857 2619 923 coaeternus
2658 845 2894 940 Patri,
2929 845 3022 921 de
3064 845 3291 920 Patre
3322 827 3488 922 est:
3527 845 3631 919 ita
3660 844 3864 944 quod

638 990 769 1055 „est
806 980 1074 1088 eadem
1118 1004 1294 1055 cum
1352 1005 1443 1057 eo
1501 951 1805 1092 natura,
1850 985 1974 1058 vel
2015 946 2358 1095 ejusdem
2416 994 2741 1059 naturae.
2788 980 3033 1070 Quem
3102 1004 3420 1057 sensum
3460 980 3862 1056 confirmat

630 1115 1133 1222 ‚Augustinus
1198 1117 1546 1220 ibidem¹
1589 1103 2038 1237 suinciens,
2097 1129 2174 1195 et
2219 1119 2460 1218 quod
2479 1118 2771 1194 dixerat
2836 1117 3057 1216 quasi
3126 1118 3576 1216 explanans.
3639 1115 3856 1191 Dicto

634 1249 886 1342 enim,
919 1250 1216 1327 Natura
1248 1262 1634 1362 coaeterna
1673 1261 1789 1329 est
1819 1252 1914 1327 de
1943 1251 2132 1341 De0‚
2186 1251 2436 1327 addit.
2474 1251 2643 1326 Non
2692 1260 2809 1326 est
2846 1249 3055 1325 aliud
3097 1249 3337 1327 Filius
3387 1273 3621 1348 quam
3663 1248 3852 1324 illud

647 1383 742 1459 (le
783 1407 938 1483 quo
971 1396 1112 1494 est,
1151 1386 1227 1460 id
1260 1396 1401 1481 est,
1452 1387 1685 1463 unius
1725 1387 2231 1502 ejusdemque
2270 1363 2720 1498 substantiae
2783 1395 2921 1462 est.
2987 1384 3283 1466 Deinde
3339 1383 3681 1483 apertius
3739 1394 3855 1458 ta-

623 1519 798 1629 *lem
830 1489 1307 1631 intellectum
1342 1545 1436 1597 ex
1475 1522 1865 1620 praedictis
1914 1521 2175 1599 verbis
2216 1489 2374 1597 fore
2416 1520 2857 1596 habendum
2912 1505 3160 1619 aperit
3212 1518 3289 1593 in
3348 1519 3617 1595 eodem
3662 1518 3855 1593 libro

624 1665 915 1766 ucontra
979 1623 1523 1753 Maximinum,
1567 1651 1888 1734 dicens:
1932 1635 2259 1733 Trinitas
2318 1660 2485 1734 haec
2543 1657 2774 1732 unius
2830 1656 3334 1754 ejusdemque
3403 1654 3855 1731 substantiae
3936 1629 3941 1634 ⁵

621 1799 809 1865 est:
849 1789 1034 1889 quia
1070 1815 1227 1865 non
1271 1793 1363 1868 de
1404 1792 1668 1891 aliqua
1723 1792 2066 1897 materia,
2113 1794 2235 1867 vel
2284 1793 2377 1867 de
2421 1791 2662 1866 nihilo
2701 1801 2817 1868 est
2857 1791 3120 1881 Filius,
3185 1790 3319 1867 sed
3378 1788 3472 1865 de
3530 1813 3683 1888 quo
3738 1799 3854 1865 est

628 1917 978 2032 genitus.
1024 1927 1371 2026 Itemque
1415 1928 1748 2026 Spiritus
1788 1937 2101 2004 sanctus
2130 1950 2299 2001 ‚non
2331 1926 2423 2002 de
2457 1927 2718 2025 aliqua
2751 1925 3094 2020 materia,
3128 1926 3251 2001 vel
3287 1924 3388 2000 de
3420 1923 3664 1998 nihilo
3704 1934 3845 2011 est,

617 2059 774 2147 ‚sed
809 2058 988 2136 inde
1029 2071 1144 2137 est
1187 2063 1391 2138 unde
1433 2063 1801 2168 procedit.
1850 2061 1990 2138 His
2022 2061 2287 2160 utique
2314 2061 2572 2137 verbis
2601 2071 2861 2161 aperte
2891 2060 3223 2137 ostendit
3256 2083 3351 2136 ea
3376 2060 3671 2135 ratione
3704 2058 3852 2134 dici

636 2196 921 2272 Filium
963 2221 1132 2274 esse
1200 2197 1295 2273 de
1355 2197 1786 2273 substantia
1827 2196 2077 2272 Patris
2143 2195 2327 2294 quia
2366 2205 2482 2270 est
2535 2195 2628 2272 de
2671 2195 2894 2271 Patre
2945 2193 3435 2293 genitus‚·ita
3495 2193 3701 2292 quod
3742 2201 3859 2268 est

630 2330 986 2431 ,ejusdem
1031 2333 1487 2409 substantioe
1519 2356 1697 2408 cum
1738 2356 1828 2409 eo
1865 2356 1881 2407 :
1930 2341 2004 2408 et
2032 2329 2401 2430 Spiritum
2444 2341 2794 2407 sanctum
2845 2353 3015 2406 esse
3074 2329 3168 2405 de
3234 2328 3666 2404 substantia
3710 2328 3852 2402 Pa·

640 2466 778 2544 tris
817 2479 894 2545 et
932 2469 1130 2564 Filii,
1168 2469 1352 2568 quia
1383 2470 1479 2546 ab
1522 2479 1851 2567 utroque
1889 2465 2259 2567 procedit,
2307 2465 2410 2540 ita
2438 2465 2642 2563 quod
2683 2475 2800 2543 est
2839 2465 3186 2562 ejusdem
3217 2463 3697 2541 substantiae.

2722 3111 3227 3183 ARTICULUS
3282 3113 3399 3183 lX.

1121 3131 1364 3178 mvtsto
1410 3129 1685 3175 Tssx‘rUS.

2298 3325 2543 3393 L'lrmn
2569 3324 2846 3415 quando
2883 3327 3219 3417 Maqister
3265 3326 3457 3409 dicit,
3506 3329 3837 3395 Translu-

2390 3433 2474 3501 le‘t
2511 3435 2583 3502 in
2613 3455 2898 3525 requam
2929 3433 3312 3513 charitatis,
3352 3433 3425 3522 ly
3485 3432 3832 3502 charitatis

2377 3545 2650 3638 copulet
2723 3543 3151 3612 dilectionem
3214 3542 3659 3618 notionum,
3722 3540 3829 3609 vel

2374 3653 2798 3723 essentialem
2827 3650 2868 3719 ?

715 3451 751 3491 ι
786 3426 1064 3494 Dicitur
1098 3446 1370 3515 quoque
1399 3426 1835 3514 frequentem·
1861 3429 1989 3489 etc.
2026 3447 2061 3483 n

713 3531 842 3600 llic
881 3531 1115 3622 incipit
1145 3554 1302 3621 pars
1357 3529 1471 3597 illa
1512 3531 1580 3597 in
1640 3551 1774 3620 qua
1824 3527 2173 3619 quaeritur,

622 3641 870 3711 Utrum
921 3642 1214 3710 essentia
1258 3642 1325 3707 in
1367 3662 1658 3730 persona
1694 3640 1807 3724 sit,
1866 3636 1974 3706 vel
2030 3659 2176 3706 esse

618 3746 834 3839 possit
865 3748 1198 3816 terminus
1229 3746 1688 3836 generationis
1716 3768 1753 3813 a
1794 3744 2074 3836 quo'vel
2108 3745 2175 3812 in

618 3876 823 3946 quem
849 3855 886 3920 ⁴?

617 4010 630 4053 3
704 3959 790 4027 Et
827 3959 1155 4027 dividitur
1185 3959 1254 4026 in
1284 3968 1509 4049 partes
1538 3967 1675 4027 tres
1704 3981 1720 4026 t
1746 3959 1815 4027 in
1846 3956 2179 4048 objectio·

617 4088 801 4147 nem,
845 4076 911 4135 et
950 4066 1393 4150 solutionem,
1440 4076 1505 4135 et
1555 4067 1622 4133 in
1673 4064 2047 4155 capitulum
2107 4066 2174 4132 in

2379 3966 2617 4034 lueidit
2683 3974 2910 4033 autem
2994 3962 3106 4033 hic
3172 3964 3455 4032 dubium
3552 3962 3634 4031 dc
3705 3962 3833 4030 hoc

2286 4074 2465 4166 quod
2507 4073 2666 4141 dicit
2708 4073 2777 4140 in·
2817 4072 3035 4163 primo
3076 4071 3374 4162 capitulo
3418 4092 3433 4137 ε
3482 4097 3515 4135 ι
3577 4072 3828 4138 Trans-

621 4197 755 4265 quo
785 4173 1053 4242 elicitur
1080 4173 1150 4240 id
1179 4173 1363 4265 quod
1395 4172 1697 4241 ulteriori
1737 4171 2175 4241 conclusione

617 4281 925 4371 sequitur
984 4302 1064 4348 ex
1115 4280 1637 4348 auctoritatibus
1697 4279 2013 4347 inductis.
2060 4278 2179 4346 Se·

615 4388 916 4458 cundum
952 4388 1185 4479 incipit
1228 4388 1345 4466 ihi,
1374 4387 1461 4470 K,
1496 4417 1527 4448 «
1566 4388 1692 4455 llis
1736 4386 1951 4454 verbis
1992 4409 2177 4477 prae—

619 4499 870 4575 missis,
940 4506 1067 4566 etc.
1110 4524 1142 4562 »
1220 4496 1524 4564 Tertium
1594 4496 1822 4589 incipit
1895 4494 2014 4575 ihi,
2096 4496 2169 4573 L,

629 4635 661 4669 σι
695 4605 1097 4675 ostenditur
1116 4628 1412 4696 quoque,
1448 4613 1578 4675 etc.
1622 4634 1652 4666 n

689 5619 709 5657 ¹
742 5616 797 5673 S.
831 5625 1209 5702 Ancum-mus,
1255 5626 1380 5687 Lib.
1415 5623 1488 5681 111
1522 5637 1730 5688 contra
1764 5629 2171 5695 Maximinum,

2285 4181 2452 4250 tulit
2509 4183 2576 4247 in
2641 4202 2927 4270 requiem
3000 4178 3176 4247 Filii
3236 4178 3596 4245 clem-italis
3656 4200 3823 4260 succ,

2284 4298 2409 4357 etc.
2450 4316 2483 4350 n
2545 4287 2783 4356 Utrum
2826 4287 2892 4378 ly
2935 4286 3298 4355 charitatis
3343 4284 3613 4376 copulet
3659 4284 3831 4353 dile-

2283 4399 2576 4465 ctionem
2661 4393 3106 4472 notionalem,
3165 4392 3272 4462 vel
3336 4393 3832 4461 essentialem?

2286 4504 2357 4573 Si
2398 4504 2680 4581 dicatur,
2715 4502 3156 4571 notionaletn.
3193 4502 3459 4570 Com-nx
3497 4527 3512 4571 :

2380 4614 2438 4682 1.
2474 4611 2780 4681 Charitas
2812 4611 3176 4679 notionalis
3206 4619 3305 4678 est
3340 4610 3631 4700 Spiritus
3670 4633 3825 4677 san-

2282 4730 2431 4788 ctus
2475 4741 2491 4788 :
2527 4744 2690 4811 crgo
2722 4720 3014 4797 videtur,
3048 4718 3232 4809 quud
3280 4727 3606 4808 sequatur
3643 4717 3823 4808 quod

2282 4826 2618 4895 transtulit
2671 4828 2739 4893 in
2795 4848 3077 4918 regnum
3138 4823 3282 4891 Filii
3338 4823 3629 4915 Spiritus
3668 4846 3829 4891 san-

2281 4935 2395 5003 cti.

2369 5046 2433 5109 2.
2471 5042 2826 5122 Praeterca,
2863 5042 3429 5111 Inconvcnienter
3457 5047 3824 5131 exponeret

2279 5149 2727 5238 Augustinus,
2763 5148 2877 5239 qui
2909 5147 3069 5216 dicit
3100 5146 3285 5238 quod
3324 5145 3665 5214 transtulit
3697 5168 3820 5214 nos

2285 5254 2353 5318 in
2396 5276 2678 5344 regnum
2722 5252 2870 5320 Filii
2902 5274 3039 5320 sua?
3075 5250 3496 5319 substantiae.

2289 5646 2418 5704 cap.
2453 5632 2541 5689 14.
