4897 6388
607 304 762 396 '11'8

637 517 842 586 snper
869 483 1131 585 partem
1165 484 1387 586 ‘partis
1431 501 1722 569 tantum,
1790 490 1906 557 sed
1947 491 2171 577 imago

641 611 740 671 est
795 601 1117 694 expressa
1179 601 1550 672 similitudo
1610 602 1678 664 in
1734 594 2175 664 exterioribus

637 737 844 805 super
894 722 1139 783 totum.
1194 711 1402 779 Aliud
1440 717 1540 777 est
1597 705 1775 796 quod
1814 702 2173 792 vestigium

636 845 777 891 non
825 821 987 888 dicit
1024 817 1568 889 convenientiam
1616 812 2022 879 exteriorum
2066 829 2178 876 se-

634 928 937 997 cundum
976 925 1163 1016 quod
1191 924 1276 992 ab
1317 921 1751 990 interioribus
1790 927 2169 993 causantur,

602 1036 808 1104 ‘sicut
836 1034 1227 1111 senectutis»,
1262 1031 1716 1124 pinguediniS,
1743 1028 2009 1104 coloris,
2034 1025 2179 1115 pul-

629 1140 1061 1226 chritudiniS,
1124 1149 1193 1208 et
1248 1137 1641 1229 hujusmodi
1701 1157 1716 1204 ε
1778 1134 1893 1202 sed
1948 1133 2174 1221 imago

632 1248 841 1317 talem
886 1251 1082 1341 ponit
1122 1246 1668 1317 convenientiam
1717 1245 1786 1310 in
1825 1241 2177 1310 exteriori-

631 1356 787 1440 bus,
818 1380 941 1448 per
964 1378 1117 1449 quae
1147 1352 1407 1445 aliquid
1435 1355 1503 1419 in
1538 1345 1968 1419 interioribus
1998 1370 2181 1415 com-

629 1461 1098 1556 prehenditur.
1130 1463 1357 1531 Tertia
1393 1459 1771 1529 differentia
1816 1466 1918 1524 est
1966 1478 1982 1524 ε
2021 1454 2177 1545 quia

602 1571 995 1661 ·vestigium
1053 1576 1155 1637 est
1191 1569 1263 1636 in
1321 1567 1668 1650 omnibuS,
1771 1564 1887 1633 sed
1947 1564 2174 1652 imago

634 1684 903 1745 tantum
960 1676 1032 1745 in
1084 1684 1396 1745 creatura
1448 1675 1781 1765 digniore,
1825 1679 1891 1739 et
1945 1690 2179 1738 secun-

633 1784 797 1852 dum
829 1783 1213 1877 digniorem
1254 1785 1400 1872 ejus
1432 1791 1720 1872 partem.
1770 1777 2023 1857 Quarta
2051 1784 2172 1853 est,

632 1894 818 1985 quod
881 1893 1250 1984 vestigium
1307 1914 1447 1959 non
1506 1890 1691 1959 ducit
1728 1889 1855 1955 nisi
1894 1885 2176 1954 obscure

356 2063 365 2070 .
596 2002 699 2094 jin
735 1999 1061 2069 attributa
1117 2020 1565 2089 personarum
1612 2019 1626 2062 :
1674 1997 1901 2085 imago
1949 2001 2174 2060 autem

631 2105 990 2198 aequ'aliter
1034 2105 1108 2173 in
1171 2106 1678 2197 processionem
1736 2121 2171 2194 personarum

631 2213 717 2284 ab
764 2214 1087 2295 invicem,
1130 2222 1198 2283 et
1250 2209 2018 2282 consubstantialitatem
2057 2229 2174 2275 ea-

590 2339 593 2342 ’
628 2347 811 2405 rum,
844 2331 913 2393 et
950 2324 1157 2394 etiam
1195 2324 1677 2416 aequalitatem‚
1713 2320 1882 2388 sicut
1902 2319 2045 2407 jam
2078 2316 2176 2382 in-

624 2433 728 2501 fra
767 2432 1050 2513 dicetur,
1096 2430 1370 2523 quando
1423 2429 1815 2498 ostendetur
1858 2426 2023 2494 ordo
2081 2424 2175 2491 is-

626 2547 858 2608 tarum
902 2539 1183 2620 virium,
1244 2545 1312 2607 et
1359 2537 1735 2629 aequalitaS‚
1778 2545 1844 2604 et
1888 2532 2175 2602 consub-

629 2646 1037 2717 stantialitas
1071 2669 1087 2715 ε
1129 2654 1198 2714 et
1227 2645 1378 2714 idco
1408 2647 1611 2714 etiam
1640 2644 2002 2735 vestigium
2035 2667 2172 2713 non

626 2755 903 2848 proprie
940 2763 1167 2847 potest
1214 2754 1346 2823 dici
1382 2753 1772 2823 similitudo
1819 2765 1883 2822 et
1917 2755 2166 2822 unitas.

1064 3180 1568 3252 ARTlCULUS
1616 3178 1772 3250 XX.

744 3400 915 3485 Quae
946 3398 1086 3466 sint
1114 3397 1485 3489 inzaqiaezem
1514 3393 1990 3463 constituentia
2016 3390 2058 3459 ?

714 3721 1032 3792 Secundo
1099 3721 1451 3814 quaeritur,
1511 3721 1677 3800 Quae
1734 3723 1867 3789 sint
1922 3721 2167 3811 imagi-

572 3861 579 3867 ’
621 3852 780 3921 nem
820 3829 1359 3899 constituentia?
1413 3828 1494 3896 Et
1524 3826 1768 3896 dicitur
1802 3828 1887 3895 ab
1925 3828 2166 3918 Augu-

574 3931 830 4035 'ssim’
864 3938 1051 4030 quod
1106 3938 1464 4015 memoria,
1493 3945 1557 4005 et
1591 3935 2050 4027 intelligentia,
2099 3946 2165 4004 et

574 4064 579 4069 ’
620 4046 966 4116 voluntas.

570 4158 577 4170 '
710 4152 1075 4235 Quaeratur
1111 4176 1304 4246 ergo,
1349 4151 1527 4232 Quid
1559 4153 1645 4221 sit
1692 4152 2016 4220 memoria
2054 4174 2165 4220 se-

617 4262 920 4332 cundum
978 4261 1162 4354 quod
1216 4262 1582 4352 imaginem
1640 4262 2034 4330 constituit?
2084 4260 2163 4328 Et

622 4370 781 4440 dicit
812 4369 1184 4463 Gregorius
1234 4369 1553 4438 Nicaenus
1601 4371 1781 4460 quod
1823 4394 2164 4439 meinora-

620 4481 839 4550 tivum
886 4488 989 4549 est
1045 4480 1393 4548 memoriae
1459 4488 1523 4548 et
1581 4480 2161 4548 rememorationis

621 4609 827 4656 causa
853 4594 920 4656 et
956 4587 1526 4678 promptuarium.
1571 4586 1897 4678 Origenes
1934 4596 2158 4656 autem

621 4694 808 4774 dicit,
860 4693 1046 4788 quod
1093 4703 1196 4762 est
1241 4692 1599 4785 phantasia
1640 4694 1867 4763 relicta
1906 4695 1990 4762 ab
2034 4695 2162 4762 ali-

624 4825 763 4895 quo
800 4825 1005 4872 sensu
1067 4801 1443 4871 secundum
1489 4810 1713 4871 actum
1771 4811 2154 4895 apparente.

621 4911 1088 4982 Damascenus
1126 4917 1356 4978 autem
1386 4909 1569 4993 dicit,
1604 4910 1785 5002 quod
1833 4912 2158 4980 memoria

622 5025 725 5088 est
770 5016 1203 5086 conservatio
1250 5039 1490 5085 sensus
1553 5028 1619 5085 et
1672 5018 2152 5110 intelligentiae.

612 5124 1045 5216 Augustinus
1095 5131 1323 5191 autem
1374 5124 1442 5190 in
1481 5123 1656 5192 libro
1697 5124 1822 5192 Xll
1878 5128 2160 5215 Confes-

610 5234 885 5301 sionum
932 5254 949 5301 :
993 5230 1304 5300 Praesens
1334 5230 1417 5300 de
1449 5234 1801 5323 praeteritis
1831 5234 2156 5301 memoria

615 5349 741 5410 est.
797 5338 1061 5406 Tullius
1100 5347 1327 5406 autem
1369 5338 1555 5419 dicit,
1598 5339 1778 5430 quod
1831 5341 2154 5407 memoria

619 5456 724 5518 est
757 5449 1288 5539 praeteritorum.

712 5555 1074 5636 Quaeratur
1120 5577 1309 5647 ergo,
1367 5553 1757 5624 Secundum
1798 5580 2001 5648 quam
2058 5583 2153 5626 ra·

586 5666 876 5736 -tionem
907 5666 1190 5733 istarum
1230 5662 1710 5732 diffinitionum
1741 5667 1914 5734 cadit
1945 5669 2009 5734 in
2051 5690 2152 5735 ra—

1659 323 1742 390 D.
1785 319 1978 387 ALB.
2019 312 2234 383 MAG.
2289 310 2493 379 om).
2547 312 2842 381 PRAED.

2275 480 2462 545 tione
2511 481 2884 568 imaginis?
2923 479 3007 547 Et
3033 480 3307 548 videtur
3352 476 3538 570 quod
3587 499 3835 545 secun-

2277 584 2437 651 dum
2472 586 2753 653 nullam.

2370 695 2428 758 1.
2455 692 2705 761 Omnes
2724 695 2904 761 enim
2922 695 3064 762 istae
3083 695 3522 763 diffinitiones
3544 715 3839 783 suppon—

2278 809 2398 867 unt
2425 804 2824 869 memoriam
2860 824 2993 869 non
3035 823 3181 870 esse
3203 812 3464 892 partem
3491 799 3840 869 rationalis

2278 910 2545 987 animae,
2572 911 2690 977 sed
2711 909 3091 978 sensibilis:
3127 932 3290 1000 ergo
3324 910 3618 989 videtur,
3654 907 3837 999 quod

2277 1017 2611 1083 memoria
2659 1017 2845 1085 nullo
2886 1018 3091 1086 modo
3149 1018 3237 1085 sit
3280 1039 3436 1108 pars
3492 1017 3829 1107 imaginiS.

2368 1127 2432 1191 2.
2471 1124 2833 1209 Praeterea,
2869 1126 3216 1219 Quidquid
3254 1126 3642 1196 considerat
3670 1135 3837 1193 tem-

2279 1254 2405 1322 pus
2436 1231 2562 1299 sub
2593 1233 3038 1308 determinata
3067 1233 3450 1303 differentia
3478 1234 3828 1324 temporiS,

2280 1339 2505 1429 ipsum
2537 1363 2675 1408 non
2709 1350 2812 1409 est
2867 1350 3211 1410 remotum
3244 1364 3286 1409 a
3326 1339 3833 1409 conditionibus

2281 1447 2603 1531 materiae,
2659 1472 2813 1516 cum
2863 1458 3131 1539 tempus
3179 1450 3268 1517 sit
3306 1471 3445 1516 una
3492 1445 3838 1516 conditio-

2281 1577 2445 1621 num
2504 1557 2802 1624 materiae
2858 1558 3195 1648 praecipua
3254 1556 3435 1624 :sed
3500 1554 3836 1624 memoria

2280 1661 2375 1727 sic
2413 1663 2798 1731 considerat
2831 1672 3103 1757 tempus
3148 1687 3164 1732 ε
3200 1686 3364 1755 ergo
3406 1684 3547 1731 non
3587 1670 3690 1730 est
3723 1684 3835 1729 re-

2282 1779 2466 1837 mota
2496 1794 2534 1838 a
2561 1771 3066 1841 conditionibus
3099 1774 3426 1841 materiae.
3462 1772 3694 1839 Prima
3720 1793 3836 1861 pa-

2280 1886 2375 1946 tet
2411 1901 2531 1969 per
2586 1903 2683 1948 se.
2748 1880 3061 1950 Secunda
3126 1881 3460 1972 probatur
3515 1903 3637 1970 per
3705 1879 3837 1947 hoc

2280 1986 2466 2077 quod
2495 1987 2654 2055 dicit
2695 1988 3065 2080 Gregorius
3104 1989 3427 2057 Nicaenus
3471 1989 3570 2056 sic
3612 2009 3628 2054 :
3683 1986 3835 2055 Me-

2281 2096 2530 2162 morari
2562 2095 2852 2164 dicimur
2889 2095 3073 2188 quod
3110 2097 3301 2187 prius
3331 2096 3688 2176 scivimuS‚
3724 2093 3833 2161 vel

2275 2204 2690 2288 audivimus.
2741 2207 2850 2274 vel
2909 2207 3106 2276 aliter
3161 2207 3455 2297 qualiter
3501 2206 3832 2297 cognovi-

2279 2333 2478 2378 mus:
2542 2312 2731 2401 prius
2787 2321 3015 2381 antem
3049 2311 3451 2382 relationem
3492 2309 3699 2381 habet
3747 2311 3833 2379 ad

2276 2426 2543 2507 tempus
2584 2421 3026 2508 praeteritum.
3072 2419 3239 2488 Inde
3268 2422 3366 2490 sic
3406 2441 3423 2488 ε
3481 2417 3832 2510 Quidquid

2278 2548 2411 2592 non
2460 2525 2787 2594 abstrahit
2844 2550 2884 2594 a
2938 2525 3449 2596 conditionibus
3497 2526 3822 2604 materiae,

2277 2642 2377 2702 est
2407 2656 2562 2725 pars
2591 2635 2928 2703 sensibilis
2959 2636 3235 2719 animae,
3263 2644 3330 2704 et
3361 2657 3499 2704 non
3532 2635 3830 2702 rationa-

2276 2740 2357 2808 lis
2416 2761 2433 2810 ε
2482 2741 2814 2810 memoria
2852 2765 2990 2811 non
3049 2741 3385 2810 abstrahit
3430 2765 3446 2810 :
3507 2764 3672 2833 ergo
3729 2750 3832 2808 est

2274 2871 2429 2939 pars
2448 2849 2788 2918 sensibilis
2826 2852 3099 2938 animm,
3134 2860 3200 2920 et
3242 2873 3381 2919 non
3415 2850 3764 2918 rationalis
3811 2871 3827 2916 ε

2275 2978 2437 3046 ergo
2467 2978 2603 3024 non
2644 2956 2843 3024 debet
2872 2979 3020 3026 esse
3065 2979 3222 3048 pars
3261 2957 3609 3049 imaginis.

2364 3067 2428 3133 3.
2491 3065 2639 3134 lloc
2687 3064 2866 3134 idem
2925 3066 3195 3136 videtur
3241 3088 3558 3160 expresse
3609 3064 3830 3134 dicere

2274 3175 2639 3267 Gregorius
2684 3174 3003 3245 Nicaenus
3049 3178 3147 3246 sic
3192 3200 3207 3247 :
3255 3175 3626 3246 Sensihilia
3672 3175 3831 3267 qui-

2271 3285 2426 3353 dem
2458 3285 2604 3374 ipsa
2632 3285 3005 3354 secundum
3058 3309 3130 3355 se
3179 3295 3675 3366 memorantur,
3718 3286 3846 3377 ἰῐι-μ

2272 3394 2677 3464 tellectualia
2739 3418 2902 3464 vero
2958 3396 3334 3466 secundum
3410 3394 3723 3465 accidens
3800 3417 3817 3461 ε

2270 3505 2431 3594 quia
2475 3513 2540 3570 et
2569 3503 3035 3595 cogitabilium
3070 3505 3402 3574 memoria
3441 3527 3525 3573 ex
3570 3525 3821 3595 praeas-

2268 3618 2535 3703 sumpta
2564 3610 2921 3702 phantasia
2962 3611 3059 3682 tit.

2359 3721 2421 3787 i.
2468 3720 2665 3804 item,
2708 3721 3169 3790 Damasccnus
3202 3744 3219 3791 ε
3259 3721 3625 3790 Sensihilia
3665 3722 3822 3812 qui-

2266 3828 2419 3896 dem
2488 3829 2860 3897 secundum
2919 3852 2991 3898 se
3049 3831 3402 3899 memoriae
3460 3850 3820 3898 commen-

2264 3937 2533 4004 dantur.

2351 4051 2417 4114 55.
2466 4047 2659 4125 item,
2703 4047 3156 4117 Aristoteles:
3191 4049 3527 4118 Memoria
3556 4047 3819 4117 intelle-

2262 4165 2410 4224 ctus
2448 4156 2721 4248 quidem
2756 4165 2858 4225 est
2896 4157 3272 4226 secundum
3323 4155 3663 4235 accidens,
3698 4180 3818 4247 per

2260 4287 2331 4331 se
2370 4272 2597 4332 autem
2645 4265 2839 4355 primi
2874 4264 3205 4334 sensitivi.

2350 4374 2415 4437 ti.
2452 4371 2648 4453 ltem,
2686 4372 3081 4440 Aristoteles
3136 4395 3150 4438 :
3211 4371 3284 4440 Si
3327 4373 3662 4441 memoria
3708 4375 3817 4441 in-

2263 4477 2749 4547 tellectivarum
2795 4482 3089 4571 partium
3138 4490 3342 4565 esset,
3397 4504 3536 4550 non
3578 4483 3812 4572 utique

2261 4586 2507 4655 inesset
2539 4587 2771 4655 multis
2799 4587 3088 4656 aliorum
3120 4587 3553 4667 animalium,
3577 4586 3818 4656 fortas·

2261 4695 2353 4762 sis
2383 4702 2607 4763 autem
2641 4695 2831 4763 nullo
2863 4696 3069 4764 modo
3114 4693 3538 4763 mortalium.

2354 4802 2454 4870 Ex
2478 4801 2798 4871 omnihus
2843 4802 2949 4871 his
3001 4810 3212 4895 patet,
3256 4802 3439 4894 quod
3481 4804 3815 4872 memoria

2260 4935 2395 4980 non
2426 4921 2827 5003 potestesse
2860 4936 3015 5004 pars
3044 4913 3391 5004 imaginis.

2347 5123 2579 5191 Eoum
2635 5124 2836 5192 modo
2903 5126 3229 5215 quaeritur
3293 5125 3377 5193 de
3425 5126 3806 5219 intelligen-

2258 5236 2374 5317 tia,
2457 5234 2697 5303 Utrum
2775 5235 2917 5326 ipsa
3003 5237 3089 5303 sit
3161 5258 3318 5326 pars
3399 5238 3720 5330 imaginis
3770 5248 3803 5307 ⁴?
3877 5280 4125 5336 Quam,

2257 5342 2342 5410 Et
2421 5342 2689 5412 videtur
2729 5398 2746 5429 ‚
2834 5342 3017 5435 quod
3094 5367 3231 5412 non
3288 5367 3303 5412 ε
3411 5356 3532 5415 aut
3624 5351 3806 5417 enim

2257 5452 2703 5543 intelligentia
2759 5461 2859 5520 est
2931 5451 3310 5522 intellectus
3377 5477 3614 5545 agens,
3697 5467 3814 5527 aut

2259 5559 2624 5650 possibilis.
2704 5568 2817 5628 aut
2902 5560 3360 5652 speculativus
3457 5566 3604 5632 sive
3688 5566 3821 5634 sor-

2259 5666 2497 5752 malis,
2593 5678 2711 5736 aut
2784 5670 3162 5737 intellectus
3246 5672 3365 5760 qui
3456 5695 3497 5741 a
3574 5672 3814 5742 Philo-
