4897 6388
716 322 846 390 624
967 357 973 361 ·

704 493 793 560 ab
851 482 1367 557 auctoritatib‘us
1423 497 1630 565 supra
1689 473 1961 561 positiS,
2026 468 2141 546 ibi,
2196 468 2275 545 Β,
2485 467 2547 534 3.
2585 465 2786 553 Item,
2830 467 3004 536 Cum
3038 469 3308 553 dicitur,
3343 470 3714 537 rationalis
3757 480 3960 535 natu-

711 623 745 664 «
789 601 1099 664 Persona
1137 590 1345 665 enim,
1393 596 1468 651 ιιι
1505 603 1728 672 supra
1790 578 1893 646 ait
1945 576 2282 666 Auqusli-
2396 596 2512 650 νει»,
2548 577 2843 642 sumitur
2871 585 3117 644 natura
3149 578 3219 644 in
3269 577 3499 667 aliqua
3566 575 3951 644 communi-

712 726 870 785 ηας,
904 709 1031 768 etc.
1063 726 1095 760 υ
1131 697 1208 763 In
1249 693 1477 769 tertie,
1546 687 1744 778 ponit
1797 688 2133 752 rationem
2197 703 2278 747 ex
2392 686 2529 745 tate
2565 702 2580 746 ε
2618 679 2761 748 haec
2801 692 3032 750 autem
3085 687 3547 751 communitas
3605 680 3954 750 contrahi-

707 818 952 876 natura
992 805 1306 875 dictionis
1366 796 1859 885 interrogative
1906 798 2273 879 sumptam,
2390 794 2502 850 tur
2540 785 2608 851 in
2652 810 2940 877 persona
2989 812 3115 879 per
3168 789 3300 858 hoc
3330 791 3515 881 quod
3554 789 3812 881 aliquid
3840 787 3956 854 ad-

707 915 927 999 ibi,C,
966 940 998 980 «
1025 914 1247 981 Aliter
1274 911 1482 977 etiam
1504 913 1728 995 potest
1749 898 2042 975 ostendi,
2086 905 2210 962 etc.
2240 917 2271 958 ι»
2391 890 2535 958 dit:
2582 913 2746 983 ergo
2785 918 3082 984 persona
3129 898 3202 963 in
3239 897 3587 965 additione
3645 921 3717 965 se
3745 895 3951 963 habet

1805 300 1891 367 D.
1944 298 2142 365 ALB.
2194 295 2405 363 MAG.
2466 294 2672 363 ORD.
2726 297 3028 365 PRAED.

708 1023 788 1089 In
817 1029 1087 1111 quarto,
1127 1019 1320 1107 ponit
1359 1012 1765 1102 opinionem
1796 1005 1920 1072 has
1979 1004 2271 1071 rationes
2389 998 2474 1064 ad
2505 1009 2821 1070 naturam
2858 1026 2874 1074 ε
2947 1028 3112 1095 ergo
3153 1015 3256 1074 est
3298 1010 3708 1097 composita,
3767 1006 3951 1097 quod

707 1129 1163 1220 sequentium,
1215 1124 1333 1200 ibi,
1376 1120 1462 1198 D,
1494 1143 1527 1182 α
1562 1112 2032 1201 Quibuisdam
2088 1108 2276 1176 vide-
2386 1105 2631 1175 falsum
2667 1120 2790 1196 est,
2826 1135 2987 1182 cum
3031 1117 3100 1180 in
3140 1115 3390 1184 divinis
3433 1117 3735 1206 ejusdem
3779 1121 3951 1187 sim-

707 1249 845 1317 tur,
890 1236 1078 1327 quod
1113 1234 1384 1300 nomine
1419 1244 1760 1318 personae,
1805 1230 1933 1288 etc.
1971 1245 2002 1281 ι)

1176 1592 1681 1666 AR'rlCULUS
1733 1592 1790 1658 1.
1887 1577 1892 1582 ⁵

710 1829 899 1916 Quid
909 1828 999 1895 sit
1010 1845 1301 1917 persona
1321 1817 1697 1888 secundum
1717 1812 2213 1903 diffinitionem
2234 1809 2268 1874 ⁴?

796 2091 1111 2159 Incidunt
1158 2095 1385 2156 autem
1437 2084 1592 2151 duae
1643 2083 2061 2170 quaestiones
2114 2086 2267 2145 ante

707 2202 991 2277 Littera,
1041 2197 1295 2266 scilicet
1325 2194 1488 2286 quid
1554 2191 1641 2258 sit
1678 2212 1981 2280 persona
2027 2210 2265 2257 secun-

707 2308 870 2376 dum
916 2307 1392 2375 diffinitionem
1429 2302 1466 2368 Ῥ
1503 2299 1612 2378 Et,
1649 2298 1903 2366 Utrum
1944 2299 2268 2364 univoce-

705 2417 905 2484 turin
936 2414 1182 2482 divinis
1211 2410 1523 2503 personis
1548 2414 1617 2475 et
1653 2406 1904 2473 creatis
1925 2406 1962 2472 Ῥ

795 2629 900 2695 An
931 2649 1185 2694 rantum
1235 2626 1515 2716 ponitur
1563 2620 1887 2688 diffinitio
1921 2619 2138 2688 Boetii
2197 2619 2265 2684 in

705 2733 879 2802 libro
910 2733 993 2801 de
1027 2732 1316 2801 Duabus
1343 2731 1616 2799 naturis
1656 2728 1728 2794 in
1772 2751 1918 2795 mm
1976 2750 2265 2818 persona

703 2841 956 2911 Christi
984 2864 1009 2911 .·
1075 2842 1375 2910 Persona
1446 2847 1547 2907 est
1598 2836 1958 2905 rationalis
2003 2843 2260 2903 naturae

693 2947 1043 3016 individua
1094 2947 1498 3015 substantia.
1562 2943 1722 3011 Alia
1769 2942 2092 3010 diffinitio
2166 2950 2267 3009 est

693 3054 1012 3125 Richardi
1039 3057 1105 3123 in
1145 3064 1388 3147 quarto
1421 3053 1598 3122 libro
1629 3073 1762 3119 suo
1781 3050 1867 3118 de
1910 3050 2258 3128 Trinitate‚

692 3166 814 3249 sic,
852 3163 1224 3234 Personam
1269 3164 1561 3232 dicimus
1600 3158 1910 3251 aliquem
1960 3159 2183 3228 solum
2223 3182 2262 3228 a

689 3275 951 3341 caeteris
980 3272 1302 3340 omnihus
1321 3268 1650 3363 singulari
1682 3268 2101 3359 proprietate
2132 3267 2263 3335 dis-

688 3389 975 3450 cretum.
1038 3386 1236 3463 ltem,
1301 3381 1502 3459 infra,
1583 3376 1889 3445 ibidem:
1964 3376 2260 3444 l‘ersona

689 3487 923 3557 divina
952 3499 1053 3557 est
1083 3490 1330 3558 divinae
1357 3497 1615 3557 naturae
1647 3484 2262 3554 incommunicabi-

686 3596 771 3665 lis
815 3599 1199 3667 existentia.
1234 3599 1435 3675 Item,
1472 3595 1672 3671 infra,
1738 3593 1997 3663 ibidem
2034 3615 2049 3660 :
2093 3591 2263 3661 Per-

687 3725 859 3771 sona
876 3712 977 3772 est
998 3705 1296 3773 existens
1325 3728 1445 3795 per
1493 3726 1565 3771 se
1603 3700 1836 3770 solum
1869 3701 2067 3789 juxta
2112 3701 2260 3768 sin-

687 3809 992 3900 gularem
1026 3811 1376 3880 rationalis
1408 3819 1667 3878 naturae
1698 3809 2083 3876 existentia·
2114 3831 2260 3876 mo-

684 3916 875 3987 dum.
910 3917 1062 3986 Alia
1084 3917 1341 3986 datura
1376 3915 1748 4006 Magistris‚
1783 3914 1935 3983 hwc
1964 3915 2253 4000 scilicet,

689 4025 989 4095 Persona
1021 4037 1121 4095 est
1165 4026 1553 4119 hypostasis
1593 4024 1919 4093 distincta
1951 4026 2258 4116 proprie-

686 4142 821 4204 tate
852 4135 936 4202 ad
967 4135 1368 4225 dignitatem
1402 4135 1813 4226 pertinente.

777 4242 1115 4332 Objicitur
1151 4253 1376 4311 autem
1422 4252 1660 4310 contra
1696 4245 1995 4333 primam
2032 4265 2046 4309 :
2101 4246 2255 4334 quia

782 4350 840 4417 ¹.
871 4348 1191 4439 Magister
1222 4350 1407 4429 dicit,
1441 4349 1626 4441 quod
1688 4349 1808 4415 illa
1865 4351 2080 4417 lloetii
2149 4351 2258 4417 ‹le-

685 4457 962 4546 scriptio
984 4479 1469 4547 persona-,non
1492 4461 1823 4526 convenit
1846 4457 2095 4526 divinis
2115 4480 2259 4547 per-

688 4562 885 4629 sonis
929 4565 973 4629 ³.

772 4672 838 4735 2.
871 4669 1018 4737 lloc
1064 4674 1268 4739 etiam
1301 4696 1424 4764 per
1474 4673 1816 4741 rationem
1880 4673 2261 4740 ostenditur

688 4777 830 4845 sic:
867 4776 1217 4869 Quidquid
1249 4803 1388 4847 non
1430 4790 1531 4846 est
1575 4780 1934 4847 rationalis
1977 4791 2256 4863 naturae,

691 4904 833 4950 non
857 4890 957 4950 est
995 4907 1330 4974 persona:
1377 4886 1562 4953 Deus
1592 4908 1736 4953 non
1767 4896 1873 4954 est
1913 4887 2259 4955 rationalis

687 4999 947 5059 naturoe
985 5013 1001 5060 t
1045 5017 1208 5085 ergo
1267 5017 1408 5061 non
1465 5004 1566 5062 est
1633 5016 1958 5084 persona.
2041 4996 2257 5063 Pam

688 5106 874 5188 patet
911 5122 1037 5190 per
1065 5123 1160 5169 se.
1200 5102 1508 5171 Saces-na
1567 5101 1909 5192 probatur
1961 5126 2081 5194 per
2130 5103 2259 5171 hoc

689 5206 873 5296 quod
907 5209 1232 5279 rationale
1262 5221 1362 5279 est
1393 5211 1781 5278 differentia
1805 5210 2097 5279 divisiva
2122 5214 2262 5279 ani·

689 5313 890 5381 malis
926 5338 941 5382 :
980 5315 1162 5384 Deus
1193 5328 1421 5386 autem
1455 5316 1714 5386 animal
1748 5341 1894 5386 non
1935 5328 2059 5405 est,
2102 5320 2258 5411 quia

691 5442 939 5511 corpus
969 5446 1109 5492 non
1149 5434 1483 5517 est2ergo
1530 5424 1891 5493 rationalis
1947 5449 2085 5494 non
2133 5436 2253 5495 est.

766 5656 784 5691 ¹
816 5652 902 5711 Cf.
935 5656 1011 5713 111
1042 5656 1506 5728 Sententiarum,
1530 5657 1682 5713 Dist.
1716 5656 1796 5726 Χ,
1824 5675 1960 5732 cap.
1997 5663 2047 5718 ¹.

2388 1215 2709 1305 plicitatis
2750 1222 2837 1288 sit
2864 1246 3162 1312 persona
3213 1234 3279 1292 et
3317 1234 3586 1294 natura.

2474 1326 2539 1390 4.
2586 1325 2951 1409 Praeterea,
2988 1331 3163 1399 Cum
3214 1332 3486 1416 dicitur,
3539 1332 3941 1414 substantia,

2388 1435 2704 1513 essentia,
2763 1459 3086 1526 persona,
3146 1447 3438 1507 natura:
3529 1464 3739 1532 quare
3806 1465 3945 1510 non

2383 1537 2553 1605 dixit
2582 1562 2944 1629 personam
2978 1568 3129 1614 esse
3189 1546 3641 1615 substantiam
3698 1548 3942 1616 indivi-

2382 1651 2586 1714 duam
2623 1652 2974 1722 rationalis
3012 1657 3327 1724 essentiae
3365 1655 3477 1724 vel
3509 1656 3934 1746 substantiae,

2381 1757 2557 1823 sicut
2583 1767 2845 1830 naturae
2874 1765 2911 1830 ⁴?

2469 1970 2540 2038 Si
2584 1972 2755 2043 rorte
2795 1975 3006 2056 dicas,
3042 1976 3232 2068 quod
3269 1999 3572 2067 persona
3611 1988 3716 2048 est
3753 1980 3941 2068 ejus-
4008 2024 4244 2076 Qum„
4369 1987 4378 1995 ’

2376 2081 2531 2149 dem
2579 2085 3037 2176 simplicitatis
3085 2110 3246 2155 cum
3299 2096 3567 2172 natura,
3628 2096 3696 2156 et
3769 2086 3938 2155 nihil

2376 2188 2563 2257 addit
2596 2212 2612 2258 ε
2660 2194 2820 2281 quia
2852 2216 2994 2261 non
3025 2193 3276 2262 dicitur
3313 2203 3539 2262 utens
3568 2193 3652 2262 de
3706 2216 3943 2262 essen·
3989 2178 3997 2185 ’

2377 2297 2469 2363 tia
2498 2295 2768 2366 diffiniti
2801 2299 2987 2390 quod
3019 2301 3090 2368 in
3122 2300 3533 2369 diffinitione
3564 2300 3743 2368 cadit
3772 2300 3940 2368 obli·

2375 2426 2534 2494 que,
2576 2405 2948 2497 sicutsscum
2987 2406 3241 2476 dicitur
3269 2409 3524 2476 simum
3584 2406 3695 2476 vel
3741 2408 3942 2475 simi-

2375 2521 2475 2581 tas
2527 2515 2674 2582 nasi
2741 2518 3065 2595 curvitaS‚
3137 2526 3205 2584 et
3262 2515 3584 2584 claudum
3640 2518 3938 2584 curvitas

2372 2623 2611 2702 cruris,
2649 2646 2788 2692 non
2841 2624 3091 2693 dicitur
3146 2625 3278 2693 nisi
3337 2648 3605 2692 unum:
3670 2625 3831 2715 quia
3870 2623 3940 2691 id

2372 2728 2554 2819 quod
2586 2729 2863 2822 oblique
2889 2731 3072 2800 cadit
3102 2732 3225 2810 ibi,
3259 2754 3399 2799 non
3431 2740 3532 2799 est
3562 2731 3644 2800 de
3713 2753 3939 2800 essen·

2372 2839 2464 2904 tia
2496 2838 2666 2926 ejus.
2714 2839 2814 2921 Si,
2857 2843 3171 2931 inquam,
3206 2839 3303 2909 sic
3333 2839 3543 2908 dicas,
3605 2837 3880 2907 Conna
3914 2862 3932 2906 ε

2464 2946 2523 3011 1.
2556 2944 2777 3014 Aliter
2812 2956 2916 3016 est
2951 2948 3023 3016 in
3054 2946 3463 3016 diffinitione
3504 2944 3933 3027 substantiae,

2370 3059 2435 3121 et
2464 3052 2660 3121 aliter
2699 3057 2767 3123 in
2809 3054 3220 3124 diffinitione
3240 3055 3636 3133 accidentis,
3666 3062 3741 3122 ut
3775 3054 3939 3124 dicit

2371 3159 2836 3253 Philosophus
2905 3165 2972 3232 in
3048 3162 3179 3231 vn
3287 3164 3538 3256 prima.-
3605 3161 3936 3230 Philoso-

2362 3267 2570 3358 pleiae,
2612 3272 2772 3360 quia
2814 3272 2883 3361 in
2923 3270 3338 3339 diffinitione
3366 3268 3765 3337 substantiae
3796 3290 3936 3335 non

2369 3378 2688 3469 recipitur
2716 3381 3053 3464 accidens,
3086 3380 3208 3450 sed
3248 3382 3319 3449 in
3358 3380 3767 3448 diffinitione
3815 3400 3936 3447 ac-

2364 3486 2647 3555 cidentis
2706 3512 2978 3559 necesse
3008 3499 3111 3559 est
3181 3489 3479 3581 recipere
3519 3487 3927 3579 subjectum,

2363 3603 2480 3662 aut
2510 3594 3068 3677 determinatum,
3103 3598 3281 3667 sicut
3329 3599 3399 3665 in
3444 3597 3721 3688 propria
3768 3616 3932 3686 pas-

2362 3706 2550 3772 sione
2577 3727 2593 3773 :
2620 3714 2737 3774 aut
2778 3706 3413 3789 indeterminatum,
3437 3706 3614 3774 sicut
3644 3706 3715 3772 in
3749 3702 3927 3772 aliis.

2364 3810 2535 3878 Cum
2570 3834 2736 3904 ergo
2783 3812 3123 3882 diffinitur
3158 3834 3482 3906 persona,
3527 3820 3646 3879 aut
3703 3810 3936 3879 difini-

2362 3927 2473 3984 tur
2502 3918 2675 3986 sicut
2707 3920 3088 3989 substantia
3121 3920 3480 4013 supposita
3513 3942 3529 3986 ε
3563 3919 3741 3987 sicut
3769 3917 3932 3987 dicit

2367 4021 2647 4091 Boetius
2678 4048 3023 4117 expresse,
3058 4026 3243 4118 quod
3276 4046 3569 4117 persona
3618 4024 3932 4091 nominat

2361 4131 2816 4201 substantiam
2858 4136 3286 4226 suppositam
3333 4155 3350 4200 :
3413 4142 3530 4201 aut
3601 4131 3934 4199 diffinitur

2366 4248 2438 4305 ut
2504 4242 2816 4309 accidens
2872 4266 3270 4321 commune,
3340 4242 3446 4310 vel
3519 4242 3868 4332 proprium
3906 4262 3923 4307 ε

2367 4348 2524 4435 quia
2557 4370 2694 4416 non
2721 4360 2819 4417 est
2853 4351 3015 4419 dare
3051 4351 3381 4419 medium.
3420 4350 3493 4416 Si
3525 4349 3748 4440 primo
3782 4371 3925 4416 mo·

2363 4452 2448 4519 do
2490 4454 2823 4524 diffinitur
2864 4479 2879 4524 ε
2916 4480 3083 4549 ergo
3126 4457 3293 4526 nihil
3335 4459 3614 4549 ponitur
3673 4459 3739 4524 in
3791 4454 3928 4523 dil-

2366 4562 2672 4630 tinitione
2715 4566 2862 4654 ejus
2912 4565 3098 4657 quod
3150 4587 3292 4634 non
3350 4567 3437 4632 sit
3491 4564 3573 4633 de
3631 4566 3922 4633 essentia

2363 4669 2510 4754 ejus
2540 4669 2774 4761 aliquo
2808 4671 3015 4742 modo
3052 4695 3069 4742 t
3126 4681 3194 4740 et
3242 4671 3613 4740 rationalis
3658 4681 3926 4739 natm-22·

2364 4778 2640 4866 ponitur
2681 4780 2746 4846 in
2780 4782 2928 4868 ejus
2969 4781 3378 4849 diffinitione
3422 4802 3438 4847 ε
3474 4802 3639 4870 ergo
3689 4780 3919 4871 aliquo

2364 4885 2567 4951 modo
2599 4896 2701 4954 est
2731 4888 2812 4955 de
2845 4891 3139 4958 essentia
3172 4890 3345 4979 ejus.
3384 4888 3456 4955 Si
3491 4897 3724 4956 autem
3755 4888 3927 4956 disti-

2363 4993 2547 5059 nitur
2575 5002 2648 5060 nt
2680 4995 3048 5064 accidens:
3104 5004 3268 5064 tunc
3325 4994 3610 5083 subjecti
3671 4995 3925 5063 mentio

2361 5100 2562 5170 dehet
2613 5105 2756 5172 lieri
2811 5106 2879 5172 in
2929 5104 3367 5184 diffinitione,
3440 5104 3624 5195 quod
3684 5106 3926 5173 iterum

2365 5207 2611 5277 falsum
2650 5222 2776 5281 est.

2452 5318 2517 5381 2.
2553 5316 2752 5396 Item,
2786 5317 3336 5400 Commentator,
3381 5317 3658 5400 ibidem,
3737 5317 3924 5401 dicit,

2363 5424 2545 5511 quod
2577 5447 2658 5493 ea
2688 5448 2841 5516 quae
2869 5426 2968 5494 sic
2996 5424 3252 5494 cadunt
3283 5424 3559 5516 oblique
3592 5426 3661 5492 in
3682 5424 3931 5494 diffini-
