4897 6388
142 1690 151 1703 '
215 1650 219 1655 ὓ
288 1684 370 1734 Λᾶ
394 1697 536 1745 ηοω-

522 426 525 429 d
596 302 680 406 333.
785 400 789 404 ,
894 303 905 307 ’
1000 437 1007 443 g
1569 314 1899 409 o.A1.ss.
1950 337 2168 406 MAG.
2222 336 2429 405 ono.
2482 336 2783 404 PRAED.

596 525 787 570 sacra
816 500 1094 598 pagina,
1149 506 1231 575 de
1297 529 1431 597 quo
1496 507 1777 575 reddent
1822 508 2132 575 homines
2190 502 2208 551 ἵ

596 617 929 683 rationem
967 617 1037 684 in
1066 616 1176 685 die
1207 616 1472 707 judicii,
1517 616 1670 683 licet
1716 615 2048 681 modicam
2084 614 2128 677 ¹.

503 706 517 721 ’
601 719 675 812 Si
713 733 939 791 autem
996 723 1202 816 relata
1253 730 1437 801 sunt,
1501 730 1662 787 tunc
1714 720 1894 786 hona
1949 726 2127 785 sunt.

598 828 672 896 Si
712 853 873 898 vero
931 853 1069 898 non
1116 836 1275 896 sunt
1326 835 1488 893 nata
1545 826 1630 912 ad
1687 826 2128 899 referendum.

597 945 756 1005 tnnc
785 946 943 1006 sunt
988 935 1336 1024 obliquata
1376 957 1415 1000 a
1463 934 1622 1015 fine,
1690 934 1797 1001 vel
1846 956 1964 1025 per
2017 958 2133 1002 ve·

598 1044 799 1124 niale,
841 1044 949 1111 vel
979 1066 1099 1134 per
1136 1043 1447 1111 mortale.
1498 1041 1672 1110 Sunt
1704 1053 1924 1111 tamen
1980 1065 2137 1132 ope-

596 1173 670 1218 ra
697 1158 940 1240 praeter
969 1150 1527 1219 deliberationem
1558 1151 1731 1219 facta
1788 1173 1937 1240 quae
1994 1171 2133 1216 non

520 1308 523 1311 -
594 1260 879 1327 veniunt
908 1262 977 1327 in
1005 1283 1207 1327 usum
1235 1259 1632 1338 voluntatiS,
1674 1267 1750 1325 ut
1802 1265 1903 1325 est
1966 1256 2136 1324 deli-

595 1366 922 1447 berativa,
957 1375 1024 1436 et
1075 1367 1222 1434 haec
1274 1367 1447 1433 bene
1499 1373 1784 1454 possunt
1837 1386 1980 1431 esse
2036 1364 2137 1431 in-

601 1473 997 1544 differentia.

2334 506 2660 573 nmmos
2701 507 3028 595 quaeritur
3057 507 3139 575 de
3177 505 3310 585 hoc
3339 503 3521 595 quod
3551 525 3798 593 suppo·
3847 506 4166 579 Quaestzun-‘''

2241 613 2341 676 nit
2377 611 2705 701 Magister
2729 614 2798 677 in
2839 613 3018 680 dicto
3050 616 3180 682 isto
3216 637 3231 681 :
3296 613 3563 682 videtur
3613 614 3793 679 enim
3888 581 3999 626 ⁰⁰¹⁸
4029 586 4068 630 ¹⁹

2238 716 2436 795 velle,
2474 718 2660 806 quod
2688 717 2999 785 fruamur
3055 724 3389 809 personiS.

2334 824 2471 893 Snn
2504 848 2766 895 CONTRA
2809 848 2825 893 ε
3569 904 3574 909 ,

2329 938 2392 1002 1.
2463 933 2606 1001 Aut
2685 933 2978 1001 fruimur
3061 955 3355 1024 persona
3419 936 3490 1000 in
3547 958 3793 1026 genere

2237 1043 2308 1107 in
2341 1063 2420 1108 eo
2476 1041 2662 1131 quod
2701 1050 2803 1109 est
2861 1064 3174 1133 persona,
3232 1047 3350 1109 aut
3387 1048 3466 1107 ut
3518 1049 3621 1108 est
3673 1042 3797 1110 de-

2238 1148 2605 1214 terminata
2662 1147 2815 1216 haec
2877 1149 2987 1216 vel
3056 1149 3171 1217 illa
3264 1172 3280 1216 :
3376 1171 3518 1216 non
3555 1134 3793 1239 'primo

2239 1255 2473 1335 modo,
2522 1256 2682 1344 quia
2713 1255 2996 1324 affectus
3037 1280 3175 1325 non
3206 1259 3514 1350 sequitur
3551 1280 3798 1326 conce-

2236 1365 2543 1453 ptionem
2575 1364 2864 1454 alicujus
2893 1367 2965 1432 in
2993 1389 3267 1457 genere,
3298 1367 3409 1435 vel
3429 1368 3502 1434 in
3533 1368 3799 1435 univer-

2238 1470 2409 1539 sali:
2476 1473 2634 1562 quia
2713 1473 3059 1564 generalia
3123 1497 3264 1542 non
3337 1483 3644 1555 movent,
3714 1496 3794 1543 eo

2240 1579 2426 1669 quod
2459 1580 2529 1646 in
2568 1580 2732 1670 ipsis
2785 1603 2926 1649 non
2976 1590 3077 1650 est
3133 1591 3374 1651 actus:
3437 1604 3600 1672 ergo
3666 1580 3792 1650 sub

2236 1687 2501 1754 ratione
2540 1688 2992 1756 determinata
3027 1711 3042 1756 ε
3079 1712 3241 1781 ergo
3272 1690 3563 1757 fruimur
3590 1689 3791 1757 Patre

2234 1803 2312 1863 ut
2350 1795 2553 1863 Pater
2579 1805 2703 1875 est,
2760 1805 2825 1865 et
2885 1797 3056 1865 Filio
3123 1807 3201 1867 ut
3262 1799 3476 1867 Filius
3541 1805 3665 1878 est,
3726 1806 3794 1867 et

277 1740 558 1787 auunculum
690 1684 797 1750 An
824 1705 1022 1751 amun
1052 1683 1236 1773 quod
1273 1682 1557 1751 ulterius
1596 1683 1939 1773 quaeritur,
1974 1703 2133 1771 qua·

36 1776 68 1893 J
383 1797 425 1841 ²·
604 1812 674 1858 re
704 1790 946 1859 dicitur
974 1790 1228 1858 abusus
1251 1798 1328 1859 *et
1358 1812 1500 1857 non
1544 1789 1901 1880 abfructus
1935 1788 1974 1854 Ρ
2010 1788 2136 1854 Di-

597 1887 910 1975 cendum,
947 1898 1128 1990 quod
1158 1921 1321 1967 usus
1362 1897 1616 1966 claudit
1671 1900 1738 1965 in
1780 1920 1850 1965 se
1906 1905 2130 1965 actum

593 2009 900 2089 rationis,
934 2009 1051 2098 qui
1080 2014 1183 2076 est
1208 2007 1447 2077 relatio
1479 2006 1564 2075 ad
1610 2006 1815 2088 aliud,
1849 2015 1916 2075 et
1977 2006 2128 2074 ideo

590 2104 816 2205 potest
851 2136 997 2183 esse
1027 2122 1205 2183 recte
1243 2122 1312 2182 et
1336 2114 1477 2182 non
1525 2121 1728 2191 recte,
1770 2121 1836 2180 et
1872 2111 2000 2181 hoc
2036 2113 2133 2180 si-

588 2211 867 2313 gnificat
902 2221 974 2288 in
1041 2212 1536 2311 compositione
1578 2219 1889 2288 vocabuli
1923 2240 1940 2287 ς
2012 2218 2130 2287 sed

588 2326 845 2395 fructus
882 2348 1023 2397 non
1046 2325 1300 2394 claudit
1325 2326 1396 2393 in
1426 2347 1498 2394 se
1527 2326 1656 2394 nisi
1687 2325 1980 2416 quietam
2010 2347 2130 2393 vo-

548 2418 947 2531 [teutatem
978 2443 1048 2504 et
1077 2434 1229 2504 ideo
1258 2456 1400 2502 non
1457 2434 1727 2525 respicit
1779 2442 2032 2502 rectum
2063 2442 2128 2503 et

589 2563 732 2610 non
783 2550 1043 2611 rectum
1074 2564 1156 2611 ex
1186 2564 1283 2622 se,
1324 2540 1444 2609 sed
1475 2563 1562 2609 ex
1596 2543 1895 2632 potentia
1932 2548 2127 2610 ante-

587 2648 907 2720 cedente:
951 2656 1019 2719 et
1064 2648 1217 2718 ideo
1282 2648 1530 2718 dicitur
1594 2670 1949 2739 perversus
1992 2647 2130 2716 fru-

588 2760 763 2840 ctus,
796 2752 915 2823 sed
951 2754 1126 2823 ratio
1172 2753 1637 2845 perversitatis
1706 2775 1845 2822 non
1905 2760 2129 2844 potest

588 2862 651 2931 ei
688 2858 1014 2953 conjungi
1062 2860 1304 2931 eodem
1363 2861 1684 2946 termino,
1732 2869 1806 2929 ut
1868 2861 2126 2931 dicatur

592 2968 978 3062 abst-uetus.

983 3219 1488 3326 Anrlcunus
1534 3253 1723 3323 xlv.

586 3450 694 3518 An
719 3448 858 3516 sint
888 3457 1021 3515 tres
1061 3470 1166 3515 res
1220 3444 1474 3537 quibus
1514 3443 1888 3535 [ruendum
1945 3453 2040 3511 es!
2081 3440 2122 3510 ?

669 3742 930 3812 Deinde
975 3743 1300 3834 quaeritur
1349 3742 1432 3811 de
1481 3740 1615 3812 hoc
1670 3741 1851 3835 quod
1896 3740 2054 3810 dicit
2098 3763 2113 3808 :

588 3879 622 3914 a
649 3852 784 3920 Res
810 3848 1067 3942 quibus
1092 3849 1470 3941 fruendum
1495 3859 1594 3917 est
1626 3859 1809 3926 sunt,
1854 3858 1981 3917 etc.

673 3958 734 4024 1.
779 3954 1049 4025 Com-m
1078 3955 1261 4024 enim
1309 3963 1411 4023 est
1456 3952 1645 4046 quod
1680 3953 1835 4022 dicit
1882 3954 2117 4021 Dama·

580 4089 844 4147 scenus‚
879 4065 1053 4135 libro
1091 4066 1341 4158 primm
1374 4088 1526 4157 cap.
1570 4067 1673 4146 Η,
1704 4064 1883 4156 quod
1917 4090 1949 4130 α
1984 4074 2119 4133 tres

581 4198 618 4238 ι
647 4194 958 4264 personae
1005 4194 1077 4240 re
1107 4172 1554 4256 conveniunt,
1598 4172 1852 4241 ratione
1891 4179 2118 4240 autem

581 4304 618 4344 ι
657 4287 724 4347 et
786 4280 1178 4372 cognitione
1236 4277 1793 4371 distinguuntur:
1863 4305 1895 4344 ιι
1956 4302 2117 4370 ergo

579 4393 739 4453 sunt
779 4393 916 4453 tres
970 4407 1098 4453 res.

667 4493 732 4559 2.
794 4490 988 4573 Item,
1051 4490 1295 4560 Statim
1354 4492 1423 4560 in
1466 4492 1723 4559 Littera
1760 4494 2113 4583 sequitur:

582 4621 618 4664 ι
649 4596 915 4667 Eadem
954 4606 1181 4666 tamen
1246 4598 1546 4666 Trinitas
1601 4599 1909 4688 quaedam
1939 4622 2122 4667 sum-

578 4728 695 4773 ma
723 4728 827 4774 res
853 4714 951 4774 est
981 4728 1005 4774 .·
1052 4733 1088 4770 ιι
1148 4728 1309 4797 ergo
1366 4704 1638 4774 videtur
1699 4705 1877 4798 quod
1944 4706 2119 4774 male

582 4809 762 4880 dieat
789 4835 895 4879 res
923 4813 992 4879 in
1020 4810 1288 4903 plurali.

669 4918 734 4984 3.
769 4917 965 4996 Item,
1025 4919 1451 5010 Augustinus
1498 4916 1682 4996 dicit,
1759 4919 1938 5010 quod
1982 4945 2014 4985 α
2050 4921 2117 4987 in

584 5048 620 5091 ι
654 5025 841 5092 omni
872 5046 953 5093 eo
991 5024 1173 5117 quod
1211 5024 1294 5093 ad
1326 5048 1397 5094 se
1436 5032 1563 5104 est,
1614 5034 1748 5094 tres
1812 5050 2116 5117 personae

588 5159 622 5195 α
653 5154 867 5200 unum
899 5139 1099 5201 sunt:
1143 5133 1213 5200 in
1243 5156 1323 5201 eo
1355 5131 1540 5224 quod
1562 5140 1663 5200 est
1690 5133 1775 5200 ad
1803 5132 2114 5214 alterurn,

585 5265 622 5303 α
673 5237 1230 5330 distinguuntur=
1295 5265 1329 5304 s
1398 5239 1517 5308 sed
1574 5263 1679 5308 res
1720 5249 1820 5309 est
1882 5241 1965 5309 ad
2016 5264 2120 5310 se-

583 5345 801 5435 ipsam
833 5367 851 5416 :
886 5368 1048 5437 ergo
1087 5347 1158 5413 in
1188 5345 1515 5437 singulari
1554 5349 1870 5417 convenit
1904 5347 2118 5417 tribus

582 5453 888 5543 personis
916 5455 986 5521 in
1024 5474 1315 5521 summa.

655 5680 672 5717 ¹
703 5681 788 5740 Cf.
810 5682 1009 5741 nauh.
1039 5700 1144 5753 xn,
1175 5686 1266 5740 36.

2239 1898 2499 1990 Spiritu
2557 1909 2793 1971 sancto
2853 1911 2930 1970 ut
2985 1902 3281 1994 Spiritus
3335 1913 3608 1973 sanctus
3665 1911 3790 1972 est.

2235 2007 2395 2075 {Non
2424 2010 2563 2076 sic:
2611 2008 2804 2078 Sicut
2836 2033 2909 2079 se
2955 2010 3163 2080 habet
3204 2013 3531 2103 cognitio,
3572 2014 3665 2080 ita
3720 2034 3793 2080 se

2236 2113 2438 2183 habet
2460 2115 2744 2186 affectus
2772 2140 3066 2208 sequens
3096 2121 3584 2211 cognitionem.
3620 2119 3791 2189 Cum

2231 2223 2441 2315 igitur
2489 2226 2792 2316 cognitio
2861 2226 3151 2296 diffinita
3210 2228 3432 2297 Patris
3497 2237 3794 2297 transeat

2232 2331 2302 2397 in
2335 2330 2607 2413 Filium,
2646 2334 2810 2422 quia
2848 2334 2965 2424 qui
3004 2335 3202 2402 novit
3232 2333 3519 2403 diffinite
3575 2357 3789 2404 unum

2233 2436 2702 2519 relativorum,
2755 2441 2949 2508 novit
3022 2440 3392 2534 reliquum,
3455 2440 3795 2510 videbitur

2232 2544 2455 2615 Patris
2483 2546 2718 2616 fruitio
2749 2549 3038 2617 transire
3071 2549 3139 2616 in
3173 2548 3449 2629 Filium,
3485 2559 3607 2619 ete
3636 2571 3795 2619 con-

2230 2676 2456 2725 verso.

2316 2766 2382 2832 2.
2410 2762 2485 2831 Si
2516 2764 2689 2834 forte
2720 2764 3007 2846 dicatur,
3031 2766 3216 2858 quod
3239 2790 3375 2836 una
3397 2769 3788 2860 cognitione

2229 2881 2741 2962 cognoscuntur
2778 2882 2914 2942 tres
2946 2897 3279 2965 personae,
3314 2877 3490 2944 sicut
3558 2875 3792 2961 dicunt

2229 2976 2534 3068 quidam,
2571 2987 2640 3047 et
2676 2978 2832 3048 ideo
2863 3003 3073 3048 unam
3114 2980 3371 3051 habent
3398 2981 3789 3051 fruitionem

2228 3106 2382 3175 quae
2413 3094 2516 3154 est
2552 3084 2635 3153 de
2701 3085 2892 3178 ipsis,
2938 3086 3205 3155 CoxrnA
3251 3108 3270 3157 ε
3304 3089 3445 3156 Aut
3474 3112 3611 3157 una
3678 3111 3791 3158 co·

2226 3194 2534 3286 gnitione
2565 3205 3078 3287 cognoscuntur
3108 3198 3178 3265 in
3217 3219 3299 3266 eo
3331 3198 3519 3291 quod
3573 3221 3787 3267 unum

2227 3311 2412 3385 sunt,
2443 3312 2561 3372 aut
2591 3305 2662 3371 in
2692 3326 2776 3373 eo
2815 3305 3002 3395 quod
3051 3306 3348 3375 distincti
3376 3314 3559 3375 sunt.
3595 3306 3667 3374 Si
3715 3307 3786 3392 in

2225 3431 2308 3478 eo
2341 3410 2524 3500 quod
2554 3409 2852 3481 distincti
2888 3421 3087 3481 sunt:
3137 3436 3302 3506 ergo
3333 3415 3402 3482 in
3461 3435 3543 3483 eo
3602 3414 3790 3505 quod

2226 3515 2524 3584 distincti
2589 3527 3104 3609 cognoscuntur
3174 3530 3251 3588 ut
3311 3543 3527 3589 unum
3579 3543 3596 3588 ε
3671 3520 3790 3589 sed

2227 3623 2359 3694 hoc
2386 3632 2489 3692 est
2517 3624 2931 3716 principium
2970 3628 3384 3717 cognitionis
3433 3627 3790 3697 distincto-

2226 3754 2404 3810 rum,
2445 3729 2627 3822 quod
2700 3739 2802 3800 est
2854 3733 3269 3825 principium
3331 3734 3787 3805 distinctionis

2224 3858 2507 3905 eorum:
2544 3860 2708 3929 ergo
2738 3860 2956 3906 unum
2997 3850 3100 3908 est
3156 3841 3568 3932 principium
3643 3842 3787 3911 dis-

2224 3946 2573 4014 tinctionis
2638 3954 2708 4015 et
2775 3949 3076 4032 unioniS‚
3139 3950 3325 4040 quod
3369 3950 3787 4042 impossibile

2224 4061 2348 4122 est.
2396 4053 2471 4121 Si
2511 4062 2742 4122 autem
2783 4067 3294 4156 cognoscuntur
3340 4059 3411 4126 in
3469 4081 3550 4127 eo
3605 4057 3788 4150 quod

2224 4184 2438 4228 unum
2480 4171 2682 4229 sunt:
2718 4185 2882 4254 ergo
2915 4163 3145 4233 fruitio
3186 4176 3288 4234 est
3329 4167 3640 4234 essentiae
3672 4189 3792 4258 per

2225 4293 2322 4353 se,
2355 4277 2419 4336 et
2461 4292 2602 4337 non
2633 4293 3112 4360 personarum.

2314 4379 2379 4446 3.
2425 4376 2624 4456 Item,
2688 4376 2950 4445 Fruitio
3016 4377 3180 4447 dicit
3228 4380 3659 4451 refectionem
3717 4383 3787 4450 in

2225 4506 2497 4552 summo
2527 4481 2712 4551 hono
2744 4485 2920 4567 viso,
2954 4483 3218 4564 habito,
3256 4495 3322 4555 et
3362 4497 3626 4556 amato:
3671 4488 3785 4557 sed

2224 4613 2361 4658 una
2391 4598 2493 4659 est
2548 4592 2802 4658 veritas
2843 4599 2911 4659 et
2965 4591 3237 4662 bonitas
3292 4597 3556 4663 trium:
3623 4618 3784 4686 ergo

2224 4721 2361 4767 una
2423 4708 2527 4768 est
2580 4698 2815 4768 fruitio
2882 4702 3134 4770 trium:
3204 4701 3336 4772 hoc
3398 4711 3627 4771 autem
3684 4711 3784 4772 est

2224 4807 2441 4897 gratia
2473 4807 2817 4887 essentiae,
2873 4818 2940 4876 et
2996 4832 3135 4876 non
3186 4832 3545 4900 personae:
3617 4833 3780 4901 ergo

2224 4913 2514 4981 fruimur
2542 4916 2866 4995 essentia,
2899 4925 2962 4984 et
3005 4939 3142 4985 non
3175 4940 3493 5008 persona.

2316 5022 2450 5088 Sco
2479 5045 2777 5092 coxa-na:

2315 5130 2387 5197 ln
2444 5133 2838 5223 cognitione
2896 5133 3024 5201 vioe
3080 5136 3175 5203 sic
3233 5143 3359 5213 est,
3404 5136 3585 5227 quod
3642 5159 3780 5204 non

2224 5240 2661 5329 cognoscitur
2702 5263 2808 5309 res
2864 5241 3155 5332 perfecte
3218 5266 3341 5335 per
3404 5243 3534 5312 hoc
3598 5245 3778 5335 quod

2224 5354 2488 5415 tantum
2521 5356 2764 5417 natura
2815 5349 2960 5438 ejus
3011 5351 3081 5416 in
3129 5353 3480 5420 communi
3532 5375 3782 5443 eogno-

2224 5455 2474 5524 scitur:
2503 5456 2626 5523 sed
2663 5465 2934 5547 oportet
2963 5458 3150 5549 quod
3187 5469 3639 5551 cognoscatur
3710 5461 3781 5527 in

3847 5065 3908 5112 ed
3937 5073 4124 5112 eontra.
