4897 6388
593 153 723 254 264

312 387 515 437 solutio.
610 431 623 438 ,
684 357 999 460 Somno.
1035 358 1143 426 Ad
1182 358 1314 426 hoc
1344 358 1545 426 debet
1574 358 1732 437 dici,
1788 356 1971 461 quod
2003 378 2160 422 om-

597 467 736 532 mia
764 466 1279 557 generalissima
1311 489 1393 533 ex
1440 466 1806 555 generibus
1856 463 2161 538 acciden-

598 573 682 641 tis
712 572 845 640 duo
887 571 1145 640 habent
1185 573 1254 637 in
1294 594 1392 655 se,
1441 571 1699 640 scilicet
1745 569 1928 660 quod
1980 570 2159 636 acci-

597 679 824 748 dentia
864 687 1048 756 sunt,
1096 690 1164 746 et
1209 679 1661 745 differentiam
1711 702 1847 768 qua
1913 675 1996 744 ab
2057 676 2159 741 in-

593 787 812 854 vicem
842 780 1365 876 distinguuntur
1408 808 1422 851 :
1474 785 1660 876 quod
1692 788 1872 852 enim
1935 805 2157 873 quan-

543 894 750 978 ‚titas
817 903 919 961 est
986 894 1354 983 quantita5‚
1443 915 1580 959 non
1641 892 1848 959 habet
1913 889 1995 956 ab
2075 912 2154 956 eo

593 1001 777 1093 quod
831 1009 936 1069 est
1000 1000 1339 1079 accidenS‚
1402 1000 1521 1067 sed
1580 1000 1663 1066 ab
1706 1023 1786 1067 eo
1840 997 2024 1088 quod
2056 1006 2157 1064 est

590 1109 928 1190 dimensio
960 1106 1071 1175 vel
1128 1130 1450 1174 mensura
1513 1106 1913 1175 substantiae
1974 1105 2154 1172 intus

586 1214 695 1282 vel
762 1223 979 1282 extra.
1056 1213 1391 1281 Similiter
1440 1213 1627 1303 quod
1687 1212 1979 1305 qualitas
2055 1219 2157 1279 est

588 1322 905 1414 qualitaS,
952 1345 1093 1390 non
1119 1320 1328 1389 habet
1371 1322 1454 1388 ab
1495 1345 1576 1390 eo
1614 1322 1798 1413 quod
1843 1329 1949 1388 est
1988 1321 2152 1388 acci-

588 1432 779 1516 denS,
851 1431 972 1499 sed
1058 1431 1140 1498 ab
1204 1453 1284 1498 eo
1345 1431 1530 1521 quod
1612 1440 1713 1499 est
1797 1431 2152 1520 dispositio

588 1539 989 1609 substantia>
1021 1540 1353 1607 naturalis
1400 1538 1513 1608 vel
1561 1540 1933 1608 adveniens
1973 1539 2153 1605 intus

587 1646 693 1715 vel
723 1655 913 1714 extra
952 1670 967 1714 ε
1003 1654 1073 1715 et
1110 1648 1208 1714 sic
1237 1656 1341 1714 est
1389 1646 1471 1715 de
1520 1646 1694 1714 aliis,
1763 1645 1872 1713 Ab
1913 1667 1995 1713 eo
2025 1667 2154 1712 au-

586 1769 724 1829 tem
766 1761 952 1852 quod
993 1768 1155 1828 sunt
1212 1759 1589 1828 accidentia
1646 1760 1879 1828 omnia
1922 1759 2154 1827 dicunt

587 1868 899 1937 ordinem
932 1868 1016 1936 ad
1060 1866 1541 1935 substantiam.
1597 1864 2152 1936 Unde-Philoso-

588 1974 769 2066 phus
810 1977 883 2043 in
908 1976 1249 2068 principio
1307 1975 1462 2043 libri
1530 1975 1629 2046 XI
1684 1975 2153 2065 Philosopleiae

588 2084 885 2175 primae:
944 2083 1223 2152 Dictum
1282 2091 1384 2151 est
1440 2083 1524 2151 de
1573 2091 1727 2152 ente
1792 2083 2156 2151 cui-attri-

393 2271 471 2303 ,Μ
592 2189 901 2257 buuntur
959 2189 1094 2258 alia
1159 2191 1335 2257 entis
1400 2190 1954 2280 praedicamenta,
2037 2188 2156 2256 ubi

592 2295 849 2364 dictum
881 2304 988 2364 est
1043 2294 1127 2363 de
1158 2294 1537 2363 substantia
1572 2320 1588 2365 :
1624 2297 1946 2365 dicuntur
1973 2295 2154 2362 enim

591 2402 807 2471 multa
871 2404 1055 2470 entia
1111 2402 1487 2472 secundum
1545 2404 1732 2496 quod
1788 2404 2157 2494 respiciunt

591 2511 1073 2580 diffinitionem
1128 2511 1548 2591 substantiae,
1629 2523 1704 2582 ut
1782 2512 2153 2604 quantitas,

593 2619 911 2711 qualitas,
946 2626 1012 2688 et
1044 2618 1176 2687 alia
1207 2642 1360 2711 quae
1402 2620 1719 2690 dicuntur
1752 2619 1885 2690 hoc
1924 2617 2154 2687 modo.

602 2726 933 2796 Similiter
959 2750 1083 2818 per
1104 2727 1554 2797 differentiam
1589 2753 1723 2822 qua
1752 2729 2159 2821 participant

600 2842 914 2903 naturam
945 2834 1339 2916 accidentiS,
1373 2837 1577 2905 etiam
1602 2837 1971 2928 respiciunt
1997 2857 2160 2926 prae-

597 2940 1062 3011 dicamentum
1102 2941 1500 3011 substantia}
1543 2966 1559 3011 z
1603 2945 1777 3013 sicut
1818 2951 2002 3035 patet
2039 2964 2161 3033 per

597 3047 911 3117 eamdem
962 3048 1468 3130 auctoritatem,
1527 3057 1599 3118 ut
1678 3050 2022 3143 quantitas
2088 3051 2157 3118 in

595 3156 861 3225 ratione
941 3177 1311 3240 mensurae,
1393 3156 1689 3248 qualitas
1756 3160 1825 3227 in
1896 3158 2157 3227 ratione

596 3264 1094 3357 dispositionis,
1126 3274 1255 3355 etc.
1304 3288 1319 3333 ε
1361 3289 1528 3358 ergo
1565 3290 1722 3336 cum
1753 3266 1888 3337 hoc
1951 3266 2157 3335 modo

598 3374 684 3440 sit
722 3393 845 3440 ens
885 3369 1387 3461 imperfectum,
1430 3383 1491 3441 et
1533 3396 1654 3442 ens
1692 3374 1763 3442 in
1802 3372 1965 3455 alio,
2015 3395 2160 3441 om-

599 3478 713 3544 nia
751 3499 905 3568 quae
935 3474 1195 3567 aliquid
1236 3477 1609 3568 praedicant
1650 3479 1719 3549 in
1767 3502 1850 3548 eo
1907 3478 1989 3546 de
2020 3500 2158 3571 quo

598 3578 1080 3674 praedicantur,
1127 3585 1386 3651 ratione
1417 3586 1689 3675 generis
1719 3593 2159 3654 removentur

597 3712 637 3758 a
667 3690 941 3758 divinis.
981 3690 1062 3758 Et
1084 3690 1168 3758 ad
1200 3689 1332 3760 hoc
1361 3694 1608 3761 iterum
1641 3693 2154 3785 intelligendum

582 3797 1005 3874 notandum,
1086 3799 1270 3890 quod
1350 3799 1631 3870 Boetius
1714 3803 1902 3880 dicit,
1972 3803 2157 3894 quod

595 3904 1286 3998 praedicamentorum
1394 3908 1704 3998 quaedam
1784 3908 2160 4002 praedicant

596 4011 854 4103 aliquid
896 4012 1120 4081 inesse
1160 4014 1249 4096 ei,
1312 4013 1395 4083 de
1453 4038 1591 4107 quo
1640 4017 2093 4107 proedicantur
2135 4041 2152 4086 ε

597 4118 909 4210 quaedain
986 4128 1215 4187 autem
1276 4122 1697 4191 extrinsecus
1761 4126 2150 4192 assistunt:

596 4227 908 4318 quaedam
940 4236 1170 4296 autem
1213 4230 1583 4320 praedicant
1624 4256 1766 4301 rem
1798 4257 1870 4301 se
1904 4231 2156 4302 babere

596 4333 681 4403 ad
712 4334 776 4402 id
807 4334 993 4426 quod
1034 4336 1455 4405 extrinsecus
1493 4338 1778 4429 adjacet,
1817 4349 1892 4407 ut
1938 4339 2150 4417 locus.

595 4453 658 4512 et
690 4452 986 4533 tempus.
1034 4442 1230 4512 Unde
1270 4446 1590 4535 qualitas,
1650 4458 1717 4517 et
1781 4451 2151 4540 quantitas„

595 4557 662 4618 et
698 4571 927 4639 agere,
1000 4557 1067 4617 et
1131 4553 1297 4640 pati,
1354 4562 1421 4620 et
1484 4554 1679 4634 situs,
1722 4565 1787 4624 et
1856 4553 2152 4635 babitus,

598 4654 855 4747 aliquid
904 4655 1277 4747 praedicant
1356 4659 1604 4729 inesse.
1703 4662 1838 4730 Sed
1921 4662 2154 4730 relatio

601 4768 1020 4832 extrinsecus
1053 4766 1336 4842 assistit,
1373 4776 1446 4835 ut
1485 4767 1828 4851 dextrum,
1863 4778 1930 4838 ct
1987 4771 2159 4838 sini-

599 4881 814 4940 strum
872 4895 890 4937 z
952 4881 1173 4963 potest
1227 4877 1410 4941 enim
1453 4874 1631 4944 idem
1661 4901 1808 4947 esse
1839 4878 2151 4948 dextrum

600 4992 665 5049 et
694 4984 1048 5050 sinistrum
1080 4984 1228 5050 sine
1267 4984 1371 5050 sui
1419 4987 1817 5056 mutatione.
1864 4986 2154 5066 Quando

599 5096 828 5156 autem
867 5097 937 5156 et
975 5087 1090 5156 ubi
1123 5089 1494 5179 praedicant
1540 5089 1607 5158 id
1663 5093 1848 5184 quod
1890 5117 1975 5161 ex
2032 5094 2155 5162 ad-

591 5196 888 5285 jacentia
929 5197 1228 5263 exterius
1297 5202 1754 5267 mensurantis
1824 5200 2155 5292 relinqui-

598 5313 733 5369 tur.
798 5301 922 5369 llla
970 5325 1134 5393 ergo
1205 5327 1360 5394 quae
1446 5306 1816 5396 praedicant
1896 5305 2153 5398 aliquid

602 5410 821 5476 inesse
853 5418 1132 5499 propter
1157 5432 1375 5499 genus
1406 5412 1591 5502 quod
1618 5415 1814 5503 ponit
1841 5412 2153 5483 ordinem

611 5513 696 5583 ad
733 5512 1212 5597 substantiam,
1256 5528 1699 5587 removentur
1741 5521 1811 5587 in
1849 5542 2097 5610 genere
2131 5542 2149 5591 ε

1539 186 1668 282 ⁴1).
1721 153 1923 252 Am.
1975 154 2194 250 MAG.
2245 149 2798 280 oRD.-'PRAED;

2264 315 2593 444 sed-quod
2622 355 2838 444 gratia
2903 354 3300 436 differentiae
3337 354 3678 440 ⁴convenit
3736 354 3803 417 in
4019 403 4025 410 .

2263 462 2506 550 specie,
2567 484 2647 530 eo
2696 461 2878 552 quod
2915 445 3072 551 per*
3111 453 3567 534 differentiam
3644 459 3804 526 dicit

2263 568 2568 635 ordinem
2608 570 2690 636 ad
2722 576 2947 636 actum
2985 568 3096 637 vel
3157 569 3244 637 ad
3273 568 3507 647 finem,
3559 575 3628 634 et
3663 588 3803 632 non

2261 675 2663 762 subjectum,
2713 675 2864 743 ideo
2924 676 2992 742 in
3048 677 3274 765 specie
3336 673 3794 764 praedicatur:

2261 785 2596 872 praecipue
2636 784 2690 850 si
2711 783 2827 850 illa
2856 784 3111 873 species
3142 782 3579 850 constituitur
3618 779 3801 846 disfe-

2262 889 2478 956 rentia
2530 889 2900 979 dignitatis,
2933 898 3008 959 ut
3044 888 3293 966 bonus,
3346 889 3639 977 sapiens,
3669 894 3795 953 etc.

2261 995 2383 1064 Illa
2412 1020 2571 1064 vero
2604 1019 2751 1087 quae
2791 998 3209 1066 extrinsecus
3277 996 3662 1064 assistentia
3715 993 3798 1061 ad

2260 1105 2546 1173 alterum
2572 1114 2754 1185 sunt,
2777 1107 2995 1197 gratia
3024 1105 3170 1194 ejus
3220 1104 3405 1196 quod
3462 1113 3564 1172 est
3618 1104 3799 1170 acci-

2259 1214 2480 1281 dentis
2534 1222 2774 1281 natura
2838 1215 2904 1281 in
2962 1205 3083 1297 eiS,
3143 1236 3284 1280 non
3321 1211 3795 1302 praedicantur,

2259 1320 2377 1388 sed
2407 1321 2837 1388 mutant'urin
2859 1321 3308 1388 substantiam
3344 1342 3360 1386 z
3393 1318 3511 1386 sed
3540 1318 3798 1384 ratione

2259 1425 2404 1514 ejus
2434 1426 2617 1517 quod
2646 1425 3009 1494 addunt2in
3062 1425 3606 1518 generalissimO,
3657 1446 3797 1491 non

2258 1539 2490 1607 dicunt
2526 1537 2844 1642 ordin-em·
2865 1539 2946 1605 ad
3004 1536 3485 1617 substantiam,
3538 1543 3602 1622 et
3641 1535 3794 1603 ideo

2259 1657 2556 1718 manent.

2324 1755 2431 1823 *Et
2466 1778 2585 1846 per
2629 1755 2761 1824 hoc
2796 1757 2940 1846 jam
2979 1763 3164 1847 patet
3211 1754 3460 1822 solutio
3513 1754 3598 1822 ad
3650 1752 3796 1842 pri-

2260 1885 2474 1942 mum,
2510 1871 2575 1930 et
2603 1862 2689 1931 ad
2716 1861 2782 1929 id
2814 1862 2997 1953 quod
3027 1861 3367 1952 objicitur,
3411 1882 3618 1951 quare
3657 1883 3797 1929 non

2260 1956 2503 2039 dicitur
2538 1974 2685 2040 sine
2723 1972 3049 2041 relatione
3087 1970 3364 2062 relatus.
3413 1968 3534 2038 llla
3570 1978 3798 2037 autem

2263 2101 2410 2170 quae
2474 2079 2844 2170 praedicant
2898 2079 2966 2147 id
3021 2078 3205 2170 quod
3261 2078 3667 2170 relinquitur
3720 2099 3803 2145 ex

2262 2187 2637 2277 adjacentia
2675 2197 2865 2257 extra
2915 2188 3402 2269 mensurantiS,
3444 2209 3806 2256 removen-

2261 2303 2372 2376 tur
2415 2319 2430 2362 :
2467 2297 2534 2363 in
2571 2295 2721 2363 loco
2761 2295 3035 2388 quidem
3055 2294 3431 2363 secundum
3471 2295 3657 2386 quod
3697 2295 3809 2362 in-

2263 2407 2412 2472 nuit
2461 2404 3178 2494 circumscriptionem,
3248 2412 3315 2472 et
3379 2400 3511 2471 hoc
3575 2412 3674 2472 est
3736 2402 3809 2469 in

2264 2510 2714 2603 particulari:
2755 2513 2930 2581 sicut
2958 2513 3014 2580 si
3052 2510 3389 2580 diceretur
3418 2499 3566 2579 esse
3595 2509 3811 2579 alicu-

2266 2616 2357 2697 bi,
2416 2638 2555 2684 non
2622 2614 2893 2696 alicubi,
2955 2625 3024 2684 et
3078 2615 3475 2706 hujusmodi
3546 2639 3562 2684 :
3632 2624 3699 2684 et
3753 2617 3809 2683 si

2263 2723 2623 2802 diceretur,
2658 2723 2809 2806 fuit,
2850 2731 2918 2792 et
2944 2746 3082 2791 non
3111 2723 3262 2792 erit.
3314 2721 3512 2792 Unde
3555 2724 3625 2791 in
3660 2722 3814 2790 tali·

2263 2830 2393 2898 bus
2431 2853 2569 2898 non
2619 2840 2886 2921 oportet
2915 2829 3273 2899 excludere
3320 2830 3453 2898 nisi
3493 2828 3679 2922 quod
3716 2839 3816 2898 est

2266 2939 2476 3028 partis
2504 2947 2570 3006 et
2600 2937 3125 3028 imperfectionis
3170 2959 3187 3005 z
3230 2947 3299 3005 et
3337 2936 3491 3005 ideo
3520 2935 3815 3018 excludit

2266 3056 2534 3135 tempus
2589 3066 2606 3114 ε

2267 3153 2573 3225 habitum
2612 3161 2715 3223 est
2762 3152 2972 3244 prius.
3015 3152 3100 3221 Et
3145 3175 3268 3244 per
3304 3149 3433 3221 hoc
3476 3160 3659 3244 patet
3695 3172 3813 3219 so-

2266 3263 2436 3331 lutio
2466 3260 2548 3329 de
2578 3261 2722 3347 ubi,
2756 3269 2823 3330 et
2869 3260 3167 3353 quando.
3210 3258 3541 3340 Quaedam
3582 3268 3809 3329 autem

2268 3380 2336 3442 et
2374 3371 2760 3462 imperfecta
2798 3378 2956 3439 sunt
3001 3371 3070 3437 in
3123 3391 3373 3462 genere
3420 3369 3809 3452 accidentis,

2267 3488 2334 3549 et
2362 3480 2565 3548 etiam
2599 3500 2718 3569 per
2762 3477 2830 3547 id
2860 3478 3043 3570 quod
3070 3477 3351 3557 addunt,
3387 3486 3463 3547 ut
3498 3480 3668 3546 situs
3698 3480 3810 3569 qui

2265 3586 2721 3678 corporalium
2759 3594 2883 3666 est,
2921 3595 2987 3655 et
3015 3585 3152 3677 pati
3183 3584 3370 3678 quod
3417 3595 3522 3654 est
3557 3586 3814 3677 imper-

2262 3693 2442 3770 fecti,
2478 3702 2545 3761 et
2592 3690 2861 3760 habitus
2889 3693 3003 3784 qui
3055 3700 3154 3760 est
3202 3691 3659 3783 corporalium
3697 3717 3713 3764 ε
3746 3705 3812 3763 et

2268 3799 2420 3867 ideo
2461 3798 2573 3865 illa
2611 3797 3005 3889 simpliciter
3035 3805 3501 3882 removentur,
3534 3799 3663 3866 nisi
3694 3823 3814 3890 per

2265 3907 2776 3976 translationem
2833 3905 2978 3975 Deo
3034 3906 3468 3975 conveniant.
3546 3907 3631 3975 Et
3695 3931 3816 3999 per

2266 4014 2396 4083 hoc
2435 4017 2677 4082 iterum
2737 4023 2919 4105 patet
2956 4012 3206 4082 solutio
3259 4013 3346 4082 ad
3400 4035 3479 4082 ea
3537 4038 3691 4108 quae
3728 4015 3811 4085 de

2267 4124 2399 4195 illis
2428 4132 2582 4192 sunt
2614 4123 2901 4214 objecta.

2353 4231 2458 4299 Ao
2504 4254 2842 4299 ssccxmm
2896 4230 3288 4314 dicendum,
3341 4231 3525 4324 quod
3585 4257 3808 4324 quan·

2264 4343 2421 4408 titas
2459 4339 2729 4430 proprie
2787 4361 2922 4406 non
2975 4347 3076 4408 est
3128 4339 3256 4407 nisi
3296 4338 3750 4431 corporalium
3790 4366 3805 4410 ε

2265 4446 2381 4515 sed
2419 4456 2646 4514 tamen
2696 4448 3020 4536 accipitur
3082 4444 3193 4515 hic
3252 4469 3376 4537 pro
3435 4451 3807 4539 quantitate

2263 4554 2557 4622 virtutis,

2352 4664 2458 4730 An
2528 4684 2726 4729 Αιιυι)
2807 4660 3193 4741 dicendum,
3257 4663 3440 4755 quod
3519 4667 3804 4734 mutatio

2265 4780 2494 4838 causat
2527 4769 2945 4854 relationem,
2981 4778 3055 4837 ut
3085 4770 3244 4839 dicit
3288 4769 3749 4865 Philosophus
3785 4798 3801 4843 :

2268 4878 2551 4946 mutatio
2603 4886 2831 4946 autem
2871 4888 2971 4949 est
3009 4879 3401 4971 indigentis,
3443 4890 3512 4950 et
3548 4882 3700 4950 ideo
3741 4883 3808 4952 id

2266 4985 2448 5077 quod
2523 4994 2720 5053 sonat
2784 4985 3391 5076 imperfectionem,
3467 4993 3807 5083 praecipue

2267 5102 2594 5162 removet.

2356 5200 2456 5266 Αυ
2505 5222 2702 5267 atico
2765 5198 3150 5281 dicendum,
3210 5202 3399 5293 quod
3427 5205 3803 5277 intellectus

2266 5307 2482 5375 Boetii
2524 5317 2647 5392 est,
2697 5308 2879 5398 quod
2925 5307 3300 5379 formaliter
3327 5316 3642 5405 respiciat
3663 5290 3802 5386 'ne-

2265 5415 2447 5505 gatio
2475 5412 3015 5484 distributionem
3053 5417 3258 5507 signi,
3290 5426 3369 5488 ut
3395 5420 3484 5488 sit
3509 5444 3747 5493 sensus
3781 5450 3797 5497 ε

2268 5522 2562 5591 Omnino
2629 5543 2768 5589 non
2837 5521 3260 5614 praedicatur,
3327 5525 3396 5594 id
3469 5538 3593 5612 est,
3663 5556 3801 5602 non

2668 3046 2830 3137 quia
2892 3043 3022 3116 hoc
3067 3053 3172 3115 est
3206 3044 3703 3142 imperfectum,
3739 3053 3821 3138 ut·

3902 1830 3982 1874 Ad
4006 1831 4044 1880 f·

3937 4294 4007 4337 Ad
4030 4292 4079 4339 2.

3914 4724 3990 4771 Ad
4016 4724 4058 4770 8.

3934 5258 4006 5305 Ad
4034 5266 4076 5309 ⁴.
