4897 6388
472 1232 670 1280 solutio.

763 329 891 433 632
954 448 958 452 ‚

711 503 947 625 ¹’quod
986 525 1275 626 persona
1312 505 1648 625 significat
1693 535 1760 600 in
1811 533 2049 625 plurali
2080 534 2287 612 aliud,
2349 504 2365 533 ἱ

762 652 828 710 et
862 641 1045 709 aliud
1100 645 1170 710 in
1218 642 1545 733 singulari
1581 665 1596 707 :
1629 649 1698 708 et
1739 641 1869 709 hoc
1906 650 2006 709 est
2052 643 2302 732 impos³

761 749 978 828 sibile,
1041 752 1228 847 quia>
1273 749 1533 840 plurale
1612 771 1747 814 non
1812 749 1941 814 nisi
2002 751 2302 839 geminat

761 877 961 922 suum
1004 855 1372 948 singulare,
1417 864 1482 944 et
1522 878 1660 921 non
1689 857 1905 922 variat
1959 855 2298 944 significa-

768 972 940 1030 tum.

857 1177 1165 1246 Somne.
1235 1177 1615 1245 Dicendum
1669 1176 2038 1244 secundum
2100 1200 2306 1267 supra

765 1287 965 1365 dicta,
1003 1285 1186 1375 quod
1214 1285 1400 1352 nulla
1452 1291 1554 1352 est
1593 1284 2047 1351 communitas
2093 1284 2163 1350 in
2192 1282 2304 1351 di-

763 1398 940 1464 vinis
987 1398 1115 1464 nisi
1164 1397 1520 1465 essentiae:
1566 1394 1685 1462 sed
1737 1416 1820 1461 ex
1878 1394 1990 1461 illa
2041 1394 2299 1486 signifi-

764 1513 1002 1594 cantur
1058 1500 1288 1571 multae
1346 1526 1429 1570 ex
1471 1504 1938 1591 consequenti,
1989 1502 2163 1570 sicut
2208 1502 2305 1568 di-

764 1614 1170 1706 stinguendo
1200 1635 1405 1703 supra
1434 1619 1746 1679 notatum
1784 1619 1886 1679 est
1917 1614 1931 1647 ¹
1980 1634 1995 1679 ε
2039 1619 2105 1679 et
2130 1611 2303 1678 bene
2347 1613 2350 1614 ⁷

765 1714 1116 1806 conced0,‘
1157 1720 1337 1811 quod
1408 1719 1541 1787 illae
1607 1722 2129 1788 communitates
2195 1742 2301 1787 se·
2345 1781 2349 1784 ,

763 1841 1049 1922 quentes
1073 1831 1209 1898 sint
1246 1830 1770 1897 communitates
1803 1830 2104 1897 rationis.

854 1942 958 2008 An
1006 1963 1195 2007 menn
1251 1947 1479 2007 autem
1520 1938 1703 2029 quod
1755 1947 1992 2006 contra
2056 1938 2304 2026 objici-

767 2057 900 2128 tur,
967 2035 1327 2115 dicendum
1385 2044 1569 2136 quod
1624 2046 1871 2133 rationi
1938 2045 2306 2137 respondet

768 2153 1021 2245 aliquid
1053 2154 1124 2222 in
1151 2176 1272 2222 re:
1317 2153 1475 2243 quia
1533 2151 1804 2220 realiter
1856 2151 2299 2243 significatur,

770 2281 925 2328 cum
989 2256 1259 2339 dicitur,
1346 2265 1481 2325 tres
1539 2279 1841 2347 personae
1905 2264 2065 2324 sunt
2126 2280 2305 2325 unus

765 2366 1009 2435 Deus:
1072 2365 1266 2434 aliter
1320 2366 1498 2432 enim
1553 2363 1797 2432 dicitur
1853 2367 2306 2432 communitas

767 2474 1162 2542 substantiae
1219 2495 1341 2564 per
1368 2472 1437 2564 ly
1482 2474 1693 2555 DeuS,
1744 2481 1810 2540 et
1846 2472 2040 2540 aliter
2091 2494 2211 2563 per
2237 2472 2307 2564 ly

765 2592 950 2666 sunt,
978 2592 1045 2651 et
1082 2580 1276 2650 aliter
1301 2604 1421 2672 per
1457 2579 1528 2671 ly
1555 2582 1672 2648 isti
1707 2580 1816 2649 vel
1840 2603 2143 2672 personae
2181 2604 2205 2648 .·
2240 2588 2308 2648 et

767 2693 924 2760 licet
952 2692 1037 2758 sit
1065 2714 1203 2758 una
1245 2690 1710 2759 communitas
1757 2698 2011 2771 naturae
2052 2691 2118 2756 in
2149 2711 2307 2757 om-

765 2799 967 2866 nibus
1012 2799 1396 2888 importata.
1466 2819 1605 2863 non
1645 2805 1873 2864 tamen
1910 2796 2036 2864 sub
2066 2796 2306 2865 eodem

768 2904 974 2974 modo
1025 2903 1498 2995 significandi:
1562 2905 1722 2994 quia
1761 2906 1829 2970 in
1888 2904 1956 2995 ly
2001 2926 2307 2996 personae

767 3014 1172 3102 importatur
1200 3019 1274 3077 ut
1313 3010 1380 3077 in
1410 3011 1805 3100 suppositiS‚
1838 3019 1905 3078 et
1935 3011 2002 3078 in
2043 3010 2111 3103 ly
2144 3019 2308 3077 sunt

1792 337 1877 431 n.
1923 363 2136 431 Ama*
2176 364 2656 474 mooun.
2707 320 3007 433 PRAEn.

3411 453 3447 472 p

2414 536 2485 601 in
2550 534 2950 619 habitudine
2991 523 3470 625 suppositi‘ad
3504 517 3845 612 naturam,
3896 542 3964 601 et

2411 641 2484 707 in
2514 641 2584 731 ly
2620 643 2808 708 Deus
2840 650 2912 707 ut
2950 641 3022 707 in
3061 640 3413 708 communi
3456 648 3696 706 natura
3723 660 3967 705 secun-

2412 747 2574 814 dum
2607 769 2751 813 rem
2788 767 2804 814 ε
2838 754 2907 830 et
2944 745 3077 813 hoe
3134 746 3664 815 determinatum
3712 752 3814 812 est
3848 769 3966 812 su-

2410 874 2580 943 pra:
2633 859 2729 952 et'
2755 852 2906 919 ideo
2949 855 3019 919 in
3057 875 3197 920 uno
3239 853 3421 920 cadit
3457 852 3834 942 pluralitas,
3894 853 3964 918 in

2414 960 2546 1026 alio
2587 981 2753 1026 non.
2807 970 2811 973 ’

2503 1181 2607 1246 An
2656 1204 2719 1246 11)
2752 1179 2936 1270 quod
2969 1180 3297 1270 quaeritur
3337 1178 3420 1245 de
3452 1177 3775 1268 opinione
3815 1176 3966 1243 Ma-

2414 1290 2632 1380 gistri,
2666 1287 3045 1358 dieendum'
3066 1288 3255 1380 quod
3292 1289 3436 1379 ipse
3467 1310 3607 1356 non
3645 1295 3750 1355 est
3785 1286 3967 1353 illius

2415 1398 2781 1487 opinioniS,
2814 1395 2933 1464 sed
2958 1399 3213 1488 potiuS‚
3248 1395 3435 1487 quod
3458 1417 3747 1487 persona
3765 1394 3972 1484 signi·

2415 1504 2573 1573 ficet
2617 1504 3070 1572 substantiam
3110 1502 3514 1592 subjectam,
3563 1503 3737 1570 sicut
3766 1522 3969 1590 supra

2414 1611 2731 1702 probavit
2772 1634 2788 1679 :
2823 1610 2941 1679 sed
2983 1609 3298 1689 intendit,
3343 1608 3529 1701 quod
3575 1607 3734 1677 licet
3763 1607 3973 1698 signi-

2413 1719 2569 1787 ficet
2604 1741 2781 1797 eam,
2834 1741 2976 1786 non
3035 1725 3269 1786 tamen
3325 1718 3654 1808 supponit
3683 1738 3860 1798 eam,
3889 1737 3969 1782 eo

2415 1826 2598 1918 quod
2638 1828 2707 1893 in
2747 1825 3092 1894 intellectu
3124 1849 3250 1894 suo
3282 1824 3556 1894 claudat
3594 1827 3973 1892 incommu-

2413 1934 2705 2002 nicabile
2735 1934 3181 2025 importatum
3230 1956 3353 2025 per
3390 1931 3461 2024 ly
3500 1930 3967 2012 individuum,

2418 2042 2602 2132 quod
2647 2041 2829 2110 cadit
2856 2043 2928 2109 in
2990 2041 3140 2130 ejus
3188 2040 3601 2109 diffinitione
3634 2062 3650 2107 ε
3688 2047 3754 2107 et
3807 2037 3976 2106 illud

2415 2149 2610 2239 ponit
2636 2148 2816 2216 circa
2867 2146 3329 2237 suppositum,
3379 2154 3448 2215 et
3479 2168 3621 2215 non
3660 2146 3837 2213 circa
3882 2145 3976 2211 si-

2416 2256 2842 2348 gnificatum,
2902 2263 2978 2323 ut
3023 2253 3283 2322 dictum
3324 2262 3428 2322 est
3485 2254 3554 2321 in
3603 2254 3973 2345 quaestione

2418 2365 2501 2434 de
2540 2363 2945 2431 diffinitione
2984 2385 3294 2454 personae
3331 2384 3345 2428 :
3382 2370 3448 2431 et
3494 2361 3648 2430 ideo
3689 2360 3975 2429 intendit

2418 2472 2664 2551 dicere,
2718 2471 2907 2561 quod
2945 2471 3017 2538 in
3074 2469 3319 2560 plurali
3380 2492 3746 2538 numerum
3782 2469 3974 2559 ponit

2417 2580 2595 2647 circa
2623 2579 3084 2669 suppositum,
3128 2587 3197 2646 et
3231 2599 3378 2646 non
3417 2579 3598 2646 circa
3635 2574 3973 2667 signitica-

2419 2698 2607 2757 tum:
2634 2688 3070 2778 suppositum
3101 2687 3288 2756 enim
3320 2709 3525 2755 suum
3557 2684 3975 2777 significatur

2416 2816 2539 2886 per
2593 2792 3131 2872 subsistentiam,
3178 2792 3288 2860 vel
3327 2791 3752 2884 hypostases,
3804 2790 3979 2857 sicut

2418 2901 2680 2969 dietum
2732 2907 2834 2968 est
2889 2921 3095 2990 supra
3125 2900 3196 2967 in
3228 2901 3605 2991 quaestione
3661 2897 3745 2966 de
3810 2919 3973 2987 qua·

2418 3015 2577 3077 tuor
2613 3005 3032 3074 nominibus.

1159 3499 1242 3576 F.
1290 3498 1636 3575 Ostendit
1689 3498 1923 3574 verba
1986 3497 2421 3599 Anqustini
2463 3495 2876 3574 convenire
2910 3492 3092 3573 Ιηιίσ
3136 3490 3568 3572 sententiae.

865 3834 949 3906 131
991 3832 1114 3907 hic
1159 3857 1440 3909 sensus
1499 3834 1915 3932 adjuvatur
1950 3856 2045 3909 ex
2081 3831 2339 3908 verbis
2390 3830 2811 3927 Augustini
2866 3828 3317 3928 praemissiS,
3376 3828 3443 3903 si
3486 3826 3812 3904 interius
3865 3827 3975 3902 in·

766 3966 1156 4061 telligatur
1190 3976 1240 4041 ².
1286 3966 1484 4056 Quia
1514 3969 1719 4044 enim
1758 3969 1985 4044 Pater
2021 3975 2137 4043 est
2164 3989 2527 4066 persona,
2564 3965 2639 4039 id
2682 3974 2827 4058 est,
2864 3963 3240 4054 essentia,
3278 3971 3355 4039 et
3388 3962 3632 4038 Filius
3661 3974 3774 4038 est
3810 3987 3971 4061 per·

764 4124 983 4194 suna,
1027 4112 1099 4174 et
1141 4101 1475 4200 Spiritus
1523 4113 1840 4178 sanctus
1872 4125 2228 4202 persona,
2275 4100 2447 4176 ideo
2489 4099 2860 4174 dicuntur
2887 4109 3044 4175 tres
3085 4120 3474 4198 personw,
3521 4097 3594 4172 id
3628 4108 3770 4191 est,
3820 4107 3971 4172 tres

765 4233 1314 4321 subsistentim,
1358 4247 1510 4312 tres
1553 4248 1795 4313 entes.
1851 4237 2018 4312 Non
2063 4236 2266 4312 enim
2324 4245 2646 4335 possunt
2688 4235 2836 4310 dici
2877 4244 3028 4309 tres
3081 4231 3638 4328 subsistentiw,
3686 4233 3800 4307 vel
3844 4257 3972 4307 en·

768 4380 910 4463 tes,
938 4369 1082 4445 nisi
1115 4370 1473 4468 singulus
1505 4395 1774 4446 eorum
1809 4382 2011 4447 esset
2034 4393 2392 4471 persona,
2428 4369 2503 4443 id
2547 4380 2688 4464 est,
2733 4367 3101 4444 essentia.
3149 4366 3349 4456 Quia
3387 4390 3576 4461 ergo
3615 4367 3730 4443 eis
3772 4389 3972 4442 com·

771 4526 1003 4578 mune
1035 4511 1150 4577 est
1191 4503 1262 4576 id
1296 4505 1501 4601 quod
1534 4513 1649 4579 est
1681 4527 2034 4602 persona,
2067 4503 2139 4577 id
2171 4513 2314 4596 est,
2359 4501 2722 4592 essentia,
2760 4501 2933 4577 ideo
2962 4511 3168 4576 reete
3208 4499 3578 4576 dic-untur
3615 4510 3772 4576 tres
3811 4524 3977 4600 per·

769 4660 1011 4727 sonte,
1058 4636 1131 4710 id
1174 4647 1311 4722 est,
1362 4637 1884 4713 subsistentia*
1927 4637 2045 4711 vel
2104 4635 2618 4711 subsistentes
2661 4658 2678 4711 ε
2720 4643 2805 4709 ut
2841 4635 3045 4710 sieut
3082 4634 3425 4710 essentia
3465 4658 3646 4734 qum
3700 4646 3809 4712 est
3862 4636 3976 4711 eis

768 4772 1200 4847 communis
1241 4796 1419 4846 vere
1454 4796 1543 4846 ac
1576 4770 1886 4872 proprie
1919 4780 2033 4846 est
2076 4794 2094 4846 :
2141 4770 2242 4844 ita
2275 4769 2382 4843 illi
2420 4779 2574 4845 tres
2602 4792 2782 4844 vere
2824 4793 2913 4843 ac
2938 4767 3251 4868 proprie
3294 4769 3827 4844 subsistentia·
3852 4773 3973 4847 vel

766 4918 982 4981 entes
1023 4907 1579 5004 intelligantur.
1607 4907 1944 5004 Ideoque
1969 4903 2497 5001 Augustinus·
2536 4927 2812 4980 causas
2851 4903 3233 4979 dictorum
3266 4903 3750 4996 discernenS,
3795 4905 3980 4981 dicit

771 5052 921 5116 tres
962 5065 1330 5140 personas
1360 5064 1531 5117 esse
1559 5066 1793 5117 unam
1827 5039 2242 5118 essentiam
2275 5040 2397 5114 vel
2440 5039 2790 5137 ejusdem
2819 5038 3210 5127 essentiae,
3249 5063 3402 5113 non
3447 5063 3540 5114 ex
3572 5039 3839 5115 eadem
3866 5065 3978 5117 es·

767 5177 1017 5253 sentia
1061 5200 1077 5252 :
1143 5199 1240 5251 ne
1282 5176 1492 5250 aliud
1526 5174 2134 5273 intelligaturibi
2212 5197 2382 5250 esse
2439 5198 2798 5274 persona,
2862 5174 3070 5249 aliud
3125 5174 3465 5251 essentia
3510 5198 3527 5249 :
3577 5186 3730 5249 tres
3768 5176 3972 5250 enim

837 5517 853 5552 ¹
885 5517 971 5576 Cf.
1004 5518 1214 5590 Supra,
1246 5518 1386 5573 Dist.
1425 5515 1621 5571 xxm.

831 5611 855 5645 ¹
875 5609 1026 5666 Edit.
1055 5607 1301 5664 loannis
1322 5606 1649 5675 Alleaume,
1671 5604 2083 5675 inteltiqantur.

830 5704 853 5739 ⁸
883 5700 936 5754 S.
963 5701 1334 5761 Auamma-us,
1371 5696 1492 5750 Lib.
1526 5694 1618 5751 vn
1645 5693 1719 5750 de
1747 5693 2053 5763 Trinitate,
2074 5710 2202 5766 cap.
2226 5697 2279 5748 6.

4023 1233 4099 1279 Ad
4127 1240 4286 1291 quest.
