4897 6388
788 2201 985 2248 solutio.

1716 262 1809 327 IN
1858 262 1887 327 1
1938 261 2363 331 SENTENT.
2421 260 2645 329 DIST.
2697 260 2783 337 II,
2831 261 2904 340 F,
2947 263 3146 332 ART.
3198 266 3281 331 23
3324 267 3429 333 ET
3467 270 3571 335 24.

1454 758 1957 829 ARTICULUS
2006 759 2254 827 XXIII.

1083 980 1191 1046 An
1224 978 1458 1044 David
1492 980 1583 1044 sit
1658 979 2009 1043 maximus
2076 976 2580 1065 Prophetarum
2604 975 2643 1041 ἒ)

1169 1301 1432 1367 Deinde
1503 1300 1826 1389 quaeritur
1890 1301 1971 1368 de
2012 1300 2141 1367 hoc
2171 1300 2355 1391 quod
2429 1299 2631 1367 dicit:

1081 1434 1115 1474 ι
1155 1408 1290 1474 Ille
1320 1410 1529 1485 eliam
1590 1410 1943 1475 maximus
2009 1408 2516 1497 Prophetarum
2576 1418 2639 1474 el

1077 1538 1344 1604 requm,
1391 1523 1520 1583 etc.
1563 1540 1595 1580 ι)

1166 1620 1454 1690 Videtur
1509 1624 1694 1690 enim
1762 1621 2033 1712 Moyses
2102 1623 2320 1711 major
2395 1624 2631 1701 fuisse,

1071 1733 1177 1798 cui
1222 1753 1340 1797 ore
1393 1730 1479 1797 ad
1536 1754 1612 1796 os
1667 1730 1932 1797 locutus
1986 1740 2083 1798 est
2143 1731 2509 1809 Dominus,
2572 1741 2639 1799 et

1072 1838 1257 1905 Elias
1287 1840 1404 1928 qui
1442 1838 1668 1929 ignem
1702 1838 2107 1906 descendere
2140 1840 2289 1906 fecit
2312 1840 2392 1906 de
2433 1840 2631 1917 cosso,

1075 1957 1142 2015 et
1172 1948 1439 2016 Eliseus
1479 1949 1594 2040 qui
1630 1960 1936 2017 mortuos
1965 1950 2342 2018 suscitavit.

1172 2158 1483 2229 Somno.
1540 2163 1897 2229 Maximus
1981 2162 2226 2232 dicitur
2305 2161 2531 2230 David
2596 2186 2638 2231 a

1079 2268 1286 2336 modo
1332 2268 1819 2359 inspi1·ationiS‚
1865 2279 1930 2338 et.
1992 2271 2443 2362 promissione
2519 2295 2636 2340 se-

1077 2376 1283 2443 minis
1315 2377 1638 2445 nascituri
1673 2376 1755 2444 de
1788 2378 1959 2468 ipso.
1996 2379 2095 2446 De
2136 2379 2356 2468 primo
2375 2378 2628 2448 habes:

1072 2485 1383 2552 Audiam
1416 2485 1592 2576 quid
1620 2486 1950 2575 loquatur
2001 2487 2073 2552 in
2130 2509 2237 2555 me
2292 2489 2636 2556 Dominus

1072 2596 1262 2661 Deus
1304 2597 1348 2662 ¹.
1394 2593 1567 2662 Aliis
1596 2604 1823 2661 autem
1878 2594 2283 2686 loquebatur
2337 2619 2459 2686 per
2523 2598 2634 2664 vi-

1073 2702 1330 2781 siones,
1367 2712 1431 2769 et
1460 2701 1791 2792 Angelos,
1826 2713 1890 2770 et
1939 2703 2327 2794 aenigmata.
2395 2703 2489 2772 l)e
2521 2727 2634 2772 se·

1072 2808 1301 2876 cundo
1344 2808 1598 2877 habes:
1647 2812 1748 2876 De
1772 2818 2014 2900 fructu
2047 2813 2295 2878 ventris
2343 2813 2451 2878 lm‘
2497 2836 2635 2904 po-

1071 2939 1235 2982 nam
1273 2940 1483 3008 super
1533 2917 1755 2984 sedem
1808 2928 2000 2987 luam
2041 2936 2088 2985 ².
2157 2919 2292 2987 Sed
2356 2919 2630 3011 Moyses

1072 3027 1419 3093 maximus
1453 3027 1575 3093 ruit
1616 3027 1686 3094 in
1718 3027 1921 3094 modo
1972 3030 2502 3119 apparitionum,
2563 3039 2631 3098 et

1072 3132 1254 3201 Elias
1283 3134 1629 3203 maximus
1661 3136 1729 3203 in
1760 3136 1928 3215 zelo,
1973 3146 2036 3204 et
2088 3136 2348 3206 Eliseus
2404 3138 2630 3206 maxi-

1073 3265 1225 3309 mus
1253 3243 1324 3309 in
1366 3245 1760 3333 operatione
1797 3245 2308 3316 miraculorum.

1443 3671 1946 3741 An‘rtcnt's
1994 3673 2251 3742 xxiv,

1067 3883 1175 3947 An
1228 3881 1480 3948 divinae
1533 3884 1889 3972 sapie-nle'oe
1934 3885 2398 3953 convenienter
2426 3888 2621 3954 altri-

1157 3989 1467 4056 bmmlm·
1516 3992 1875 4080 possessae,
1908 3993 2273 4082 conceptae,
2312 3996 2624 4084 parlari-

1154 4100 1276 4174 !io,
1311 4108 1463 4174 ele„
1507 4124 1659 4189 elme
1684 4098 1819 4166 sibi
1847 4100 2166 4167 allre‘buit
2191 4104 2463 4192 sapiens
2493 4103 2534 4169 ?

1156 4411 1413 4481 Deinde
1458 4411 1895 4502 qua-riturcle
1967 4412 2091 4480 hoc
2168 4413 2346 4504 quod
2409 4415 2611 4484 dicit:

978 4505 989 4518 ⁸
1065 4551 1097 4583 «
1134 4525 1458 4598 Sunt-lm,
1500 4530 1798 4596 sam-ms,
1849 4532 2150 4597 sanctus,
2212 4532 2339 4591 etc.
2376 4553 2405 4583 n
2482 4524 2616 4591 Su·

1060 4653 1182 4720 per
1249 4629 1376 4695 lim·
1437 4628 1617 4696 enim
1678 4627 2068 4717 accipienda
2135 4639 2231 4696 est
2300 4630 2614 4699 ‹liftinitio

1057 4740 1434 4808 sanctitatis
1456 4740 1674 4830 posita
1699 4739 1762 4804 in
1789 4737 1960 4804 libro
1993 4737 2073 4804 de
2098 4741 2369 4807 Iliciuis
2399 4744 2616 4809 uomi-

1056 4847 1284 4929 nibus,
1339 4845 1454 4912 ubi
1523 4847 1616 4911 sir
1693 4844 1892 4911 dicit:
1970 4843 2310 4913 Sanctitas
2374 4856 2471 4914 est
2542 4859 2613 4916 ut

1053 4954 1431 5022 seeundum
1472 4975 1597 5020 nos
1628 4951 1888 5019 dicatur
1935 4951 2020 5018 ab
2072 4956 2259 5020 omni
2313 4955 2610 5023 immun-

1054 5061 1221 5128 ditia
1262 5058 1499 5134 libera.
1571 5066 1634 5123 et
1706 5057 2022 5149 perfecta,
2056 5066 2118 5127 et
2161 5061 2443 5128 omnino
2480 5063 2612 5129 im·

1055 5168 1390 5237 maculata
1425 5166 1759 5234 munditia
1789 5168 1931 5235 sive
1973 5169 2229 5257 puritas
2265 5186 2309 5237 ⁸.
2344 5169 2609 5239 Deinde

1128 5446 1144 5480 ¹
1178 5440 1335 5498 Psal.
1367 5455 1598 5508 mxxxiv,
1625 5442 1681 5496 9.

1126 5533 1148 5569 ²
1179 5528 1336 5589 Psal.
1370 5547 1568 5592 cxxxi.
1602 5532 1688 5588 ¹1.

1123 5624 1233 5679 ⁸5.
1271 5623 1595 5692 mensurus,
1641 5619 1761 5677 Lib.
1817 5619 1889 5679 de
1950 5623 2171 5681 Divinis
2237 5629 2601 5701 nominibus,

4205 264 4288 332 85

2749 438 3114 526 accipiatur
3151 439 3483 527 expositio
3539 438 3955 504 auctoritatis
3998 436 4287 501 inductae

2749 543 2829 609 de
2863 544 3272 627 ProverbiiS,
3308 546 3424 628 ibi,
3469 547 3806 613 Dominus
3838 543 4133 634 possedit
4183 563 4288 608 me

2747 653 2819 713 in
2853 652 3047 716 initio
3081 654 3350 718 viarum
3385 675 3696 728 suarum,
3735 661 3859 720 etc.
3883 643 3926 717 ⁸.

2844 761 2899 823 l.
2947 758 3230 826 Videtur
3269 763 3447 827 enim
3481 785 3617 829 non
3660 761 4019 829 convenire
4063 783 4077 826 ε
4125 758 4286 849 quia

2747 864 3082 952 possessio
3152 888 3376 932 rerum
3443 875 3542 933 est
3607 869 4159 943 extrinsecarum,
4221 871 4287 930 et

2750 970 2877 1038 hoc
2907 994 3042 1038 non
3083 975 3398 1041 convenit
3438 975 3808 1063 sapientiae.

2839 1083 2902 1147 2.
2941 1080 3298 1165 Praeterea,
3334 1080 3637 1159 Qualiter
3665 1081 4023 1150 conveniat
4063 1081 4122 1146 ei
4201 1075 4283 1144 ab

2746 1198 2996 1255 aeterno
3029 1190 3367 1257 ordinari:
3403 1191 3568 1258 ordo
3614 1191 3794 1258 enim
3842 1189 4034 1280 ponit
4101 1190 4286 1277 prius

2747 1304 2812 1362 et
2864 1298 3199 1385 posterius
3256 1298 3609 1388 dignitate,
3698 1296 3807 1364 vel
3882 1318 4108 1377 causa,
4179 1292 4286 1360 vel

2744 1402 2921 1479 loco,
2991 1402 3096 1471 vel
3155 1413 3500 1494 tempore:
3564 1413 3631 1471 et
3692 1403 3957 1471 nullum
4035 1401 4285 1469 horum

2747 1512 2917 1579 Filio
2948 1515 3266 1581 convenit
3305 1515 3371 1580 in
3447 1515 3952 1605 comparatione
4008 1512 4093 1580 ad
4149 1511 4288 1578 Pa·

2746 1627 2940 1685 trem.

2836 1729 2896 1792 3.
2933 1725 3290 1811 I'raeterea‚
3319 1727 3426 1794 Ad
3446 1728 3606 1818 quid
3635 1727 3914 1795 refertur
3934 1726 4283 1816 conceptio

2743 1837 2913 1922 ejus,
2949 1846 3014 1904 et
3053 1838 3464 1926 parturitio?
3503 1838 3650 1905 Istae
3689 1838 3871 1906 enim
3902 1845 4059 1904 sunt
4124 1858 4288 1926 pro-

2742 1946 3059 2034 prietates
3124 1948 3582 2036 generationis
3627 1945 3939 2023 carnalis‚
3999 1967 4150 2036 quae
4216 1944 4285 2011 in

2741 2052 2973 2120 divina
3003 2056 3437 2143 generatione
3464 2078 3599 2122 non
3630 2054 4069 2122 conveniunt.

2831 2162 3291 2243 .‡.1¹raeterea‚
3326 2163 3504 2244 Quid
3555 2173 3755 2233 vocat
3817 2162 4120 2232 cardines
4172 2185 4287 2230 or-

2744 2268 2848 2335 bis
2877 2278 3209 2337 terrarum
3232 2271 3268 2336 ⁴?

2832 2380 2896 2445 ὃ.
2933 2376 3128 2454 Item,
3200 2378 3379 2457 Quid
3444 2387 3544 2446 est
3608 2378 3987 2469 appendere
4049 2376 4286 2444 funda-

2745 2495 2970 2552 menta
3008 2486 3257 2554 terrae?

2832 2599 2896 2659 ti.
2939 2594 3298 2673 Praeterea,
3332 2593 3506 2672 Quid
3556 2603 3658 2662 est
3704 2592 4107 2683 sapientiam
4156 2593 4282 2661 de-

2741 2704 2967 2770 lectari
3002 2702 3298 2770 ludendo
3329 2726 3555 2770 coram
3591 2703 3790 2770 Patre.
3830 2726 3948 2794 per
3975 2702 4282 2793 singulos

2739 2811 2935 2879 dies?

2828 3025 3184 3094 ltesroxsto
3215 3025 3298 3093 ad
3332 3028 3649 3115 primum,
3718 3026 3900 3117 quod
3938 3028 4274 3117 possessio

2732 3137 3218 3204 transsumitur
3246 3134 3330 3205 ad
3379 3134 3622 3204 Filium
3681 3135 4049 3205 secundum
4091 3135 4274 3227 quod

2736 3254 2833 3311 est
2886 3268 2994 3312 ars
3039 3244 3254 3311 l‘atris
3313 3243 3508 3336 plena
3576 3245 3914 3313 rationum
3964 3247 4273 3312 omnium

2734 3352 3153 3419 viventium:
3215 3353 3551 3442 possessio
3619 3352 3800 3419 enim
3865 3349 4153 3420 liabetur
4189 3350 4274 3417 ad

2735 3469 2995 3528 natum.
3034 3458 3107 3526 ln
3149 3458 3279 3527 hoc
3326 3482 3487 3548 ergo
3527 3467 3720 3528 notat
3771 3458 4273 3527 distinctionem

2736 3567 2855 3634 1)οἰ
2897 3568 2981 3634 ab
3011 3567 3164 3636 aliis
3212 3568 3605 3648 artificibus,
3640 3590 3812 3659 quos
3857 3575 4070 3636 artem
4136 3558 4278 3636 non

2734 3672 3058 3741 habentes
3126 3675 3213 3743 ad
3268 3698 3547 3743 manum
3615 3683 3884 3766 oportet
3964 3674 4273 3743 meditari

2734 3802 2937 3868 super
2965 3791 3188 3870 partes
3246 3784 3575 3864 materiae,
3619 3791 3684 3849 et
3749 3783 4044 3872 cogitare
4074 3804 4277 3872 super

2736 3890 3222 3961 instrumenta:
3267 3893 3446 3983 quod
3484 3916 3620 3960 non
3645 3893 4274 3985 requiritsapientia

2730 3996 2981 4066 divina.

2820 4111 2922 4174 An
2989 4132 3185 4176 ‚turn
3250 4110 3610 4178 dicendum
3670 4110 3853 4202 quod
3924 4110 4016 4202 ly,
4076 4111 4269 4178 ordi-

2728 4226 2918 4291 nata.
2961 4215 3119 4283 dicit
3158 4217 3320 4294 due,
3363 4218 3615 4286 seilicet
3656 4216 3964 4286 ordinem
4014 4227 4266 4286 naturoe

2727 4323 2841 4412 qui
2883 4330 2982 4390 est
3025 4323 3092 4389 in
3131 4322 3405 4404 divinis,
3430 4348 3566 4415 quo
3597 4324 3765 4392 alter
3793 4334 3995 4393 estex
4026 4323 4263 4408 altero,

2729 4454 2862 4497 non
2905 4455 3038 4522 quo
3068 4431 3237 4500 alter
3273 4441 3369 4499 est
3413 4435 3598 4523 prior
3662 4433 3872 4502 altero
3900 4456 3916 4501 :
3949 4443 4011 4502 et
4076 4435 4271 4524 ponit.

2725 4542 2923 4605 etiam
2967 4539 3426 4607 causalitatem
3469 4542 3818 4631 sapientiae
3858 4551 3929 4610 ut
3981 4544 4142 4610 artis
4185 4542 4270 4609 ad

2725 4647 3154 4713 artiticiatum
3227 4649 3291 4714 in
3380 4657 3709 4739 tempore,
3796 4652 3966 4718 sicut
4066 4673 4270 4718 causa

2723 4763 2970 4819 adi-rna
3003 4753 3355 4822 ordinatur
3385 4755 3465 4821 ad
3541 4765 3890 4824 causatum
3952 4757 4017 4824 in
4085 4767 4264 4824 tem-

2723 4886 2885 4952 pore
2917 4886 2930 4928 :
2967 4872 3029 4930 et
3071 4863 3165 4930 sic
3198 4875 3410 4932 cessat
3443 4863 3760 4952 olijectiO.

2812 4970 3169 5037 Coxcurno
3200 4982 3424 5039 autem
3469 4973 3814 5063 sapientia!
3859 4973 4018 5042 dicit
4064 4974 4259 5042 clau-

2720 5077 2981 5145 sionem
3042 5076 3194 5145 Filii
3249 5079 3314 5144 in
3366 5079 3601 5146 eadem
3675 5080 4051 5149 substantia
4097 5105 4253 5151 cum

2721 5183 2941 5251 l‘atre.
3021 5184 3383 5253 l‘arturitio
3450 5178 3677 5256 autem
3745 5189 3904 5257 dicit
3976 5190 4258 5259 modum

2716 5454 2966 5524 cap.t2.

2786 5541 2810 5575 ⁴
2840 5540 3114 5599 Proverb.
3143 5559 3263 5614 vm,
3297 5542 3368 5600 22
3397 5553 3452 5603 et
3483 5561 3608 5620 seq.

4356 3088 4558 3137 Solonio.

4391 3226 4462 3271 Ad
4494 3228 4530 3276 Ι.

4378 4171 4456 4220 Ad
4491 4173 4534 4222 2.

4364 5035 4444 5083 Ad
4470 5039 4513 5088 ³.
