<?xml version="1.0" encoding="UTF-8"?>
<!DOCTYPE html PUBLIC "-//W3C//DTD XHTML 1.0 Transitional//EN"
    "http://www.w3.org/TR/xhtml1/DTD/xhtml1-transitional.dtd">
<html xmlns="http://www.w3.org/1999/xhtml" xml:lang="en" lang="en">
 <head>
  <title>
</title>
<meta http-equiv="Content-Type" content="text/html;charset=utf-8" />
  <meta name='ocr-system' content='tesseract 3.04.00' />
  <meta name='ocr-capabilities' content='ocr_page ocr_carea ocr_par ocr_line ocrx_word'/>
</head>
<body>
  <div class='ocr_page' id='page_1' title='image "balbertimagnira03chgoog_0511.png"; bbox 0 0 4897 6388; ppageno 0'>
   <div class='ocr_carea' id='block_1_1' title="bbox 1787 335 4238 480">
    <p class='ocr_par' dir='ltr' id='par_1_1' title="bbox 1787 335 4238 480">
     <span class='ocr_line' id='line_1_1' title="bbox 1787 335 4238 480; baseline 0.019 -79"><span class='ocrx_word' id='word_1_1' title='bbox 1787 335 1883 401; x_wconf 86' lang='lat' dir='ltr'>IN</span> <span class='ocrx_word' id='word_1_2' title='bbox 1930 336 1958 402; x_wconf 91' lang='lat'>1</span> <span class='ocrx_word' id='word_1_3' title='bbox 2009 338 2716 431; x_wconf 46' lang='lat' dir='ltr'><strong>SENTENT„D1‚ST.</strong></span> <span class='ocrx_word' id='word_1_4' title='bbox 2769 353 2995 434; x_wconf 84' lang='lat' dir='ltr'><strong>XVII,</strong></span> <span class='ocrx_word' id='word_1_5' title='bbox 3046 357 3103 435; x_wconf 94' lang='lat' dir='ltr'>I,</span> <span class='ocrx_word' id='word_1_6' title='bbox 3137 360 3337 428; x_wconf 90' lang='lat' dir='ltr'>ART.</span> <span class='ocrx_word' id='word_1_7' title='bbox 3397 367 3507 463; x_wconf 75' lang='grc'>10.</span> <span class='ocrx_word' id='word_1_8' title='bbox 3866 390 3870 394; x_wconf 82' lang='grc'><em>“</em></span> <span class='ocrx_word' id='word_1_9' title='bbox 3914 420 3930 447; x_wconf 84' lang='grc'>-.</span> <span class='ocrx_word' id='word_1_10' title='bbox 3998 477 3999 480; x_wconf 8' lang='lat'>¹</span> <span class='ocrx_word' id='word_1_11' title='bbox 4112 381 4238 447; x_wconf 76' lang='lat'>481</span> 
     </span>
    </p>
   </div>
   <div class='ocr_carea' id='block_1_2' title="bbox 2057 906 3207 1009">
    <p class='ocr_par' dir='ltr' id='par_1_2' title="bbox 2057 906 3207 1009">
     <span class='ocr_line' id='line_1_2' title="bbox 2057 906 3207 1009; baseline 0.014 -31"><span class='ocrx_word' id='word_1_12' title='bbox 2057 906 2112 979; x_wconf 90' lang='grc' dir='ltr'>Ι.</span> <span class='ocrx_word' id='word_1_13' title='bbox 2170 908 2594 1009; x_wconf 79' lang='lat' dir='ltr'><em>Responsio</em></span> <span class='ocrx_word' id='word_1_14' title='bbox 2627 917 2732 990; x_wconf 83' lang='lat' dir='ltr'>ad</span> <span class='ocrx_word' id='word_1_15' title='bbox 2762 924 3207 998; x_wconf 72' lang='lat' dir='ltr'>secandam.</span> 
     </span>
    </p>
   </div>
   <div class='ocr_carea' id='block_1_3' title="bbox 1029 1235 4383 1664">
    <p class='ocr_par' dir='ltr' id='par_1_3' title="bbox 1029 1235 4383 1664">
     <span class='ocr_line' id='line_1_3' title="bbox 1129 1235 4244 1392; baseline 0.02 -86"><span class='ocrx_word' id='word_1_16' title='bbox 1129 1235 1478 1333; x_wconf 78' lang='lat' dir='ltr'>Cumque</span> <span class='ocrx_word' id='word_1_17' title='bbox 1543 1240 1826 1338; x_wconf 84' lang='lat' dir='ltr'>ubique</span> <span class='ocrx_word' id='word_1_18' title='bbox 1883 1245 1981 1318; x_wconf 86' lang='lat' dir='ltr'>sit</span> <span class='ocrx_word' id='word_1_19' title='bbox 2019 1258 2094 1322; x_wconf 85' lang='lat' dir='ltr'>et</span> <span class='ocrx_word' id='word_1_20' title='bbox 2159 1249 2236 1324; x_wconf 90' lang='lat' dir='ltr'>in</span> <span class='ocrx_word' id='word_1_21' title='bbox 2304 1256 2518 1329; x_wconf 87' lang='lat' dir='ltr'>omni</span> <span class='ocrx_word' id='word_1_22' title='bbox 2581 1270 2939 1338; x_wconf 83' lang='lat' dir='ltr'>creatura</span> <span class='ocrx_word' id='word_1_23' title='bbox 3001 1276 3229 1364; x_wconf 81' lang='lat' dir='ltr'>totuS,</span> <span class='ocrx_word' id='word_1_24' title='bbox 3295 1287 3480 1351; x_wconf 84' lang='lat' dir='ltr'>sunt</span> <span class='ocrx_word' id='word_1_25' title='bbox 3533 1289 3785 1360; x_wconf 85' lang='lat' dir='ltr'>tamen</span> <span class='ocrx_word' id='word_1_26' title='bbox 3836 1292 4053 1364; x_wconf 85' lang='lat' dir='ltr'>multi</span> <span class='ocrx_word' id='word_1_27' title='bbox 4115 1296 4244 1392; x_wconf 83' lang='lat' dir='ltr'>qui</span> 
     </span>
     <span class='ocr_line' id='line_1_4' title="bbox 1034 1374 4242 1526; baseline 0.022 -86"><span class='ocrx_word' id='word_1_28' title='bbox 1034 1389 1212 1441; x_wconf 87' lang='lat' dir='ltr'>eum</span> <span class='ocrx_word' id='word_1_29' title='bbox 1255 1394 1407 1444; x_wconf 88' lang='lat' dir='ltr'>non</span> <span class='ocrx_word' id='word_1_30' title='bbox 1456 1374 1766 1450; x_wconf 84' lang='lat' dir='ltr'>habent.</span> <span class='ocrx_word' id='word_1_31' title='bbox 1804 1378 1972 1453; x_wconf 91' lang='lat' dir='ltr'>Non</span> <span class='ocrx_word' id='word_1_32' title='bbox 2033 1383 2240 1458; x_wconf 89' lang='lat' dir='ltr'>enim</span> <span class='ocrx_word' id='word_1_33' title='bbox 2304 1413 2593 1500; x_wconf 76' lang='lat' dir='ltr'>omnes</span> <span class='ocrx_word' id='word_1_34' title='bbox 2643 1395 3029 1494; x_wconf 82' lang='lat' dir='ltr'>Spiritum</span> <span class='ocrx_word' id='word_1_35' title='bbox 3071 1417 3437 1518; x_wconf 65' lang='lat' dir='ltr'>sanctum⁴</span> <span class='ocrx_word' id='word_1_36' title='bbox 3472 1415 3782 1516; x_wconf 84' lang='lat' dir='ltr'>habent,</span> <span class='ocrx_word' id='word_1_37' title='bbox 3837 1424 3914 1497; x_wconf 92' lang='lat' dir='ltr'>in</span> <span class='ocrx_word' id='word_1_38' title='bbox 3958 1431 4242 1526; x_wconf 85' lang='lat' dir='ltr'>quibus</span> 
     </span>
     <span class='ocr_line' id='line_1_5' title="bbox 1029 1505 4383 1664; baseline 0.019 -89"><span class='ocrx_word' id='word_1_39' title='bbox 1029 1512 1144 1576; x_wconf 87' lang='lat' dir='ltr'>est</span> <span class='ocrx_word' id='word_1_40' title='bbox 1185 1527 1203 1578; x_wconf 76' lang='grc' dir='ltr'>ε</span> <span class='ocrx_word' id='word_1_41' title='bbox 1241 1505 1586 1605; x_wconf 88' lang='lat' dir='ltr'>alioquin</span> <span class='ocrx_word' id='word_1_42' title='bbox 1631 1520 1706 1586; x_wconf 91' lang='lat' dir='ltr'>et</span> <span class='ocrx_word' id='word_1_43' title='bbox 1737 1511 2301 1598; x_wconf 75' lang='lat' dir='ltr'>irrationabiles</span> <span class='ocrx_word' id='word_1_44' title='bbox 2333 1536 2710 1605; x_wconf 78' lang='lat' dir='ltr'>creaturae.</span> <span class='ocrx_word' id='word_1_45' title='bbox 2761 1523 3136 1614; x_wconf 88' lang='lat' dir='ltr'>haberent</span> <span class='ocrx_word' id='word_1_46' title='bbox 3187 1541 3562 1641; x_wconf 85' lang='lat' dir='ltr'>Spiritum</span> <span class='ocrx_word' id='word_1_47' title='bbox 3608 1568 3988 1664; x_wconf 78' lang='lat' dir='ltr'>sanctum,</span> <span class='ocrx_word' id='word_1_48' title='bbox 4032 1570 4239 1663; x_wconf 89' lang='lat' dir='ltr'>quod</span> <span class='ocrx_word' id='word_1_49' title='bbox 4376 1633 4383 1639; x_wconf 87' lang='lat'><strong>.</strong></span> 
     </span>
    </p>
   </div>
   <div class='ocr_carea' id='block_1_4' title="bbox 1035 1637 2084 1739">
    <p class='ocr_par' dir='ltr' id='par_1_4' title="bbox 1035 1637 2084 1739">
     <span class='ocr_line' id='line_1_6' title="bbox 1035 1637 2084 1739; baseline 0.017 -30"><span class='ocrx_word' id='word_1_50' title='bbox 1035 1637 1212 1714; x_wconf 77' lang='lat' dir='ltr'>fidei</span> <span class='ocrx_word' id='word_1_51' title='bbox 1263 1642 1510 1739; x_wconf 85' lang='lat' dir='ltr'>pietas</span> <span class='ocrx_word' id='word_1_52' title='bbox 1536 1670 1692 1721; x_wconf 91' lang='lat' dir='ltr'>non</span> <span class='ocrx_word' id='word_1_53' title='bbox 1734 1650 2084 1727; x_wconf 83' lang='lat' dir='ltr'>admittit.</span> 
     </span>
    </p>
   </div>
   <div class='ocr_carea' id='block_1_5' title="bbox 1506 2256 2066 2308">
    <p class='ocr_par' dir='ltr' id='par_1_5' title="bbox 1506 2256 2066 2308">
     <span class='ocr_line' id='line_1_7' title="bbox 1506 2256 2066 2308; baseline 0.014 -9"><span class='ocrx_word' id='word_1_54' title='bbox 1506 2256 1742 2302; x_wconf 78' lang='lat' dir='ltr'>mvlsto</span> <span class='ocrx_word' id='word_1_55' title='bbox 1800 2258 2066 2308; x_wconf 61' lang='lat' dir='ltr'>nurus,</span> 
     </span>
    </p>
   </div>
   <div class='ocr_carea' id='block_1_6' title="bbox 1005 2544 2562 4590">
    <p class='ocr_par' dir='ltr' id='par_1_6' title="bbox 1019 2544 2562 2732">
     <span class='ocr_line' id='line_1_8' title="bbox 1110 2544 2562 2649; baseline 0.015 -42"><span class='ocrx_word' id='word_1_56' title='bbox 1110 2567 1143 2606; x_wconf 71' lang='grc' dir='ltr'><strong>α</strong></span> <span class='ocrx_word' id='word_1_57' title='bbox 1194 2544 1325 2610; x_wconf 78' lang='lat' dir='ltr'>llic</span> <span class='ocrx_word' id='word_1_58' title='bbox 1369 2548 1727 2636; x_wconf 69' lang='lat' dir='ltr'>quaeritur,</span> <span class='ocrx_word' id='word_1_59' title='bbox 1787 2552 1868 2619; x_wconf 78' lang='lat' dir='ltr'>Si</span> <span class='ocrx_word' id='word_1_60' title='bbox 1911 2552 2215 2622; x_wconf 79' lang='lat' dir='ltr'>charitas</span> <span class='ocrx_word' id='word_1_61' title='bbox 2255 2559 2562 2649; x_wconf 75' lang='lat' dir='ltr'>Spiritus</span> 
     </span>
     <span class='ocr_line' id='line_1_9' title="bbox 1019 2636 1684 2732; baseline 0.009 -17"><span class='ocrx_word' id='word_1_62' title='bbox 1019 2636 1297 2719; x_wconf 70' lang='lat' dir='ltr'>sanctus</span> <span class='ocrx_word' id='word_1_63' title='bbox 1332 2663 1452 2732; x_wconf 79' lang='lat' dir='ltr'>est,</span> <span class='ocrx_word' id='word_1_64' title='bbox 1485 2664 1612 2724; x_wconf 88' lang='lat' dir='ltr'>etc.</span> <span class='ocrx_word' id='word_1_65' title='bbox 1653 2683 1684 2721; x_wconf 70' lang='lat' dir='ltr'>n</span> 
     </span>
    </p>

    <p class='ocr_par' dir='ltr' id='par_1_7' title="bbox 1010 2757 2562 3923">
     <span class='ocr_line' id='line_1_10' title="bbox 1106 2757 2562 2859; baseline 0.016 -35"><span class='ocrx_word' id='word_1_66' title='bbox 1106 2757 1234 2828; x_wconf 80' lang='lat' dir='ltr'>Hic</span> <span class='ocrx_word' id='word_1_67' title='bbox 1271 2762 1503 2853; x_wconf 80' lang='lat' dir='ltr'>incipit</span> <span class='ocrx_word' id='word_1_68' title='bbox 1530 2767 1826 2835; x_wconf 84' lang='lat' dir='ltr'>secunda</span> <span class='ocrx_word' id='word_1_69' title='bbox 1861 2791 2017 2859; x_wconf 89' lang='lat' dir='ltr'>pars</span> <span class='ocrx_word' id='word_1_70' title='bbox 2063 2771 2259 2843; x_wconf 84' lang='lat' dir='ltr'>istius</span> <span class='ocrx_word' id='word_1_71' title='bbox 2314 2775 2562 2846; x_wconf 86' lang='lat' dir='ltr'>distin-</span> 
     </span>
     <span class='ocr_line' id='line_1_11' title="bbox 1020 2867 2559 2967; baseline 0.015 -34"><span class='ocrx_word' id='word_1_72' title='bbox 1020 2867 1290 2947; x_wconf 86' lang='lat' dir='ltr'>ctionis,</span> <span class='ocrx_word' id='word_1_73' title='bbox 1334 2872 1402 2938; x_wconf 90' lang='lat' dir='ltr'>in</span> <span class='ocrx_word' id='word_1_74' title='bbox 1433 2893 1567 2963; x_wconf 89' lang='lat' dir='ltr'>qua</span> <span class='ocrx_word' id='word_1_75' title='bbox 1600 2873 1924 2967; x_wconf 77' lang='lat' dir='ltr'>Magister</span> <span class='ocrx_word' id='word_1_76' title='bbox 1959 2879 2163 2950; x_wconf 85' lang='lat' dir='ltr'>solvit</span> <span class='ocrx_word' id='word_1_77' title='bbox 2210 2894 2450 2954; x_wconf 87' lang='lat' dir='ltr'>contra</span> <span class='ocrx_word' id='word_1_78' title='bbox 2485 2910 2559 2955; x_wconf 85' lang='lat' dir='ltr'>se</span> 
     </span>
     <span class='ocr_line' id='line_1_12' title="bbox 1021 2974 2558 3081; baseline 0.012 -37"><span class='ocrx_word' id='word_1_79' title='bbox 1021 2974 1309 3065; x_wconf 88' lang='lat' dir='ltr'>objecta.</span> <span class='ocrx_word' id='word_1_80' title='bbox 1359 2976 1441 3046; x_wconf 90' lang='lat' dir='ltr'>Et</span> <span class='ocrx_word' id='word_1_81' title='bbox 1490 2978 1815 3051; x_wconf 84' lang='lat' dir='ltr'>dividitur</span> <span class='ocrx_word' id='word_1_82' title='bbox 1860 2984 1931 3054; x_wconf 89' lang='lat' dir='ltr'>in</span> <span class='ocrx_word' id='word_1_83' title='bbox 1978 2994 2111 3057; x_wconf 89' lang='lat' dir='ltr'>tres</span> <span class='ocrx_word' id='word_1_84' title='bbox 2147 2998 2375 3081; x_wconf 82' lang='lat' dir='ltr'>partes</span> <span class='ocrx_word' id='word_1_85' title='bbox 2425 3014 2443 3062; x_wconf 72' lang='grc' dir='ltr'>ι</span> <span class='ocrx_word' id='word_1_86' title='bbox 2489 2994 2558 3062; x_wconf 92' lang='lat' dir='ltr'>in</span> 
     </span>
     <span class='ocr_line' id='line_1_13' title="bbox 1017 3089 2556 3186; baseline 0.014 -35"><span class='ocrx_word' id='word_1_87' title='bbox 1017 3107 1306 3177; x_wconf 88' lang='lat' dir='ltr'>quarum</span> <span class='ocrx_word' id='word_1_88' title='bbox 1354 3089 1573 3178; x_wconf 90' lang='lat' dir='ltr'>prima</span> <span class='ocrx_word' id='word_1_89' title='bbox 1627 3091 1859 3182; x_wconf 89' lang='lat' dir='ltr'>objicit</span> <span class='ocrx_word' id='word_1_90' title='bbox 1922 3118 2043 3186; x_wconf 89' lang='lat' dir='ltr'>per</span> <span class='ocrx_word' id='word_1_91' title='bbox 2097 3101 2432 3170; x_wconf 88' lang='lat' dir='ltr'>rationem</span> <span class='ocrx_word' id='word_1_92' title='bbox 2491 3114 2556 3172; x_wconf 87' lang='lat' dir='ltr'>et</span> 
     </span>
     <span class='ocr_line' id='line_1_14' title="bbox 1016 3191 2558 3298; baseline 0.012 -38"><span class='ocrx_word' id='word_1_93' title='bbox 1016 3191 1244 3262; x_wconf 80' lang='lat' dir='ltr'>solvit.</span> <span class='ocrx_word' id='word_1_94' title='bbox 1283 3193 1358 3263; x_wconf 89' lang='lat' dir='ltr'>ln</span> <span class='ocrx_word' id='word_1_95' title='bbox 1396 3199 1716 3280; x_wconf 83' lang='lat' dir='ltr'>secunda,</span> <span class='ocrx_word' id='word_1_96' title='bbox 1757 3202 1991 3293; x_wconf 88' lang='lat' dir='ltr'>objicit</span> <span class='ocrx_word' id='word_1_97' title='bbox 2029 3228 2149 3298; x_wconf 88' lang='lat' dir='ltr'>per</span> <span class='ocrx_word' id='word_1_98' title='bbox 2183 3212 2558 3279; x_wconf 79' lang='lat' dir='ltr'>auctorita-</span> 
     </span>
     <span class='ocr_line' id='line_1_15' title="bbox 1017 3302 2550 3405; baseline 0.012 -35"><span class='ocrx_word' id='word_1_99' title='bbox 1017 3309 1118 3372; x_wconf 86' lang='lat' dir='ltr'>tes</span> <span class='ocrx_word' id='word_1_100' title='bbox 1147 3310 1214 3372; x_wconf 88' lang='lat' dir='ltr'>et</span> <span class='ocrx_word' id='word_1_101' title='bbox 1262 3302 1488 3384; x_wconf 84' lang='lat' dir='ltr'>solvit,</span> <span class='ocrx_word' id='word_1_102' title='bbox 1525 3307 1642 3386; x_wconf 87' lang='lat' dir='ltr'>ibi,</span> <span class='ocrx_word' id='word_1_103' title='bbox 1673 3306 1748 3387; x_wconf 87' lang='lat' dir='ltr'>L,</span> <span class='ocrx_word' id='word_1_104' title='bbox 1794 3338 1829 3377; x_wconf 73' lang='grc' dir='ltr'>ι</span> <span class='ocrx_word' id='word_1_105' title='bbox 1869 3312 2103 3405; x_wconf 81' lang='lat' dir='ltr'>Supra</span> <span class='ocrx_word' id='word_1_106' title='bbox 2131 3315 2392 3385; x_wconf 77' lang='lat' dir='ltr'>dictum</span> <span class='ocrx_word' id='word_1_107' title='bbox 2427 3329 2550 3401; x_wconf 78' lang='lat' dir='ltr'>est,</span> 
     </span>
     <span class='ocr_line' id='line_1_16' title="bbox 1015 3411 2549 3511; baseline 0.012 -32"><span class='ocrx_word' id='word_1_108' title='bbox 1015 3411 1206 3504; x_wconf 77' lang='lat' dir='ltr'>quod</span> <span class='ocrx_word' id='word_1_109' title='bbox 1245 3416 1552 3507; x_wconf 75' lang='lat' dir='ltr'>Spiritus</span> <span class='ocrx_word' id='word_1_110' title='bbox 1601 3429 1901 3506; x_wconf 76' lang='lat' dir='ltr'>sanctus,</span> <span class='ocrx_word' id='word_1_111' title='bbox 1958 3432 2086 3493; x_wconf 87' lang='lat' dir='ltr'>etc.</span> <span class='ocrx_word' id='word_1_112' title='bbox 2123 3448 2160 3491; x_wconf 72' lang='grc' dir='ltr'><strong>ι</strong></span> <span class='ocrx_word' id='word_1_113' title='bbox 2204 3424 2282 3494; x_wconf 88' lang='lat' dir='ltr'>ln</span> <span class='ocrx_word' id='word_1_114' title='bbox 2330 3431 2549 3511; x_wconf 87' lang='lat' dir='ltr'>tertia,</span> 
     </span>
     <span class='ocr_line' id='line_1_17' title="bbox 1016 3518 2556 3626; baseline 0.012 -38"><span class='ocrx_word' id='word_1_115' title='bbox 1016 3518 1251 3610; x_wconf 83' lang='lat' dir='ltr'>objicit</span> <span class='ocrx_word' id='word_1_116' title='bbox 1287 3545 1409 3613; x_wconf 85' lang='lat' dir='ltr'>per</span> <span class='ocrx_word' id='word_1_117' title='bbox 1435 3548 1640 3594; x_wconf 88' lang='lat' dir='ltr'>unam</span> <span class='ocrx_word' id='word_1_118' title='bbox 1669 3530 2163 3613; x_wconf 89' lang='lat' dir='ltr'>auctoritatem,</span> <span class='ocrx_word' id='word_1_119' title='bbox 2207 3556 2360 3626; x_wconf 75' lang='lat' dir='ltr'>qum</span> <span class='ocrx_word' id='word_1_120' title='bbox 2400 3559 2556 3606; x_wconf 88' lang='lat' dir='ltr'>ma-</span> 
     </span>
     <span class='ocr_line' id='line_1_18' title="bbox 1018 3630 2548 3727; baseline 0.014 -33"><span class='ocrx_word' id='word_1_121' title='bbox 1018 3630 1202 3697; x_wconf 79' lang='lat' dir='ltr'>xime</span> <span class='ocrx_word' id='word_1_122' title='bbox 1231 3630 1496 3700; x_wconf 77' lang='lat' dir='ltr'>videtur</span> <span class='ocrx_word' id='word_1_123' title='bbox 1526 3655 1673 3703; x_wconf 77' lang='lat' dir='ltr'>esse</span> <span class='ocrx_word' id='word_1_124' title='bbox 1702 3646 1935 3706; x_wconf 90' lang='lat' dir='ltr'>contra</span> <span class='ocrx_word' id='word_1_125' title='bbox 1974 3661 2160 3719; x_wconf 87' lang='lat' dir='ltr'>eum,</span> <span class='ocrx_word' id='word_1_126' title='bbox 2214 3651 2283 3711; x_wconf 85' lang='lat' dir='ltr'>et</span> <span class='ocrx_word' id='word_1_127' title='bbox 2317 3643 2548 3727; x_wconf 78' lang='lat' dir='ltr'>solvit,</span> 
     </span>
     <span class='ocr_line' id='line_1_19' title="bbox 1015 3736 2553 3837; baseline 0.013 -35"><span class='ocrx_word' id='word_1_128' title='bbox 1015 3736 1132 3815; x_wconf 86' lang='lat' dir='ltr'>ihi,</span> <span class='ocrx_word' id='word_1_129' title='bbox 1168 3737 1253 3817; x_wconf 86' lang='lat' dir='ltr'>Q,</span> <span class='ocrx_word' id='word_1_130' title='bbox 1299 3765 1331 3804; x_wconf 78' lang='grc' dir='ltr'>ι</span> <span class='ocrx_word' id='word_1_131' title='bbox 1381 3741 1580 3810; x_wconf 76' lang='lat' dir='ltr'>Alias</span> <span class='ocrx_word' id='word_1_132' title='bbox 1615 3764 1883 3837; x_wconf 79' lang='lat' dir='ltr'>qnoque</span> <span class='ocrx_word' id='word_1_133' title='bbox 1947 3748 2282 3818; x_wconf 78' lang='lat' dir='ltr'>inducunt</span> <span class='ocrx_word' id='word_1_134' title='bbox 2332 3754 2553 3821; x_wconf 82' lang='lat' dir='ltr'>mlio-</span> 
     </span>
     <span class='ocr_line' id='line_1_20' title="bbox 1010 3855 1384 3923; baseline 0.003 -12"><span class='ocrx_word' id='word_1_135' title='bbox 1010 3867 1153 3923; x_wconf 71' lang='grc' dir='ltr'>ηεε,</span> <span class='ocrx_word' id='word_1_136' title='bbox 1184 3855 1312 3916; x_wconf 88' lang='lat' dir='ltr'>etc.</span> <span class='ocrx_word' id='word_1_137' title='bbox 1351 3873 1384 3912; x_wconf 74' lang='grc' dir='ltr'>ι</span> 
     </span>
    </p>

    <p class='ocr_par' dir='ltr' id='par_1_8' title="bbox 1005 3951 2553 4590">
     <span class='ocr_line' id='line_1_21' title="bbox 1102 3951 2551 4061; baseline 0.012 -41"><span class='ocrx_word' id='word_1_138' title='bbox 1102 3951 1178 4021; x_wconf 82' lang='grc' dir='ltr'>1η</span> <span class='ocrx_word' id='word_1_139' title='bbox 1220 3955 1434 4046; x_wconf 88' lang='lat' dir='ltr'>prima</span> <span class='ocrx_word' id='word_1_140' title='bbox 1465 3967 1651 4047; x_wconf 85' lang='lat' dir='ltr'>parte</span> <span class='ocrx_word' id='word_1_141' title='bbox 1679 3970 1834 4028; x_wconf 84' lang='lat' dir='ltr'>sunt</span> <span class='ocrx_word' id='word_1_142' title='bbox 1867 3961 1993 4032; x_wconf 88' lang='lat' dir='ltr'>tria</span> <span class='ocrx_word' id='word_1_143' title='bbox 2023 3966 2342 4057; x_wconf 88' lang='lat' dir='ltr'>capitula,</span> <span class='ocrx_word' id='word_1_144' title='bbox 2370 3991 2551 4061; x_wconf 88' lang='lat' dir='ltr'>quo-</span> 
     </span>
     <span class='ocr_line' id='line_1_22' title="bbox 1011 4061 2553 4155; baseline 0.014 -30"><span class='ocrx_word' id='word_1_145' title='bbox 1011 4080 1160 4127; x_wconf 90' lang='lat' dir='ltr'>rum</span> <span class='ocrx_word' id='word_1_146' title='bbox 1201 4061 1494 4151; x_wconf 88' lang='lat' dir='ltr'>primum</span> <span class='ocrx_word' id='word_1_147' title='bbox 1528 4063 1728 4134; x_wconf 86' lang='lat' dir='ltr'>habet</span> <span class='ocrx_word' id='word_1_148' title='bbox 1766 4066 2219 4155; x_wconf 84' lang='lat' dir='ltr'>objectionem</span> <span class='ocrx_word' id='word_1_149' title='bbox 2255 4099 2271 4142; x_wconf 75' lang='lat' dir='ltr'>e</span> <span class='ocrx_word' id='word_1_150' title='bbox 2314 4096 2553 4144; x_wconf 79' lang='lat' dir='ltr'>secun·</span> 
     </span>
     <span class='ocr_line' id='line_1_23' title="bbox 1008 4167 2553 4277; baseline 0.013 -43"><span class='ocrx_word' id='word_1_151' title='bbox 1008 4167 1201 4251; x_wconf 87' lang='lat' dir='ltr'>dum,</span> <span class='ocrx_word' id='word_1_152' title='bbox 1260 4170 1693 4260; x_wconf 86' lang='lat' dir='ltr'>solutionem,</span> <span class='ocrx_word' id='word_1_153' title='bbox 1743 4175 1862 4257; x_wconf 86' lang='lat' dir='ltr'>ibi,</span> <span class='ocrx_word' id='word_1_154' title='bbox 1924 4178 2011 4262; x_wconf 80' lang='lat' dir='ltr'>lt,</span> <span class='ocrx_word' id='word_1_155' title='bbox 2058 4208 2094 4243; x_wconf 75' lang='grc' dir='ltr'><strong>α</strong></span> <span class='ocrx_word' id='word_1_156' title='bbox 2137 4182 2268 4250; x_wconf 77' lang='lat' dir='ltr'>llis</span> <span class='ocrx_word' id='word_1_157' title='bbox 2317 4184 2553 4277; x_wconf 76' lang='lat' dir='ltr'>itaque</span> 
     </span>
     <span class='ocr_line' id='line_1_24' title="bbox 1005 4277 2551 4368; baseline 0.014 -27"><span class='ocrx_word' id='word_1_158' title='bbox 1005 4277 1509 4367; x_wconf 78' lang='lat' dir='ltr'>respondemus,</span> <span class='ocrx_word' id='word_1_159' title='bbox 1551 4291 1677 4351; x_wconf 83' lang='lat' dir='ltr'>etc.</span> <span class='ocrx_word' id='word_1_160' title='bbox 1734 4309 1767 4348; x_wconf 74' lang='grc' dir='ltr'>ι</span> <span class='ocrx_word' id='word_1_161' title='bbox 1811 4284 2138 4368; x_wconf 84' lang='lat' dir='ltr'>Tertium,</span> <span class='ocrx_word' id='word_1_162' title='bbox 2188 4291 2551 4361; x_wconf 73' lang='lat' dir='ltr'>confirma·</span> 
     </span>
     <span class='ocr_line' id='line_1_25' title="bbox 1009 4383 2546 4484; baseline 0.014 -35"><span class='ocrx_word' id='word_1_163' title='bbox 1009 4383 1265 4452; x_wconf 87' lang='lat' dir='ltr'>tionem</span> <span class='ocrx_word' id='word_1_164' title='bbox 1308 4386 1693 4471; x_wconf 70' lang='lat' dir='ltr'>solutioiniS,</span> <span class='ocrx_word' id='word_1_165' title='bbox 1727 4392 1898 4460; x_wconf 85' lang='lat' dir='ltr'>sicut</span> <span class='ocrx_word' id='word_1_166' title='bbox 1936 4403 2118 4484; x_wconf 86' lang='lat' dir='ltr'>patet</span> <span class='ocrx_word' id='word_1_167' title='bbox 2158 4398 2228 4466; x_wconf 91' lang='lat' dir='ltr'>in</span> <span class='ocrx_word' id='word_1_168' title='bbox 2261 4400 2546 4480; x_wconf 78' lang='lat' dir='ltr'>Littera,</span> 
     </span>
     <span class='ocr_line' id='line_1_26' title="bbox 1011 4486 2412 4590; baseline 0.013 -36"><span class='ocrx_word' id='word_1_169' title='bbox 1011 4486 1130 4571; x_wconf 86' lang='lat' dir='ltr'>ihi,</span> <span class='ocrx_word' id='word_1_170' title='bbox 1165 4491 1252 4572; x_wconf 80' lang='grc' dir='ltr'>Κ,</span> <span class='ocrx_word' id='word_1_171' title='bbox 1298 4519 1331 4558; x_wconf 71' lang='grc' dir='ltr'><strong>α</strong></span> <span class='ocrx_word' id='word_1_172' title='bbox 1371 4496 1399 4560; x_wconf 79' lang='grc' dir='ltr'><em>Ι</em></span> <span class='ocrx_word' id='word_1_173' title='bbox 1419 4496 1459 4561; x_wconf 86' lang='lat'>&#39;1</span> <span class='ocrx_word' id='word_1_174' title='bbox 1484 4507 1710 4565; x_wconf 78' lang='lat' dir='ltr'>melem</span> <span class='ocrx_word' id='word_1_175' title='bbox 1743 4500 1989 4568; x_wconf 73' lang='lat' dir='ltr'>certius</span> <span class='ocrx_word' id='word_1_176' title='bbox 2013 4503 2170 4590; x_wconf 81' lang='lat' dir='ltr'>fiat,</span> <span class='ocrx_word' id='word_1_177' title='bbox 2201 4512 2331 4574; x_wconf 86' lang='lat' dir='ltr'>etc.</span> <span class='ocrx_word' id='word_1_178' title='bbox 2379 4533 2412 4572; x_wconf 74' lang='grc' dir='ltr'>ι</span> 
     </span>
    </p>
   </div>
   <div class='ocr_carea' id='block_1_7' title="bbox 1456 4952 2088 5026">
    <p class='ocr_par' dir='ltr' id='par_1_9' title="bbox 1456 4952 2088 5026">
     <span class='ocr_line' id='line_1_27' title="bbox 1456 4952 2088 5026; baseline 0.013 -8"><span class='ocrx_word' id='word_1_179' title='bbox 1456 4952 1951 5024; x_wconf 69' lang='lat' dir='ltr'>AttthULUS</span> <span class='ocrx_word' id='word_1_180' title='bbox 1999 4958 2088 5026; x_wconf 82' lang='lat' dir='ltr'>X.</span> 
     </span>
    </p>
   </div>
   <div class='ocr_carea' id='block_1_8' title="bbox 1057 5164 2511 5263">
    <p class='ocr_par' dir='ltr' id='par_1_10' title="bbox 1057 5164 2511 5263">
     <span class='ocr_line' id='line_1_28' title="bbox 1057 5164 2511 5263; baseline 0.014 -34"><span class='ocrx_word' id='word_1_181' title='bbox 1057 5164 1166 5229; x_wconf 73' lang='lat' dir='ltr'>An</span> <span class='ocrx_word' id='word_1_182' title='bbox 1205 5164 1503 5234; x_wconf 66' lang='lat' dir='ltr'>charitas·</span> <span class='ocrx_word' id='word_1_183' title='bbox 1531 5178 1752 5259; x_wconf 76' lang='lat' dir='ltr'>poles!</span> <span class='ocrx_word' id='word_1_184' title='bbox 1780 5174 2042 5263; x_wconf 67' lang='lat' dir='ltr'>‹croyon-i,</span> <span class='ocrx_word' id='word_1_185' title='bbox 2077 5175 2188 5242; x_wconf 76' lang='lat' dir='ltr'>vel</span> <span class='ocrx_word' id='word_1_186' title='bbox 2217 5179 2445 5248; x_wconf 77' lang='lat' dir='ltr'>minui</span> <span class='ocrx_word' id='word_1_187' title='bbox 2469 5181 2511 5248; x_wconf 65' lang='grc' dir='ltr'>ἶ)</span> 
     </span>
    </p>
   </div>
   <div class='ocr_carea' id='block_1_9' title="bbox 1003 5468 2555 5790">
    <p class='ocr_par' dir='ltr' id='par_1_11' title="bbox 1003 5468 2555 5790">
     <span class='ocr_line' id='line_1_29' title="bbox 1085 5468 2550 5589; baseline 0.018 -49"><span class='ocrx_word' id='word_1_188' title='bbox 1085 5468 1224 5543; x_wconf 77' lang='lat' dir='ltr'>&#39;llio</span> <span class='ocrx_word' id='word_1_189' title='bbox 1246 5476 1475 5547; x_wconf 79' lang='lat' dir='ltr'>incidit</span> <span class='ocrx_word' id='word_1_190' title='bbox 1496 5485 1782 5574; x_wconf 68' lang='lat' dir='ltr'>quaestio</span> <span class='ocrx_word' id='word_1_191' title='bbox 1804 5486 2090 5559; x_wconf 76' lang='lat' dir='ltr'>distic-ilis</span> <span class='ocrx_word' id='word_1_192' title='bbox 2109 5492 2193 5563; x_wconf 87' lang='lat' dir='ltr'>de</span> <span class='ocrx_word' id='word_1_193' title='bbox 2215 5492 2345 5564; x_wconf 90' lang='lat' dir='ltr'>hoc</span> <span class='ocrx_word' id='word_1_194' title='bbox 2364 5498 2550 5589; x_wconf 90' lang='lat' dir='ltr'>quod</span> 
     </span>
     <span class='ocr_line' id='line_1_30' title="bbox 1003 5579 2555 5693; baseline 0.018 -46"><span class='ocrx_word' id='word_1_195' title='bbox 1003 5579 1114 5650; x_wconf 89' lang='lat' dir='ltr'>hic</span> <span class='ocrx_word' id='word_1_196' title='bbox 1172 5590 1577 5676; x_wconf 81' lang='lat' dir='ltr'>supponitur</span> <span class='ocrx_word' id='word_1_197' title='bbox 1632 5617 1646 5659; x_wconf 92' lang='lat'>:</span> <span class='ocrx_word' id='word_1_198' title='bbox 1699 5593 2002 5667; x_wconf 77' lang='lat' dir='ltr'>Charitas</span> <span class='ocrx_word' id='word_1_199' title='bbox 2048 5609 2363 5693; x_wconf 85' lang='lat' dir='ltr'>augetur.</span> <span class='ocrx_word' id='word_1_200' title='bbox 2402 5604 2483 5674; x_wconf 86' lang='lat' dir='ltr'>Et</span> <span class='ocrx_word' id='word_1_201' title='bbox 2514 5629 2555 5674; x_wconf 91' lang='lat' dir='ltr'>a</span> 
     </span>
     <span class='ocr_line' id='line_1_31' title="bbox 1004 5683 2555 5790; baseline 0.018 -39"><span class='ocrx_word' id='word_1_202' title='bbox 1004 5683 1331 5777; x_wconf 82' lang='lat' dir='ltr'>Magistro</span> <span class='ocrx_word' id='word_1_203' title='bbox 1370 5692 1635 5773; x_wconf 88' lang='lat' dir='ltr'>dicitur,</span> <span class='ocrx_word' id='word_1_204' title='bbox 1693 5700 1875 5790; x_wconf 90' lang='lat' dir='ltr'>quod</span> <span class='ocrx_word' id='word_1_205' title='bbox 1907 5725 2044 5772; x_wconf 90' lang='lat' dir='ltr'>non</span> <span class='ocrx_word' id='word_1_206' title='bbox 2101 5710 2555 5781; x_wconf 86' lang='lat' dir='ltr'>essentialiter</span> 
     </span>
    </p>
   </div>
   <div class='ocr_carea' id='block_1_10' title="bbox 1321 5844 1433 5885">
    <p class='ocr_par' dir='ltr' id='par_1_12' title="bbox 1321 5844 1433 5885">
     <span class='ocr_line' id='line_1_32' title="bbox 1321 5844 1433 5885; baseline -0.027 0"><span class='ocrx_word' id='word_1_207' title='bbox 1321 5844 1433 5885; x_wconf 69' lang='lat' dir='ltr'>XXV</span> 
     </span>
    </p>
   </div>
   <div class='ocr_carea' id='block_1_11' title="bbox 2670 2235 4287 3102">
    <p class='ocr_par' dir='ltr' id='par_1_13' title="bbox 2764 2235 4141 2358">
     <span class='ocr_line' id='line_1_33' title="bbox 2764 2235 4141 2358; baseline 0.025 -52"><span class='ocrx_word' id='word_1_208' title='bbox 2764 2238 3060 2314; x_wconf 89' lang='lat' dir='ltr'>Videtur</span> <span class='ocrx_word' id='word_1_209' title='bbox 3087 2258 3345 2334; x_wconf 87' lang='lat' dir='ltr'>autem,</span> <span class='ocrx_word' id='word_1_210' title='bbox 3398 2235 3583 2346; x_wconf 58' lang='lat' dir='ltr'>[fund</span> <span class='ocrx_word' id='word_1_211' title='bbox 3622 2282 3761 2330; x_wconf 92' lang='lat' dir='ltr'>non</span> <span class='ocrx_word' id='word_1_212' title='bbox 3802 2278 4141 2358; x_wconf 86' lang='lat' dir='ltr'>augetur:</span> 
     </span>
    </p>

    <p class='ocr_par' dir='ltr' id='par_1_14' title="bbox 2670 2348 4287 2888">
     <span class='ocr_line' id='line_1_34' title="bbox 2772 2348 4233 2461; baseline 0.026 -47"><span class='ocrx_word' id='word_1_213' title='bbox 2772 2350 2832 2419; x_wconf 86' lang='lat'>1.</span> <span class='ocrx_word' id='word_1_214' title='bbox 2869 2348 2948 2419; x_wconf 92' lang='lat' dir='ltr'>In</span> <span class='ocrx_word' id='word_1_215' title='bbox 2988 2352 3097 2423; x_wconf 87' lang='lat' dir='ltr'>his</span> <span class='ocrx_word' id='word_1_216' title='bbox 3126 2360 3313 2428; x_wconf 87' lang='lat' dir='ltr'>enim</span> <span class='ocrx_word' id='word_1_217' title='bbox 3353 2385 3505 2452; x_wconf 81' lang='lat' dir='ltr'>quae</span> <span class='ocrx_word' id='word_1_218' title='bbox 3560 2367 3894 2461; x_wconf 86' lang='lat' dir='ltr'>simplicia</span> <span class='ocrx_word' id='word_1_219' title='bbox 3949 2388 4133 2461; x_wconf 86' lang='lat' dir='ltr'>sunt,</span> <span class='ocrx_word' id='word_1_220' title='bbox 4176 2383 4233 2451; x_wconf 89' lang='lat' dir='ltr'>si</span> 
     </span>
     <span class='ocr_line' id='line_1_35' title="bbox 2673 2458 4287 2572; baseline 0.025 -53"><span class='ocrx_word' id='word_1_221' title='bbox 2673 2477 2891 2524; x_wconf 89' lang='lat' dir='ltr'>unum</span> <span class='ocrx_word' id='word_1_222' title='bbox 2941 2458 3134 2530; x_wconf 91' lang='lat' dir='ltr'>alteri</span> <span class='ocrx_word' id='word_1_223' title='bbox 3183 2465 3480 2551; x_wconf 81' lang='lat' dir='ltr'>additur,</span> <span class='ocrx_word' id='word_1_224' title='bbox 3524 2474 3695 2546; x_wconf 88' lang='lat' dir='ltr'>nihil</span> <span class='ocrx_word' id='word_1_225' title='bbox 3762 2483 3983 2572; x_wconf 87' lang='lat' dir='ltr'>majus</span> <span class='ocrx_word' id='word_1_226' title='bbox 4021 2487 4230 2558; x_wconf 79' lang='lat' dir='ltr'>eflici-</span> <span class='ocrx_word' id='word_1_227' title='bbox 4281 2535 4287 2541; x_wconf 88' lang='lat'><strong>·</strong></span> 
     </span>
     <span class='ocr_line' id='line_1_36' title="bbox 2672 2562 4226 2667; baseline 0.026 -40"><span class='ocrx_word' id='word_1_228' title='bbox 2672 2568 2832 2631; x_wconf 87' lang='lat' dir='ltr'>tur:</span> <span class='ocrx_word' id='word_1_229' title='bbox 2877 2588 3043 2658; x_wconf 85' lang='lat' dir='ltr'>ergo</span> <span class='ocrx_word' id='word_1_230' title='bbox 3096 2572 3154 2638; x_wconf 90' lang='lat' dir='ltr'>si</span> <span class='ocrx_word' id='word_1_231' title='bbox 3193 2562 3489 2647; x_wconf 77' lang='lat' dir='ltr'>essentia</span> <span class='ocrx_word' id='word_1_232' title='bbox 3524 2580 3872 2657; x_wconf 88' lang='lat' dir='ltr'>charitatis</span> <span class='ocrx_word' id='word_1_233' title='bbox 3920 2597 4226 2667; x_wconf 80' lang='lat' dir='ltr'>essentiae</span> 
     </span>
     <span class='ocr_line' id='line_1_37' title="bbox 2670 2667 4219 2785; baseline 0.025 -49"><span class='ocrx_word' id='word_1_234' title='bbox 2670 2667 3019 2743; x_wconf 87' lang='lat' dir='ltr'>charitatis</span> <span class='ocrx_word' id='word_1_235' title='bbox 3048 2676 3361 2764; x_wconf 77' lang='lat' dir='ltr'>addatur,</span> <span class='ocrx_word' id='word_1_236' title='bbox 3403 2686 3575 2756; x_wconf 86' lang='lat' dir='ltr'>nihil</span> <span class='ocrx_word' id='word_1_237' title='bbox 3606 2695 3828 2785; x_wconf 85' lang='lat' dir='ltr'>majus</span> <span class='ocrx_word' id='word_1_238' title='bbox 3865 2699 4155 2772; x_wconf 76' lang='lat' dir='ltr'>eflicitur</span> <span class='ocrx_word' id='word_1_239' title='bbox 4203 2728 4219 2776; x_wconf 90' lang='lat'>:</span> 
     </span>
     <span class='ocr_line' id='line_1_38' title="bbox 2671 2791 3758 2888; baseline 0.027 -45"><span class='ocrx_word' id='word_1_240' title='bbox 2671 2799 2836 2870; x_wconf 88' lang='lat' dir='ltr'>ergo</span> <span class='ocrx_word' id='word_1_241' title='bbox 2876 2791 3305 2877; x_wconf 81' lang='lat' dir='ltr'>augmentari</span> <span class='ocrx_word' id='word_1_242' title='bbox 3339 2815 3481 2863; x_wconf 87' lang='lat' dir='ltr'>non</span> <span class='ocrx_word' id='word_1_243' title='bbox 3509 2806 3758 2888; x_wconf 87' lang='lat' dir='ltr'>potest.</span> 
     </span>
    </p>

    <p class='ocr_par' dir='ltr' id='par_1_15' title="bbox 2670 2886 4224 3102">
     <span class='ocr_line' id='line_1_39' title="bbox 2761 2886 4221 3006; baseline 0.027 -55"><span class='ocrx_word' id='word_1_244' title='bbox 2761 2888 2828 2957; x_wconf 80' lang='lat'>2.</span> <span class='ocrx_word' id='word_1_245' title='bbox 2874 2886 3073 2976; x_wconf 88' lang='lat' dir='ltr'>ltem,</span> <span class='ocrx_word' id='word_1_246' title='bbox 3136 2894 3207 2963; x_wconf 91' lang='lat' dir='ltr'>Si</span> <span class='ocrx_word' id='word_1_247' title='bbox 3270 2911 3601 2992; x_wconf 76' lang='lat' dir='ltr'>punctum</span> <span class='ocrx_word' id='word_1_248' title='bbox 3647 2923 3903 2999; x_wconf 90' lang='lat' dir='ltr'>puncto</span> <span class='ocrx_word' id='word_1_249' title='bbox 3948 2915 4221 3006; x_wconf 83' lang='lat' dir='ltr'>addam,</span> 
     </span>
     <span class='ocr_line' id='line_1_40' title="bbox 2670 2993 4224 3102; baseline 0.028 -42"><span class='ocrx_word' id='word_1_250' title='bbox 2670 2993 3016 3087; x_wconf 79' lang='lat' dir='ltr'>duplicavi</span> <span class='ocrx_word' id='word_1_251' title='bbox 3090 3016 3447 3097; x_wconf 89' lang='lat' dir='ltr'>punctum,</span> <span class='ocrx_word' id='word_1_252' title='bbox 3506 3016 3626 3086; x_wconf 83' lang='lat' dir='ltr'>sed</span> <span class='ocrx_word' id='word_1_253' title='bbox 3681 3026 4030 3095; x_wconf 81' lang='lat' dir='ltr'>extensive</span> <span class='ocrx_word' id='word_1_254' title='bbox 4084 3053 4224 3102; x_wconf 88' lang='lat' dir='ltr'>non</span> 
     </span>
    </p>
   </div>
   <div class='ocr_carea' id='block_1_12' title="bbox 2661 3657 3569 3754">
    <p class='ocr_par' dir='ltr' id='par_1_16' title="bbox 2661 3657 3569 3754">
     <span class='ocr_line' id='line_1_41' title="bbox 2661 3657 3569 3754; baseline 0.024 -40"><span class='ocrx_word' id='word_1_255' title='bbox 2661 3668 2787 3736; x_wconf 85' lang='lat' dir='ltr'>per</span> <span class='ocrx_word' id='word_1_256' title='bbox 2813 3658 3108 3742; x_wconf 84' lang='lat' dir='ltr'>augetur</span> <span class='ocrx_word' id='word_1_257' title='bbox 3145 3657 3215 3726; x_wconf 88' lang='lat' dir='ltr'>in</span> <span class='ocrx_word' id='word_1_258' title='bbox 3255 3659 3569 3754; x_wconf 88' lang='lat' dir='ltr'>duplum.</span> 
     </span>
    </p>
   </div>
   <div class='ocr_carea' id='block_1_13' title="bbox 2658 3756 4222 5818">
    <p class='ocr_par' dir='ltr' id='par_1_17' title="bbox 2658 3756 4222 5818">
     <span class='ocr_line' id='line_1_42' title="bbox 2750 3756 4213 3874; baseline 0.027 -52"><span class='ocrx_word' id='word_1_259' title='bbox 2750 3757 2817 3824; x_wconf 88' lang='grc'>3.</span> <span class='ocrx_word' id='word_1_260' title='bbox 2879 3756 3078 3841; x_wconf 85' lang='lat' dir='ltr'>Item,</span> <span class='ocrx_word' id='word_1_261' title='bbox 3149 3764 3615 3866; x_wconf 72' lang='lat' dir='ltr'>Quaecumque</span> <span class='ocrx_word' id='word_1_262' title='bbox 3669 3793 4026 3874; x_wconf 85' lang='lat' dir='ltr'>augentur,</span> <span class='ocrx_word' id='word_1_263' title='bbox 4096 3801 4213 3862; x_wconf 87' lang='lat' dir='ltr'>aut</span> 
     </span>
     <span class='ocr_line' id='line_1_43' title="bbox 2661 3876 4213 3992; baseline 0.028 -62"><span class='ocrx_word' id='word_1_264' title='bbox 2661 3876 3003 3957; x_wconf 81' lang='lat' dir='ltr'>augentur</span> <span class='ocrx_word' id='word_1_265' title='bbox 3062 3896 3187 3964; x_wconf 85' lang='lat' dir='ltr'>per</span> <span class='ocrx_word' id='word_1_266' title='bbox 3240 3878 3498 3973; x_wconf 89' lang='lat' dir='ltr'>aliquid</span> <span class='ocrx_word' id='word_1_267' title='bbox 3543 3886 3873 3978; x_wconf 88' lang='lat' dir='ltr'>additum,</span> <span class='ocrx_word' id='word_1_268' title='bbox 3918 3908 4034 3969; x_wconf 87' lang='lat' dir='ltr'>aut</span> <span class='ocrx_word' id='word_1_269' title='bbox 4088 3924 4213 3992; x_wconf 85' lang='lat' dir='ltr'>per</span> 
     </span>
     <span class='ocr_line' id='line_1_44' title="bbox 2661 3973 4218 4088; baseline 0.026 -49"><span class='ocrx_word' id='word_1_270' title='bbox 2661 3973 3301 4067; x_wconf 87' lang='lat' dir='ltr'>multiplicationem</span> <span class='ocrx_word' id='word_1_271' title='bbox 3386 3990 3457 4060; x_wconf 89' lang='lat' dir='ltr'>in</span> <span class='ocrx_word' id='word_1_272' title='bbox 3512 3994 3778 4088; x_wconf 69' lang='lat' dir='ltr'>seipsiS,</span> <span class='ocrx_word' id='word_1_273' title='bbox 3828 4004 4002 4075; x_wconf 84' lang='lat' dir='ltr'>sicut</span> <span class='ocrx_word' id='word_1_274' title='bbox 4060 4008 4218 4080; x_wconf 75' lang='lat' dir='ltr'>fecit</span> 
     </span>
     <span class='ocr_line' id='line_1_45' title="bbox 2662 4079 4219 4207; baseline 0.026 -61"><span class='ocrx_word' id='word_1_275' title='bbox 2662 4079 3003 4176; x_wconf 77' lang='lat' dir='ltr'>Dominus</span> <span class='ocrx_word' id='word_1_276' title='bbox 3058 4087 3142 4156; x_wconf 89' lang='lat' dir='ltr'>de</span> <span class='ocrx_word' id='word_1_277' title='bbox 3189 4094 3493 4189; x_wconf 85' lang='lat' dir='ltr'>quinque</span> <span class='ocrx_word' id='word_1_278' title='bbox 3550 4105 3842 4193; x_wconf 88' lang='lat' dir='ltr'>panibus</span> <span class='ocrx_word' id='word_1_279' title='bbox 3878 4133 3895 4179; x_wconf 90' lang='lat'><strong>:</strong></span> <span class='ocrx_word' id='word_1_280' title='bbox 3939 4122 4056 4182; x_wconf 88' lang='lat' dir='ltr'>ant</span> <span class='ocrx_word' id='word_1_281' title='bbox 4097 4138 4219 4207; x_wconf 85' lang='lat' dir='ltr'>per</span> 
     </span>
     <span class='ocr_line' id='line_1_46' title="bbox 2664 4188 4213 4305; baseline 0.026 -51"><span class='ocrx_word' id='word_1_282' title='bbox 2664 4188 3216 4285; x_wconf 75' lang='lat' dir='ltr'>rarificationem,</span> <span class='ocrx_word' id='word_1_283' title='bbox 3284 4213 3403 4273; x_wconf 89' lang='lat' dir='ltr'>aut</span> <span class='ocrx_word' id='word_1_284' title='bbox 3478 4230 3602 4299; x_wconf 84' lang='lat' dir='ltr'>per</span> <span class='ocrx_word' id='word_1_285' title='bbox 3669 4217 4213 4305; x_wconf 80' lang='lat' dir='ltr'>productionem,</span> 
     </span>
     <span class='ocr_line' id='line_1_47' title="bbox 2659 4300 4222 4425; baseline 0.026 -61"><span class='ocrx_word' id='word_1_286' title='bbox 2659 4300 2834 4367; x_wconf 76' lang='lat' dir='ltr'>sicut</span> <span class='ocrx_word' id='word_1_287' title='bbox 2866 4301 2981 4373; x_wconf 90' lang='lat' dir='ltr'>illa</span> <span class='ocrx_word' id='word_1_288' title='bbox 3020 4330 3172 4399; x_wconf 81' lang='lat' dir='ltr'>qnae</span> <span class='ocrx_word' id='word_1_289' title='bbox 3203 4312 3615 4388; x_wconf 85' lang='lat' dir='ltr'>malleantur</span> <span class='ocrx_word' id='word_1_290' title='bbox 3644 4332 3717 4392; x_wconf 90' lang='lat' dir='ltr'>ut</span> <span class='ocrx_word' id='word_1_291' title='bbox 3753 4324 3917 4398; x_wconf 81' lang='lat' dir='ltr'>finnt</span> <span class='ocrx_word' id='word_1_292' title='bbox 3956 4331 4222 4425; x_wconf 84' lang='lat' dir='ltr'>longio-</span> 
     </span>
     <span class='ocr_line' id='line_1_48' title="bbox 2664 4411 4215 4518; baseline 0.023 -42"><span class='ocrx_word' id='word_1_293' title='bbox 2664 4432 2761 4477; x_wconf 91' lang='lat' dir='ltr'>ra.</span> <span class='ocrx_word' id='word_1_294' title='bbox 2806 4411 3086 4484; x_wconf 88' lang='lat' dir='ltr'>Constat</span> <span class='ocrx_word' id='word_1_295' title='bbox 3132 4428 3391 4504; x_wconf 82' lang='lat' dir='ltr'>autem,</span> <span class='ocrx_word' id='word_1_296' title='bbox 3444 4429 3632 4518; x_wconf 85' lang='lat' dir='ltr'>quod</span> <span class='ocrx_word' id='word_1_297' title='bbox 3668 4429 3960 4506; x_wconf 80' lang='lat' dir='ltr'>charitas</span> <span class='ocrx_word' id='word_1_298' title='bbox 4028 4441 4215 4512; x_wconf 87' lang='lat' dir='ltr'>nullo</span> 
     </span>
     <span class='ocr_line' id='line_1_49' title="bbox 2664 4519 4222 4640; baseline 0.024 -55"><span class='ocrx_word' id='word_1_299' title='bbox 2664 4519 2949 4590; x_wconf 84' lang='lat' dir='ltr'>istorum</span> <span class='ocrx_word' id='word_1_300' title='bbox 3004 4526 3372 4599; x_wconf 86' lang='lat' dir='ltr'>modorum</span> <span class='ocrx_word' id='word_1_301' title='bbox 3441 4557 3482 4603; x_wconf 91' lang='lat' dir='ltr'>a</span> <span class='ocrx_word' id='word_1_302' title='bbox 3536 4535 3878 4632; x_wconf 83' lang='lat' dir='ltr'>Magistris</span> <span class='ocrx_word' id='word_1_303' title='bbox 3924 4541 4222 4640; x_wconf 74' lang='lat' dir='ltr'>ponatur</span> 
     </span>
     <span class='ocr_line' id='line_1_50' title="bbox 2661 4632 4217 4748; baseline 0.023 -54"><span class='ocrx_word' id='word_1_304' title='bbox 2661 4632 2925 4721; x_wconf 80' lang='lat' dir='ltr'>augeri,</span> <span class='ocrx_word' id='word_1_305' title='bbox 2970 4633 3100 4702; x_wconf 89' lang='lat' dir='ltr'>nisi</span> <span class='ocrx_word' id='word_1_306' title='bbox 3132 4659 3252 4728; x_wconf 88' lang='lat' dir='ltr'>per</span> <span class='ocrx_word' id='word_1_307' title='bbox 3278 4640 3696 4717; x_wconf 85' lang='lat' dir='ltr'>additionem</span> <span class='ocrx_word' id='word_1_308' title='bbox 3734 4652 3843 4722; x_wconf 86' lang='lat' dir='ltr'>vel</span> <span class='ocrx_word' id='word_1_309' title='bbox 3884 4679 4006 4748; x_wconf 91' lang='lat' dir='ltr'>per</span> <span class='ocrx_word' id='word_1_310' title='bbox 4042 4659 4217 4728; x_wconf 86' lang='lat' dir='ltr'>mul-</span> 
     </span>
     <span class='ocr_line' id='line_1_51' title="bbox 2663 4738 4221 4855; baseline 0.022 -52"><span class='ocrx_word' id='word_1_311' title='bbox 2663 4738 3181 4828; x_wconf 86' lang='lat' dir='ltr'>tiplicationem.</span> <span class='ocrx_word' id='word_1_312' title='bbox 3228 4744 3363 4816; x_wconf 76' lang='lat' dir='ltr'>San</span> <span class='ocrx_word' id='word_1_313' title='bbox 3389 4772 3643 4823; x_wconf 69' lang='lat' dir='ltr'>com-tu</span> <span class='ocrx_word' id='word_1_314' title='bbox 3685 4780 3703 4827; x_wconf 88' lang='lat'>:</span> <span class='ocrx_word' id='word_1_315' title='bbox 3738 4758 3810 4829; x_wconf 89' lang='lat' dir='ltr'>ld</span> <span class='ocrx_word' id='word_1_316' title='bbox 3850 4767 4034 4855; x_wconf 89' lang='lat' dir='ltr'>quod</span> <span class='ocrx_word' id='word_1_317' title='bbox 4093 4790 4221 4836; x_wconf 91' lang='lat' dir='ltr'>au-</span> 
     </span>
     <span class='ocr_line' id='line_1_52' title="bbox 2662 4852 4220 4946; baseline 0.023 -34"><span class='ocrx_word' id='word_1_318' title='bbox 2662 4853 2863 4937; x_wconf 87' lang='lat' dir='ltr'>getur</span> <span class='ocrx_word' id='word_1_319' title='bbox 2889 4871 3013 4940; x_wconf 85' lang='lat' dir='ltr'>per</span> <span class='ocrx_word' id='word_1_320' title='bbox 3047 4852 3499 4946; x_wconf 89' lang='lat' dir='ltr'>additionem,</span> <span class='ocrx_word' id='word_1_321' title='bbox 3534 4861 3737 4937; x_wconf 83' lang='lat' dir='ltr'>habet</span> <span class='ocrx_word' id='word_1_322' title='bbox 3775 4871 3845 4939; x_wconf 89' lang='lat' dir='ltr'>in</span> <span class='ocrx_word' id='word_1_323' title='bbox 3887 4897 3960 4943; x_wconf 88' lang='lat' dir='ltr'>se</span> <span class='ocrx_word' id='word_1_324' title='bbox 3995 4876 4220 4946; x_wconf 83' lang='lat' dir='ltr'>virtu·</span> 
     </span>
     <span class='ocr_line' id='line_1_53' title="bbox 2661 4957 4219 5063; baseline 0.023 -42"><span class='ocrx_word' id='word_1_325' title='bbox 2661 4962 2800 5023; x_wconf 87' lang='lat' dir='ltr'>tem</span> <span class='ocrx_word' id='word_1_326' title='bbox 2833 4957 3016 5027; x_wconf 89' lang='lat' dir='ltr'>unde</span> <span class='ocrx_word' id='word_1_327' title='bbox 3072 4962 3382 5036; x_wconf 87' lang='lat' dir='ltr'>additum</span> <span class='ocrx_word' id='word_1_328' title='bbox 3420 4972 3612 5044; x_wconf 86' lang='lat' dir='ltr'>uniat</span> <span class='ocrx_word' id='word_1_329' title='bbox 3669 4977 3824 5047; x_wconf 89' lang='lat' dir='ltr'>sibi.</span> <span class='ocrx_word' id='word_1_330' title='bbox 3888 4980 4058 5063; x_wconf 80' lang='lat' dir='ltr'>Quae</span> <span class='ocrx_word' id='word_1_331' title='bbox 4116 4994 4219 5055; x_wconf 84' lang='lat' dir='ltr'>est</span> 
     </span>
     <span class='ocr_line' id='line_1_54' title="bbox 2659 5069 4216 5164; baseline 0.021 -32"><span class='ocrx_word' id='word_1_332' title='bbox 2659 5086 2824 5155; x_wconf 86' lang='lat' dir='ltr'>ergo</span> <span class='ocrx_word' id='word_1_333' title='bbox 2862 5069 3081 5137; x_wconf 76' lang='lat' dir='ltr'>virtus</span> <span class='ocrx_word' id='word_1_334' title='bbox 3118 5070 3237 5141; x_wconf 90' lang='lat' dir='ltr'>illa</span> <span class='ocrx_word' id='word_1_335' title='bbox 3265 5075 3334 5143; x_wconf 92' lang='lat' dir='ltr'>in</span> <span class='ocrx_word' id='word_1_336' title='bbox 3366 5076 3693 5155; x_wconf 86' lang='lat' dir='ltr'>charitate</span> <span class='ocrx_word' id='word_1_337' title='bbox 3721 5095 4216 5164; x_wconf 79' lang='lat' dir='ltr'>convertensin</span> 
     </span>
     <span class='ocr_line' id='line_1_55' title="bbox 2658 5171 4221 5293; baseline 0.023 -56"><span class='ocrx_word' id='word_1_338' title='bbox 2658 5193 2732 5239; x_wconf 85' lang='lat' dir='ltr'>se</span> <span class='ocrx_word' id='word_1_339' title='bbox 2784 5171 2993 5244; x_wconf 88' lang='lat' dir='ltr'>aliam</span> <span class='ocrx_word' id='word_1_340' title='bbox 3050 5188 3314 5269; x_wconf 91' lang='lat' dir='ltr'>partem</span> <span class='ocrx_word' id='word_1_341' title='bbox 3364 5184 3712 5261; x_wconf 86' lang='lat' dir='ltr'>charitatis</span> <span class='ocrx_word' id='word_1_342' title='bbox 3740 5196 3773 5262; x_wconf 66' lang='grc' dir='ltr'>ἱ)</span> <span class='ocrx_word' id='word_1_343' title='bbox 3801 5195 3957 5266; x_wconf 87' lang='grc' dir='ltr'>Νοιι</span> <span class='ocrx_word' id='word_1_344' title='bbox 3995 5209 4221 5293; x_wconf 79' lang='lat' dir='ltr'>potest</span> 
     </span>
     <span class='ocr_line' id='line_1_56' title="bbox 2658 5282 4220 5401; baseline 0.022 -55"><span class='ocrx_word' id='word_1_345' title='bbox 2658 5282 2867 5349; x_wconf 87' lang='lat' dir='ltr'>etiam</span> <span class='ocrx_word' id='word_1_346' title='bbox 2899 5282 3092 5376; x_wconf 77' lang='lat' dir='ltr'>tingi,</span> <span class='ocrx_word' id='word_1_347' title='bbox 3136 5297 3211 5356; x_wconf 89' lang='lat' dir='ltr'>ut</span> <span class='ocrx_word' id='word_1_348' title='bbox 3252 5291 3547 5365; x_wconf 85' lang='lat' dir='ltr'>videtur.</span> <span class='ocrx_word' id='word_1_349' title='bbox 3584 5297 3659 5368; x_wconf 92' lang='lat' dir='ltr'>Si</span> <span class='ocrx_word' id='word_1_350' title='bbox 3703 5301 3988 5387; x_wconf 88' lang='lat' dir='ltr'>dicatur,</span> <span class='ocrx_word' id='word_1_351' title='bbox 4035 5311 4220 5401; x_wconf 89' lang='lat' dir='ltr'>quod</span> 
     </span>
     <span class='ocr_line' id='line_1_57' title="bbox 2658 5389 4221 5510; baseline 0.022 -55"><span class='ocrx_word' id='word_1_352' title='bbox 2658 5389 2934 5460; x_wconf 87' lang='lat' dir='ltr'>additur</span> <span class='ocrx_word' id='word_1_353' title='bbox 2970 5393 3146 5464; x_wconf 88' lang='lat' dir='ltr'>sicut</span> <span class='ocrx_word' id='word_1_354' title='bbox 3192 5399 3372 5491; x_wconf 84' lang='lat' dir='ltr'>ignis</span> <span class='ocrx_word' id='word_1_355' title='bbox 3428 5403 3598 5496; x_wconf 87' lang='lat' dir='ltr'>igni.</span> <span class='ocrx_word' id='word_1_356' title='bbox 3666 5408 3987 5485; x_wconf 63' lang='lat' dir='ltr'>Commi:</span> <span class='ocrx_word' id='word_1_357' title='bbox 4034 5416 4221 5510; x_wconf 84' lang='lat' dir='ltr'>Ignis</span> 
     </span>
     <span class='ocr_line' id='line_1_58' title="bbox 2661 5501 4217 5618; baseline 0.022 -54"><span class='ocrx_word' id='word_1_358' title='bbox 2661 5501 2906 5568; x_wconf 87' lang='lat' dir='ltr'>transit</span> <span class='ocrx_word' id='word_1_359' title='bbox 2937 5501 3005 5569; x_wconf 89' lang='lat' dir='ltr'>in</span> <span class='ocrx_word' id='word_1_360' title='bbox 3035 5501 3266 5575; x_wconf 90' lang='lat' dir='ltr'>locum</span> <span class='ocrx_word' id='word_1_361' title='bbox 3297 5507 3504 5601; x_wconf 86' lang='lat' dir='ltr'>ignis,</span> <span class='ocrx_word' id='word_1_362' title='bbox 3549 5524 3708 5603; x_wconf 88' lang='lat' dir='ltr'>etc.,</span> <span class='ocrx_word' id='word_1_363' title='bbox 3750 5522 3925 5592; x_wconf 86' lang='lat' dir='ltr'>sicut</span> <span class='ocrx_word' id='word_1_364' title='bbox 3963 5525 4033 5594; x_wconf 89' lang='lat' dir='ltr'>in</span> <span class='ocrx_word' id='word_1_365' title='bbox 4080 5547 4217 5618; x_wconf 89' lang='lat' dir='ltr'>quo</span> 
     </span>
     <span class='ocr_line' id='line_1_59' title="bbox 2663 5620 4214 5725; baseline 0.023 -52"><span class='ocrx_word' id='word_1_366' title='bbox 2663 5620 3110 5681; x_wconf 84' lang='lat' dir='ltr'>conservatur</span> <span class='ocrx_word' id='word_1_367' title='bbox 3149 5620 3411 5707; x_wconf 85' lang='lat' dir='ltr'>species</span> <span class='ocrx_word' id='word_1_368' title='bbox 3451 5623 3598 5714; x_wconf 81' lang='lat' dir='ltr'>ejus</span> <span class='ocrx_word' id='word_1_369' title='bbox 3633 5649 3649 5696; x_wconf 75' lang='grc' dir='ltr'>ε</span> <span class='ocrx_word' id='word_1_370' title='bbox 3709 5653 3873 5725; x_wconf 84' lang='lat' dir='ltr'>ergo</span> <span class='ocrx_word' id='word_1_371' title='bbox 3920 5636 4214 5723; x_wconf 85' lang='lat' dir='ltr'>videtur,</span> 
     </span>
     <span class='ocr_line' id='line_1_60' title="bbox 2664 5716 4221 5818; baseline 0.025 -38"><span class='ocrx_word' id='word_1_372' title='bbox 2664 5716 2850 5806; x_wconf 89' lang='lat' dir='ltr'>quod</span> <span class='ocrx_word' id='word_1_373' title='bbox 2900 5726 3246 5812; x_wconf 79' lang='lat' dir='ltr'>oporteret</span> <span class='ocrx_word' id='word_1_374' title='bbox 3284 5728 3492 5801; x_wconf 88' lang='lat' dir='ltr'>talem</span> <span class='ocrx_word' id='word_1_375' title='bbox 3558 5740 3880 5812; x_wconf 84' lang='lat' dir='ltr'>virtutem</span> <span class='ocrx_word' id='word_1_376' title='bbox 3930 5768 4221 5818; x_wconf 79' lang='lat' dir='ltr'>moven-</span> 
     </span>
    </p>
   </div>
   <div class='ocr_carea' id='block_1_14' title="bbox 3864 5883 3927 5937">
    <p class='ocr_par' dir='ltr' id='par_1_18' title="bbox 3864 5883 3927 5937">
     <span class='ocr_line' id='line_1_61' title="bbox 3864 5883 3927 5937; baseline 0.016 -1"><span class='ocrx_word' id='word_1_377' title='bbox 3864 5883 3927 5937; x_wconf 78' lang='lat'>31</span> 
     </span>
    </p>
   </div>
  </div>
 </body>
</html>
