4897 6388
676 324 804 393 496
1461 343 1464 346 “
1676 321 1761 391 D.
1812 321 2013 389 ALB.
2066 321 2282 389 MAG.
2336 319 2545 389 ORD.
2599 321 2894 389 PRAED.

2104 462 2139 485 t

1812 968 1895 1039 E.
1941 967 2119 1055 Hic,
2165 990 2400 1064 quare
2428 966 2779 1042 donam?

779 1307 1086 1380 Donum
1129 1330 1328 1400 vero·
1355 1305 1637 1379 dicitur
1679 1329 1833 1378 non
1875 1329 1969 1380 ex
2010 1329 2099 1380 eo
2142 1315 2438 1380 tantum
2482 1306 2689 1403 quod
2729 1306 3084 1400 donetur,
3128 1307 3260 1381 sed
3296 1331 3387 1382 ex
3432 1305 3893 1404 proprietate

685 1464 913 1540 quam
958 1441 1230 1516 habuit
1256 1441 1353 1515 ab
1394 1450 1686 1516 aeterno
1732 1464 1748 1514 :
1790 1440 1993 1515 unde
2025 1449 2100 1515 et
2139 1440 2233 1514 ab
2265 1451 2559 1515 {eterno
2614 1441 2752 1515 suit
2803 1441 3118 1516 donum.
3156 1440 3639 1540 Sempiterne
3690 1441 3891 1516 enim

684 1578 971 1652 donum
1007 1576 1166 1664 fuit,
1200 1600 1357 1651 non
1400 1575 1586 1674 quia
1624 1576 1960 1669 daretur,
2007 1577 2140 1652 sed
2171 1577 2356 1675 quia
2394 1578 2769 1677 processit
2797 1602 2844 1652 a
2873 1578 3095 1674 Patre
3128 1588 3204 1654 et
3233 1578 3450 1653 Filio.
3490 1578 3707 1654 Unde
3744 1581 3893 1653 Au·

688 1713 1046 1812 gustinus
1111 1712 1191 1786 in
1233 1712 1430 1788 libro
1473 1712 1574 1786 IV
1613 1712 1708 1787 de
1775 1712 2146 1789 Trinitate
2177 1712 2283 1787 ait
2325 1737 2341 1788 ε
2408 1712 2626 1789 Sicut
2664 1724 2929 1789 natum
2972 1738 3139 1790 esse
3179 1724 3296 1789 est
3334 1713 3522 1789 Filio
3563 1739 3609 1789 a
3666 1715 3889 1789 Patre

684 1872 852 1927 esse
898 1873 916 1924 ε
955 1848 1061 1924 ita
1098 1847 1422 1948 Spiritui
1462 1830 1727 1924 sancto
1770 1849 2058 1924 donum
2100 1849 2239 1924 Dei
2294 1873 2465 1950 esse
2505 1860 2622 1925 est
2649 1874 2697 1926 a
2735 1851 2958 1926 Patre
3017 1860 3092 1926 et
3133 1875 3180 1926 a
3211 1850 3398 1925 Filio
3445 1850 3883 1949 procedere.

683 1987 826 2061 llic
864 1993 1127 2085 aperte
1167 1983 1631 2080 ostenditur,
1675 1984 1881 2082 quod
1924 1984 2258 2084 Spiritus
2288 1995 2606 2062 sanctus
2637 2009 2729 2063 eo
2755 1987 3043 2062 donum
3073 1995 3214 2079 est,
3246 1986 3446 2084 quod
3483 1986 3823 2084 procedit
3850 2012 3894 2060 a

687 2121 909 2196 Patre
951 2129 1026 2195 et
1057 2144 1101 2196 a
1143 2119 1335 2194 Filio
1363 2111 1382 2195 τ’
1410 2111 1611 2195 sicut
1632 2118 1871 2194 Filius
1911 2143 2002 2195 eo
2028 2129 2144 2196 est
2180 2144 2228 2196 a
2267 2121 2523 2217 Patre,
2559 2122 2767 2219 quod
2799 2130 3161 2198 natusest
3192 2121 3288 2197 ab
3315 2145 3434 2196 ec.
3482 2121 3651 2196 Non
3696 2121 3898 2197 enim

691 2255 890 2331 idem
932 2265 1048 2330 est
1075 2253 1267 2329 Filio
1308 2276 1479 2330 esse
1533 2278 1580 2329 a
1645 2253 1899 2349 Patre,
1963 2264 2039 2331 et
2075 2253 2396 2354 Spiritui
2437 2264 2733 2348 sancte,
2780 2255 2852 2330 id
2911 2265 3053 2352 est,
3097 2281 3251 2332 non
3295 2279 3386 2332 ea
3442 2256 3901 2355 proprietate

687 2390 928 2465 Filius
966 2388 1249 2465 dicitur
1278 2412 1450 2466 esse
1490 2413 1538 2465 a
1576 2369 1802 2464 Patre
1846 2414 2003 2489 qua
2041 2390 2375 2490 Spiritus
2412 2401 2755 2468 sanctus.
2817 2393 3012 2467 Nam
3060 2393 3300 2468 Filius
3339 2393 3621 2468 dicitur
3657 2416 3827 2468 esse
3857 2416 3903 2467 a

547 2511 550 2514 ¹
688 2527 939 2621 Patre,
974 2526 1160 2625 quia
1196 2526 1510 2624 genitus
1548 2534 1664 2602 est
1693 2527 1789 2601 ab
1820 2550 1912 2603 eo
1949 2551 1965 2602 :
2013 2527 2348 2628 Spiritus
2378 2538 2692 2605 sanctus
2730 2555 2915 2607 vero
2955 2530 3237 2606 dicitur
3273 2554 3443 2607 esse
3482 2556 3530 2606 a
3570 2531 3792 2605 Patre
3824 2537 3900 2605 et

688 2685 734 2739 a
771 2661 991 2756 Fili0,
1043 2661 1230 2760 quia
1268 2659 1606 2761 Spiritus
1644 2671 1958 2739 sanctus
1997 2672 2114 2739 est
2152 2664 2438 2740 donum
2476 2665 2727 2741 Patris
2767 2674 2842 2742 et
2881 2665 3077 2762 Filii,
3134 2666 3207 2741 id
3240 2676 3375 2754 est,
3416 2665 3600 2765 quia
3642 2687 3897 2763 proce·

687 2797 798 2872 dit
825 2797 920 2873 ab
983 2805 1338 2896 utroque.
1376 2798 1486 2873 Eo
1529 2796 1737 2872 enim
1776 2796 2059 2874 dicitur
2095 2798 2438 2899 spiritus,
2483 2824 2640 2900 quo
2691 2802 2979 2877 donum
3017 2826 3035 2878 ε
3092 2814 3165 2878 et
3228 2825 3319 2878 eo
3376 2803 3696 2896 donum,
3738 2825 3892 2900 qno

690 2932 1137 3033 procedens.
1185 2930 1410 3008 Unde
1447 2932 1931 3029 Augustinus
1972 2932 2048 3008 in
2093 2934 2286 3009 libro
2325 2934 2392 3008 V
2430 2935 2526 3012 de
2573 2935 2948 3012 Trinitate
2985 2937 3089 3012 ait
3124 2961 3142 3013 ε
3179 2937 3513 3037 Spiritus
3550 2947 3888 3031 sanctus,

689 3066 1010 3166 quinon
1052 3077 1168 3145 est
1202 3066 1563 3162 TrinitaS,
1606 3068 1739 3144 sed
1773 3066 1850 3142 in
1881 3067 2247 3145 Trinitate
2289 3068 2748 3168 intelligitur
2788 3094 2806 3148 :
2854 3071 2929 3146 in
2972 3097 3065 3148 eo
3115 3072 3322 3171 quod
3363 3071 3670 3173 proprie
3710 3071 3901 3146 ‹lici-

690 3215 818 3281 tur
844 3201 1179 3304 Spiritus
1216 3213 1557 3291 sanctus,
1601 3204 1915 3281 relative
1954 3204 2263 3302 dicitur,
2305 3229 2484 3281 cum
2517 3216 2594 3282 et
2631 3206 2725 3283 ad
2761 3207 3060 3284 Patrem
3096 3218 3171 3284 et
3203 3207 3478 3284 Filium
3525 3208 3846 3284 refertur
3879 3231 3897 3284 t

691 3338 875 3441 quia
899 3337 1233 3439 Spiritus
1269 3347 1589 3415 sanctus
1625 3348 1700 3414 et
1739 3339 1989 3415 Patris
2027 3351 2100 3416 et
2130 3339 2299 3415 Filii
2333 3340 2653 3440 spiritus
2690 3353 2808 3418 est
2849 3367 2865 3418 ε
2912 3344 3044 3419 sed
3087 3343 3254 3443 ipsa
3287 3343 3552 3420 relatio
3594 3368 3745 3420 non
3778 3369 3906 3444 ap-

693 3481 909 3573 paret
945 3471 1027 3547 in
1069 3472 1215 3572 hoc
1273 3471 1617 3548 nomine.
1654 3476 1991 3572 Apparet
2045 3483 2303 3551 autem
2345 3496 2523 3550 cum
2558 3474 2840 3551 dicitur
2867 3477 3155 3552 donum
3200 3477 3338 3552 Dei
3391 3501 3409 3553 :
3454 3476 3743 3553 donum
3785 3489 3900 3555 est

694 3608 899 3686 enim
941 3607 1191 3685 Patris
1229 3616 1305 3686 et
1362 3606 1564 3701 Filii,
1620 3608 1804 3709 quia
1842 3620 1919 3686 et
1946 3633 1993 3686 a
2034 3611 2256 3687 Patre
2297 3611 2640 3711 procedit
2696 3623 2771 3689 et
2838 3638 2881 3688 a
2925 3614 3114 3689 Filio
3154 3614 3200 3688 '.
3266 3616 3459 3690 Ecce
3494 3614 3614 3689 his
3643 3614 3897 3690 verbis

694 3751 952 3843 aperte
991 3726 1450 3837 ostenditur,
1482 3741 1752 3818 eadem
1789 3744 2157 3820 relatione
2205 3743 2352 3820 dici
2398 3744 2768 3847 Spiritum
2834 3759 3215 3842 sanctum,
3259 3758 3332 3824 et
3370 3747 3688 3824 donum.
3741 3748 3897 3823 Do-

699 3902 882 3953 num
924 3886 1212 3971 autem,
1273 3876 1460 3976 quia
1499 3877 1841 3977 procedit
1897 3903 1945 3953 a
2010 3879 2236 3954 Patre
2293 3889 2366 3955 et
2435 3879 3141 3981 Filia-Proprietas
3197 3907 3380 3980 ergo
3420 3907 3577 3982 qua
3621 3884 3898 3960 dicitur

700 4010 1033 4113 Spiritus
1088 4021 1406 4089 sanctus
1443 4012 1565 4088 vel
1608 4013 1928 4107 donum,
1972 4013 2361 4114 processio
2404 4014 2570 4114 ipsa
2636 4028 2778 4111 est,
2813 4018 2907 4092 de
2947 4042 3100 4116 qua
3143 4029 3308 4118 post
3367 4019 3671 4118 plenius
3723 4044 3906 4117 age-

705 4171 876 4224 mus
913 4173 1086 4223 cuni
1130 4147 1330 4224 aliis.
1376 4147 1570 4224 Cum
1612 4173 1796 4254 ergo
1835 4149 1933 4225 ali
1973 4160 2264 4227 oeterno
2305 4152 2764 4251 processerit
2804 4154 2901 4228 al»
2954 4164 3307 4253 utroque,
3364 4165 3438 4229 et
3477 4157 3574 4229 ab
3617 4166 3904 4231 (eterno

700 4282 988 4397 donum
1032 4281 1172 4359 suit
1216 4306 1232 4358 ε
1278 4308 1432 4359 non
1478 4309 1665 4383 ergo
1705 4284 2040 4385 Spiritus
2078 4296 2392 4361 sanctus
2421 4313 2514 4362 eo
2558 4296 2851 4364 tantum
2894 4287 3174 4364 dicitur
3204 4288 3522 4377 «lorium,
3558 4290 3739 4388 quia
3768 4292 3907 4364 ‹lo-

704 4428 932 4495 natur
966 4396 997 4494 :⁶
1029 4443 1208 4495 nain
1239 4429 1316 4496 et
1353 4430 1532 4496 ante
1563 4420 1707 4495 ruit
1743 4420 2033 4496 donum
2072 4444 2304 4520 qnam
2347 4422 2795 4498 donaretur.
2839 4422 3053 4498 l’nde
3086 4424 3565 4519 Augustinus
3594 4426 3668 4500 in
3714 4426 3904 4501 libro

703 4552 766 4626 V
806 4553 900 4630 de
935 4553 1308 4630 Trinilale
1350 4577 1369 4629 ε
1405 4553 1731 4654 Semper
1767 4554 2102 4654 Spiritus
2139 4565 2456 4631 sanctus
2516 4556 2886 4657 procedit,
2929 4568 2999 4633 et
3046 4583 3195 4632 non
3240 4584 3332 4635 ex
3372 4568 3736 4658 tempore,
3766 4560 3896 4636 sed

706 4689 801 4764 ab
841 4687 1268 4766 {eternitate
1306 4688 1678 4788 procedit.
1725 4688 1877 4764 Sed
1907 4688 2093 4788 quia
2131 4688 2241 4764 sic
2281 4690 2747 4789 procedebat
2791 4701 2866 4766 ut
2918 4703 3119 4768 esset
3158 4692 3545 4788 donabile,
3578 4693 3737 4790 jam
3780 4695 3909 4769 ‹lo-

703 4849 887 4900 num
920 4834 1077 4901 erat
1110 4834 1525 4924 antequam
1570 4836 1777 4929 esset⁶
1811 4824 1934 4900 cni
1976 4825 2419 4902 donaretur.
2467 4806 2704 4903 Aliter
2757 4828 2961 4902 enim
3008 4829 3481 4924 intelligitur,
3550 4855 3724 4905 cnm
3784 4831 3905 4904 ‹li-

703 4960 902 5036 citur
930 4962 1215 5037 donum
1266 4984 1282 5036 :
1329 4960 1554 5037 aliter
1584 4985 1759 5036 cum
1801 4960 2083 5036 dicitur
2136 4962 2507 5038 donatum
2573 4987 2589 5038 ε
2639 4988 2814 5038 nam
2876 4965 3163 5040 donum
3198 4975 3643 5065 potestesse
3674 4967 3902 5043 etiam

704 5107 1114 5196 antequam
1154 5097 1407 5192 detur,
1452 5096 1822 5172 donatum
1855 5107 2110 5173 autem
2170 5098 2317 5172 nisi
2373 5099 2635 5173 datum
2682 5100 2934 5193 inerit,
2998 5101 3214 5175 nullo
3277 5100 3500 5175 modo
3559 5102 3706 5178 dici
3758 5114 3918 5203 pot·

705 5241 845 5306 cst.
890 5231 1376 5332 Sempiterne
1407 5256 1592 5330 ergo
1625 5232 1959 5331 Spiritus
1988 5241 2304 5309 sanctus
2333 5224 2451 5310 est
2480 5235 2801 5330 donum,
2842 5236 3366 5334 temporaliter
3396 5248 3653 5313 autem
3695 5239 3917 5314 dona·

778 5685 794 5718 ¹
827 5683 881 5737 S.
914 5687 1287 5752 Αυουετικυε,
1321 5683 1444 5739 Lib.
1479 5685 1523 5737 V
1555 5683 1629 5740 de
1659 5685 1967 5754 Trinitate,
1996 5702 2127 5760 cap.
2166 5690 2247 5742 u.
