4897 6388
498 324 509 333 Ι
568 393 607 459 8
1251 383 1258 389 ·
1306 392 1311 397 ·
1412 350 2103 485 „-,o..A1313:‘MAG.
2159 363 2753 478 ORD2PRAED3.
2813 408 2824 433 2
2907 472 2914 477 Δ

567 585 689 654 per
717 559 1090 629 contuitum
1124 556 1392 632 mentiS,
1432 551 1573 641 'quo
1604 547 1859 636 species
1890 562 2112 608 rerum

573 668 910 737 intellecta
973 662 1450 753 conspicitur¹.
1501 656 1588 721 Et
1625 653 1773 719 haec
1829 667 2116 735 respon-

574 777 736 844 dent
779 773 993 842 tribus
1050 774 1118 837 in
1158 764 1546 854 prophetia,
1603 755 1880 834 scilicet,
1948 774 2117 819 con-

566 886 821 975 junctis
868 875 1237 948 secundum
1304 872 1633 967 rationem
1687 863 2113 954 diffinitivam

560 1010 738 1058 ·cum
780 995 969 1053 motu
1018 992 1084 1049 et
1111 979 1414 1055 materia,
1456 997 1607 1066 quae
1651 980 1813 1041 sunt
1839 981 2115 1037 natura-

558 1096 713 1163 ·lia:
753 1101 820 1160 et
875 1088 1199 1179 separatis
1254 1084 1626 1154 secundum
1688 1079 2017 1148 rationem
2076 1097 2116 1140 a

574 1209 767 1270 motu
808 1206 875 1265 et
897 1195 1202 1274 materia,
1234 1192 1353 1261 sed
1377 1201 1606 1260 tamen
1635 1210 1755 1278 per
1785 1205 1931 1253 esse
1961 1203 2114 1248 con-

569 1308 854 1398 junctiS,
898 1314 964 1373 et
988 1304 1134 1373 haec
1188 1308 1348 1370 sunt
1395 1292 1970 1386 mathematicalia
2004 1312 2020 1357 :
2055 1295 2119 1356 et

576 1412 904 1505 separatis
942 1425 1072 1502 per·
1091 1429 1234 1477 esse
1272 1413 1340 1472 et
1381 1426 1503 1494 per
1536 1399 2031 1468 *diffinitionem
2080 1416 2120 1461 a

574 1528 766 1590 motu
796 1527 863 1587 et
902 1515 1206 1592 materia,
1249 1522 1317 1580 et
1378 1511 1521 1578 haec
1567 1515 1726 1575 sunt
1787 1505 2017 1572 divina
2079 1524 2120 1568 a

446 1696 455 1699 -
576 1629 825 1721 quibus
878 1625 1237 1692 trahuntur
1289 1619 1587 1702 rationes
1631 1612 1994 1683 'naturales
2034 1609 2119 1678 ad

576 1734 1122 1829 cognoscendum
1200 1730 1647 1806 Creatorem,
1687 1726 1863 1793 sicut
1931 1722 2114 1804 facit,

572 1845 772 1924 infra,
807 1836 1243 1911 distinctione
1280 1836 1377 1905 ΙΙΙ
1411 1844 1479 1904 et
1525 1834 1645 1901 lv.
1954 1938 1959 1941 .

667 1981 701 2016 «
737 1952 925 2041 Opus
983 1957 1213 2017 autem
1273 1943 1465 2011 ultra
1511 1942 1710 2019 vires,
1751 1945 1911 2017 etc.,
1946 1961 1979 2003 ιο
2022 1944 2124 2004 est

568 2059 866 2151 cognitio
892 2053 1257 2123 Trinitatisx
1297 2057 1365 2118 et
1398 2048 1705 2115 unitatis.
1876 2102 1879 2105 .

658 2166 795 2235 Sed
823 2164 1094 2232 videtur
1122 2181 1267 2230 esse
1296 2166 1534 2227 contra
1571 2154 1754 2245 quod
1790 2153 1955 2223 dicit
1997 2151 2121 2219 Ec-

570 2274 1008 2348 clesiasticus,
1042 2291 1139 2347 ιιι,
1169 2268 1253 2335 22
1290 2289 1306 2335 :
1338 2264 1613 2334 Altiora
1642 2272 1707 2330 te
1736 2284 1820 2329 ne
1837 2262 2121 2351 quaesie-

417 2344 423 2351 -
472 2356 479 2437 ss
572 2384 694 2460 ris,
765 2388 827 2446 et
874 2378 1173 2469 fortiora
1217 2383 1282 2440 te
1332 2395 1418 2440 ne
1475 2378 1822 2440 scrutatus
1871 2369 2115 2459 sueri-r.

452 2566 458 2573 ,
569 2489 773 2568 Item,
825 2487 896 2553 in
946 2480 1278 2551 Proverb.
1334 2501 1528 2559 xxm,
1587 2480 1627 2546 5
1682 2499 1700 2545 ε
1748 2477 1853 2546 Ne
1896 2477 2121 2565 eriqas

571 2593 807 2665 oculos
841 2592 938 2660 ad
1000 2612 1157 2681 opes
1205 2609 1379 2679 quas
1422 2608 1560 2653 non
1609 2594 1802 2674 potes
1847 2582 2116 2660 habere,

568 2702 739 2794 quia
774 2700 1035 2791 sacient
1083 2695 1221 2764 sibi
1260 2716 1527 2785 pennas
1578 2691 1782 2783 quasi
1835 2689 2115 2782 aquilae,

570 2820 636 2877 et
660 2806 997 2877 volabunt
1064 2804 1136 2870 in
1192 2801 1463 2869 coelum.
1493 2798 1886 2880 Rasroxsto,
1937 2795 2120 2888 quod

569 2916 762 2984 ultra
791 2917 967 2983 vires
993 2919 1260 2979 nostras
1289 2918 1391 2978 est
1420 2906 1795 2978 secundum
1830 2927 1904 2973 se
1947 2929 1964 2975 ι
2002 2904 2119 2972 sed

574 3045 732 3092 cum
762 3023 939 3091 ratio
966 3018 1098 3087 {ide
1130 3018 1434 3108 juvatur,
1454 3014 1639 3083 valet
1666 3015 1737 3082 in
1756 3012 1822 3083 id
1845 3014 1914 3082 in
1936 3012 2118 3104 quod

569 3136 736 3198 ante
756 3149 896 3196 non
916 3124 1154 3192 valuit.
1180 3122 1399 3201 Unde,
1421 3121 1509 3189 ad
1539 3119 1747 3190 Hebr.
1771 3142 1868 3201 xx,
1896 3121 1925 3188 1
1957 3122 2121 3187 :Est

569 3235 743 3327 fides
775 3232 1272 3325 sperandarum
1298 3228 1687 3298 substantio
1725 3251 1977 3304 rerum,
2013 3251 2122 3294 ar-

570 3351 978 3434 gumentum
1032 3362 1168 3407 non
1232 3339 1742 3430 apparentium.
1783 3335 1895 3419 Et,
1938 3334 1997 3402 11
2037 3334 2121 3402 ad

574 3446 888 3517 Corinth.
924 3468 1021 3526 ιιι,
1074 3447 1115 3515 5
1159 3467 1176 3512 ε
1246 3446 1399 3514 Non
1455 3443 1648 3535 quod
1702 3442 2123 3534 sufficientes

573 3557 796 3625 simus
833 3557 1134 3645 coqitare
1159 3551 1440 3643 aliquid
1463 3575 1507 3618 a
1553 3550 1749 3618 nobis
1792 3551 1998 3642 quasi
2039 3572 2125 3618 ez·

582 3661 804 3740 nobis,
835 3660 959 3730 sed
977 3659 1397 3750 sufficientia
1442 3667 1677 3725 nostra
1704 3679 1791 3725 es
1819 3659 1960 3725 Deo
1997 3664 2118 3726 est.

660 3749 710 3832 ἀ
756 3769 981 3852 Quam
1019 3768 1227 3834 vincit
1254 3765 1439 3834 :elus
1458 3765 1703 3833 domus
1730 3764 1886 3845 Dei,
1916 3772 2045 3832 etc.
2084 3789 2118 3831 n

587 3877 769 3947 Psal.
827 3901 1057 3955 ικνιιι.
1097 3879 1176 3944 ¹0
1219 3900 1236 3945 ε
1267 3875 1476 3944 Zetus
1502 3876 1747 3943 domm
1776 3885 1911 3943 tteae
1937 3898 2124 3943 com-

585 3986 728 4054 edit
765 4007 893 4053 me.
939 3985 1018 4052 Et
1076 3983 1207 4052 hoc
1252 3983 1618 4066 inducitur,
1663 3983 1866 4052 Joan.
1901 4005 1973 4062 ιι,
2013 3984 2118 4062 Π,

582 4100 652 4162 et
687 4091 782 4160 ihi
825 4092 988 4161 dicit
1026 4092 1265 4159 Glossa
1306 4113 1322 4158 ε
1356 4088 1553 4158 Zelus
1606 4090 1828 4159 honus
1856 4099 1957 4160 est
1987 4114 2121 4181 quo

582 4202 880 4276 animus,
919 4197 1181 4288 abjecto
1229 4199 1474 4266 timore
1505 4196 1831 4272 humano,
1883 4220 2122 4266 acccu-

583 4304 766 4371 ditur
818 4312 884 4370 et
940 4325 1022 4371 eo
1088 4304 1488 4384 comeditur,
1556 4302 1740 4394 quod
1804 4302 2121 4395 quaelihet

582 4433 792 4501 prava
822 4433 975 4502 quoe
1012 4410 1281 4487 viderit,
1339 4411 1678 4501 corrigere
1725 4413 1972 4502 satagit
2013 4433 2029 4479 τ
2064 4413 2119 4480 si

584 4519 993 4608 nequiverit,
1038 4516 1301 4594 tolerat,
1335 4526 1403 4587 et
1429 4518 1665 4607 gemit.

675 4653 710 4687 κ
739 4624 1082 4693 Adversus
1126 4647 1383 4692 errores
1440 4625 1858 4702 carnalium,
1918 4634 2045 4694 etc.
2084 4654 2117 4689 ιι

586 4731 610 4798 1
652 4732 736 4800 ad
811 4732 1117 4801 Corinth.
1165 4755 1235 4809 ιι,
1310 4733 1387 4798 Η
1431 4754 1448 4800 :
1518 4733 1868 4801 Animalis
1920 4735 2120 4802 homo

582 4865 717 4908 non
750 4843 1042 4932 percipit
1086 4863 1165 4908 ea
1218 4863 1369 4931 qua!
1401 4850 1566 4909 sunt
1601 4843 1908 4932 Spiritus
1937 4825 2067 4911 Dee·
2095 4867 2119 4913 .·

580 4948 883 5016 stultilia
924 4950 1106 5016 enim
1160 4960 1257 5016 est
1287 4947 1429 5028 illi,
1487 4960 1551 5018 et
1578 4971 1714 5017 non
1762 4960 1983 5042 potest
2011 4953 2123 5018 in-

582 5054 917 5145 lelliqere,
948 5057 1116 5147 quia
1155 5057 1618 5147 spiritualiter
1652 5060 2114 5142 examinatur,

581 5159 649 5229 id
686 5170 812 5244 est,
874 5160 948 5228 fit
1020 5164 1433 5230 examinatio
1498 5163 1976 5254 spiritualium.
2035 5166 2121 5234 Et

580 5288 753 5357 quos
821 5267 1142 5358 Magister
1198 5270 1307 5337 hic
1388 5270 1865 5361 distinguendo
1922 5283 2120 5341 vocat

579 5373 883 5442 carnales
921 5386 988 5442 et
1015 5374 1364 5453 animaleS,
1411 5376 1777 5466 Apostolus
1806 5400 2120 5447 commu-

582 5482 765 5550 niter·
819 5483 1155 5550 animales
1209 5493 1426 5552 vocat.
1475 5484 1667 5554 Unde
1715 5484 1957 5556 Glossa
1989 5491 2118 5556 ibi-

658 5709 677 5745 ¹
705 5710 763 5766 S.
820 5711 1195 5781 Aucusrlxus,
1226 5727 1407 5785 super
1457 5713 1758 5783 Genesim,
1808 5712 1912 5773 lib.
1969 5714 2113 5788 xm,

2229 539 2381 605 dem
2418 524 2799 605 :Animalis
2831 537 3044 606 homo
3077 537 3321 605 dicitur
3353 533 3459 601 vel
3486 530 3774 610 vita,vel
3818 524 4088 647 „3322ssss
4135 552 4141 557 ·

4126 312 4140 320 a

4181 346 4188 353 x

4095 356 4100 357 ⁷
4155 352 4196 379 k,

2227 666 2427 711 sensu
2463 646 2644 711 :vita
2682 654 2913 711 autem
2936 642 3149 711 homo
3171 642 3484 711 animalis
3505 640 3771 721 dicitur,
3802 660 3881 699 tur
3905 656 4105 711 capuci·
4167 688 4176 693 -

2227 755 2342 843 qui
2373 751 2585 820 fertur
2644 750 2978 819 dissoluta
3015 750 3296 816 lascivia
3334 752 3578 817 animae
3608 769 3770 823 suae,

2227 883 2430 950 quam
2463 859 2638 927 infra
2668 857 3011 940 naturalis,
3039 855 3298 925 ordinis
3342 866 3551 923 metas
3576 856 3774 946 spiri-

2226 980 2332 1037 tus
2370 976 2592 1036 rector
2621 990 2760 1037 non
2791 968 3122 1043 continet,
3158 988 3240 1033 eo
3264 963 3610 1054 quodipse
3634 963 3773 1030 Deo

2225 1099 2296 1144 se
2325 1079 2584 1167 regenti
2615 1098 2756 1144 non
2785 1075 3063 1164 subjicit
3098 1096 3114 1141 ε
3159 1072 3369 1140 homo
3416 1092 3579 1139 vero
3618 1092 3778 1137 sen-

2226 1205 2306 1249 su
2335 1182 2583 1249 dicitur
2609 1180 2954 1258 animalis,
2994 1182 3111 1269 qui
3142 1179 3223 1247 de
3255 1180 3397 1247 Deo
3412 1180 3610 1268 juxta
3626 1198 3781 1245 cor-

2225 1311 2472 1380 porum
2536 1286 3002 1379 phantasiam,
3045 1285 3157 1354 vel
3229 1285 3398 1375 legis
3454 1284 3775 1366 litteram,

2199 1395 2331 1464 ·vel
2365 1396 2697 1463 rationem
2724 1393 3082 1486 physicam
3107 1392 3394 1482 judicat.

2316 1530 2350 1565 (ι
2383 1501 2741 1571 Davidicoe
2768 1502 2988 1569 turris
3015 1501 3300 1590 clypeiS,
3342 1506 3470 1567 etc.
3516 1526 3549 1559 »
3593 1495 3778 1565 Can-

2225 1612 2338 1679 tic.
2379 1632 2475 1693 w,
2517 1610 2560 1675 4
2595 1631 2612 1677 ε
2681 1608 2900 1696 Sicut·
2937 1608 3156 1675 turris
3212 1604 3448 1673 David
3517 1602 3775 1671 collum'

2227 1726 2450 1794 tuum,
2484 1737 2638 1805 quae
2679 1698 3031 1804 aedificata
3070 1721 3169 1780 est
3194 1733 3351 1780 cum
3383 1725 3779 1801 propuqna·

2226 1824 2403 1893 culis
2436 1847 2476 1892 ·.·
2512 1824 2714 1891 mille
2757 1823 2990 1913 clypei
3038 1820 3340 1911 pendent
3383 1843 3469 1886 ex
3503 1842 3609 1902 ea,
3648 1826 3774 1887 etc.

2229 1931 2494 1999 Collum
2526 1939 2758 1999 autem
2798 1939 2904 1998 est
2931 1953 3056 2021 per
3119 1927 3303 2018 quod
3341 1948 3588 2017 corpus
3624 1948 3782 1994 con-

2004 2052 2011 2059 ”
2094 2050 2099 2055 “
2219 2040 2535 2130 jungitur
2561 2039 2793 2129 capiti,
2826 2045 2895 2106 et
2933 2038 3007 2104 in
3043 2058 3182 2127 quo
3220 2034 3430 2102 verba
3474 2033 3783 2101 forman-

2225 2157 2360 2226 tur,
2402 2157 2471 2217 et
2532 2147 2875 2239 significat
2930 2145 3138 2215 fidem
3197 2166 3351 2237 quae
3409 2141 3778 2212 Ecclesiam

2223 2255 2369 2323 Deo
2391 2255 2645 2345 jungit.
2680 2253 2920 2345 Clypei
2961 2259 3195 2320 autem
3224 2257 3385 2318 sunt
3413 2248 3780 2317 auctorita-

2225 2371 2326 2429 tes
2369 2362 2677 2430 veritatis
2719 2368 3008 2451 repertae
3047 2381 3088 2426 a
3116 2357 3410 2432 Sanctis,
3455 2354 3779 2423 habentes

2221 2480 2419 2568 signa
2484 2476 2736 2546 ducum
2803 2484 3226 2553 nostrorum,
3295 2470 3575 2555 scilicet,
3630 2471 3779 2537 Au-

2226 2584 2508 2677 gustini,
2569 2584 3009 2675 Hieronymi,
3065 2590 3131 2650 et
3187 2580 3481 2649 aliorum
3529 2577 3776 2645 Docto-

2226 2715 2400 2760 rum.
2433 2691 2802 2759 Armatura
2839 2697 3075 2759 autem
3112 2688 3387 2757 sortium
3427 2694 3527 2755 est
3564 2684 3777 2776 syllo-

2225 2801 2489 2890 gismus
2518 2807 2585 2867 et
2605 2797 2989 2866 similitudo
3020 2819 3324 2889 congrua
3356 2794 3604 2887 quihus
3623 2816 3777 2885 pro-

2225 2904 2573 2995 gredimur
2619 2905 2689 2971 in
2720 2902 2850 2972 hac
2885 2904 3197 2972 scientia.

2314 3152 2347 3184 α
2373 3123 2530 3190 Non
2561 3121 2862 3190 valentes
2887 3120 3386 3201 studiosorum,
3417 3129 3546 3189 etc.
3583 3145 3617 3187 n
3651 3120 3776 3189 llic

2225 3230 2444 3321 tangit
2497 3250 2775 3297 causam
2813 3237 3217 3326 moventem
3276 3250 3359 3296 ex
3389 3237 3578 3318 parte
3617 3227 3781 3296 dile-

2225 3339 2468 3405 ctionis
2531 3337 2859 3428 proximi,
2919 3348 2988 3407 et
3046 3336 3219 3405 sicut
3289 3339 3479 3426 prius
3543 3337 3780 3404 miscet

2224 3468 2378 3514 cum
2417 3444 2546 3514 hac
2591 3468 2801 3514 causa
2826 3445 3038 3514 etiarn
3105 3466 3382 3512 causam
3441 3441 3780 3511 retrahen-

2224 3564 2388 3630 tem,
2458 3564 2527 3622 et
2555 3554 2653 3623 sic
2706 3562 2868 3622 sunt
2909 3551 3023 3621 hic
3077 3552 3242 3622 duo.
3277 3550 3534 3626 Primo.
3576 3574 3780 3619 causa

2228 3682 2511 3729 movens
2575 3669 2679 3729 est
2751 3681 2955 3728 amor
3034 3659 3357 3749 proximi.
3430 3656 3771 3737 Secunda,

2223 3791 2426 3839 causa
2476 3767 2857 3849 retrahens,
2907 3765 3314 3836 obtrectatio
3360 3764 3771 3845 invidorum,

2228 3875 2346 3956 ihi,
2399 3901 2434 3941 a
2484 3877 2820 3961 Quamvis
2874 3897 3012 3942 non
3054 3873 3518 3964 ambiqamus‚
3572 3882 3700 3942 etc.
3738 3899 3772 3939 ιι

2316 3983 2545 4050 Prima
2580 3980 2789 4050 hahet
2827 3980 2997 4063 duo,
3052 3980 3309 4049 scilicet
3346 3980 3779 4072 efflagitatio-

2225 4113 2381 4159 nem
2399 4088 2895 4165 studiosorum,
2926 4089 3091 4179 quia
3112 4088 3359 4156 excitat
3387 4087 3775 4155 auditorum

2223 4198 2521 4267 studium
2553 4220 2570 4265 ε
2612 4196 2915 4267 secundo
2946 4197 3157 4265 etiam
3196 4194 3488 4264 charitas
3526 4196 3775 4265 Christi

2226 4306 2292 4374 in
2335 4305 2681 4374 membris.
2721 4303 3040 4375 Secunda
3087 4311 3316 4372 autern
3351 4303 3676 4373 dividitur
3704 4308 3772 4373 in

2223 4413 2392 4482 «luas
2439 4424 2692 4504 partes,
2746 4414 2815 4481 in
2855 4436 3153 4505 quarum
3208 4413 3427 4503 prima
3458 4412 3808 4481 describit·

2222 4520 2676 4590 detrahentes.
2755 4520 2935 4601 Quia
3002 4542 3167 4590 vero
3223 4530 3457 4611 aperta
3521 4518 3774 4588 malitia

2223 4653 2466 4698 nocere
2506 4651 2643 4697 non
2701 4638 2954 4719 potest,
2995 4629 3150 4697 ideo
3174 4628 3243 4695 in
3298 4626 3593 4695 secunda
3623 4636 3778 4695 tan-

2224 4739 2315 4826 git
2385 4736 2669 4804 modum
2763 4736 3226 4804 simulationis
3291 4757 3557 4811 eorum,
3654 4734 3772 4817 ihi,

2226 4874 2257 4906 ιι
2297 4844 2561 4912 Habent
2597 4845 2935 4912 rationem
2965 4844 3321 4933 sapientiae
3351 4843 3419 4909 in
3457 4845 3775 4932 supersti-

2222 4955 2424 5029 tione,
2458 4962 2587 5020 etc,
2633 4979 2668 5016 ιι

2314 5059 2383 5127 ln
2418 5062 2636 5150 prima
2665 5060 2888 5150 tangit
2925 5059 3092 5140 du0,
3134 5059 3413 5143 scilicet,
3448 5058 3630 5149 quod
3659 5058 3771 5125 de-

2220 5170 2524 5236 trec-tatio
2589 5167 3004 5235 aemulorum
3065 5190 3203 5235 non
3262 5167 3441 5236 valet
3478 5191 3634 5234 eum
3675 5191 3774 5234 rc-

2219 5274 2510 5355 trahere,
2585 5286 2653 5342 ct
2719 5275 3250 5364 descriptionem
3339 5264 3766 5354 aemulorum,

2219 5382 2337 5462 ihi,
2364 5411 2394 5444 α
2435 5383 2618 5466 Quia
2657 5380 3241 5460 dissentientibm,
3278 5390 3407 5448 etc.
3446 5410 3476 5442 υ
3518 5382 3597 5448 Et
3630 5381 3770 5451 haec

2216 5489 2511 5556 secunda
2551 5488 2756 5558 hahet
2813 5497 3135 5581 quatuor,
3177 5488 3433 5556 scilicet
3469 5487 3769 5580 descrip-

2216 5736 2344 5792 cap.
2372 5721 2426 5776 6.

3909 716 4000 756 lef-
4126 728 4131 733 '
