4897 6388
599 433 628 450 Ι

723 325 851 392 596

720 491 1071 575 habitudo,
1113 489 1265 557 ideo
1307 498 1648 580 respectus
1697 490 1779 557 ad
1819 481 2043 557 acfum
2078 489 2260 579 regi-

723 599 924 665 minis
965 606 1065 664 est
1095 598 1189 664 eis
1235 600 1642 667 communis,
1695 598 1780 664 Et
1835 598 1988 664 talis
2065 594 2264 662 habi-

723 704 886 772 tudo
953 705 1292 772 invenitur
1366 705 1570 771 etiam
1647 706 1716 770 in
1794 703 2253 771 naturalibus:

727 837 882 881 cum
923 815 1099 880 enim
1154 813 1421 893 dicitur,
1473 811 1785 881 Socrates
1861 822 1960 879 est
2027 811 2259 888 horno,

726 919 923 988 Plato
955 928 1054 987 est
1088 918 1345 986 homo:
1407 942 1770 987 commune
1837 930 1936 986 est
2004 917 2266 985 Socrati

729 1036 794 1096 et
822 1027 1091 1096 Platoni
1122 1027 1252 1094 hoc
1283 1029 1506 1117 ipsum
1547 1028 1729 1117 quod
1787 1027 1934 1094 dieo
2012 1025 2262 1092 homo:

730 1143 797 1202 et
822 1133 952 1202 hoc
979 1157 1100 1225 per
1138 1137 1468 1201 rationem
1519 1143 1776 1200 naturae
1844 1131 2262 1200 universalis

731 1241 901 1310 Cum
932 1252 1156 1310 autem
1188 1242 1365 1322 dico,
1408 1243 1517 1310 isti
1548 1252 1707 1308 sunt
1737 1242 2072 1319 homineS‚
2107 1264 2270 1331 sup-

732 1359 1078 1442 ponuntur
1118 1350 1430 1419 Socrates
1460 1359 1527 1418 et
1591 1349 1787 1417 Plato
1845 1374 1962 1439 per
2020 1371 2266 1416 nomen

734 1460 1380 1528 demonstrativum:
1462 1467 1528 1526 et
1590 1461 1687 1526 sic
1760 1480 2120 1527 commune
2170 1465 2271 1524 est

737 1570 861 1653 eis,
897 1567 1077 1658 quod
1111 1568 1249 1634 sint
1281 1568 1634 1656 supposita
1681 1566 2010 1647 hominis,
2047 1576 2113 1634 et
2158 1588 2268 1634 re-

735 1682 1000 1765 spectus
1029 1673 1360 1764 suppositi
1392 1682 1459 1740 et
1484 1671 1809 1741 habitudo
1854 1675 1937 1740 ad
1995 1673 2058 1739 id
2092 1672 2274 1763 quod

735 1783 1105 1854 secundum
1148 1792 1460 1851 naturam
1490 1806 1852 1853 commune
1888 1794 2010 1865 est,
2046 1784 2274 1851 deter-

737 1895 1034 1960 minatur
1072 1914 1189 1982 per
1218 1892 1501 1960 verbum
1556 1902 1758 1959 sunt:
1795 1901 1861 1959 et
1902 1891 2045 1960 hoec
2083 1914 2274 1960 com-

737 2001 1034 2068 munitas
1063 1999 1391 2089 suppositi
1454 1996 1622 2065 nihil
1676 1998 1859 2066 aliud
1913 2006 2015 2066 est
2070 2021 2274 2088 quam

740 2105 981 2175 similis
1035 2104 1361 2174 habitudo
1392 2128 1629 2174 eorum
1662 2105 1746 2173 ad
1785 2114 2095 2173 naturam
2127 2127 2273 2195 quae

740 2214 1122 2284 communis
1159 2223 1259 2281 est
1295 2214 1414 2281 eis.
1451 2213 1536 2281 Et
1576 2215 1732 2304 quia
1761 2215 1828 2280 in
1857 2213 2103 2281 divinis
2135 2236 2277 2303 per·

739 2346 907 2392 sona
937 2322 1269 2414 significat
1306 2320 1779 2398 substantiam,
1817 2331 2116 2412 utsupra
2152 2320 2276 2388 de-

735 2430 1174 2499 terminatum
1250 2439 1374 2508 est,
1444 2438 1511 2498 et
1579 2430 1911 2522 significat
1985 2451 2135 2498 eam
2204 2438 2275 2496 ut

733 2540 1183 2630 suppositum,
1217 2537 1370 2607 ideo
1399 2537 1520 2607 tali
1548 2540 2037 2606 communitate
2083 2560 2277 2605 com-

736 2647 965 2714 munis
995 2653 1093 2714 est
1121 2668 1410 2736 persona
1439 2645 1680 2714 tribus.
1719 2645 1853 2713 Sed
1903 2644 2275 2713 differentia

734 2755 933 2824 estin
962 2752 1092 2823 hoc
1121 2753 1303 2844 quod
1343 2756 1518 2823 ratio
1576 2755 1907 2846 suppositi
1970 2755 2038 2820 in
2105 2753 2277 2821 inse-

744 2862 1039 2932 rioribus
1101 2873 1204 2932 est
1258 2862 1658 2932 universalis
1714 2888 1835 2955 per
1912 2862 2270 2932 accidens:

735 2972 896 3064 quia
927 2971 1166 3040 accidit
1206 2971 1468 3039 Socrati
1499 2980 1565 3040 et
1611 2971 1875 3040 Platoni
1929 2995 2072 3039 esse
2112 2994 2277 3060 sup-

738 3083 959 3172 posita
1024 3103 1144 3171 per
1199 3078 1328 3149 lioc
1385 3080 1571 3172 quod
1624 3079 1834 3147 homo
1906 3078 2274 3148 secundum

738 3188 1045 3258 eamdem
1088 3197 1395 3257 naturam
1438 3187 1840 3281 praedicatur
1897 3186 1979 3255 de
2037 3187 2156 3256 eis.
2201 3184 2276 3253 ln

740 3298 988 3367 divinis
1016 3306 1243 3366 autem
1303 3319 1594 3389 persona
1650 3321 1788 3366 non
1846 3307 1948 3365 est
2000 3299 2281 3364 univer-

737 3405 916 3476 sale:
961 3406 1119 3498 quia
1182 3429 1252 3474 re
1303 3428 1439 3474 non
1503 3415 1609 3474 est
1672 3405 2002 3473 excedens
2047 3403 2279 3495 subje-

737 3523 922 3582 ctum
961 3512 1042 3580 de
1085 3536 1220 3605 quo
1295 3513 1723 3604 praedicatur,
1792 3537 1943 3580 cum
2009 3512 2274 3588 dicitur,

743 3620 947 3689 l‘ater
973 3632 1070 3688 est
1103 3644 1433 3712 persona:
1469 3631 1570 3690 est
1598 3623 1779 3690 enim
1815 3621 1991 3688 idem
2036 3622 2101 3688 in
2129 3618 2281 3687 sub·

728 3728 916 3818 jecto
954 3737 1019 3796 et
1065 3728 1451 3819 praedieatO,
1509 3729 1826 3797 differens
1883 3740 2106 3795 tamen
2172 3750 2281 3794 se-

737 3836 1036 3905 cundum
1070 3836 1349 3904 modum
1392 3836 1821 3929 significandi
1848 3859 1862 3903 :
1891 3835 2280 3904 etsimiliter

737 3965 892 4012 cum
935 3943 1197 4020 dicitur,
1236 3942 1444 4011 Filius
1481 3953 1580 4012 est
1612 3966 1939 4035 persona:
1983 3943 2132 4011 etsi
2181 3951 2279 4009 est

738 4051 1138 4121 abstrahens
1168 4053 1253 4121 ab
1294 4063 1610 4146 utroque,
1647 4078 1783 4121 non
1825 4063 1925 4120 est
1957 4052 2065 4119 illa
2123 4051 2281 4120 abs-

733 4162 966 4229 tractio
1033 4161 1158 4226 nisi
1212 4160 1585 4229 secundum
1646 4160 2058 4227 intellectum
2128 4183 2279 4227 nos·

736 4277 939 4344 trum,
991 4277 1055 4335 et
1125 4291 1260 4334 non
1316 4268 1691 4336 secundum
1761 4278 2069 4335 naturam
2138 4268 2272 4334 rei:

732 4377 906 4441 sicut
964 4382 1031 4441 et
1101 4376 1167 4440 in
1235 4375 1556 4442 omnibus
1601 4375 1995 4442 nominibus
2035 4374 2278 4440 divinis

732 4504 1001 4571 semper
1049 4481 1398 4550 invenitur
1449 4480 1675 4572 aliqua
1735 4483 2134 4573 proprietas,
2205 4488 2276 4547 ut

733 4611 936 4678 supra
986 4588 1504 4658 determinatum
1551 4599 1677 4659 est.
1743 4590 1817 4656 tit
1887 4590 2014 4657 lioc
2071 4588 2274 4656 modo

733 4697 936 4764 etiam
976 4695 1124 4763 dico
1183 4695 1265 4763 de
1338 4698 1826 4765 communitate
1905 4695 2270 4773 relationis,

730 4799 837 4867 vel
869 4800 1344 4884 distinctionis,
1381 4803 1486 4869 vel
1550 4802 2272 4871 incommunicabilita-

727 4907 838 4986 tis,
872 4909 998 4975 nisi
1033 4907 1163 4977 hoc
1194 4908 1530 4989 addendo,
1568 4911 1749 5001 quod
1789 4934 1942 4978 cum
2003 4910 2266 4990 dicitur,

729 5013 928 5082 l‘ater
955 5025 1017 5082 et
1063 5015 1268 5083 Filius
1308 5016 1497 5085 relati
1529 5026 1713 5098 sunt,
1748 5026 1812 5084 et
1836 5016 2137 5101 relativa,
2163 5017 2266 5085 vel

729 5121 929 5190 Pater
957 5133 1019 5190 et
1055 5123 1258 5191 Filius
1305 5134 1462 5192 sunt
1520 5125 1656 5193 duo
1709 5126 2081 5215 supposita,
2158 5125 2264 5192 vel

732 5227 930 5296 Pater
949 5238 1016 5297 et
1038 5229 1414 5299 Filiussunt
1439 5231 2135 5310 incommunicabiles,
2157 5231 2263 5299 vel

729 5335 931 5405 Pater
968 5346 1033 5406 et
1061 5338 1111 5406 1³
1115 5340 1267 5408 ilius
1296 5349 1455 5408 sunt
1492 5339 1917 5432 hypostases,
1968 5341 2075 5408 vel
2132 5340 2266 5408 Pa-

724 5452 826 5512 ter
861 5453 926 5513 et
966 5445 1174 5517 Filius
1211 5457 1370 5518 sunt
1407 5471 1736 5540 personae,
1789 5448 1896 5516 vel
1944 5448 2145 5517 Pater
2200 5457 2265 5517 et

719 5551 931 5619 Filius
961 5564 1117 5623 sunt
1148 5555 1328 5626 Deus
1355 5579 1370 5624 ε
1407 5557 1564 5648 quia
1588 5556 1804 5646 prima
1825 5555 2064 5623 harum
2084 5579 2263 5624 com-

728 5657 1137 5729 munitatum
1177 5664 1467 5732 sumitur
1493 5685 1614 5754 per
1642 5685 1852 5730 unum
1886 5673 2257 5755 respectum

1731 322 1818 389 D.
1869 319 2066 388 ALB.
2118 314 2333 383 MAG.
2386 315 2596 385 ORD.
2647 316 2946 386 PRAED.

2365 487 2451 553 ad
2490 487 2839 555 relationis
2868 497 3121 566 actum,
3166 487 3465 556 secunda
3521 510 3641 577 per
3709 489 3920 554 unum
4020 490 4035 502 ⁸

2364 608 2745 688 respectum
2780 600 2864 667 ad
2923 600 3360 691 proprietatis
3417 607 3671 682 actum,
3726 598 3927 665 tertia

2366 732 2487 797 per
2527 733 2739 776 unum
2773 722 3155 800 respectum
3189 712 3276 780 ad
3299 712 3734 797 negationem
3767 732 3925 777 con-

2367 826 2764 906 sequentem
2806 818 2890 884 ad
2921 827 3148 886 actum
3181 819 3639 909 proprietatis,
3686 825 3925 908 quarta

2368 946 2732 1013 perunum
2775 936 3153 1015 respectum
3213 926 3299 993 ad
3356 928 3691 993 rationem
3758 947 3926 1013 sup-

2369 1032 2572 1121 positi
2613 1031 2905 1099 ordinati
2956 1033 3042 1100 ad
3116 1034 3627 1124 proprietatem,
3692 1034 3928 1123 quinta

2373 1162 2491 1228 per
2516 1164 2723 1208 unam
2761 1143 3094 1210 rationem
3125 1143 3463 1233 suppositi
3494 1141 3787 1209 ordinati
3843 1139 3929 1207 ad

2374 1257 2598 1328 actum
2642 1250 3074 1339 proprietatis
3107 1251 3511 1340 pertinentis
3558 1248 3645 1316 ad
3703 1249 3932 1339 digni-

2375 1363 2581 1423 tatem
2613 1379 2627 1423 :
2663 1365 2852 1423 sexta
2881 1366 3111 1425 autem
3150 1381 3273 1448 per
3302 1380 3517 1424 unum
3549 1362 3928 1446 respectum

2376 1463 2885 1552 suppositorum
2954 1463 3040 1530 ad
3089 1471 3445 1532 naturam:
3492 1463 3642 1531 ideo
3708 1461 3932 1530 solum

2375 1571 2543 1639 illud
2608 1575 3079 1663 praedicatum,
3166 1573 3423 1642 scilicet
3504 1575 3714 1652 DeuS,
3776 1573 3937 1641 dicit

2376 1701 2742 1747 commune
2776 1703 2844 1748 re
2878 1690 2943 1748 et
2974 1689 3243 1750 natura.
3322 1681 3633 1749 lnnuitur
3705 1689 3933 1749 autem

2378 1786 2603 1854 adhuc
2623 1787 2707 1855 ab
2731 1788 3120 1879 Augustino
3153 1790 3339 1879 quod
3359 1791 3504 1879 ipse
3536 1788 3720 1868 dicit,
3752 1787 3935 1879 quod

2379 1896 2585 1964 Pater
2622 1904 2688 1964 et
2728 1896 2939 1964 Filius
2976 1906 3044 1965 et
3095 1896 3392 1987 Spiritus
3448 1904 3723 1966 sanctus
3779 1905 3936 1964 sunt

2378 2011 2514 2070 tres
2554 2025 2659 2070 res
2700 2001 2946 2093 quihus
2975 2002 3342 2071 fruendum
3376 2012 3520 2072 est:
3565 2012 3633 2072 et
3677 2025 3783 2071 res
3821 2025 3937 2071 se-

2377 2107 2679 2175 cundum
2711 2107 3047 2176 Hilarium
3124 2108 3289 2177 dicit
3349 2132 3494 2178 rem
3552 2118 3836 2188 naturae,
3870 2108 3939 2176 id

2379 2224 2506 2295 est,
2538 2216 2734 2305 cujus
2764 2226 2864 2284 est
2892 2238 3248 2307 generare,
3280 2216 3391 2285 vel
3421 2216 3761 2308 generari,
3832 2216 3941 2284 vel

2381 2324 2785 2415 procedere:
2833 2326 2993 2415 quia
3048 2326 3157 2393 isti
3216 2335 3407 2394 actus
3474 2325 3943 2394 demonstrant

2380 2430 2759 2498 existentiae
2838 2429 3149 2514 modum,
3235 2430 3390 2499 ideo
3483 2433 3940 2499 communitas

2377 2537 2586 2627 hujus
2616 2538 2944 2619 nominis,
2979 2563 3110 2620 νος,
3144 2539 3623 2631 eritseptima:
3669 2548 3735 2608 et
3799 2561 3938 2608 non

2378 2645 2576 2734 ponit
2613 2645 2743 2712 nisi
2777 2666 2984 2713 unam
3046 2644 3521 2715 habitudinem
3579 2648 3784 2714 trium
3854 2645 3940 2713 ad

2380 2759 2695 2819 naturam
2726 2760 3019 2822 tantum.
3057 2752 3253 2822 Unde
3283 2754 3477 2822 nulla
3507 2754 3788 2822 istarum
3837 2754 3938 2821 fa·

2380 2860 2472 2927 cit
2501 2882 2867 2928 commune
2899 2884 2969 2928 re
3009 2861 3137 2928 nisi
3175 2884 3341 2946 una,
3375 2862 3630 2931 scilicet
3701 2871 3935 2930 sexta:

2381 2990 2624 3036 omnes
2680 2977 2910 3036 autem
2968 2968 3118 3037 aliae
3176 2978 3377 3037 sunt·
3414 2970 3940 3039 communitates

2382 3076 2842 3167 proportionis
2899 3078 3043 3145 sive
3110 3076 3534 3147 habitudinis
3599 3078 3684 3146 ad
3724 3100 3940 3146 unum

2385 3184 2454 3250 in
2485 3185 2834 3252 communi
2863 3184 3173 3266 rationis,
3199 3185 3387 3277 quod
3412 3210 3780 3255 commune
3804 3209 3941 3254 non

2383 3299 2488 3358 est
2552 3290 2997 3372 abstractum,
3061 3300 3134 3360 ut
3190 3293 3572 3385 simplicius
3612 3318 3653 3362 a
3716 3294 3943 3362 minus

2381 3397 2729 3489 simplici:
2801 3401 2961 3490 quia
3022 3398 3191 3467 nihil
3261 3409 3363 3468 est
3420 3400 3513 3468 ibi
3570 3401 3944 3492 simplicius

2382 3507 2559 3577 alio:
2603 3506 2721 3575 sed
2770 3516 2870 3574 est
2912 3506 3004 3574 ibi
3042 3511 3433 3577 communis
3480 3511 3649 3578 ratio
3697 3533 3945 3578 secun-

2382 3616 2547 3682 dum
2592 3613 2873 3682 niodum
2922 3625 3170 3682 nostrie
3230 3615 3722 3707 intelligentiae,
3792 3640 3941 3708 quae

2388 3721 2455 3786 in
2496 3718 2820 3787 omnibus
2860 3720 3256 3787 nominibus
3286 3722 3511 3790 delicit
3536 3746 3575 3790 a
3616 3721 3787 3791 Deo.

2476 3827 2582 3892 An
2631 3848 2883 3893 ramosi
2915 3850 3080 3917 ergo
3119 3825 3511 3913 dicendum,
3546 3828 3726 3919 quod
3786 3852 3942 3920 per-

2387 3955 2556 4000 sona
2585 3932 2991 4023 praedicatur
3018 3933 3102 4002 de
3134 3935 3393 4002 tribus:
3433 3957 3569 4004 non
3601 3943 3821 4004 utens
3858 3935 3939 4003 de

2386 4044 2649 4111 ratione
2681 4045 2911 4119 trium.
2984 4044 3145 4135 quia
3192 4044 3678 4137 simplicissimi
3758 4045 3941 4114 nulla

2384 4160 2483 4218 est
2516 4152 2688 4219 ratio
2721 4150 3126 4220 diffinitiva:
3180 4176 3304 4222 nec
3362 4153 3771 4244 praedicatur
3828 4180 3945 4246 per

2384 4259 2720 4338 accidens,
2754 4260 2871 4326 sed
2897 4259 3300 4351 praedicatur
3328 4270 3401 4329 ut
3428 4261 3605 4329 idem
3635 4262 3941 4350 subjecto

2382 4364 2467 4433 de
2509 4389 2646 4456 quo
2702 4365 3133 4457 praedicatur,
3194 4377 3262 4436 et
3316 4368 3649 4436 excedens
3716 4371 3939 4460 ipsum

2386 4482 2629 4540 natura
2662 4475 2780 4549 rei,
2816 4473 2933 4541 sed
2972 4474 3351 4542 secundum
3409 4477 3743 4543 rationem
3784 4485 3944 4544 tan-

2386 4591 2556 4658 tum,
2591 4582 2697 4648 cui
2728 4581 2900 4649 nihil
2935 4585 3000 4650 in
3035 4606 3104 4650 re
3149 4585 3511 4675 respondet
3567 4587 3693 4653 nisi
3762 4611 3945 4656 com-

2383 4689 2684 4755 munitas
2723 4698 3027 4757 naturae:
3067 4691 3227 4780 quia
3259 4693 3444 4758 enim
3489 4702 3727 4762 natura
3759 4719 3943 4763 com-

2381 4795 2609 4861 munis
2640 4803 2767 4876 est,
2811 4794 2990 4863 idem
3032 4800 3479 4888 consequitur
3508 4800 3750 4867 similis
3789 4825 3944 4892 pro-

2378 4909 2603 4993 portio
2644 4904 2951 4993 ipsorum
2994 4904 3079 4972 ad
3113 4905 3346 4978 illam:
3389 4914 3456 4974 et
3514 4906 3629 4974 illa
3698 4911 3940 4978 similis

2377 5013 2728 5102 proportio
2761 5012 3088 5083 fundatur
3115 5015 3386 5082 realiter
3428 5017 3495 5083 in
3554 5022 3938 5109 proportio·

2376 5118 2553 5185 natis
2585 5116 2670 5185 ad
2710 5128 3025 5187 naturam
3058 5129 3125 5187 et
3167 5121 3234 5187 in
3271 5130 3506 5189 natura
3537 5145 3553 5189 ε
3589 5130 3653 5189 et
3688 5146 3937 5195 nomen

2377 5224 2563 5315 quod
2603 5228 2915 5294 nominat
2943 5227 3132 5295 illam
3191 5230 3787 5318 communitatem,
3834 5244 3938 5303 est

2375 5355 2747 5402 commune
2811 5341 3078 5401 tantum
3185 5337 3472 5405 rationis
3559 5341 3933 5410 secundum

2376 5439 2562 5507 illam
2622 5445 3164 5531 proportionem,
3228 5466 3366 5512 non
3406 5468 3774 5519 commune
3833 5476 3933 5521 rc-

2377 5548 2575 5617 aliter
2605 5570 2811 5638 quam
2852 5549 3108 5619 dictum
3140 5560 3266 5621 est.

2465 5661 2571 5726 An
2624 5680 2824 5726 Annon
2880 5659 3271 5749 dicendum,
3332 5662 3520 5753 quod
3576 5664 3730 5737 lieet
3784 5695 3922 5743 non

4044 3873 4115 3917 Ad
4163 3874 4202 3917 Ι.

4044 5699 4120 5745 Ad
4151 5698 4199 5746 2.
