4897 6388
673 1667 744 1711 Aa
765 1663 942 1721 obj-:t-
959 1663 999 1705 ι.

1821 288 1915 354 1N
1962 286 1992 353 1
2041 285 2464 354 SENTENT.
2517 282 2759 383 msr.
2797 281 2920 365 111,
2955 284 3056 388 Α,
3100 283 3298 352 ART.
3345 286 3408 353 2.
3795 334 3846 386 ¹·-
3945 377 3956 386 λ

1019 461 1326 548 procedit
1358 460 1637 527 ulterius
1669 457 2066 549 inquirendo
2095 458 2468 548 passioneS,
2495 466 2560 525 et

1022 565 1476 636 differentias:
1523 569 1682 656 quia
1739 568 1884 635 illas
1932 591 2051 658 per
2100 568 2411 636 effectum
2452 568 2563 633 in-

1022 679 1356 767 vestigare
1416 699 1554 742 non
1605 686 1845 767 potest.
1907 678 1990 745 Et
2043 678 2193 745 ideo
2249 700 2365 745 ens
2406 678 2563 765 qui-

1024 783 1177 850 dem
1200 793 1301 850 est
1334 782 1629 871 primum
1653 784 2029 874 subjectum
2052 782 2555 872 Philosophiae:

1024 891 1182 980 quia
1223 888 1601 978 subjectum
1654 891 2107 981 Philosophiae
2147 897 2248 956 est
2296 889 2375 954 de
2426 911 2562 977 quo

1021 996 1472 1085 praedicantur
1536 1001 1906 1088 passioneS,
1969 1008 2034 1065 et
2099 997 2491 1065 ditl'erentiae
2541 1018 2557 1061 :

1023 1126 1162 1171 non
1196 1112 1423 1174 tamen
1464 1117 1563 1173 est
1610 1106 2002 1195 simpliciter
2040 1108 2360 1196 primum,
2406 1105 2565 1196 quia

1024 1211 1191 1278 illud
1236 1237 1372 1279 non
1414 1223 1514 1281 est
1560 1214 1935 1301 subjicibile
1992 1214 2444 1305 passionibus,
2499 1220 2566 1279 et

1026 1322 1228 1387 etiam
1260 1323 1610 1410 passiones
1640 1332 1706 1389 et
1745 1326 2182 1414 proprietates
2226 1324 2369 1412 ejus
2408 1329 2567 1387 sunt

1027 1430 1378 1518 ignoratae,
1431 1428 1558 1494 nisi
1628 1451 1746 1519 per
1811 1428 2010 1496 fidem
2069 1428 2565 1495 illuminantem

1029 1531 1446 1600 intellectum
1479 1534 1920 1624 accipiuntur.

1121 1645 1215 1707 An
1264 1664 1558 1708 nmmum
1588 1649 1690 1708 est
1726 1640 2106 1721 dicendum,
2141 1640 2324 1731 quod
2348 1643 2567 1730 prima

1029 1755 1131 1814 est
1169 1746 1359 1816 falsa.
1400 1747 1481 1814 Et
1515 1747 1672 1815 licet
1718 1748 1936 1836 posito
1985 1747 2127 1814 Deo
2169 1770 2306 1814 non
2345 1771 2568 1837 pona-

1028 1864 1138 1921 tur
1201 1858 1580 1923 necessario
1638 1864 1964 1934 creatura,
2060 1864 2287 1923 tamen
2342 1856 2563 1945 posita

1025 1975 1331 2033 creatura
1386 1975 1733 2055 tamquam
1796 1964 2036 2033 effectu
2083 1965 2237 2044 Dei,
2290 1987 2563 2033 necesse

1021 2086 1122 2143 est
1150 2075 1371 2143 Deum
1412 2086 1784 2143 creatorem
1817 2075 1976 2165 poni
2005 2097 2021 2142 ε
2056 2084 2120 2142 et
2151 2077 2246 2142 sic
2276 2084 2562 2165 aposte-

1019 2185 1180 2252 riori
1213 2208 1296 2252 ex
1325 2193 1628 2254 creatura
1661 2194 1877 2275 potest
1908 2184 2091 2253 Deus
2121 2185 2466 2276 cognosci.

1463 2718 1513 2782 A
1529 2714 1963 2784 lt'l’lClJIAES
2016 2714 2102 2783 ΙΙ.

1019 2932 1209 3018 (mid
1232 2942 1688 3021 coquom-run!
1720 2931 2122 3021 Philosophi
2150 2929 2231 2997 de
2261 2932 2426 3007 Dm,
2464 2953 2552 2994 an

1452 3041 1617 3129 quia
1657 3050 1753 3106 es!
1783 3048 2049 3106 mulum
2081 3035 2122 3104 ?

1112 3355 1428 3424 Secundo
1493 3356 1817 3445 quaeritur
1863 3352 2022 3444 quid
2075 3361 2173 3419 est
2252 3351 2436 3442 quod
2474 3350 2556 3416 de

1019 3466 1164 3532 Deo
1194 3472 1662 3553 cognoverunt
1687 3465 1721 3528 ἱ)
1751 3460 1829 3527 Et
1867 3459 2133 3528 videtur
2184 3458 2555 3526 secundum

1019 3577 1209 3664 prins
1250 3571 1502 3645 habita.
1539 3569 1720 3660 quod
1762 3592 1896 3636 non
1934 3575 2403 3659 cognoverunt
2430 3567 2556 3632 nisi

1022 3682 1179 3771 quia
1223 3689 1348 3761 est,
1380 3687 1444 3744 et
1477 3677 1636 3767 quia
1666 3698 1861 3742 unus.

1119 3792 1176 3856 t.
1226 3787 1366 3854 lloc
1390 3788 1592 3854 etiam
1619 3785 1881 3854 videtur
1900 3784 2029 3851 alia
2063 3783 2320 3850 ratione
2352 3806 2366 3851 :
2401 3782 2560 3871 quia

1020 3921 1223 3965 causa
1257 3899 1321 3964 in
1357 3897 1694 3962 inlinitum
1743 3893 1996 3960 distans
2026 3914 2063 3959 a
2103 3900 2379 3959 causato
2423 3913 2559 3956 non

1022 4015 1240 4098 potest
1305 4005 1621 4095 cognosci
1676 4003 1801 4070 nisi
1866 4002 2023 4091 quia
2062 4008 2184 4077 cst,
2234 4007 2298 4066 et
2354 3999 2561 4065 etiam

1024 4113 1189 4182 iuml
1223 4113 1510 4180 tenuerit
1554 4132 1673 4201 per
1699 4118 2046 4177 causatum
2076 4129 2091 4174 ε
2126 4105 2245 4174 sed
2279 4105 2460 4173 Deus
2495 4107 2562 4172 in

1027 4224 1367 4291 inlinitum
1400 4222 1598 4288 distat
1631 4244 1667 4287 a
1700 4217 1997 4309 quolibet
2031 4224 2346 4284 causato:
2400 4238 2563 4301 ergo

1027 4352 1162 4397 non
1195 4325 1780 4417 cognosciturnisi
1821 4325 1977 4414 quia
2020 4331 2144 4391 est.

1116 4442 1176 4503 2.
1217 4436 1416 4513 ltem,
1460 4433 1803 4521 Objiciunt
1849 4430 2149 4522 quidam,
2202 4429 2385 4521 quod
2426 4452 2560 4496 non

1026 4556 1121 4613 est
1156 4545 1457 4636 cognitio
1500 4544 1625 4611 nisi
1678 4565 1796 4632 per
1838 4541 2360 4608 abstractionem
2407 4562 2567 4628 spe-

1028 4657 1152 4723 ciei
1205 4679 1243 4722 a
1302 4656 1627 4744 cognito:
1687 4674 1725 4718 a
1776 4649 2278 4741 simplicissimo
2336 4658 2565 4716 autem

1029 4789 1167 4832 non
1215 4774 1312 4830 est
1381 4763 1792 4830 abstractio:
1853 4782 2013 4849 ergo
2083 4758 2563 4849 simplicissimi

1029 4872 1214 4939 nulla
1260 4879 1361 4938 est
1409 4869 1748 4959 cognitio:
1800 4866 1978 4933 neus
2033 4874 2259 4933 autem
2300 4865 2570 4956 simpli-

1028 4981 1341 5048 cissimus
1379 4988 1479 5046 est
1514 5001 1528 5044 ε
1567 5001 1728 5067 ergo
1759 4999 1896 5043 non
1935 4975 2393 5065 cognoscitur.

1119 5092 1184 5157 3.
1240 5086 1597 5163 l'raeterea,
1648 5083 1872 5150 l'osito
1911 5083 2080 5160 Dec,
2132 5103 2268 5148 non
2318 5079 2399 5149 (le
2454 5104 2569 5149 ne·

1027 5198 1335 5264 cessitate
1362 5194 1636 5284 ponitur
1665 5200 2006 5258 creatura:
2042 5211 2203 5280 ergo
2269 5189 2565 5267 videtur,

1028 5304 1211 5396 quod
1249 5311 1554 5371 creatura
1598 5298 1762 5366 nihil
1801 5297 2181 5366 manifestat
2232 5295 2313 5364 de
2361 5297 2570 5364 Crea-

1031 5422 1203 5480 tore.

1118 5521 1181 5586 4.
1223 5521 1580 5598 Pru-terea,
1608 5514 1968 5583 Causatum
1999 5537 2135 5581 non
2169 5514 2248 5581 de
2283 5514 2569 5581 necessi-

1030 5641 1161 5699 tate
1208 5633 1395 5723 ponit
1434 5650 1709 5697 causam
1748 5648 1931 5694 csse:
1992 5626 2149 5720 quia
2190 5625 2392 5694 domo
2440 5646 2562 5716 po-

4147 286 4231 353 93

2667 457 2818 539 sita,
2863 478 3004 523 non
3044 455 3126 522 de
3157 456 3570 523 necessitate
3610 455 3888 544 ponitur
3934 454 4173 522 artifex
4212 479 4227 522 :

2669 588 2831 655 ergo
2882 565 3176 649 videtur,
3238 564 3426 655 quod
3482 587 3603 655 per
3651 572 4025 631 creaturam
4093 585 4230 631 non

2668 676 2748 743 de
2779 675 3179 742 necessitate
3203 677 3535 765 accipitur
3566 673 3864 742 Creator.

2756 784 2820 849 5.
2878 781 3241 861 Prae-terea,
3302 782 3517 849 Multa
3575 791 3734 847 sunt
3792 782 3858 845 in
3923 789 4226 847 creatura

2669 910 2819 979 quae
2867 889 3071 955 etiam
3104 888 3516 978 quibusdam
3557 911 3759 956 causa
3789 889 4036 955 erroris
4076 889 4228 954 suc-

2669 1005 2830 1063 runt
2857 1004 2931 1062 ut
2961 995 3133 1063 duos
3163 995 3329 1063 deos
3371 1005 3726 1086 ponerent,
3773 1004 3846 1062 ut
3890 995 4231 1084 corrupti-

2669 1103 2830 1183 bile,
2905 1112 2974 1171 et
3055 1103 3615 1193 incorruptibile:
3697 1126 3857 1194 ergo
3931 1102 4225 1186 videtur,

2672 1209 2857 1303 quod
2895 1220 3207 1279 creatura
3247 1219 3516 1278 tantum
3550 1210 3826 1278 seducat
3864 1210 4225 1288 rationem,

2672 1322 3009 1407 quantum
3051 1316 3359 1407 adjuvat.

2764 1422 2897 1491 San
2945 1447 3236 1492 comm:
3284 1425 3363 1492 In
3414 1425 3602 1491 libris
3644 1425 4014 1492 Gentilium
4072 1424 4234 1515 legi-

2672 1553 2852 1612 mus,
2907 1531 3088 1620 quod
3132 1555 3271 1599 non
3329 1540 3598 1598 tantum
3655 1531 3951 1621 probant
4005 1532 4228 1597 Deum

2673 1661 2842 1718 esse,
2888 1639 3008 1706 sed
3038 1640 3264 1729 ipsum
3297 1662 3447 1707 esse
3480 1641 3806 1729 primum,
3838 1642 4060 1729 ipsum
4085 1661 4231 1706 esse

2671 1769 2791 1814 ens
2831 1769 3142 1814 necessse
3173 1748 3360 1838 quod
3402 1769 3542 1814 non
3582 1747 3758 1815 cadit
3790 1749 3861 1812 in
3899 1746 4229 1836 praedica-

2671 1861 2928 1933 mento,
2966 1877 3087 1922 ens
3123 1855 3420 1946 simplex
3459 1856 3654 1944 cujus
3711 1853 4091 1922 substantia
4141 1855 4228 1922 sit

2669 1959 3046 2028 intellectus
3086 1968 3153 2028 et
3182 1960 3507 2028 voluntas
3537 1970 3602 2030 et
3642 1963 3816 2030 actio
3839 1962 3986 2050 ejus
4021 1984 4226 2053 :ergo

2667 2067 2961 2145 videtur,
3008 2067 3193 2159 quod
3246 2091 3387 2136 non
3428 2078 3696 2136 tantum
3755 2078 4229 2160 cognoverunt.

2668 2176 2828 2265 quia
2853 2182 2978 2261 est,
3002 2176 3120 2244 sed
3150 2177 3356 2244 etiam
3390 2178 3861 2267 proprietates.
3897 2175 4006 2244 vel
4038 2179 4227 2245 attri-

2666 2282 2830 2351 buta
2870 2284 3042 2373 ejuS,
3071 2292 3139 2352 et
3169 2283 3335 2375 quid
3366 2292 3467 2351 est
3503 2284 3672 2375 ipse.
3751 2280 3755 2283 ⁴

2755 2493 3066 2563 Somno.
3111 2494 3525 2574 Dicendum,
3562 2494 3745 2585 quod
3794 2517 3928 2561 non
3971 2518 4220 2585 cogno·

2662 2609 2911 2669 verunt.
2948 2603 3079 2670 nisi
3111 2603 3272 2694 quia
3312 2611 3415 2670 est.
3454 2611 3520 2671 et
3551 2603 3709 2692 quid
3747 2625 3881 2670 non
3915 2611 4041 2681 est,
4079 2625 4215 2669 non

2663 2712 2827 2803 quid
2857 2722 2984 2793 est,
3020 2722 3094 2780 ut
3118 2712 3429 2780 habitum
3454 2721 3552 2780 est
3583 2713 3794 2803 prius.
3825 2713 4000 2780 Licet
4034 2715 4216 2780 enim

2664 2829 3136 2910 cognoverunt
3214 2820 3533 2911 quaedam
3600 2820 3922 2886 attributa
3977 2819 4211 2910 ipsiuS.

2662 2950 2800 2993 non
2849 2935 3080 2994 tamen
3112 2925 3499 2994 habuerunt
3544 2926 3626 2992 ‹le
3676 2927 3838 3017 ipsis
3877 2926 4220 3017 cognitio-

2663 3057 2819 3101 nem
2861 3042 3166 3102 certam:
3223 3035 3397 3101 sicut
3450 3035 3835 3100 invenimus
3883 3034 4216 3124 quosdam

2662 3142 3069 3231 cognovisse
3112 3141 3520 3232 sapientiam
3547 3140 3781 3231 ipsius,
3816 3149 3879 3207 et
3910 3163 4064 3209 cum
4090 3139 4220 3210 hoc

2661 3249 2883 3317 dicere.
2922 3248 3105 3340 quod
3159 3272 3300 3316 non
3350 3248 3629 3316 haberet
3667 3249 4018 3316 scientiam
4064 3273 4223 3341 par-

2665 3355 3050 3423 ticularium
3086 3379 3101 3423 :
3146 3366 3210 3425 et
3260 3358 3353 3425 ita
3392 3358 3597 3424 etiam
3640 3365 3737 3423 est
3788 3356 3869 3424 de
3909 3355 4084 3425 aliis.
4143 3356 4225 3425 tit

2664 3463 2757 3529 ita
2797 3463 2879 3530 de
2934 3463 3079 3532 Deo
3127 3464 3451 3531 attributa
3504 3462 3727 3531 taliter
3782 3485 4219 3553 cognoscere,

2663 3592 2802 3636 non
2835 3569 2988 3637 facit
3022 3571 3490 3659 cognitionem
3523 3571 3683 3661 quid
3725 3579 3849 3647 est,
3885 3572 4222 3662 pra-cipue

2666 3699 2820 3744 cum
2854 3678 3111 3745 deliniti
3146 3679 3420 3746 termini
3445 3678 3718 3746 illorum
3741 3678 4221 3747 attributorum

2668 3807 2806 3852 non
2871 3787 3008 3852 sint
3053 3788 3310 3877 cogniti
3373 3810 3413 3853 a
3472 3809 3821 3877 quoquam
3878 3786 4223 3857 intellectu

2667 3899 2920 3961 creato.
2957 3890 3039 3958 lit
3067 3914 3188 3984 per
3235 3891 3366 3961 hoc
3424 3901 3610 3983 patet
3638 3892 3889 3960 solutio
3931 3892 4015 3960 ad
4071 3893 4225 3962 ulti-

2670 4025 2887 4069 mum.

2761 4109 2895 4176 San
2941 4133 3098 4187 octa
3135 4113 3402 4201 priores
3444 4113 3740 4179 rationes
3781 4112 4067 4201 probare
4114 4115 4222 4180 vi-

2669 4217 2916 4284 ‹lentur
2973 4217 3229 4285 nullam
3315 4241 3465 4287 esse
3521 4218 3643 4287 nei
3729 4221 4218 4310 cognitionem,

2674 4325 2825 4393 ideo
2860 4325 3410 4416 respondendum
3452 4334 3550 4393 est
3584 4325 3663 4393 ad
3690 4326 4006 4416 primam,
4042 4328 4226 4420 quod

2673 4453 2877 4498 causa
2919 4455 3056 4499 uuo
3099 4432 3304 4499 modo
3349 4432 3556 4500 distat
3609 4434 3677 4500 in
3735 4434 4103 4511 inlinitum,
4163 4446 4227 4504 et

2675 4539 2809 4606 alio
2852 4539 3056 4607 modo
3089 4563 3227 4607 non
3265 4563 3281 4607 ε
3316 4540 3585 4607 sienim
3636 4541 4022 4609 attendatur
4067 4567 4222 4634 pro·

2675 4649 3041 4737 prietatum
3101 4651 3456 4738 proportio
3526 4649 3699 4715 inter
3763 4673 4038 4718 causam
4098 4654 4232 4743 pri·

2677 4779 2858 4823 mam
2893 4780 3043 4847 quae
3083 4766 3183 4824 est
3224 4758 3436 4837 DeuS‚
3479 4766 3545 4825 et
3597 4768 3948 4827 causatum
3998 4784 4224 4840 suum,

2675 4866 3026 4956 proportio
3058 4865 3242 4932 nulla
3285 4874 3428 4933 est:
3467 4875 3532 4933 et
3566 4866 3715 4933 ideo
3746 4890 3829 4933 ex
3873 4879 4062 4958 parte
4114 4869 4229 4938 illa

2678 4974 2844 5043 nihil
2877 4975 2959 5042 de
2981 4999 3185 5044 causa
3214 4977 3674 5067 cognoscitur.
3709 4977 3783 5042 si
3806 4987 4033 5047 autem
4062 5004 4228 5048 con·

2675 5084 3006 5151 sitleretur
3036 5086 3207 5152 ratio
3249 5086 3317 5151 in
3351 5108 3486 5175 qua
3526 5093 3874 5153 causatum
3910 5086 4109 5155 habet
4151 5113 4230 5157 se

2675 5192 2760 5259 ad
2800 5216 3074 5260 causam
3115 5192 3493 5260 secundum
3536 5183 3723 5282 'quod
3773 5197 3978 5264 exivit
4017 5198 4102 5265 ab
4152 5223 4230 5265 ea

2679 5323 2795 5391 per
2825 5302 3074 5379 ideam,
3137 5309 3200 5368 et
3251 5301 3642 5368 continetur
3679 5324 3763 5369 ne
3824 5306 4108 5373 intereat
4160 5306 4227 5373 in

2676 5406 2846 5475 nihil
2879 5408 3276 5487 decidendo,
3322 5416 3388 5475 et
3447 5408 3869 5498 gubernatur
3905 5422 3978 5479 ut
4017 5436 4232 5504 appe—

2676 5523 2771 5583 tat
2821 5516 3124 5583 bonum:
3161 5518 3258 5584 sic
3296 5539 3504 5585 causa
3537 5517 3781 5588 relucet
3821 5523 3884 5587 in
3917 5531 4223 5599 causato,

2678 5632 2745 5691 et
2772 5632 2874 5693 est
2905 5624 2975 5691 in
3004 5624 3153 5717 ipso
3174 5624 3653 5707 essentialiter,
3688 5628 4224 5717 praesentialiter,

4308 2544 4508 2589 Solonio.

4340 4158 4419 4202 Ad
4450 4159 4490 4206 t.
