4897 6388
726 4844 933 4893 Solonio.

1822 311 1919 376 IN
1967 310 1989 375 l
2048 294 2475 375 SEN‘FENT.
2527 305 2757 374 DIST.
2814 308 2908 388 11,·
2954 309 3041 392 D,
3092 308 3291 376 ΛΒΤ.
3350 313 3452 376 15.
3567 357 3584 406 .
4175 314 4290 381 71.r

1138 482 1223 549 Et
1252 489 1416 549 nota
1446 479 1629 570 quod
1668 492 1947 569 propter
1992 478 2370 569 simplicem
2401 477 2610 546 intel·
2718 480 3093 570 perpositio
3124 479 3307 547 enim
3340 500 3542 567 super
3580 480 3832 567 peiora,
3884 481 3951 546 id
3994 491 4118 564 est,
4154 485 4263 549 in-

1049 587 1298 655 lectum
1338 588 1511 653 entis
1552 586 1855 663 increati,
1893 594 1967 653 ut
1995 586 2249 653 dictum
2278 595 2399 664 est,
2446 586 2610 653 dicit
2719 585 2969 652 seriora
3032 595 3251 654 creata
3309 586 3551 652 dicitur
3606 583 3690 650 ab
3733 584 4072 653 intellectu
4124 611 4258 655 no-

1044 694 1266 762 Rabbi
1324 694 1598 784 Moyses
1657 696 1727 761 in
1761 694 1931 763 libro
1982 695 2063 763 de
2093 698 2285 763 Duce
2321 706 2606 761 neutro-
2714 692 2919 757 minis
2977 692 3473 781 principaliter:
3544 691 3660 757 sed
3734 693 4145 760 continentia
4192 704 4260 760 et

1045 825 1226 882 rum,
1269 801 1454 893 quod
1495 804 1633 889 Qui
1661 815 1780 883 est,
1818 816 1914 872 est
1968 827 2219 872 nomen
2261 802 2603 869 ineffabile
2710 799 3022 886 regimen.
3050 820 3284 865 eorum
3322 798 3566 887 quihus
3604 801 4104 888 superponitur,
4158 800 4258 867 di-

1044 910 1198 987 Dei,
1235 913 1302 977 et
1328 912 1745 1002 praecipuum
1776 913 1956 980 inter
1986 914 2222 979 omnia
2263 911 2596 978 nomina:
2711 904 2887 972 citur
2923 927 3045 996 per
3099 927 3562 995 consequens:
3635 905 3751 972 sed
3782 929 3857 973 ea
3897 929 4046 997 quae
4099 908 4258 975 sunt

1049 1015 1209 1103 quia
1247 1013 1379 1083 hoc
1409 1018 1721 1084 nominat
1742 1016 2090 1107 quodipse
2119 1016 2475 1083 verissime
2498 1023 2598 1082 est
2708 1032 2909 1078 causa
2973 1012 3559 1101 superpositioniS‚
3611 1009 3981 1078 secundum
4044 1014 4255 1081 ratio-

1042 1122 1444 1211 simpliciter
1471 1124 1617 1191 sine
1656 1122 2005 1190 additione
2033 1123 2283 1215 aliqua.

1461 1554 1972 1624 ARTICULUS
2022 1554 2178 1625 XV.

1136 1777 1247 1843 An
1275 1776 1620 1843 Dominus
1654 1776 1747 1841 sit
1777 1796 2022 1841 nomen
2053 1774 2414 1864 potestatis
2439 1770 2481 1837 ?

1116 2093 1378 2163 Deinde
1435 2096 1762 2185 quaeritur
1815 2095 1898 2163 de
1960 2093 2089 2164 hoc
2148 2094 2334 2186 quod
2389 2093 2579 2175 dicit,

1027 2200 1213 2291 quod
1250 2200 1589 2269 Dominus
1627 2209 1731 2269 est
1781 2222 2033 2269 nomen
2077 2202 2453 2291 potestatis.
2497 2200 2583 2267 Et

1026 2308 1357 2399 quaeritur
1404 2331 1611 2399 quam
1694 2316 2100 2399 potestatem
2189 2308 2581 2399 significet?

1119 2417 1182 2481 1.
1210 2412 1494 2482 Videtur
1523 2414 1717 2505 plura
1747 2414 1970 2483 dicere
2000 2414 2374 2483 secundum
2405 2416 2580 2482 Dio-

1028 2523 1304 2614 nysium
1363 2523 1431 2591 in
1487 2522 1661 2590 libro
1702 2522 1786 2591 de
1832 2525 2107 2592 Divinis
2151 2523 2615 2609 nominibus„

1022 2630 1140 2699 ubi
1163 2631 1326 2701 dicit
1345 2633 1480 2702 sic:
1509 2632 1906 2701 Dominatio
1939 2657 2075 2702 non
2106 2645 2206 2702 est
2229 2635 2572 2724 pejorum,

1021 2737 1093 2806 id
1139 2749 1265 2824 est,
1342 2739 1806 2830 subjectorum
1873 2764 2186 2810 excessus
2258 2750 2569 2811 tantum:

1021 2847 1139 2916 sed
1196 2848 1423 2916 omnis
1486 2856 1554 2916 et
1607 2847 2049 2939 pulchrorum
2104 2844 2182 2919 'et
2231 2850 2572 2918 bonorum

1020 2955 1315 3046 perfecta
1353 2963 1420 3025 et
1449 2956 1850 3024 omnimoda
1881 2960 2246 3049 possessio,
2286 2968 2354 3026 et
2412 2981 2577 3027 vera

1021 3073 1090 3133 et
1144 3084 1285 3130 non
1351 3062 1590 3132 cadere
1645 3063 1884 3133 valens
1934 3064 2256 3134 fortitudo
2293 3068 2350 3134 ¹:
2409 3088 2575 3156 ergo

1020 3171 1316 3252 videtur,
1359 3170 1542 3263 quod
1590 3171 1929 3242 Dominus
1967 3174 2145 3243 dicat
2190 3174 2580 3266 superposi-

1023 3280 1282 3348 tionem
1313 3280 1648 3370 pejorum,
1684 3279 1753 3348 id
1782 3289 1908 3360 est,
1958 3281 2421 3371 subjectorum
2452 3303 2581 3349 ex-

1026 3407 1322 3463 cessum.
1346 3394 1413 3455 et
1433 3385 1923 3456 abundantiam
1954 3387 2403 3477 possessionis
2429 3385 2582 3478 pul-

1027 3489 1353 3561 chrorum
1375 3501 1442 3560 et
1480 3491 1849 3573 bonorum,
1879 3503 1944 3563 et
1969 3494 2434 3563 fortitudinem
2464 3517 2481 3564 :
2515 3505 2582 3563 et

1028 3596 1140 3666 hic
1161 3620 1301 3667 non
1332 3598 1406 3666 lit
1435 3599 1693 3667 mentio
1716 3599 1799 3668 de
1828 3609 2158 3692 potestate
2191 3602 2259 3669 in
2291 3623 2374 3670 eo
2396 3601 2581 3692 quod

1030 3713 1334 3796 potestas
1390 3714 1516 3783 est,
1563 3707 1692 3774 nisi
1749 3705 1922 3776 sorte
1977 3707 2352 3776 secundum
2396 3707 2584 3801 quod

1035 3812 1360 3881 tortitudo
1392 3823 1693 3904 potestas
1723 3813 2039 3905 quaedam
2066 3825 2192 3884 est.

1126 3917 1193 3982 2.
1244 3914 1437 3993 item.
1480 3917 1890 3986 Ambrosius
1944 3916 2172 3997 dicit⁸,
2225 3917 2412 4009 quod
2468 3917 2588 3986 do·

1035 4023 1266 4090 minus
1332 4022 1579 4115 dicitur
1652 4045 1692 4092 a
1751 4033 2079 4115 potestate
2157 4024 2464 4115 regendi,
2521 4032 2588 4092 et

1032 4130 1427 4199 continendi
1458 4131 1834 4220 subjectam
1865 4132 1991 4200 sibi
2024 4142 2428 4203 creaturam.

1123 4238 1189 4306 3.
1222 4241 1649 4328 Augustinus
1696 4250 1926 4310 autem
1976 4243 2161 4321 dicit.
2221 4242 2408 4334 quod
2458 4243 2592 4310 do-

1032 4348 1261 4415 minus
1309 4349 1557 4416 dicitur
1607 4351 1722 4441 qui
1774 4349 1977 4419 habet
2023 4375 2339 4420 servum:
2377 4361 2444 4420 et
2488 4375 2591 4418 sc·

1028 4457 1330 4525 cundum
1363 4455 1539 4526 lianc
1570 4457 1883 4527 ultimam
1914 4461 2413 4551 expositionem
2447 4483 2586 4528 non

1026 4565 1298 4635 videtur
1326 4566 1664 4635 Dominus
1694 4591 1840 4636 esse
1869 4568 1953 4636 ab
1985 4577 2267 4639 aeterno.

1123 4794 1427 4866 Somno.
1507 4797 1908 4878 Dicendum,
1977 4801 2158 4892 quod
2208 4803 2278 4870 in
2322 4801 2587 4870 intelle-

690 4899 773 4947 Μ
801 4902 824 4948 ¹
850 4906 902 4946 θ’
925 4898 973 4947 ²·
1031 4911 1142 4972 ctu
1174 4905 1321 4994 ejus
1351 4905 1537 4997 quod
1565 4915 1667 4974 est
1706 4907 2068 4987 Dominus,
2103 4909 2448 5000 quoddam
2488 4921 2588 4979 est

1030 5008 1429 5099 principale,
1481 5020 1545 5078 et
1621 5012 1964 5101 quoddam
2021 5022 2125 5081 est
2207 5015 2583 5083 secundum

1030 5115 1366 5182 rationem
1401 5114 1824 5206 intelligendi
1856 5127 2117 5186 tantum
2159 5142 2586 5212 consequens

1030 5221 1115 5290 ad
1150 5222 1242 5301 id,
1279 5232 1345 5290 et
1374 5221 1721 5314 quoddam
1753 5225 1925 5293 sicut
1979 5228 2409 5298 antecedens.
2459 5227 2588 5296 Su·

1102 5493 1122 5530 ¹
1156 5489 1214 5546 S.
1238 5490 1699 5566 Dionrsms,Lib.
1724 5491 1799 5549 de
1813 5493 2038 5584 Divinis
2057 5494 2429 5567 nominibus,
2452 5512 2583 5572 cap.

1031 5581 1127 5703 ¹23
1152 5668 1210 5725 S.
1242 5672 1585 5744 mansius,
1630 5671 1757 5731 Lib.
1817 5674 1842 5730 1
1898 5672 1970 5731 de
2046 5675 2185 5734 Fide
2231 5675 2308 5734 ad
2357 5676 2586 5734 Gratia·

2705 1141 2865 1186 nem
2896 1118 3317 1209 intelligendi
3357 1119 3671 1186 dicuntur
3699 1119 3766 1185 in
3805 1121 4081 1187 nomine
4118 1122 4254 1189 sic-

2703 1234 2781 1292 ut
2818 1227 3274 1295 antecedens:
3330 1250 3532 1295 causa
3578 1235 3805 1295 autem
3853 1231 4250 1319 superposi-

2700 1332 2910 1401 tionis
2954 1342 3056 1402 est
3104 1335 3500 1403 omnimoda
3546 1335 3882 1426 possessio
3938 1335 4253 1427 pulchro-

2700 1464 2854 1509 rum
2897 1450 2965 1510 et
3025 1442 3367 1512 bonorum
3435 1442 4053 1533 incomparabiliter
4093 1444 4248 1535 plus

2699 1572 2908 1639 quarn
2941 1552 3029 1619 sit
3084 1552 3152 1618 in
3210 1550 3530 1618 omnibus
3567 1551 3805 1618 creatis
3856 1549 4100 1640 quibus
4130 1574 4245 1620 su·

2693 1659 3120 1753 perponitur.
3166 1658 3263 1726 De
3294 1657 3639 1726 intellectu
3671 1660 3872 1725 etiam
3915 1657 4099 1726 illius
4127 1682 4246 1727 an-

2694 1765 3062 1834 tecedentis
3119 1774 3219 1833 est
3275 1767 3557 1834 firmitas
3598 1787 3799 1856 quam
3839 1776 4037 1833 vocat
4087 1766 4243 1835 Dio-

2692 1873 2932 1963 nysius
2958 1874 3442 1963 fortitudinem
3461 1898 3484 1942 .·
3515 1872 3696 1942 unde
3734 1874 3863 1941 alia
3885 1873 4236 1943 translatio

2691 1977 2925 2060 habet,
2977 1981 3412 2051 firmitatem:
3454 1990 3529 2049 ut
3576 1980 3851 2059 scilicet,
3887 1981 4041 2049 talis
4089 2005 4242 2072 pos-

2689 2089 2903 2157 sessio
2972 2089 3060 2157 sit
3121 2112 3244 2180 per
3299 2114 3368 2157 se
3410 2113 3491 2158 ex
3541 2096 3820 2156 natura:
3867 2088 4026 2178 quia
4077 2096 4238 2157 tunc

2688 2217 2831 2263 non
2873 2194 3131 2265 valebit
3186 2196 3422 2265 cadere
3468 2194 3823 2287 pulchrum
3871 2205 3938 2263 et
3975 2195 4235 2263 bonum

2685 2308 2759 2375 in
2799 2309 2974 2398 ipso.
3008 2308 3092 2375 Et
3123 2307 3267 2376 lia-c
3300 2318 3589 2399 quatuor
3627 2307 3838 2398 tangit
3873 2307 4236 2399 Dionysius

2686 2420 2755 2486 in
2811 2442 2935 2486 sua
2975 2418 3403 2486 diffinitione.
3462 2418 3596 2486 Alii
3652 2429 3874 2485 antem
3935 2418 4000 2485 id
4051 2417 4233 2508 quod

2682 2527 3025 2597 clauditur
3076 2530 3143 2595 in
3190 2531 3464 2596 nomine
3513 2537 3796 2619 tangunt
3859 2527 4231 2596 secundum

2683 2646 2974 2726 partem.
3018 2637 3102 2705 131
3133 2661 3253 2729 per
3291 2638 3419 2705 hoc
3459 2647 3639 2727 patet
3670 2636 3915 2704 solutio
3972 2636 4057 2704 ad
4119 2645 4231 2704 to-

2680 2751 2828 2814 tum
2861 2754 3104 2836 praeter
3133 2745 3471 2813 ultimum.

2774 2850 2871 2918 Ετ
2916 2874 3171 2920 mcirnn
3202 2855 3657 2920 communiter
3692 2851 3771 2919 ad
3803 2851 4007 2929 aliud,
4041 2850 4226 2942 quod
4326 2889 4407 2936 M
4433 2891 4475 2937 3,
4559 2914 4562 2917 .

2683 2956 3069 3027 dominium
3129 2970 3344 3050 potest
3407 2960 3627 3028 dicere
3669 2958 3970 3027 habitum
4001 2958 4228 3026 domi-

2683 3067 2920 3150 nandi,
2972 3067 3078 3136 vel
3128 3078 3405 3137 actum:
3453 3069 3508 3134 si
3562 3067 3894 3145 habitum.
3935 3076 4098 3135 tunc
4141 3066 4225 3134 ab

2685 3183 2945 3244 aeterno
2995 3185 3096 3244 est
3136 3174 3511 3244 Dominus:
3566 3176 3618 3242 si
3652 3185 3897 3260 actum,
3931 3184 4091 3244 tunc
4141 3196 4228 3244 ex

2685 3289 2993 3375 tempore
3026 3294 3126 3354 est
3159 3285 3518 3354 Dominus.

3096 3716 3595 3785 AltTlct'LtJS
3633 3715 3818 3785 xvl.

2827 3937 2935 4001 An
2967 3934 3153 4000 Deus
3187 3936 3278 4000 si!
3306 3931 3749 4000 nominabilis
3778 3959 3820 3998 a
3850 3934 4041 4001 uobis
4067 3936 4109 4002 ἒ)

2787 4252 3046 4321 Deinde
3121 4256 3447 4344 qna-ritur
3509 4254 3590 4320 de
3642 4253 3765 4321 lioc
3803 4254 3982 4346 quod
4023 4255 4235 4324 dicit:

2696 4389 2728 4424 α
2776 4362 3118 4428 Dominus
3147 4363 3566 4450 onioeipoteus
3595 4385 3830 4427 mmeen
3864 4362 3999 4432 illi.
4039 4387 4072 4426 »

2793 4472 2851 4537 l.
2893 4468 3141 4537 Exhoc
3182 4472 3359 4537 enim
3401 4472 3746 4561 accipitur,
3790 4475 3970 4564 quod
4010 4478 4243 4545 nomi-

2694 4586 2932 4645 natur:
2970 4600 3132 4665 ergo
3163 4576 3595 4644 nominabilis
3618 4589 3711 4644 est
3737 4603 3772 4646 a
3801 4580 4022 4661 nobis,
4056 4582 4239 4673 quod

2695 4708 2842 4753 esse
2885 4685 3152 4752 videtur
3188 4696 3420 4752 contra
3478 4684 3901 4777 Dionysium,
3948 4688 4015 4756 in
4065 4688 4239 4757 libro

2694 4793 2778 4861 de
2819 4795 3092 4861 Dt'cinis
3130 4794 3517 4860 nominibus
3549 4793 3661 4861 ubi
3709 4795 3865 4861 dicit
3894 4796 4012 4872 sic,
4057 4798 4240 4887 quod

2692 4910 2793 4969 est
2823 4901 3109 4969 verbum
3152 4925 3287 4969 non
3320 4901 3609 4981 dicibile,
3651 4912 3710 4969 et
3761 4903 4241 4972 irrationabili·

2693 5017 2824 5093 tas,
2858 5019 2920 5078 et
2973 5033 3111 5077 non
3154 5005 3726 5100 intelligibilitas-³.
3763 5009 3841 5077 131
3865 5009 3998 5078 alia
4020 5019 4241 5080 trans·

2693 5116 2859 5185 latio
2891 5116 3121 5198 habet,
3156 5102 3761 5185 innominabilitas,

2786 5231 2851 5294 2.
2893 5226 3091 5307 Item,
3144 5225 3219 5294 ln
3261 5225 3523 5304 eodem,
3578 5227 3759 5316 quod
3806 5236 3905 5295 cst
3950 5226 4235 5295 verbum

2697 5508 2868 5550 num.

2766 5581 2790 5617 ³
2821 5583 2877 5640 S.
2914 5583 3235 5651 mensim,
3285 5582 3403 5638 Lib.
3457 5582 3527 5639 de
3602 5584 3819 5639 Divinis
3868 5585 4237 5654 nominibus,

2690 5691 2823 5747 cap.
2858 5677 2909 5730 ¹.
