4897 6388
268 4551 366 4599 Sed
390 4559 572 4598 eontra.

600 245 729 311 266
767 205 771 210 ’

947 740 1446 810 ARTICULUS
1498 742 1755 810 XXXI!
1772 793 1786 809 .

603 952 848 1017 Utrum
881 952 1489 1041 praedicamentum
1547 952 1940 1020 substantiae
1981 965 2137 1045 pot»

688 1069 780 1124 est
818 1061 962 1125 Deo
994 1058 1306 1137 attribui,
1357 1061 1454 1124 ila
1503 1061 1691 1150 quod
1714 1064 1897 1128 Deus
1923 1063 2012 1128 sil
2063 1063 2135 1128 in

676 1166 1210 1255 praedicamento
1237 1167 1636 1235 substantiae
1660 1167 1700 1235 Ρ

685 1501 947 1569 Deinde
1014 1503 1336 1591 quaeritur
1392 1502 1473 1569 de
1534 1502 1664 1571 hoc
1703 1505 1882 1595 quod
1920 1506 2129 1576 dicit:

600 1639 636 1677 ι
683 1613 872 1680 Unde
911 1631 1030 1679 nee
1079 1615 1358 1704 proprie
1415 1613 1800 1682 substantia
1856 1617 2131 1698 dicitur,

599 1730 724 1789 eto.
763 1746 797 1787 ιι

689 1831 751 1897 1.
786 1828 1107 1897 Rationes
1145 1829 1448 1921 Magistri
1480 1834 1724 1923 quibus
1766 1836 1996 1914 utitur,
2030 1836 2129 1903 di-

598 1959 757 2006 cens
822 1936 1043 2004 Deum
1094 1960 1231 2005 non
1291 1959 1435 2007 esse
1492 1941 1562 2008 in
1619 1942 2135 2032 praedicamento

599 2043 994 2114 substantioe
1042 2057 1326 2137 possunt
1381 2069 1526 2117 εεεε
1565 2049 1757 2118 istae:
1794 2050 2136 2142 Quidquid

599 2165 701 2226 est
765 2159 836 2224 in
892 2177 1137 2248 genere
1192 2153 1610 2238 substantiae,
1681 2169 1793 2229 aut
1856 2170 1953 2229 est
2018 2183 2138 2253 per

600 2265 883 2333 modum
923 2267 1287 2356 principiii,
1349 2274 1464 2335 aut
1520 2290 1638 2358 per
1696 2271 1970 2338 modum
2009 2290 2137 2362 ge-

600 2374 804 2452 neriS,
839 2383 956 2442 aut
996 2395 1116 2465 per
1153 2374 1433 2443 modurn
1474 2380 1770 2446 contenti
1822 2380 1887 2445 in
1936 2402 2137 2470 gene-

601 2504 691 2550 re.
743 2479 816 2548 Si
854 2503 975 2571 per
1012 2481 1291 2549 modum
1330 2485 1667 2575 principii,
1698 2508 1847 2552 cum
1882 2487 2136 2576 princi·-

598 2590 709 2678 pia
750 2589 1142 2656 substantiae
1186 2591 1315 2657 sint
1372 2590 1508 2658 duo
1556 2601 1842 2673 tantum,
1884 2592 2135 2661 scilicet

602 2698 906 2777 materia,
942 2706 1007 2764 et
1053 2696 1293 2780 torma,
1328 2698 1382 2763 si
1416 2699 1597 2767 Deus
1625 2710 1799 2769 esset
1825 2699 1955 2769 hoc
1983 2723 2136 2768 mo-

601 2803 688 2870 do
748 2804 816 2870 in
890 2826 1161 2893 genere,
1219 2814 1394 2873 esset
1450 2806 1590 2895 ipse
1659 2809 1961 2890 materia,
2028 2809 2134 2876 vel

601 2910 841 2977 forma.
902 2911 972 2976 si
1030 2920 1255 2979 autem
1316 2934 1436 3002 per
1500 2912 1776 2982 modum
1844 2917 2131 3004 generiS,

601 3029 761 3086 tunc
806 3019 983 3085 Deus
1012 3021 1137 3087 erit
1185 3020 1773 3110 generalissimum
1824 3023 2138 3113 praedica-

600 3125 732 3193 bile
764 3127 1048 3194 univoce
1077 3126 1159 3197 de
1188 3129 1503 3196 omnibus
1533 3131 1861 3198 contentis
1906 3132 1969 3198 in
2010 3153 2137 3222 ge·

604 3257 761 3300 nere
818 3233 1234 3302 substantiae.
1282 3234 1621 3305 Stantem
1681 3261 1796 3327 per
1857 3239 2133 3305 modum

603 3342 926 3421 contenti,
988 3350 1145 3408 tunc
1230 3352 1403 3409 esset
1477 3342 1583 3411 vel
1648 3342 2135 3425 subalternum,

603 3446 713 3514 vel
759 3446 1344 3536 specialissimum,
1385 3448 1491 3515 vel
1535 3449 1953 3518 individuum
2006 3474 2021 3518 :
2073 3460 2140 3520 et

607 3553 870 3622 nullum
901 3552 1146 3621 horum
1170 3564 1269 3623 est
1309 3556 1490 3624 Deus
1524 3579 1539 3625 :
1574 3579 1736 3647 ergo
1769 3580 1901 3625 non
1934 3567 2031 3626 est
2072 3559 2137 3627 in

608 3685 877 3753 genere.

696 3776 762 3841 2.
810 3769 1000 3857 ltem,
1033 3775 1260 3842 Genus
1299 3775 1692 3845 substantiae
1735 3778 1800 3844 iu
1840 3777 2141 3847 sehabet

606 3904 753 3961 ens,
778 3889 838 3948 et
873 3880 1053 3949 aliud
1093 3902 1233 3972 quo
1277 3879 1651 3951 substantia
1683 3894 1778 3952 est
1827 3885 2143 3953 substan-

606 3990 697 4058 tia
732 4011 749 4055 :
783 4012 947 4080 ergo
980 3991 1047 4057 in
1078 4012 1148 4055 εε
1179 3988 1380 4059 habet
1410 3990 1545 4058 duo
1579 4012 1597 4060 ε
1634 4011 1794 4083 ergo
1833 4002 1929 4061 est
1962 4015 2143 4061 com·

608 4097 828 4187 posita
889 4121 904 4164 :

611 4213 765 4271 tus:
804 4228 964 4296 ergo
1022 4205 1397 4274 substantia
1439 4229 1575 4274 non
1626 4207 1868 4275 dicitur
1921 4209 2003 4275 de
2061 4234 2142 4278 eo

610 4311 897 4378 univoce
927 4333 1080 4379 ειιιιι
1130 4308 1279 4379 aliis
1324 4337 1338 4379 :
1383 4337 1545 4403 ergo
1588 4309 1725 4405 ipse
1774 4339 1905 4384 non
1948 4327 2042 4383 est
2078 4318 2140 4383 iu

614 4420 851 4487 eodem
892 4440 1135 4510 genere
1174 4442 1326 4488 cum
1367 4420 1539 4488 aliis.

708 4528 840 4594 Seu
884 4549 1173 4595 comm:

711 4638 767 4702 l.
814 4635 995 4703 Deus
1033 4645 1128 4703 est
1179 4635 1555 4704 substantia
1605 4660 1621 4705 ε
1676 4649 1789 4705 aut
1821 4651 1918 4707 est
1962 4664 2139 4718 vera,

610 4754 722 4811 aut
768 4742 952 4811 salsa.
993 4745 1064 4810 Si
1105 4768 1287 4820 vera,
1341 4755 1451 4811 aut
1494 4744 1862 4813 substantia
1915 4748 2148 4837 praedi·

609 4857 799 4916 catur
839 4843 926 4917 ibi
975 4858 1042 4915 ιιι
1076 4847 1506 4939 praedicatum
1539 4849 1976 4920 substantiale
2010 4878 2144 4921 non

608 4976 1035 5035 conversum,
1079 4965 1189 5021 aut
1239 4977 1397 5023 non.
1446 4956 1516 5022 Si
1560 4979 1697 5024 non
1738 4981 1945 5049 :ergo
1986 4984 2144 5050 prze-

606 5064 869 5131 dicutur
908 5073 976 5130 ut
1009 5063 1343 5143 accidens,
1387 5062 1569 5154 quod
1623 5065 1862 5133 falsum
1908 5078 2029 5134 est.
2069 5068 2141 5136 Si

606 5172 698 5239 sic

607 5278 917 5346 stantiale
969 5302 1103 5346 non
1161 5302 1565 5346 conversum
1611 5281 2002 5370 praedicatur
2060 5283 2141 5350 de

607 5386 835 5475 aliquo
885 5394 957 5452 ut
1006 5409 1245 5475 genuS,
1279 5385 1548 5453 videtur
1603 5387 1780 5477 quod
1836 5388 2009 5455 Deus
2057 5391 2141 5457 sit

609 5490 980 5559 substantia
1022 5500 1089 5558 ut
1125 5492 1190 5559 in
1221 5514 1491 5582 genere.
1541 5493 1610 5559 Si
1645 5492 1926 5574 dicatur,
1961 5496 2139 5585 quod

608 5597 752 5667 haec
806 5608 900 5667 est
950 5598 1138 5674 falsa,
1191 5599 1374 5667 Deus
1412 5609 1510 5668 est
1559 5600 1951 5670 substantia.
2008 5603 2141 5670 Seu

1508 198 1514 203 ’
1593 243 1673 309 D.
1724 243 1919 310 ALB.
1972 243 2188 313 MAG.

967 4097 1148 4165 Deus
1204 4107 1429 4166 autem
1493 4122 1629 4166 uon
1666 4109 1762 4167 est
1811 4103 2146 4191 composi-

764 5194 779 5238 :
841 5194 1002 5262 ergo
1043 5196 1196 5239 cum
1256 5195 1457 5239 omne
1517 5173 1940 5262 praedicatum
1991 5176 2146 5242 sub-

2242 243 2448 314 ORD.
2501 187 2800 312 PRAED.

2241 439 2531 487 coum:
2567 417 2915 510 Quidquid
2954 426 3080 512 εει,
3115 423 3217 487 εει
3256 415 3660 499 substantia,
3689 413 3800 481 vel

2241 529 2549 596 accidens
2584 552 2601 597 :
2635 513 2810 619 ergo
2849 527 3036 595 Deus
3077 523 3202 596 est·
3234 526 3571 603 accidens,
3617 523 3795 614 quod

2239 634 2484 702 falsum
2516 643 2618 703 εει
2660 657 2676 702 :
2718 657 2882 725 ergo
2916 644 3017 702 est
3045 633 3449 702 substantia.

2329 745 2392 807 2.
2428 740 2625 824 Item,
2676 741 2863 808 Deus
2914 750 3012 808 εει
3062 764 3184 830 ρει·
3231 764 3303 808 εε
3342 742 3663 823 existenS,
3705 740 3798 806 ita

2245 858 2315 917 ιιι
2353 847 2523 916 nihil
2562 849 2732 917 adeo
2772 847 3002 918 existit
3047 872 3169 940 ρει·
3207 872 3306 934 se,
3349 850 3524 917 sicut
3549 846 3731 916 Deus
3778 867 3792 915 ε

2240 957 2357 1024 sed
2412 956 2792 1025 substantia
2846 964 2948 1024 εει
3008 979 3112 1024 ι·εε
3152 979 3274 1047 ρει·
3316 979 3387 1024 εε
3428 957 3724 1024 existens
3778 967 3792 1022 2

2239 1087 2400 1155 ergo
2451 1065 2633 1132 Deus
2682 1073 2783 1133 est
2832 1064 3236 1143 substantia,
3299 1072 3366 1131 ει
3421 1062 3797 1132 substantia

2242 1179 2341 1239 est
2370 1172 2579 1242 Deus,

2332 1403 2642 1472 Somno.
2695 1402 3107 1483 Dicendum,
3153 1401 3340 1493 quod
3387 1401 3460 1468 in
3513 1400 3791 1468 veritate

2239 1515 2421 1584 Deus
2460 1515 2570 1583 vel
2606 1514 2838 1582 divina
2881 1513 3171 1581 essentia
3218 1529 3362 1579 non
3401 1519 3503 1579 εει
3553 1504 3623 1577 in
3670 1527 3795 1601 gef

2241 1645 2399 1690 nere
2428 1621 2660 1712 aliquo
2692 1622 2871 1688 sicut
2905 1619 3201 1710 probant
3228 1619 3467 1708 primae
3501 1611 3804 1684 rationes

2240 1752 2358 1821 pro
2417 1728 2741 1819 Magistro
2794 1726 3087 1795 inductae
3147 1749 3162 1794 :
3226 1725 3293 1793 ει
3340 1740 3499 1792 cum
3555 1714 3798 1792 dicitur

2239 1834 2642 1913 substantia,
2707 1855 2850 1901 non
2925 1833 3173 1900 dicitur
3256 1828 3636 1900 substantia
3710 1823 3794 1898 ab

2236 1949 2388 2012 actu
2454 1939 2807 2010 substandi
2856 1939 3174 2008 secundae
3220 1937 3644 2015 substantiae,
3685 1937 3794 2006 vel

2239 2052 2701 2123 accidentibus
2734 2075 2750 2120 ε
2788 2052 2908 2120 sed
2955 2052 3204 2119 dicitur
3258 2046 3641 2119 substantia
3676 2067 3795 2116 ens

2240 2185 2376 2230 non
2414 2181 2536 2252 ρει·
2581 2158 2897 2238 alterum,
2945 2158 3131 2250 quod
3183 2157 3512 2227 dividitur
3561 2162 3797 2226 contra

2240 2292 2359 2338 ens
2390 2267 2474 2335 ab
2514 2266 2677 2346 alio,
2712 2273 2781 2335 et
2810 2284 2932 2334 ens
2965 2267 3032 2334 in
3071 2265 3207 2334 alio
3243 2287 3260 2332 τ
3290 2274 3365 2333 ἐι
3405 2256 3592 2332 illam
3632 2262 3804 2332 sub-.

2241 2376 2558 2445 stantiam
2617 2373 2871 2443 vocant
2947 2374 3229 2440 Boetius
3297 2379 3363 2440 et
3430 2371 3799 2463 Dionysius

2241 2503 2386 2554 esse
2444 2501 2649 2573 super
2716 2502 2995 2549 omnem
3055 2479 3507 2548 substantiam
3572 2501 3588 2549 :
3642 2478 3799 2569 quia

2241 2592 2383 2661 haec
2426 2609 2668 2659 omnes
2707 2597 2941 2658 causat
2984 2587 3428 2668 substantiae,
3482 2589 3549 2654 et
3613 2584 3796 2652 illam

2241 2697 2617 2765 imitantur.

3875 1427 4074 1474 Solutio.

2334 2804 2432 2872 An
2482 2802 2774 2894 msquod
2813 2801 3156 2890 objicitur,
3213 2810 3442 2868 utrum
3506 2799 3592 2867 sit
3635 2820 3798 2889 prae-
3824 2825 3895 2870 ,ιιι
3913 2825 4141 2884 omem.

2240 2915 2536 2982 dicatum
2566 2911 2979 2981 essentiale?
3008 2919 3136 2978 ειε.
3177 2909 3581 2987 Dicendum,
3616 2905 3799 2998 quod

2241 3046 2395 3090 cum
2445 3021 2714 3097 dicitur,
2767 3018 2954 3086 Deus
3011 3026 3111 3086 est
3168 3016 3574 3094 substantia,
3618 3013 3796 3082 idem

2240 3126 2776 3223 significatui-{in
2824 3125 3130 3216 subjecto
3181 3130 3250 3193 et
3292 3122 3675 3216 praedicatO,
3723 3121 3802 3189 li-

2240 3247 2345 3308 cet
2374 3237 2507 3305 alio
2558 3235 2791 3313 modo,
2834 3257 2917 3303 eo
2961 3233 3144 3326 quod
3196 3235 3263 3301 in
3317 3232 3459 3300 Deo
3510 3254 3646 3300 non
3698 3240 3801 3299 est

2244 3346 2424 3437 quod
2453 3354 2555 3412 est
2594 3352 2658 3411 et
2689 3365 2827 3433 quo
2857 3351 2956 3409 est
2995 3365 3009 3409 :
3042 3350 3105 3408 et
3148 3340 3299 3408 ideo
3323 3362 3466 3407 non
3503 3347 3602 3407 est
3634 3361 3800 3428 prae-

2243 3454 2539 3522 dicatum
2571 3447 2931 3517 essentiale
2964 3450 3092 3516 nisi
3124 3462 3532 3517 conversum
3578 3466 3594 3513 τ
3639 3447 3799 3537 quia

2242 3560 2620 3630 substantia
2658 3578 2798 3626 non
2840 3555 3243 3649 praedicatur
3302 3556 3435 3623 nini
3492 3563 3568 3623 ut
3620 3555 3799 3623 idem

2244 3668 2369 3735 sub
2415 3666 2548 3734 alio
2608 3664 2813 3733 modo
2870 3661 3300 3755 significandi
3365 3686 3382 3730 ε
3447 3661 3574 3729 ittoe
3618 3662 3800 3729 enim

2245 3778 2870 3870 argumentationes
2919 3785 3074 3842 suut
3122 3776 3187 3841 in
3247 3776 3520 3853 creatis,
3565 3772 3800 3841 nonin

2246 3887 2515 3954 «livinis.

2338 3992 2409 4059 si
2487 4001 2714 4059 autem
2773 3990 3121 4079 objicitur,
3194 3984 3324 4057 l‘er
3399 4006 3799 4056 conversam

2247 4102 2625 4169 substantia
2653 4108 2754 4168 εει
2783 4098 2967 4167 1)ειιε
2999 4120 3015 4167 :
3055 4121 3219 4188 ergo
3240 4098 3468 4164 omnis
3497 4095 3804 4164 substan·

2251 4211 2363 4275 tia.
2410 4206 2819 4288 Dicendum,
2871 4205 3054 4296 quod
3099 4227 3235 4272 non
3277 4205 3610 4295 sequitur,
3653 4202 3807 4272 licet

2250 4318 2428 4383 ειιίιιι
2463 4316 2549 4383 sit
2596 4311 2985 4390 essentiale,
3030 4323 3257 4380 tanuen
3299 4320 3373 4379 ut
3415 4311 3592 4379 idem
3641 4310 3808 4377 sub-

2243 4428 2420 4515 jecto
2483 4420 2891 4511 pra-dicatur
2954 4441 2969 4487 z
3033 4426 3099 4486 et
3141 4414 3252 4486 illa
3311 4417 3616 4487 converti
3669 4440 3805 4484 non

2251 4530 2472 4607 debet,
2539 4552 2658 4597 nec
2733 4527 3076 4604 distribui,
3148 4548 3230 4594 eo
3290 4525 3474 4618 quod
3533 4527 3802 4617 signum

2254 4662 2387 4706 non
2421 4638 2687 4727 respicit
2719 4659 2802 4704 ea
2832 4658 2983 4727 quae
3016 4643 3174 4705 sunt
3202 4634 3488 4702 divereae
3520 4642 3798 4701 naturae.

2254 4747 2443 4814 lfude
2510 4770 2666 4814 cum
2744 4739 3019 4826 «licitur,
3087 4746 3312 4811 οηυιὶε
3384 4742 3798 4820 substantia,

2250 4851 2625 4923 substantia
2671 4877 2809 4920 uon
2850 4850 3279 4920 distribuitur
3323 4873 3446 4941 pro
3496 4850 3803 4917 substan·

2252 4963 2339 5030 tia
2376 4961 2521 5038 nei,
2565 4958 2678 5026 sed
2712 4965 2977 5026 tantum
3030 4980 3150 5047 pro
3192 4965 3527 5035 creatura,
3571 4966 3634 5024 et
3680 4979 3800 5047 pro

2252 5070 2381 5137 illis
2414 5077 2513 5135 est
2548 5067 2658 5134 illa
2693 5066 2946 5134 locutio
2981 5064 3170 5130 salsa.

2338 5179 2439 5243 An
2486 5199 2685 5243 Αιιυυ
2733 5172 3125 5256 dicendum,
3162 5171 3347 5262 quod
3407 5170 3538 5239 hoc
3596 5171 3799 5239 modo
3829 5191 4150 5250 Adon-jecut.

2250 5308 2387 5374 quo
2428 5284 2824 5373 praedictum
2855 5289 2981 5358 est,
3034 5279 3380 5370 loquendo
3430 5279 3512 5347 de
3561 5303 3680 5369 per
3709 5303 3799 5348 -se

2249 5393 2586 5473 existenti,
2646 5390 2828 5457 Deus
2886 5397 2983 5456 est
3042 5390 3299 5478 optime
3359 5411 3477 5478 per
3528 5411 3597 5455 se
3656 5389 3798 5454 exi·

2248 5510 2430 5567 stens
2475 5523 2488 5565 :
2536 5498 2732 5565 aliter
2760 5505 2990 5563 autem
3024 5518 3185 5561 non.
