4897 6388
1818 297 1912 366 ΙΝ
1960 299 1987 365 1
2040 298 2473 368 SENTENT.
2522 298 2748 398 DlST.
2802 299 2926 383 XI,
2981 299 3056 379 C,
3101 300 3186 379 D,
3231 300 3431 367 ΛΒΤ.
3481 300 3627 367 V11.
3760 383 3777 402 ὁ
4187 302 4312 370 349

1107 442 1519 543 anathema
1542 469 1639 543 sit
1664 473 1708 542 ¹.
1735 469 1905 543 Non
1931 469 2137 561 dicit,
2175 470 2256 544 Si
2282 469 2458 568 quis
2491 468 2895 544 addiderit.
2934 471 3133 544 Nam
3165 471 3226 545 si
3263 469 3451 542 illud
3494 469 3803 562 diceret,
3859 470 4149 568 sibiipsi
4202 444 4315 569 (ut

1108 601 1214 675 ait
1252 603 1762 700 Augustinus)
1798 603 2364 702 praejudicaret,
2403 604 2536 702 qui
2579 604 2942 702 cupiebat
2969 604 3234 678 venire
3263 604 3355 677 ad
3399 603 3771 700 quosdam
3805 604 4085 701 quibus
4125 605 4319 679 scri-

1107 736 1362 828 bebat,
1400 738 1598 812 sicut
1637 738 1728 811 ad
1764 738 2520 832 ThessalonicenseS,
2562 748 2644 813 ut
2684 740 3084 836 suppleret
3141 761 3318 836 quae
3362 737 3669 811 illorum
3706 737 3878 812 fidei
3919 738 4232 812 deerant
4263 738 4309 809 ¹.

1108 870 1260 946 Sed
1291 872 1423 969 qui
1457 874 1763 970 supplet
1804 873 2008 971 quod
2042 872 2302 947 minus
2335 882 2522 960 erat,
2558 872 2805 947 addit:
2848 896 3001 946 non
3038 872 3245 969 quod
3304 871 3577 964 inerat,
3612 872 3825 946 tollit.
3874 871 4016 958 Qui
4059 881 4312 947 autem

1105 1007 1737 1103 praetergreditur
1775 1007 1953 1082 fidei
1997 1010 2370 1105 regulam,
2399 1032 2553 1082 non
2592 1007 2880 1082 incedit
2920 1008 2997 1081 in
3029 1007 3179 1101 via,
3215 1006 3350 1082 sed
3394 1006 3681 1081 recedit
3717 1032 3762 1080 a
3793 1006 3942 1079 via.
3974 1007 4083 1081 Ad
4126 1006 4312 1081 illud

1107 1151 1364 1218 autern
1408 1144 1614 1242 quod
1643 1145 1734 1220 de
1769 1145 2186 1242 Evangelio
2215 1153 2649 1244 opponunt,
2683 1143 3248 1243 respondemus
3281 1142 3383 1217 ita
3419 1167 3434 1216 :
3501 1141 3698 1229 Quia
3758 1166 3931 1216 cuin
3973 1142 4169 1217 dicat
4229 1142 4305 1216 in

1105 1304 1198 1356 eo
1237 1281 1523 1356 veritas
1577 1280 1945 1380 Spiritum
2004 1291 2360 1357 sanctum
2414 1305 2460 1357 a
2520 1281 2749 1356 Patre
2794 1280 3242 1380 procedere,
3302 1304 3456 1354 non
3509 1279 3718 1354 addit
3757 1279 3943 1366 sole,
3993 1290 4067 1356 et
4140 1280 4308 1355 ideo

1107 1416 1338 1492 etiam
1372 1442 1419 1491 a
1456 1439 1539 1491 se
1573 1416 1991 1515 procedere
2035 1440 2188 1491 non
2221 1426 2460 1514 negat
2502 1439 2519 1490 ε
2558 1416 2694 1491 sed
2727 1414 2898 1490 ideo
2978 1414 3285 1489 Patrem
3356 1422 3650 1488 tantum
3706 1413 4074 1508 nominat,
4137 1415 4318 1513 quia

1105 1551 1202 1626 ad
1242 1573 1418 1627 eum
1463 1552 1657 1625 solet
1697 1551 1979 1626 referre
2020 1549 2248 1625 etiam
2283 1550 2491 1649 quod
2525 1549 2772 1649 ipsius
2804 1558 2945 1643 est,
2983 1547 3169 1647 quia
3198 1548 3294 1622 ab
3337 1547 3467 1622 illo
3503 1547 3755 1622 habet.

2761 1897 2964 1965 nibus
2995 1904 3180 1965 tenet
3212 1894 3362 1965 talis
3418 1896 3615 1971 ratio,
3661 1895 3845 1987 quod
3908 1894 4075 1963 nihil
4131 1894 4314 1964 aliud

2760 2013 2863 2072 est
2907 2005 3038 2072 nisi
3094 2005 3567 2073 contrarium:
3625 2026 3827 2072 omne
3883 2005 4063 2071 enim
4130 2003 4314 2095 quod

1525 2119 2026 2190 ARTICULUS
2077 2119 2228 2188 Vll,
2756 2112 3055 2201 pertinet
3084 2108 3169 2177 ad
3217 2108 3768 2190 declarationem,
3829 2111 4013 2178 intus
4070 2117 4210 2177 est:
4246 2117 4314 2178 et

1613 2279 1618 2286 .
2758 2220 2826 2287 id
2859 2219 3039 2311 quod
3083 2243 3223 2289 non
3260 2228 3363 2289 est
3432 2222 3638 2300 intus,
3700 2220 4113 2289 contrarium
4181 2227 4301 2288 est.

1104 2317 1545 2385 Contrarium
1581 2340 1790 2385 sacrae
1835 2318 2213 2408 Scripturae
2272 2318 2451 2409 quid
2508 2318 2653 2386 sit?
2760 2327 2957 2396 Unde
3007 2327 3418 2397 Anselmusg
3459 2353 3493 2395 «
3526 2328 3767 2397 Omnis
3820 2329 4066 2396 veritas
4103 2350 4309 2396 5301·ae

2759 2433 3127 2526 Scripturae
3166 2436 3416 2504 veritas
3474 2443 3598 2516 est,
3655 2458 3807 2527 quae
3865 2458 4070 2505 sacrae
4116 2434 4310 2504 Scri-

2755 2549 2972 2633 pturae
3003 2564 3143 2611 non
3184 2542 3607 2612 contradicit.
3653 2567 3686 2608 ιο

1181 2636 1444 2706 Deinde
1492 2638 1817 2728 quaeritur
1874 2637 1957 2706 de
2016 2635 2148 2706 hoc
2196 2635 2386 2729 quod
2434 2635 2642 2706 dicit:

1098 2769 1132 2811 α
1180 2745 1318 2829 Qui
1353 2744 1561 2811 aliud
1581 2744 1693 2812 vel
1760 2745 1966 2813 aliter
2013 2744 2526 2837 praedicaverit,
2575 2745 2653 2813 id
2847 2756 3220 2838 Quum-run
3267 2760 3471 2827 etiam
3532 2782 3682 2851 quae
3750 2761 3836 2828 sit
3876 2762 4025 2830 fidei
4073 2761 4303 2854 regula

1092 2863 1214 2936 est,
1256 2856 1704 2937 contrarium,
1736 2863 1864 2924 etc.
1904 2879 1937 2920 ιι
2756 2888 2965 2956 quam
3007 2865 3251 2957 tangit,
3312 2866 3431 2949 ibi,
3467 2894 3502 2931 α
3550 2868 3689 2953 Qui
3742 2878 3969 2937 autem
4028 2879 4305 2961 praeler·

1182 2963 1308 3032 llla
1336 2964 1518 3032 enim
1558 2965 1888 3054 expositio
1928 2986 2065 3032 non
2094 2963 2364 3034 videtur
2400 2987 2651 3034 conve·
2752 2974 3073 3064 qreditur
3109 2974 3452 3066 requlam,
3512 2982 3641 3044 etc.
3695 3004 3728 3038 n

1093 3072 1289 3141 niens
1323 3094 1341 3140 ε
1375 3073 1536 3164 quia
1574 3095 1712 3141 non
1738 3071 2086 3164 quodlibet
2114 3071 2297 3141 aliud
2346 3080 2448 3143 est
2478 3096 2651 3142 con·
2847 3082 2930 3149 Et
2997 3082 3388 3163 dicendum,
3467 3082 3650 3175 quod
3709 3084 3936 3176 regula
4002 3087 4152 3155 fidei
4206 3097 4306 3156 cst

1094 3181 1407 3248 trarium.
2757 3212 3044 3259 concors
3075 3188 3582 3283 scripturarum
3608 3213 3844 3260 sensus
3882 3216 4034 3260 cum
4067 3196 4310 3263 articu-

2757 3294 2841 3363 lis
2872 3295 3079 3365 fidei:
3128 3298 3289 3389 quia
3364 3297 3497 3365 illis
3561 3297 3825 3365 duobus
3884 3300 4303 3389 regularibus

818 3382 1014 3431 ⁸⁰¹⁸¹‘⁸⁰·
1185 3397 1292 3465 An
1338 3420 1466 3466 noc
1502 3398 1887 3479 dicendum,
1935 3397 2118 3489 quod
2147 3398 2217 3465 in
2265 3401 2651 3491 expositio·
2756 3404 3112 3495 praeceptis
3160 3406 3417 3497 regitur
3450 3403 3860 3497 TheologuS.

1248 3944 1343 4019 D.
1394 3943 1613 4037 Quod
1654 3946 1896 4023 Graeci
1924 3948 2002 4024 ιἰι
2028 3971 2255 4024 sensu
2297 3949 2694 4026 nobiscum
2737 3954 3232 4049 conveniunt,
3290 3954 3437 4029 elsi
3486 3954 3731 4029 verbis
3769 3954 4155 4053 differam.

1188 4391 1624 4468 Sciendunn‘
1676 4402 1791 4468 est
1858 4401 2110 4467 tannen
2155 4391 2361 4490 quod
2434 4395 2683 4471 (iroeci
2744 4396 3219 4471 conlitentur
3310 4397 3676 4497 Spiritum
3722 4413 4068 4479 sanctum
4139 4432 4306 4485 esse
4364 4467 4371 4476 .
4453 4468 4461 4476 .

1089 4526 1291 4623 Filii,
1334 4527 1534 4604 sicut
1564 4536 1639 4604 et
1669 4527 1917 4602 Patris
1972 4551 1989 4602 :
2053 4525 2238 4625 quia
2291 4536 2364 4604 et
2421 4531 2842 4629 Apostolus
2882 4530 3093 4621 dicit,
3140 4531 3528 4631 Spiritum
3574 4534 3773 4612 Filii
3797 4532 3842 4611 ⁸.
3896 4541 3983 4614 Et
4026 4544 4306 4621 veritas

1089 4664 1167 4741 in
1197 4664 1628 4763 evangelio,
1675 4663 2061 4762 Spiritum
2105 4663 2450 4739 veritatis
2487 4664 2535 4740 ⁴.
2574 4666 2726 4742 Sed
2757 4691 2934 4742 cum
2982 4691 3135 4741 non
3180 4667 3276 4743 sit
3304 4669 3512 4744 aliud
3549 4671 3916 4771 Spiritum
3952 4690 4300 4756 sanctum

1088 4825 1258 4878 esse
1301 4800 1549 4877 Patris
1580 4808 1654 4877 et
1684 4798 1881 4893 Filii,
1926 4821 2157 4897 quain
2200 4821 2371 4875 esse
2403 4822 2450 4875 a
2492 4800 2718 4877 Patre
2750 4810 2825 4878 et
2867 4800 3059 4876 Filio
3095 4826 3111 4877 :
3177 4802 3405 4879 etiam
3473 4804 3548 4878 in
3606 4808 3747 4882 hoc
3802 4808 3877 4882 in
3956 4815 4301 4891 eamdem

1089 4937 1492 5014 nobiscum
1530 4934 1705 5011 fidei
1748 4932 2208 5009 sententiam
2243 4934 2665 5012 convenire
2696 4934 3090 5031 videntur,
3156 4936 3330 5014 licet
3382 4938 3455 5014 in
3500 4941 3756 5017 verbis
3815 4942 4295 5025 dissentiant.

1163 5379 1179 5415 ¹
1214 5377 1301 5434 Ad
1331 5375 1520 5434 Galat.
1554 5376 1649 5446 1,9
1677 5393 1690 5431 ε
1722 5378 1783 5433 Si
1820 5377 1945 5447 quis
1991 5375 2141 5430 robis
2187 5372 2648 5444 evanqelizarert‘t
2678 5379 2888 5443 praeter
2916 5373 2978 5429 td
3003 5376 3154 5446 quod
3179 5379 3483 5449 accepistis,
3517 5382 3806 5438 anathema
3831 5383 3923 5440 sit.

1160 5468 1182 5505 ²
1212 5467 1342 5524 cm
1373 5465 1451 5523 ad
1478 5465 1740 5523 Thessal.
1774 5482 1850 5533 m,
1899 5464 2141 5538 passim.

1156 5559 1180 5595 ⁸
1210 5556 1302 5615 Ad
1330 5557 1519 5615 Galat.
1553 5575 1624 5623 iv,
1670 5558 1723 5612 6.

1158 5648 1183 5685 ⁴
1210 5649 1379 5705 «ioan.
1411 5664 1501 5712 xv,
1539 5647 1629 5701 26.
