<?xml version="1.0" encoding="UTF-8"?>
<!DOCTYPE html PUBLIC "-//W3C//DTD XHTML 1.0 Transitional//EN"
    "http://www.w3.org/TR/xhtml1/DTD/xhtml1-transitional.dtd">
<html xmlns="http://www.w3.org/1999/xhtml" xml:lang="en" lang="en">
 <head>
  <title>
</title>
<meta http-equiv="Content-Type" content="text/html;charset=utf-8" />
  <meta name='ocr-system' content='tesseract 3.04.00' />
  <meta name='ocr-capabilities' content='ocr_page ocr_carea ocr_par ocr_line ocrx_word'/>
</head>
<body>
  <div class='ocr_page' id='page_1' title='image "balbertimagnira03chgoog_0626.png"; bbox 0 0 4897 6388; ppageno 0'>
   <div class='ocr_carea' id='block_1_1' title="bbox 703 369 2915 460">
    <p class='ocr_par' dir='ltr' id='par_1_1' title="bbox 703 369 2915 460">
     <span class='ocr_line' id='line_1_1' title="bbox 703 369 2915 460; baseline 0 -23"><span class='ocrx_word' id='word_1_1' title='bbox 703 373 833 438; x_wconf 84' lang='lat'><strong>576</strong></span> <span class='ocrx_word' id='word_1_2' title='bbox 1597 457 1600 460; x_wconf 17' lang='lat'>¹</span> <span class='ocrx_word' id='word_1_3' title='bbox 1705 371 1785 441; x_wconf 83' lang='grc' dir='ltr'><strong>ι).</strong></span> <span class='ocrx_word' id='word_1_4' title='bbox 1833 372 2038 442; x_wconf 81' lang='lat' dir='ltr'><strong>ALB.</strong></span> <span class='ocrx_word' id='word_1_5' title='bbox 2088 370 2305 438; x_wconf 84' lang='lat' dir='ltr'>MAG.</span> <span class='ocrx_word' id='word_1_6' title='bbox 2357 369 2564 438; x_wconf 78' lang='lat' dir='ltr'><strong>om).</strong></span> <span class='ocrx_word' id='word_1_7' title='bbox 2616 371 2915 439; x_wconf 75' lang='lat' dir='ltr'><strong>PRAED,</strong></span> 
     </span>
    </p>
   </div>
   <div class='ocr_carea' id='block_1_2' title="bbox 698 511 3911 742">
    <p class='ocr_par' dir='ltr' id='par_1_2' title="bbox 698 511 3911 742">
     <span class='ocr_line' id='line_1_2' title="bbox 698 511 3910 635; baseline -0.001 -27"><span class='ocrx_word' id='word_1_8' title='bbox 698 542 1110 632; x_wconf 72' lang='lat' dir='ltr'><strong>&#39;praedicatur</strong></span> <span class='ocrx_word' id='word_1_9' title='bbox 1153 566 1275 634; x_wconf 91' lang='lat' dir='ltr'><strong>per</strong></span> <span class='ocrx_word' id='word_1_10' title='bbox 1319 511 1767 612; x_wconf 84' lang='lat' dir='ltr'><strong>substantiam</strong></span> <span class='ocrx_word' id='word_1_11' title='bbox 1803 558 1820 612; x_wconf 74' lang='grc' dir='ltr'>ἐ</span> <span class='ocrx_word' id='word_1_12' title='bbox 1866 553 1930 613; x_wconf 89' lang='lat' dir='ltr'><strong>et</strong></span> <span class='ocrx_word' id='word_1_13' title='bbox 1977 545 2076 613; x_wconf 88' lang='lat' dir='ltr'><strong>sic</strong></span> <span class='ocrx_word' id='word_1_14' title='bbox 2123 543 2253 611; x_wconf 81' lang='lat' dir='ltr'><strong>fal·</strong></span> <span class='ocrx_word' id='word_1_15' title='bbox 2363 544 2592 634; x_wconf 88' lang='lat' dir='ltr'><strong>quoad</strong></span> <span class='ocrx_word' id='word_1_16' title='bbox 2639 513 3439 635; x_wconf 41' lang='lat' dir='ltr'><strong>modum&#39;tiuemaddit,</strong></span> <span class='ocrx_word' id='word_1_17' title='bbox 3506 539 3763 608; x_wconf 88' lang='lat' dir='ltr'><strong>scilicet</strong></span> <span class='ocrx_word' id='word_1_18' title='bbox 3824 537 3910 607; x_wconf 92' lang='lat' dir='ltr'><strong>ad</strong></span> 
     </span>
     <span class='ocr_line' id='line_1_3' title="bbox 707 648 3911 742; baseline -0.001 -25"><span class='ocrx_word' id='word_1_19' title='bbox 707 671 861 717; x_wconf 87' lang='lat' dir='ltr'><strong>sum</strong></span> <span class='ocrx_word' id='word_1_20' title='bbox 901 659 1003 718; x_wconf 89' lang='lat' dir='ltr'><strong>est</strong></span> <span class='ocrx_word' id='word_1_21' title='bbox 1041 651 1224 742; x_wconf 88' lang='lat' dir='ltr'><strong>quod</strong></span> <span class='ocrx_word' id='word_1_22' title='bbox 1253 651 1435 719; x_wconf 91' lang='lat' dir='ltr'><strong>dicit.</strong></span> <span class='ocrx_word' id='word_1_23' title='bbox 2361 651 2653 721; x_wconf 88' lang='lat' dir='ltr'><strong>alterum</strong></span> <span class='ocrx_word' id='word_1_24' title='bbox 2692 675 2865 732; x_wconf 88' lang='lat' dir='ltr'><strong>esse,</strong></span> <span class='ocrx_word' id='word_1_25' title='bbox 2900 659 2968 720; x_wconf 88' lang='lat' dir='ltr'><strong>et</strong></span> <span class='ocrx_word' id='word_1_26' title='bbox 2988 651 3219 742; x_wconf 89' lang='lat' dir='ltr'><strong>quoad</strong></span> <span class='ocrx_word' id='word_1_27' title='bbox 3245 649 3380 718; x_wconf 91' lang='lat' dir='ltr'><strong>hoc</strong></span> <span class='ocrx_word' id='word_1_28' title='bbox 3405 648 3911 740; x_wconf 89' lang='lat' dir='ltr'><strong>oppositionem</strong></span> 
     </span>
    </p>
   </div>
   <div class='ocr_carea' id='block_1_3' title="bbox 410 755 3920 2469">
    <p class='ocr_par' dir='ltr' id='par_1_3' title="bbox 410 755 3920 2469">
     <span class='ocr_line' id='line_1_4' title="bbox 2363 755 3915 848; baseline -0.002 -22"><span class='ocrx_word' id='word_1_29' title='bbox 2363 760 2569 827; x_wconf 89' lang='lat' dir='ltr'><strong>habet</strong></span> <span class='ocrx_word' id='word_1_30' title='bbox 2607 758 2692 827; x_wconf 92' lang='lat' dir='ltr'><strong>ad</strong></span> <span class='ocrx_word' id='word_1_31' title='bbox 2729 758 3227 840; x_wconf 80' lang='lat' dir='ltr'><strong>substantialia,</strong></span> <span class='ocrx_word' id='word_1_32' title='bbox 3270 779 3422 848; x_wconf 84' lang='lat' dir='ltr'><strong>quae</strong></span> <span class='ocrx_word' id='word_1_33' title='bbox 3459 778 3600 823; x_wconf 90' lang='lat' dir='ltr'><strong>non</strong></span> <span class='ocrx_word' id='word_1_34' title='bbox 3639 756 3725 823; x_wconf 88' lang='lat' dir='ltr'><strong>ad</strong></span> <span class='ocrx_word' id='word_1_35' title='bbox 3753 755 3915 823; x_wconf 90' lang='lat' dir='ltr'><strong>alte-</strong></span> 
     </span>
     <span class='ocr_line' id='line_1_5' title="bbox 410 863 3374 983; baseline 0.001 -56"><span class='ocrx_word' id='word_1_36' title='bbox 410 881 608 983; x_wconf 48' lang='lat' dir='ltr'><strong>sffianp.</strong></span> <span class='ocrx_word' id='word_1_37' title='bbox 803 863 1108 932; x_wconf 72' lang='lat' dir='ltr'><strong>Somno.</strong></span> <span class='ocrx_word' id='word_1_38' title='bbox 1141 865 1545 943; x_wconf 84' lang='lat' dir='ltr'><strong>Dicendum,</strong></span> <span class='ocrx_word' id='word_1_39' title='bbox 1582 866 1765 956; x_wconf 88' lang='lat' dir='ltr'><strong>quod</strong></span> <span class='ocrx_word' id='word_1_40' title='bbox 1784 888 2075 960; x_wconf 81' lang='lat' dir='ltr'><strong>persona</strong></span> <span class='ocrx_word' id='word_1_41' title='bbox 2112 887 2251 932; x_wconf 90' lang='lat' dir='ltr'><strong>non</strong></span> <span class='ocrx_word' id='word_1_42' title='bbox 2362 891 2514 935; x_wconf 90' lang='lat' dir='ltr'><strong>rum</strong></span> <span class='ocrx_word' id='word_1_43' title='bbox 2547 869 2667 936; x_wconf 90' lang='lat' dir='ltr'><strong>sed</strong></span> <span class='ocrx_word' id='word_1_44' title='bbox 2695 866 2781 935; x_wconf 91' lang='lat' dir='ltr'><strong>ad</strong></span> <span class='ocrx_word' id='word_1_45' title='bbox 2802 889 2875 935; x_wconf 88' lang='lat' dir='ltr'><strong>se</strong></span> <span class='ocrx_word' id='word_1_46' title='bbox 2894 866 3374 957; x_wconf 87' lang='lat' dir='ltr'><strong>praedicantur.</strong></span> 
     </span>
     <span class='ocr_line' id='line_1_6' title="bbox 588 967 2252 1056; baseline -0.001 -15"><span class='ocrx_word' id='word_1_47' title='bbox 588 967 603 981; x_wconf 70' lang='lat'><em>⁶</em></span> <span class='ocrx_word' id='word_1_48' title='bbox 710 972 872 1041; x_wconf 88' lang='lat' dir='ltr'><strong>dicit</strong></span> <span class='ocrx_word' id='word_1_49' title='bbox 910 974 1305 1041; x_wconf 80' lang='lat' dir='ltr'>relationem</span> <span class='ocrx_word' id='word_1_50' title='bbox 1338 976 1406 1041; x_wconf 93' lang='lat' dir='ltr'><strong>in</strong></span> <span class='ocrx_word' id='word_1_51' title='bbox 1434 997 1505 1041; x_wconf 92' lang='lat' dir='ltr'><strong>se</strong></span> <span class='ocrx_word' id='word_1_52' title='bbox 1535 974 2077 1056; x_wconf 79' lang='lat' dir='ltr'><strong>determinatam,</strong></span> <span class='ocrx_word' id='word_1_53' title='bbox 2136 974 2252 1040; x_wconf 89' lang='lat' dir='ltr'><strong>sed</strong></span> 
     </span>
     <span class='ocr_line' id='line_1_7' title="bbox 709 1081 2254 1173; baseline 0 -25"><span class='ocrx_word' id='word_1_54' title='bbox 709 1083 788 1148; x_wconf 88' lang='lat' dir='ltr'><strong>in</strong></span> <span class='ocrx_word' id='word_1_55' title='bbox 811 1081 1105 1172; x_wconf 90' lang='lat' dir='ltr'><strong>quadam</strong></span> <span class='ocrx_word' id='word_1_56' title='bbox 1144 1084 1630 1151; x_wconf 85' lang='lat' dir='ltr'><strong>communitate</strong></span> <span class='ocrx_word' id='word_1_57' title='bbox 1660 1083 2146 1173; x_wconf 81' lang='lat' dir='ltr'><strong>proportioniS,</strong></span> <span class='ocrx_word' id='word_1_58' title='bbox 2176 1089 2254 1149; x_wconf 92' lang='lat' dir='ltr'><strong>ut</strong></span> 
     </span>
     <span class='ocr_line' id='line_1_8' title="bbox 708 1189 2253 1282; baseline 0 -25"><span class='ocrx_word' id='word_1_59' title='bbox 708 1190 885 1258; x_wconf 78' lang='lat' dir='ltr'><strong>infra</strong></span> <span class='ocrx_word' id='word_1_60' title='bbox 913 1189 1194 1259; x_wconf 85' lang='lat' dir='ltr'><strong>dicetur.</strong></span> <span class='ocrx_word' id='word_1_61' title='bbox 1235 1190 1357 1259; x_wconf 86' lang='lat' dir='ltr'><strong>Vel</strong></span> <span class='ocrx_word' id='word_1_62' title='bbox 1408 1192 1692 1276; x_wconf 89' lang='lat' dir='ltr'><strong>dicatur,</strong></span> <span class='ocrx_word' id='word_1_63' title='bbox 1734 1191 1917 1282; x_wconf 87' lang='lat' dir='ltr'><strong>quod</strong></span> <span class='ocrx_word' id='word_1_64' title='bbox 1957 1214 2253 1282; x_wconf 82' lang='lat' dir='ltr'><strong>persona</strong></span> 
     </span>
     <span class='ocr_line' id='line_1_9' title="bbox 709 1290 3496 1389; baseline -0.003 -25"><span class='ocrx_word' id='word_1_65' title='bbox 709 1296 954 1387; x_wconf 88' lang='lat' dir='ltr'><strong>dicitur</strong></span> <span class='ocrx_word' id='word_1_66' title='bbox 980 1296 1255 1366; x_wconf 85' lang='lat' dir='ltr'><strong>relative</strong></span> <span class='ocrx_word' id='word_1_67' title='bbox 1297 1299 1366 1365; x_wconf 88' lang='lat' dir='ltr'><strong>in</strong></span> <span class='ocrx_word' id='word_1_68' title='bbox 1425 1300 1816 1389; x_wconf 89' lang='lat' dir='ltr'><strong>supposito:</strong></span> <span class='ocrx_word' id='word_1_69' title='bbox 1890 1297 2046 1366; x_wconf 89' lang='lat' dir='ltr'><strong>licet</strong></span> <span class='ocrx_word' id='word_1_70' title='bbox 2112 1321 2252 1365; x_wconf 92' lang='lat' dir='ltr'><strong>non</strong></span> <span class='ocrx_word' id='word_1_71' title='bbox 2423 1387 2425 1389; x_wconf 6' lang='lat' dir='ltr'>v</span> <span class='ocrx_word' id='word_1_72' title='bbox 2775 1291 3287 1362; x_wconf 87' lang='lat' dir='ltr'>ARTICULUS</span> <span class='ocrx_word' id='word_1_73' title='bbox 3338 1290 3496 1358; x_wconf 89' lang='lat' dir='ltr'><strong>VII.</strong></span> 
     </span>
     <span class='ocr_line' id='line_1_10' title="bbox 708 1403 3295 1497; baseline 0.002 -25"><span class='ocrx_word' id='word_1_74' title='bbox 708 1403 887 1472; x_wconf 89' lang='lat' dir='ltr'><strong>dicat</strong></span> <span class='ocrx_word' id='word_1_75' title='bbox 916 1404 1310 1473; x_wconf 86' lang='lat' dir='ltr'><strong>relationem</strong></span> <span class='ocrx_word' id='word_1_76' title='bbox 1351 1407 1420 1473; x_wconf 93' lang='lat' dir='ltr'><strong>in</strong></span> <span class='ocrx_word' id='word_1_77' title='bbox 1451 1406 1655 1475; x_wconf 92' lang='lat' dir='ltr'><strong>modo</strong></span> <span class='ocrx_word' id='word_1_78' title='bbox 1687 1406 2112 1496; x_wconf 84' lang='lat' dir='ltr'><strong>significandi</strong></span> <span class='ocrx_word' id='word_1_79' title='bbox 2133 1429 2252 1497; x_wconf 92' lang='lat' dir='ltr'><strong>per</strong></span> <span class='ocrx_word' id='word_1_80' title='bbox 3288 1431 3295 1436; x_wconf 62' lang='lat'><strong>⁴</strong></span> 
     </span>
     <span class='ocr_line' id='line_1_11' title="bbox 710 1507 3908 1598; baseline -0.002 -19"><span class='ocrx_word' id='word_1_81' title='bbox 710 1535 989 1581; x_wconf 90' lang='lat' dir='ltr'><strong>nomen.</strong></span> <span class='ocrx_word' id='word_1_82' title='bbox 2358 1513 2469 1580; x_wconf 81' lang='lat' dir='ltr'><strong>An</strong></span> <span class='ocrx_word' id='word_1_83' title='bbox 2500 1509 2862 1577; x_wconf 81' lang='lat' dir='ltr'><strong>benedicat</strong></span> <span class='ocrx_word' id='word_1_84' title='bbox 2879 1507 3342 1598; x_wconf 76' lang='lat' dir='ltr'><strong>Anqustinus,</strong></span> <span class='ocrx_word' id='word_1_85' title='bbox 3371 1507 3561 1574; x_wconf 80' lang='lat' dir='ltr'><strong>Unus</strong></span> <span class='ocrx_word' id='word_1_86' title='bbox 3589 1527 3908 1594; x_wconf 70' lang='lat' dir='ltr'><strong>maynus,</strong></span> 
     </span>
     <span class='ocr_line' id='line_1_12' title="bbox 435 1613 3435 1712; baseline -0.003 -24"><span class='ocrx_word' id='word_1_87' title='bbox 435 1662 534 1712; x_wconf 72' lang='lat' dir='ltr'><strong>ad.</strong></span> <span class='ocrx_word' id='word_1_88' title='bbox 559 1659 604 1706; x_wconf 60' lang='lat'><strong>2,</strong></span> <span class='ocrx_word' id='word_1_89' title='bbox 798 1620 905 1687; x_wconf 84' lang='lat' dir='ltr'><strong>An</strong></span> <span class='ocrx_word' id='word_1_90' title='bbox 941 1644 1139 1688; x_wconf 72' lang='lat' dir='ltr'><strong>Amun</strong></span> <span class='ocrx_word' id='word_1_91' title='bbox 1168 1621 1554 1704; x_wconf 88' lang='lat' dir='ltr'><strong>dicendum,</strong></span> <span class='ocrx_word' id='word_1_92' title='bbox 1614 1622 1797 1712; x_wconf 90' lang='lat' dir='ltr'><strong>quod</strong></span> <span class='ocrx_word' id='word_1_93' title='bbox 1850 1622 2128 1700; x_wconf 76' lang='lat' dir='ltr'><strong>similis,</strong></span> <span class='ocrx_word' id='word_1_94' title='bbox 2186 1630 2250 1690; x_wconf 92' lang='lat' dir='ltr'><strong>et</strong></span> <span class='ocrx_word' id='word_1_95' title='bbox 2632 1631 2633 1634; x_wconf 76' lang='grc'>’</span> <span class='ocrx_word' id='word_1_96' title='bbox 2829 1638 2968 1683; x_wconf 83' lang='lat' dir='ltr'><strong>non</strong></span> <span class='ocrx_word' id='word_1_97' title='bbox 3008 1624 3143 1682; x_wconf 79' lang='lat' dir='ltr'><strong>tres</strong></span> <span class='ocrx_word' id='word_1_98' title='bbox 3170 1613 3435 1703; x_wconf 75' lang='lat' dir='ltr'><strong>maqm‘.</strong></span> 
     </span>
     <span class='ocr_line' id='line_1_13' title="bbox 708 1729 2252 1821; baseline -0.001 -23"><span class='ocrx_word' id='word_1_99' title='bbox 708 1730 1024 1821; x_wconf 64' lang='lat' dir='ltr'><strong>aequali-5,</strong></span> <span class='ocrx_word' id='word_1_100' title='bbox 1058 1730 1128 1797; x_wconf 90' lang='lat' dir='ltr'><strong>in</strong></span> <span class='ocrx_word' id='word_1_101' title='bbox 1156 1752 1226 1797; x_wconf 90' lang='lat' dir='ltr'><strong>se</strong></span> <span class='ocrx_word' id='word_1_102' title='bbox 1264 1729 1584 1798; x_wconf 91' lang='lat' dir='ltr'><strong>claudunt</strong></span> <span class='ocrx_word' id='word_1_103' title='bbox 1622 1731 2047 1817; x_wconf 88' lang='lat' dir='ltr'><strong>relationem,</strong></span> <span class='ocrx_word' id='word_1_104' title='bbox 2080 1739 2147 1799; x_wconf 91' lang='lat' dir='ltr'><strong>et</strong></span> <span class='ocrx_word' id='word_1_105' title='bbox 2183 1731 2252 1798; x_wconf 89' lang='lat' dir='ltr'><strong>id</strong></span> 
     </span>
     <span class='ocr_line' id='line_1_14' title="bbox 705 1837 2248 1927; baseline 0.002 -24"><span class='ocrx_word' id='word_1_106' title='bbox 705 1837 779 1904; x_wconf 93' lang='lat' dir='ltr'><strong>in</strong></span> <span class='ocrx_word' id='word_1_107' title='bbox 822 1858 959 1927; x_wconf 90' lang='lat' dir='ltr'><strong>quo</strong></span> <span class='ocrx_word' id='word_1_108' title='bbox 991 1837 1322 1903; x_wconf 87' lang='lat' dir='ltr'><strong>uniuntur</strong></span> <span class='ocrx_word' id='word_1_109' title='bbox 1351 1844 1418 1903; x_wconf 91' lang='lat' dir='ltr'><strong>et</strong></span> <span class='ocrx_word' id='word_1_110' title='bbox 1455 1837 1892 1927; x_wconf 83' lang='lat' dir='ltr'><strong>parificantur</strong></span> <span class='ocrx_word' id='word_1_111' title='bbox 1925 1861 1941 1906; x_wconf 91' lang='lat'>:</span> <span class='ocrx_word' id='word_1_112' title='bbox 1976 1847 2044 1906; x_wconf 87' lang='lat' dir='ltr'><strong>et</strong></span> <span class='ocrx_word' id='word_1_113' title='bbox 2097 1838 2248 1906; x_wconf 89' lang='lat' dir='ltr'><strong>ideo</strong></span> 
     </span>
     <span class='ocr_line' id='line_1_15' title="bbox 705 1935 3916 2038; baseline -0.001 -27"><span class='ocrx_word' id='word_1_114' title='bbox 705 1942 868 2011; x_wconf 88' lang='lat' dir='ltr'><strong>talia</strong></span> <span class='ocrx_word' id='word_1_115' title='bbox 904 1941 1289 2033; x_wconf 84' lang='lat' dir='ltr'><strong>significant</strong></span> <span class='ocrx_word' id='word_1_116' title='bbox 1327 1945 1396 2010; x_wconf 92' lang='lat' dir='ltr'><strong>in</strong></span> <span class='ocrx_word' id='word_1_117' title='bbox 1425 1935 1759 2038; x_wconf 55' lang='lat' dir='ltr'><strong>concreto¹</strong></span> <span class='ocrx_word' id='word_1_118' title='bbox 1788 1946 2149 2014; x_wconf 87' lang='lat' dir='ltr'><strong>essentiam</strong></span> <span class='ocrx_word' id='word_1_119' title='bbox 2180 1946 2249 2013; x_wconf 93' lang='lat' dir='ltr'><strong>in</strong></span> <span class='ocrx_word' id='word_1_120' title='bbox 2446 1941 2708 2009; x_wconf 91' lang='lat' dir='ltr'><strong>Deinde</strong></span> <span class='ocrx_word' id='word_1_121' title='bbox 2739 1940 3068 2032; x_wconf 86' lang='lat' dir='ltr'><strong>quaeritur</strong></span> <span class='ocrx_word' id='word_1_122' title='bbox 3121 1938 3206 2007; x_wconf 86' lang='lat' dir='ltr'><strong>de</strong></span> <span class='ocrx_word' id='word_1_123' title='bbox 3271 1936 3428 2024; x_wconf 87' lang='lat' dir='ltr'><strong>hoc,</strong></span> <span class='ocrx_word' id='word_1_124' title='bbox 3492 1964 3526 2003; x_wconf 72' lang='grc' dir='ltr'><em>α</em></span> <span class='ocrx_word' id='word_1_125' title='bbox 3569 1940 3723 2007; x_wconf 85' lang='lat' dir='ltr'><strong>Non</strong></span> <span class='ocrx_word' id='word_1_126' title='bbox 3786 1947 3916 2007; x_wconf 76' lang='lat' dir='ltr'><strong>tres</strong></span> 
     </span>
     <span class='ocr_line' id='line_1_16' title="bbox 705 2048 3598 2145; baseline -0.003 -25"><span class='ocrx_word' id='word_1_127' title='bbox 705 2048 1012 2142; x_wconf 88' lang='lat' dir='ltr'><strong>obliquo,</strong></span> <span class='ocrx_word' id='word_1_128' title='bbox 1046 2057 1114 2118; x_wconf 88' lang='lat' dir='ltr'><strong>et</strong></span> <span class='ocrx_word' id='word_1_129' title='bbox 1141 2072 1465 2141; x_wconf 85' lang='lat' dir='ltr'><strong>personas</strong></span> <span class='ocrx_word' id='word_1_130' title='bbox 1494 2051 1566 2119; x_wconf 92' lang='lat' dir='ltr'><strong>in</strong></span> <span class='ocrx_word' id='word_1_131' title='bbox 1597 2060 1780 2121; x_wconf 87' lang='lat' dir='ltr'><strong>recto</strong></span> <span class='ocrx_word' id='word_1_132' title='bbox 1803 2051 1832 2121; x_wconf 67' lang='grc' dir='ltr'><strong>’τ</strong></span> <span class='ocrx_word' id='word_1_133' title='bbox 1868 2059 1936 2122; x_wconf 89' lang='lat' dir='ltr'><strong>et</strong></span> <span class='ocrx_word' id='word_1_134' title='bbox 1977 2052 2247 2145; x_wconf 86' lang='lat' dir='ltr'><strong>quando</strong></span> <span class='ocrx_word' id='word_1_135' title='bbox 2358 2050 2622 2140; x_wconf 74' lang='lat' dir='ltr'><strong>maqm&#39;,</strong></span> <span class='ocrx_word' id='word_1_136' title='bbox 2653 2048 2778 2118; x_wconf 80' lang='lat' dir='ltr'><strong>sed</strong></span> <span class='ocrx_word' id='word_1_137' title='bbox 2801 2071 2983 2116; x_wconf 81' lang='lat' dir='ltr'><strong>unus</strong></span> <span class='ocrx_word' id='word_1_138' title='bbox 3016 2069 3342 2139; x_wconf 73' lang='lat' dir='ltr'><strong>maynuS,</strong></span> <span class='ocrx_word' id='word_1_139' title='bbox 3386 2052 3515 2114; x_wconf 88' lang='lat' dir='ltr'><strong>etc.</strong></span> <span class='ocrx_word' id='word_1_140' title='bbox 3564 2070 3598 2112; x_wconf 62' lang='grc' dir='ltr'><strong>υ</strong></span> 
     </span>
     <span class='ocr_line' id='line_1_17' title="bbox 702 2150 3920 2251; baseline -0.002 -25"><span class='ocrx_word' id='word_1_141' title='bbox 702 2157 1036 2226; x_wconf 77' lang='lat' dir='ltr'><strong>abstracte</strong></span> <span class='ocrx_word' id='word_1_142' title='bbox 1063 2156 1555 2247; x_wconf 81' lang='lat' dir='ltr'><strong>significantur,</strong></span> <span class='ocrx_word' id='word_1_143' title='bbox 1626 2161 1960 2251; x_wconf 85' lang='lat' dir='ltr'><strong>contingit</strong></span> <span class='ocrx_word' id='word_1_144' title='bbox 1988 2183 2024 2229; x_wconf 89' lang='lat' dir='ltr'><strong>e</strong></span> <span class='ocrx_word' id='word_1_145' title='bbox 2081 2183 2251 2229; x_wconf 88' lang='lat' dir='ltr'><strong>c-on-</strong></span> <span class='ocrx_word' id='word_1_146' title='bbox 2447 2158 2671 2250; x_wconf 86' lang='lat' dir='ltr'><strong>Supra</strong></span> <span class='ocrx_word' id='word_1_147' title='bbox 2711 2156 2896 2226; x_wconf 87' lang='lat' dir='ltr'><strong>enim</strong></span> <span class='ocrx_word' id='word_1_148' title='bbox 2926 2178 3332 2240; x_wconf 88' lang='lat' dir='ltr'><strong>concessum</strong></span> <span class='ocrx_word' id='word_1_149' title='bbox 3363 2162 3465 2223; x_wconf 88' lang='lat' dir='ltr'><strong>est</strong></span> <span class='ocrx_word' id='word_1_150' title='bbox 3489 2150 3538 2234; x_wconf 74' lang='lat'><strong>³,</strong></span> <span class='ocrx_word' id='word_1_151' title='bbox 3580 2153 3766 2245; x_wconf 90' lang='lat' dir='ltr'><strong>quod</strong></span> <span class='ocrx_word' id='word_1_152' title='bbox 3791 2153 3920 2221; x_wconf 91' lang='lat' dir='ltr'><strong>ad-</strong></span> 
     </span>
     <span class='ocr_line' id='line_1_18' title="bbox 700 2261 3914 2358; baseline -0.001 -25"><span class='ocrx_word' id='word_1_153' title='bbox 700 2286 926 2344; x_wconf 86' lang='lat' dir='ltr'><strong>verso,</strong></span> <span class='ocrx_word' id='word_1_154' title='bbox 960 2272 1038 2333; x_wconf 92' lang='lat' dir='ltr'><strong>ut</strong></span> <span class='ocrx_word' id='word_1_155' title='bbox 1063 2286 1266 2355; x_wconf 86' lang='lat' dir='ltr'><strong>supra</strong></span> <span class='ocrx_word' id='word_1_156' title='bbox 1295 2264 1823 2334; x_wconf 88' lang='lat' dir='ltr'><strong>determinatum</strong></span> <span class='ocrx_word' id='word_1_157' title='bbox 1851 2275 1956 2335; x_wconf 87' lang='lat' dir='ltr'><strong>est</strong></span> <span class='ocrx_word' id='word_1_158' title='bbox 1975 2267 2020 2335; x_wconf 87' lang='lat'><strong>¹.</strong></span> <span class='ocrx_word' id='word_1_159' title='bbox 2347 2268 2599 2358; x_wconf 87' lang='lat' dir='ltr'><strong>jectiva</strong></span> <span class='ocrx_word' id='word_1_160' title='bbox 2618 2273 2907 2358; x_wconf 88' lang='lat' dir='ltr'><strong>possunt</strong></span> <span class='ocrx_word' id='word_1_161' title='bbox 2932 2262 3472 2334; x_wconf 86' lang='lat' dir='ltr'><strong>substantialiter</strong></span> <span class='ocrx_word' id='word_1_162' title='bbox 3493 2261 3576 2330; x_wconf 88' lang='lat' dir='ltr'><strong>de</strong></span> <span class='ocrx_word' id='word_1_163' title='bbox 3606 2262 3914 2353; x_wconf 83' lang='lat' dir='ltr'><strong>personis</strong></span> 
     </span>
     <span class='ocr_line' id='line_1_19' title="bbox 434 2368 3909 2469; baseline 0 -32"><span class='ocrx_word' id='word_1_164' title='bbox 434 2414 526 2461; x_wconf 42' lang='lat' dir='ltr'><strong>Ad·</strong></span> <span class='ocrx_word' id='word_1_165' title='bbox 549 2415 591 2460; x_wconf 49' lang='grc' dir='ltr'>ι</span> <span class='ocrx_word' id='word_1_166' title='bbox 788 2370 893 2437; x_wconf 84' lang='lat' dir='ltr'><strong>An</strong></span> <span class='ocrx_word' id='word_1_167' title='bbox 938 2391 1136 2437; x_wconf 57' lang='lat' dir='ltr'><strong>amun</strong></span> <span class='ocrx_word' id='word_1_168' title='bbox 1166 2368 1527 2437; x_wconf 90' lang='lat' dir='ltr'><strong>dicendum</strong></span> <span class='ocrx_word' id='word_1_169' title='bbox 1558 2378 1683 2451; x_wconf 90' lang='lat' dir='ltr'><strong>est,</strong></span> <span class='ocrx_word' id='word_1_170' title='bbox 1735 2371 1921 2461; x_wconf 90' lang='lat' dir='ltr'><strong>quod</strong></span> <span class='ocrx_word' id='word_1_171' title='bbox 1957 2394 2247 2462; x_wconf 91' lang='lat' dir='ltr'><strong>persona</strong></span> <span class='ocrx_word' id='word_1_172' title='bbox 2352 2376 2706 2469; x_wconf 83' lang='lat' dir='ltr'><strong>praedicari</strong></span> <span class='ocrx_word' id='word_1_173' title='bbox 2745 2398 2761 2446; x_wconf 69' lang='grc' dir='ltr'>ε</span> <span class='ocrx_word' id='word_1_174' title='bbox 2796 2382 2865 2444; x_wconf 86' lang='lat' dir='ltr'><strong>et</strong></span> <span class='ocrx_word' id='word_1_175' title='bbox 2898 2375 2994 2442; x_wconf 90' lang='lat' dir='ltr'><strong>ibi</strong></span> <span class='ocrx_word' id='word_1_176' title='bbox 3032 2381 3195 2442; x_wconf 90' lang='lat' dir='ltr'><strong>sunt</strong></span> <span class='ocrx_word' id='word_1_177' title='bbox 3243 2394 3495 2440; x_wconf 86' lang='lat' dir='ltr'><strong>novem</strong></span> <span class='ocrx_word' id='word_1_178' title='bbox 3551 2370 3909 2462; x_wconf 83' lang='lat' dir='ltr'><strong>assignatae</strong></span> 
     </span>
    </p>
   </div>
   <div class='ocr_carea' id='block_1_4' title="bbox 703 2475 3914 2677">
    <p class='ocr_par' dir='ltr' id='par_1_4' title="bbox 703 2475 3914 2677">
     <span class='ocr_line' id='line_1_20' title="bbox 703 2475 3913 2571; baseline 0 -25"><span class='ocrx_word' id='word_1_179' title='bbox 703 2477 868 2546; x_wconf 90' lang='lat' dir='ltr'><strong>dicit</strong></span> <span class='ocrx_word' id='word_1_180' title='bbox 924 2475 1321 2546; x_wconf 85' lang='lat' dir='ltr'><strong>relationem</strong></span> <span class='ocrx_word' id='word_1_181' title='bbox 1381 2479 1451 2546; x_wconf 92' lang='lat' dir='ltr'><strong>in</strong></span> <span class='ocrx_word' id='word_1_182' title='bbox 1525 2480 1905 2570; x_wconf 90' lang='lat' dir='ltr'><strong>supposito,</strong></span> <span class='ocrx_word' id='word_1_183' title='bbox 1963 2479 2123 2550; x_wconf 88' lang='lat' dir='ltr'><strong>licet</strong></span> <span class='ocrx_word' id='word_1_184' title='bbox 2177 2482 2247 2548; x_wconf 94' lang='lat' dir='ltr'><strong>in</strong></span> <span class='ocrx_word' id='word_1_185' title='bbox 2355 2486 2677 2555; x_wconf 87' lang='lat' dir='ltr'><strong>rationes.</strong></span> <span class='ocrx_word' id='word_1_186' title='bbox 2710 2484 2796 2553; x_wconf 91' lang='lat' dir='ltr'><strong>Et</strong></span> <span class='ocrx_word' id='word_1_187' title='bbox 2825 2483 2981 2553; x_wconf 87' lang='lat' dir='ltr'><strong>idco</strong></span> <span class='ocrx_word' id='word_1_188' title='bbox 3013 2481 3128 2551; x_wconf 87' lang='lat' dir='ltr'><strong>hic</strong></span> <span class='ocrx_word' id='word_1_189' title='bbox 3156 2479 3521 2551; x_wconf 90' lang='lat' dir='ltr'><strong>dicendum</strong></span> <span class='ocrx_word' id='word_1_190' title='bbox 3543 2479 3726 2571; x_wconf 88' lang='lat' dir='ltr'><strong>quod</strong></span> <span class='ocrx_word' id='word_1_191' title='bbox 3765 2480 3820 2548; x_wconf 89' lang='lat' dir='ltr'><strong>si</strong></span> <span class='ocrx_word' id='word_1_192' title='bbox 3840 2478 3913 2571; x_wconf 79' lang='lat' dir='ltr'><strong>ly</strong></span> 
     </span>
     <span class='ocr_line' id='line_1_21' title="bbox 703 2581 3914 2677; baseline 0.001 -27"><span class='ocrx_word' id='word_1_193' title='bbox 703 2581 908 2650; x_wconf 89' lang='lat' dir='ltr'><strong>modo</strong></span> <span class='ocrx_word' id='word_1_194' title='bbox 939 2582 1366 2673; x_wconf 72' lang='lat' dir='ltr'><strong>significandi</strong></span> <span class='ocrx_word' id='word_1_195' title='bbox 1390 2605 1528 2652; x_wconf 90' lang='lat' dir='ltr'><strong>non</strong></span> <span class='ocrx_word' id='word_1_196' title='bbox 1558 2584 1901 2675; x_wconf 85' lang='lat' dir='ltr'><strong>importet,</strong></span> <span class='ocrx_word' id='word_1_197' title='bbox 1935 2586 2055 2655; x_wconf 90' lang='lat' dir='ltr'><strong>sed</strong></span> <span class='ocrx_word' id='word_1_198' title='bbox 2081 2586 2249 2655; x_wconf 87' lang='lat' dir='ltr'><strong>sub·</strong></span> <span class='ocrx_word' id='word_1_199' title='bbox 2354 2602 2489 2661; x_wconf 84' lang='lat' dir='ltr'><strong>tres</strong></span> <span class='ocrx_word' id='word_1_200' title='bbox 2525 2595 2613 2660; x_wconf 90' lang='lat' dir='ltr'><strong>sit</strong></span> <span class='ocrx_word' id='word_1_201' title='bbox 2658 2589 3039 2661; x_wconf 88' lang='lat' dir='ltr'><strong>substantia</strong></span> <span class='ocrx_word' id='word_1_202' title='bbox 3076 2596 3374 2669; x_wconf 89' lang='lat' dir='ltr'><strong>tantum,</strong></span> <span class='ocrx_word' id='word_1_203' title='bbox 3440 2593 3507 2655; x_wconf 86' lang='lat' dir='ltr'><strong>et</strong></span> <span class='ocrx_word' id='word_1_204' title='bbox 3545 2585 3618 2677; x_wconf 82' lang='lat' dir='ltr'><strong>ly</strong></span> <span class='ocrx_word' id='word_1_205' title='bbox 3673 2587 3914 2676; x_wconf 75' lang='lat' dir='ltr'><strong>maqm‘</strong></span> 
     </span>
    </p>
   </div>
   <div class='ocr_carea' id='block_1_5' title="bbox 444 2689 3917 3217">
    <p class='ocr_par' dir='ltr' id='par_1_5' title="bbox 704 2689 3910 2791">
     <span class='ocr_line' id='line_1_22' title="bbox 704 2689 3910 2791; baseline -0.001 -25"><span class='ocrx_word' id='word_1_206' title='bbox 704 2689 1052 2757; x_wconf 69' lang='grc' dir='ltr'><strong>81110ίί8111·</strong></span> <span class='ocrx_word' id='word_1_207' title='bbox 2355 2701 2794 2791; x_wconf 82' lang='lat' dir='ltr'><strong>adjectivum,</strong></span> <span class='ocrx_word' id='word_1_208' title='bbox 2835 2695 3020 2789; x_wconf 89' lang='lat' dir='ltr'><strong>quod</strong></span> <span class='ocrx_word' id='word_1_209' title='bbox 3055 2702 3349 2789; x_wconf 85' lang='lat' dir='ltr'><strong>possunt</strong></span> <span class='ocrx_word' id='word_1_210' title='bbox 3374 2701 3541 2764; x_wconf 88' lang='lat' dir='ltr'><strong>tunc</strong></span> <span class='ocrx_word' id='word_1_211' title='bbox 3587 2693 3718 2763; x_wconf 84' lang='lat' dir='ltr'><strong>dici</strong></span> <span class='ocrx_word' id='word_1_212' title='bbox 3775 2701 3910 2762; x_wconf 84' lang='lat' dir='ltr'><strong>tres</strong></span> 
     </span>
    </p>

    <p class='ocr_par' dir='ltr' id='par_1_6' title="bbox 444 2797 3917 3217">
     <span class='ocr_line' id='line_1_23' title="bbox 444 2797 3915 2899; baseline 0 -31"><span class='ocrx_word' id='word_1_213' title='bbox 444 2821 526 2874; x_wconf 58' lang='lat' dir='ltr'><strong>Aa</strong></span> <span class='ocrx_word' id='word_1_214' title='bbox 548 2832 591 2873; x_wconf 67' lang='grc'><strong>4.</strong></span> <span class='ocrx_word' id='word_1_215' title='bbox 786 2797 894 2866; x_wconf 84' lang='lat' dir='ltr'><strong>An</strong></span> <span class='ocrx_word' id='word_1_216' title='bbox 921 2820 1122 2867; x_wconf 66' lang='lat' dir='ltr'><strong>aum)</strong></span> <span class='ocrx_word' id='word_1_217' title='bbox 1151 2806 1375 2890; x_wconf 88' lang='lat' dir='ltr'><strong>potest</strong></span> <span class='ocrx_word' id='word_1_218' title='bbox 1407 2797 1565 2878; x_wconf 89' lang='lat' dir='ltr'><strong>dici,</strong></span> <span class='ocrx_word' id='word_1_219' title='bbox 1625 2799 1812 2891; x_wconf 88' lang='lat' dir='ltr'><strong>quod</strong></span> <span class='ocrx_word' id='word_1_220' title='bbox 1876 2801 1947 2868; x_wconf 92' lang='lat' dir='ltr'><strong>in</strong></span> <span class='ocrx_word' id='word_1_221' title='bbox 1997 2799 2246 2870; x_wconf 89' lang='lat' dir='ltr'><strong>divinis</strong></span> <span class='ocrx_word' id='word_1_222' title='bbox 2357 2809 2596 2899; x_wconf 84' lang='lat' dir='ltr'><strong>magni·</strong></span> <span class='ocrx_word' id='word_1_223' title='bbox 2629 2831 2645 2877; x_wconf 74' lang='grc' dir='ltr'><strong><em>ε</em></strong></span> <span class='ocrx_word' id='word_1_224' title='bbox 2688 2807 2852 2898; x_wconf 86' lang='lat' dir='ltr'><strong>quia</strong></span> <span class='ocrx_word' id='word_1_225' title='bbox 2884 2812 3051 2874; x_wconf 89' lang='lat' dir='ltr'><strong>tunc</strong></span> <span class='ocrx_word' id='word_1_226' title='bbox 3089 2823 3457 2872; x_wconf 83' lang='lat' dir='ltr'><strong>numerum</strong></span> <span class='ocrx_word' id='word_1_227' title='bbox 3489 2808 3915 2869; x_wconf 86' lang='lat' dir='ltr'><strong>sumctasuo</strong></span> 
     </span>
     <span class='ocr_line' id='line_1_24' title="bbox 701 2905 3917 3005; baseline -0.002 -18"><span class='ocrx_word' id='word_1_228' title='bbox 701 2928 841 2974; x_wconf 92' lang='lat' dir='ltr'><strong>non</strong></span> <span class='ocrx_word' id='word_1_229' title='bbox 897 2913 1000 2975; x_wconf 69' lang='lat'><strong>0⁸2</strong></span> <span class='ocrx_word' id='word_1_230' title='bbox 1048 2905 1377 2988; x_wconf 65' lang='lat' dir='ltr'><strong>accidens,</strong></span> <span class='ocrx_word' id='word_1_231' title='bbox 1419 2906 1581 2998; x_wconf 66' lang='grc'><strong>(11118</strong></span> <span class='ocrx_word' id='word_1_232' title='bbox 1643 2907 1869 2998; x_wconf 67' lang='lat' dir='ltr'><strong>quoad</strong></span> <span class='ocrx_word' id='word_1_233' title='bbox 1932 2916 2245 2978; x_wconf 68' lang='lat' dir='ltr'><strong>naturam</strong></span> <span class='ocrx_word' id='word_1_234' title='bbox 2358 2916 2784 2987; x_wconf 87' lang='lat' dir='ltr'><strong>substantivo</strong></span> <span class='ocrx_word' id='word_1_235' title='bbox 2820 2938 2837 2984; x_wconf 71' lang='grc' dir='ltr'><strong><em>ε</em></strong></span> <span class='ocrx_word' id='word_1_236' title='bbox 2880 2912 2999 2982; x_wconf 87' lang='lat' dir='ltr'><strong>sed</strong></span> <span class='ocrx_word' id='word_1_237' title='bbox 3044 2911 3478 3005; x_wconf 81' lang='lat' dir='ltr'><strong>Augustinus</strong></span> <span class='ocrx_word' id='word_1_238' title='bbox 3525 2910 3768 3001; x_wconf 90' lang='lat' dir='ltr'><strong>accipit</strong></span> <span class='ocrx_word' id='word_1_239' title='bbox 3804 2907 3917 2979; x_wconf 84' lang='lat' dir='ltr'><strong>hic</strong></span> 
     </span>
     <span class='ocr_line' id='line_1_25' title="bbox 700 3012 3912 3118; baseline 0.001 -36"><span class='ocrx_word' id='word_1_240' title='bbox 700 3012 1203 3105; x_wconf 79' lang='lat' dir='ltr'><strong>praedicamenti</strong></span> <span class='ocrx_word' id='word_1_241' title='bbox 1273 3013 1622 3083; x_wconf 87' lang='lat' dir='ltr'><strong>relationis</strong></span> <span class='ocrx_word' id='word_1_242' title='bbox 1677 3036 1818 3083; x_wconf 92' lang='lat' dir='ltr'><strong>non</strong></span> <span class='ocrx_word' id='word_1_243' title='bbox 1877 3016 2120 3086; x_wconf 86' lang='lat' dir='ltr'><strong>retinet</strong></span> <span class='ocrx_word' id='word_1_244' title='bbox 2174 3019 2243 3087; x_wconf 88' lang='lat' dir='ltr'><strong>in</strong></span> <span class='ocrx_word' id='word_1_245' title='bbox 2356 3026 2427 3118; x_wconf 82' lang='lat' dir='ltr'><strong>ly</strong></span> <span class='ocrx_word' id='word_1_246' title='bbox 2456 3023 2698 3115; x_wconf 75' lang='lat' dir='ltr'><strong>maqm‘</strong></span> <span class='ocrx_word' id='word_1_247' title='bbox 2737 3020 3185 3100; x_wconf 84' lang='lat' dir='ltr'><strong>substantive,</strong></span> <span class='ocrx_word' id='word_1_248' title='bbox 3219 3025 3288 3088; x_wconf 86' lang='lat' dir='ltr'><strong>et</strong></span> <span class='ocrx_word' id='word_1_249' title='bbox 3331 3019 3403 3110; x_wconf 82' lang='lat' dir='ltr'><strong>ly</strong></span> <span class='ocrx_word' id='word_1_250' title='bbox 3451 3027 3582 3086; x_wconf 78' lang='lat' dir='ltr'><strong>tres</strong></span> <span class='ocrx_word' id='word_1_251' title='bbox 3631 3016 3912 3108; x_wconf 88' lang='lat' dir='ltr'><strong>adjecti-</strong></span> 
     </span>
     <span class='ocr_line' id='line_1_26' title="bbox 696 3124 3530 3217; baseline 0 -25"><span class='ocrx_word' id='word_1_252' title='bbox 696 3124 946 3192; x_wconf 83' lang='lat' dir='ltr'><strong>divinis</strong></span> <span class='ocrx_word' id='word_1_253' title='bbox 977 3124 1262 3193; x_wconf 89' lang='lat' dir='ltr'><strong>modum</strong></span> <span class='ocrx_word' id='word_1_254' title='bbox 1313 3124 1719 3217; x_wconf 68' lang='lat' dir='ltr'><strong>predicandi</strong></span> <span class='ocrx_word' id='word_1_255' title='bbox 1778 3125 2015 3197; x_wconf 87' lang='lat' dir='ltr'><strong>relatio</strong></span> <span class='ocrx_word' id='word_1_256' title='bbox 2050 3150 2068 3198; x_wconf 77' lang='grc' dir='ltr'><strong><em>ε</em></strong></span> <span class='ocrx_word' id='word_1_257' title='bbox 2127 3131 2245 3200; x_wconf 85' lang='lat' dir='ltr'><strong>scd</strong></span> <span class='ocrx_word' id='word_1_258' title='bbox 2354 3156 2438 3203; x_wconf 86' lang='lat' dir='ltr'><strong>ve</strong></span> <span class='ocrx_word' id='word_1_259' title='bbox 2484 3156 2500 3203; x_wconf 75' lang='grc' dir='ltr'>ε</span> <span class='ocrx_word' id='word_1_260' title='bbox 2535 3139 2604 3202; x_wconf 86' lang='lat' dir='ltr'><strong>et</strong></span> <span class='ocrx_word' id='word_1_261' title='bbox 2639 3130 2876 3201; x_wconf 86' lang='lat' dir='ltr'><strong>eadem</strong></span> <span class='ocrx_word' id='word_1_262' title='bbox 2907 3126 3082 3198; x_wconf 86' lang='lat' dir='ltr'><strong>ratio</strong></span> <span class='ocrx_word' id='word_1_263' title='bbox 3112 3134 3217 3197; x_wconf 83' lang='lat' dir='ltr'><strong>est</strong></span> <span class='ocrx_word' id='word_1_264' title='bbox 3242 3125 3328 3196; x_wconf 85' lang='lat' dir='ltr'><strong>de</strong></span> <span class='ocrx_word' id='word_1_265' title='bbox 3356 3124 3530 3196; x_wconf 84' lang='lat' dir='ltr'><strong>aliis.</strong></span> 
     </span>
    </p>
   </div>
   <div class='ocr_carea' id='block_1_6' title="bbox 689 3599 3911 3836">
    <p class='ocr_par' dir='ltr' id='par_1_7' title="bbox 689 3599 3911 3836">
     <span class='ocr_line' id='line_1_27' title="bbox 689 3599 3911 3703; baseline 0.001 -29"><span class='ocrx_word' id='word_1_266' title='bbox 689 3600 767 3675; x_wconf 83' lang='lat' dir='ltr'><strong>F.</strong></span> <span class='ocrx_word' id='word_1_267' title='bbox 817 3599 1042 3692; x_wconf 74' lang='lat' dir='ltr'><strong>Quod</strong></span> <span class='ocrx_word' id='word_1_268' title='bbox 1073 3602 1285 3679; x_wconf 72' lang='lat' dir='ltr'><strong>Deus</strong></span> <span class='ocrx_word' id='word_1_269' title='bbox 1339 3626 1663 3702; x_wconf 64' lang='lat' dir='ltr'><strong>”taynus</strong></span> <span class='ocrx_word' id='word_1_270' title='bbox 1699 3608 1816 3677; x_wconf 82' lang='lat' dir='ltr'><strong>est</strong></span> <span class='ocrx_word' id='word_1_271' title='bbox 1843 3627 1934 3680; x_wconf 81' lang='lat' dir='ltr'><strong>ea</strong></span> <span class='ocrx_word' id='word_1_272' title='bbox 1971 3601 2505 3703; x_wconf 70' lang='lat' dir='ltr'><strong>maynitudt‘ne</strong></span> <span class='ocrx_word' id='word_1_273' title='bbox 2539 3626 2692 3702; x_wconf 81' lang='lat' dir='ltr'><strong>qua</strong></span> <span class='ocrx_word' id='word_1_274' title='bbox 2739 3601 2957 3677; x_wconf 68' lang='lat' dir='ltr'><strong>Deus</strong></span> <span class='ocrx_word' id='word_1_275' title='bbox 3001 3606 3116 3677; x_wconf 78' lang='lat' dir='ltr'><strong>est</strong></span> <span class='ocrx_word' id='word_1_276' title='bbox 3150 3627 3179 3676; x_wconf 90' lang='lat'><strong>.·</strong></span> <span class='ocrx_word' id='word_1_277' title='bbox 3232 3601 3347 3676; x_wconf 76' lang='lat' dir='ltr'><strong>sic</strong></span> <span class='ocrx_word' id='word_1_278' title='bbox 3405 3600 3501 3676; x_wconf 83' lang='lat' dir='ltr'><strong>de</strong></span> <span class='ocrx_word' id='word_1_279' title='bbox 3550 3599 3911 3696; x_wconf 79' lang='lat' dir='ltr'><strong>bonitate,</strong></span> 
     </span>
     <span class='ocr_line' id='line_1_28' title="bbox 1158 3732 3423 3836; baseline 0 -27"><span class='ocrx_word' id='word_1_280' title='bbox 1158 3742 1231 3810; x_wconf 83' lang='lat' dir='ltr'><strong>el</strong></span> <span class='ocrx_word' id='word_1_281' title='bbox 1267 3734 1362 3810; x_wconf 80' lang='lat' dir='ltr'><strong>de</strong></span> <span class='ocrx_word' id='word_1_282' title='bbox 1399 3732 1757 3811; x_wconf 66' lang='lat' dir='ltr'><strong>omuibus</strong></span> <span class='ocrx_word' id='word_1_283' title='bbox 1799 3761 1971 3836; x_wconf 79' lang='lat' dir='ltr'><strong>quae</strong></span> <span class='ocrx_word' id='word_1_284' title='bbox 2019 3734 2438 3812; x_wconf 75' lang='lat' dir='ltr'><strong>secwtdum</strong></span> <span class='ocrx_word' id='word_1_285' title='bbox 2477 3732 2983 3812; x_wconf 73' lang='lat' dir='ltr'><strong>substantiam</strong></span> <span class='ocrx_word' id='word_1_286' title='bbox 3029 3733 3423 3811; x_wconf 77' lang='lat' dir='ltr'><strong>dicuntur.</strong></span> 
     </span>
    </p>
   </div>
   <div class='ocr_carea' id='block_1_7' title="bbox 679 4071 3914 5397">
    <p class='ocr_par' dir='ltr' id='par_1_8' title="bbox 679 4071 3914 5397">
     <span class='ocr_line' id='line_1_29' title="bbox 781 4071 3904 4174; baseline 0 -27"><span class='ocrx_word' id='word_1_287' title='bbox 781 4076 988 4151; x_wconf 70' lang='lat' dir='ltr'><strong>Dens</strong></span> <span class='ocrx_word' id='word_1_288' title='bbox 1062 4076 1268 4149; x_wconf 73' lang='lat' dir='ltr'><strong>enim</strong></span> <span class='ocrx_word' id='word_1_289' title='bbox 1330 4099 1481 4149; x_wconf 91' lang='lat' dir='ltr'><strong>non</strong></span> <span class='ocrx_word' id='word_1_290' title='bbox 1554 4086 1671 4151; x_wconf 85' lang='lat' dir='ltr'><strong>est</strong></span> <span class='ocrx_word' id='word_1_291' title='bbox 1743 4099 2072 4174; x_wconf 90' lang='lat' dir='ltr'><strong>magnus</strong></span> <span class='ocrx_word' id='word_1_292' title='bbox 2121 4100 2213 4153; x_wconf 89' lang='lat' dir='ltr'><strong>ea</strong></span> <span class='ocrx_word' id='word_1_293' title='bbox 2270 4075 2802 4174; x_wconf 81' lang='lat' dir='ltr'><strong>magnitudine</strong></span> <span class='ocrx_word' id='word_1_294' title='bbox 2842 4097 3021 4174; x_wconf 79' lang='lat' dir='ltr'><strong>quae</strong></span> <span class='ocrx_word' id='word_1_295' title='bbox 3092 4096 3246 4148; x_wconf 92' lang='lat' dir='ltr'><strong>non</strong></span> <span class='ocrx_word' id='word_1_296' title='bbox 3290 4081 3408 4149; x_wconf 89' lang='lat' dir='ltr'><strong>est</strong></span> <span class='ocrx_word' id='word_1_297' title='bbox 3458 4071 3664 4171; x_wconf 84' lang='lat' dir='ltr'><strong>quod</strong></span> <span class='ocrx_word' id='word_1_298' title='bbox 3709 4071 3904 4172; x_wconf 89' lang='lat' dir='ltr'><strong>ipse,</strong></span> 
     </span>
     <span class='ocr_line' id='line_1_30' title="bbox 679 4192 3899 4310; baseline -0.001 -25"><span class='ocrx_word' id='word_1_299' title='bbox 679 4219 762 4285; x_wconf 90' lang='lat' dir='ltr'><strong>ut</strong></span> <span class='ocrx_word' id='word_1_300' title='bbox 800 4192 1019 4307; x_wconf 85' lang='lat' dir='ltr'><strong>quasi</strong></span> <span class='ocrx_word' id='word_1_301' title='bbox 1091 4210 1474 4309; x_wconf 83' lang='lat' dir='ltr'><strong>particeps</strong></span> <span class='ocrx_word' id='word_1_302' title='bbox 1549 4208 1717 4306; x_wconf 89' lang='lat' dir='ltr'><strong>ejus</strong></span> <span class='ocrx_word' id='word_1_303' title='bbox 1792 4210 1884 4285; x_wconf 91' lang='lat' dir='ltr'><strong>sit</strong></span> <span class='ocrx_word' id='word_1_304' title='bbox 1934 4235 1952 4287; x_wconf 70' lang='grc' dir='ltr'><strong><em>ε</em></strong></span> <span class='ocrx_word' id='word_1_305' title='bbox 2015 4211 2359 4310; x_wconf 89' lang='lat' dir='ltr'><strong>alioquin</strong></span> <span class='ocrx_word' id='word_1_306' title='bbox 2425 4209 2671 4309; x_wconf 87' lang='lat' dir='ltr'><strong>major</strong></span> <span class='ocrx_word' id='word_1_307' title='bbox 2717 4220 2919 4287; x_wconf 88' lang='lat' dir='ltr'><strong>essct</strong></span> <span class='ocrx_word' id='word_1_308' title='bbox 2991 4208 3126 4284; x_wconf 83' lang='lat' dir='ltr'><strong>illa</strong></span> <span class='ocrx_word' id='word_1_309' title='bbox 3168 4206 3621 4306; x_wconf 85' lang='lat' dir='ltr'><strong>magnitudo</strong></span> <span class='ocrx_word' id='word_1_310' title='bbox 3668 4230 3899 4307; x_wconf 88' lang='lat' dir='ltr'><strong>quam</strong></span> 
     </span>
     <span class='ocr_line' id='line_1_31' title="bbox 681 4342 3905 4445; baseline 0 -28"><span class='ocrx_word' id='word_1_311' title='bbox 681 4343 918 4419; x_wconf 86' lang='lat' dir='ltr'><strong>Deus.</strong></span> <span class='ocrx_word' id='word_1_312' title='bbox 999 4343 1159 4419; x_wconf 82' lang='lat' dir='ltr'><strong>Deo</strong></span> <span class='ocrx_word' id='word_1_313' title='bbox 1228 4355 1484 4420; x_wconf 89' lang='lat' dir='ltr'><strong>autem</strong></span> <span class='ocrx_word' id='word_1_314' title='bbox 1556 4368 1707 4419; x_wconf 91' lang='lat' dir='ltr'><strong>non</strong></span> <span class='ocrx_word' id='word_1_315' title='bbox 1769 4355 1884 4420; x_wconf 89' lang='lat' dir='ltr'><strong>est</strong></span> <span class='ocrx_word' id='word_1_316' title='bbox 1950 4345 2241 4445; x_wconf 87' lang='lat' dir='ltr'><strong>aliquid</strong></span> <span class='ocrx_word' id='word_1_317' title='bbox 2312 4345 2561 4443; x_wconf 87' lang='lat' dir='ltr'><strong>majus</strong></span> <span class='ocrx_word' id='word_1_318' title='bbox 2642 4367 2658 4420; x_wconf 75' lang='grc' dir='ltr'><strong><em>ε</em></strong></span> <span class='ocrx_word' id='word_1_319' title='bbox 2717 4369 2810 4421; x_wconf 89' lang='lat' dir='ltr'><strong>ea</strong></span> <span class='ocrx_word' id='word_1_320' title='bbox 2875 4367 3062 4443; x_wconf 87' lang='lat' dir='ltr'><strong>ergo</strong></span> <span class='ocrx_word' id='word_1_321' title='bbox 3143 4342 3679 4442; x_wconf 83' lang='lat' dir='ltr'><strong>magnitudine</strong></span> <span class='ocrx_word' id='word_1_322' title='bbox 3742 4367 3905 4419; x_wconf 91' lang='lat' dir='ltr'><strong>ma-</strong></span> 
     </span>
     <span class='ocr_line' id='line_1_32' title="bbox 681 4479 3896 4581; baseline 0.001 -28"><span class='ocrx_word' id='word_1_323' title='bbox 681 4504 885 4577; x_wconf 88' lang='lat' dir='ltr'><strong>gnus</strong></span> <span class='ocrx_word' id='word_1_324' title='bbox 957 4491 1097 4576; x_wconf 90' lang='lat' dir='ltr'><strong>est,</strong></span> <span class='ocrx_word' id='word_1_325' title='bbox 1158 4504 1310 4579; x_wconf 88' lang='lat' dir='ltr'><strong>qua</strong></span> <span class='ocrx_word' id='word_1_326' title='bbox 1388 4480 1550 4581; x_wconf 87' lang='lat' dir='ltr'><strong>ipse</strong></span> <span class='ocrx_word' id='word_1_327' title='bbox 1628 4491 1768 4557; x_wconf 87' lang='lat' dir='ltr'><strong>est.</strong></span> <span class='ocrx_word' id='word_1_328' title='bbox 1839 4481 2171 4581; x_wconf 90' lang='lat' dir='ltr'><strong>Ideoque</strong></span> <span class='ocrx_word' id='word_1_329' title='bbox 2241 4505 2380 4557; x_wconf 91' lang='lat' dir='ltr'><strong>nec</strong></span> <span class='ocrx_word' id='word_1_330' title='bbox 2456 4491 2614 4558; x_wconf 88' lang='lat' dir='ltr'><strong>tres</strong></span> <span class='ocrx_word' id='word_1_331' title='bbox 2672 4479 3250 4580; x_wconf 83' lang='lat' dir='ltr'><strong>magnitudines</strong></span> <span class='ocrx_word' id='word_1_332' title='bbox 3334 4479 3695 4575; x_wconf 78' lang='lat' dir='ltr'><strong>dicimuS‚</strong></span> <span class='ocrx_word' id='word_1_333' title='bbox 3764 4480 3896 4557; x_wconf 89' lang='lat' dir='ltr'><strong>sed</strong></span> 
     </span>
     <span class='ocr_line' id='line_1_33' title="bbox 687 4614 3905 4715; baseline 0 -24"><span class='ocrx_word' id='word_1_334' title='bbox 687 4639 920 4691; x_wconf 88' lang='lat' dir='ltr'><strong>unam</strong></span> <span class='ocrx_word' id='word_1_335' title='bbox 982 4616 1588 4714; x_wconf 84' lang='lat' dir='ltr'><strong>magnitudinem</strong></span> <span class='ocrx_word' id='word_1_336' title='bbox 1633 4641 1650 4693; x_wconf 91' lang='lat'>:</span> <span class='ocrx_word' id='word_1_337' title='bbox 1689 4640 1833 4694; x_wconf 90' lang='lat' dir='ltr'><strong>nec</strong></span> <span class='ocrx_word' id='word_1_338' title='bbox 1885 4628 2042 4694; x_wconf 89' lang='lat' dir='ltr'><strong>tres</strong></span> <span class='ocrx_word' id='word_1_339' title='bbox 2096 4640 2441 4715; x_wconf 87' lang='lat' dir='ltr'><strong>magnos,</strong></span> <span class='ocrx_word' id='word_1_340' title='bbox 2486 4617 2620 4693; x_wconf 88' lang='lat' dir='ltr'><strong>sed</strong></span> <span class='ocrx_word' id='word_1_341' title='bbox 2693 4641 2937 4693; x_wconf 91' lang='lat' dir='ltr'><strong>unum</strong></span> <span class='ocrx_word' id='word_1_342' title='bbox 3004 4640 3376 4715; x_wconf 87' lang='lat' dir='ltr'><strong>magnum</strong></span> <span class='ocrx_word' id='word_1_343' title='bbox 3441 4639 3460 4691; x_wconf 73' lang='grc' dir='ltr'>ε</span> <span class='ocrx_word' id='word_1_344' title='bbox 3511 4614 3697 4713; x_wconf 89' lang='lat' dir='ltr'><strong>quia</strong></span> <span class='ocrx_word' id='word_1_345' title='bbox 3754 4640 3905 4691; x_wconf 91' lang='lat' dir='ltr'><strong>non</strong></span> 
     </span>
     <span class='ocr_line' id='line_1_34' title="bbox 684 4750 3910 4854; baseline -0 -25"><span class='ocrx_word' id='word_1_346' title='bbox 684 4750 1266 4854; x_wconf 87' lang='lat' dir='ltr'><strong>participatione</strong></span> <span class='ocrx_word' id='word_1_347' title='bbox 1337 4752 1892 4851; x_wconf 81' lang='lat' dir='ltr'><strong>magnitudinis</strong></span> <span class='ocrx_word' id='word_1_348' title='bbox 1953 4754 2162 4830; x_wconf 89' lang='lat' dir='ltr'><strong>Deus</strong></span> <span class='ocrx_word' id='word_1_349' title='bbox 2229 4778 2558 4852; x_wconf 90' lang='lat' dir='ltr'><strong>magnus</strong></span> <span class='ocrx_word' id='word_1_350' title='bbox 2620 4764 2763 4849; x_wconf 90' lang='lat' dir='ltr'><strong>est,</strong></span> <span class='ocrx_word' id='word_1_351' title='bbox 2852 4753 2987 4831; x_wconf 89' lang='lat' dir='ltr'><strong>sed</strong></span> <span class='ocrx_word' id='word_1_352' title='bbox 3056 4752 3315 4853; x_wconf 91' lang='lat' dir='ltr'><strong>seipso</strong></span> <span class='ocrx_word' id='word_1_353' title='bbox 3398 4775 3685 4850; x_wconf 87' lang='lat' dir='ltr'><strong>magno</strong></span> <span class='ocrx_word' id='word_1_354' title='bbox 3763 4776 3910 4828; x_wconf 91' lang='lat' dir='ltr'><strong>ma·</strong></span> 
     </span>
     <span class='ocr_line' id='line_1_35' title="bbox 683 4887 3903 4989; baseline 0.001 -26"><span class='ocrx_word' id='word_1_355' title='bbox 683 4913 885 4986; x_wconf 88' lang='lat' dir='ltr'><strong>gnus</strong></span> <span class='ocrx_word' id='word_1_356' title='bbox 925 4898 1065 4980; x_wconf 85' lang='lat' dir='ltr'><strong>est,</strong></span> <span class='ocrx_word' id='word_1_357' title='bbox 1145 4887 1326 4988; x_wconf 87' lang='lat' dir='ltr'><strong>quia</strong></span> <span class='ocrx_word' id='word_1_358' title='bbox 1393 4888 1556 4989; x_wconf 88' lang='lat' dir='ltr'><strong>ipse</strong></span> <span class='ocrx_word' id='word_1_359' title='bbox 1619 4898 1736 4965; x_wconf 87' lang='lat' dir='ltr'><strong>est</strong></span> <span class='ocrx_word' id='word_1_360' title='bbox 1775 4913 1920 4965; x_wconf 89' lang='lat' dir='ltr'><strong>sua</strong></span> <span class='ocrx_word' id='word_1_361' title='bbox 1966 4888 2441 4988; x_wconf 75' lang='lat' dir='ltr'><strong>magnitudo,</strong></span> <span class='ocrx_word' id='word_1_362' title='bbox 2491 4891 2603 4965; x_wconf 86' lang='lat' dir='ltr'><strong>lta</strong></span> <span class='ocrx_word' id='word_1_363' title='bbox 2655 4899 2730 4967; x_wconf 88' lang='lat' dir='ltr'><strong>et</strong></span> <span class='ocrx_word' id='word_1_364' title='bbox 2785 4889 2879 4966; x_wconf 86' lang='lat' dir='ltr'><strong>dc</strong></span> <span class='ocrx_word' id='word_1_365' title='bbox 2934 4889 3308 4983; x_wconf 90' lang='lat' dir='ltr'><strong>bonitate,</strong></span> <span class='ocrx_word' id='word_1_366' title='bbox 3342 4897 3419 4965; x_wconf 91' lang='lat' dir='ltr'><strong>et</strong></span> <span class='ocrx_word' id='word_1_367' title='bbox 3448 4888 3903 4979; x_wconf 75' lang='lat' dir='ltr'><strong>aeternitate,</strong></span> 
     </span>
     <span class='ocr_line' id='line_1_36' title="bbox 683 5022 3902 5124; baseline -0.001 -23"><span class='ocrx_word' id='word_1_368' title='bbox 683 5034 759 5101; x_wconf 88' lang='lat' dir='ltr'><strong>et</strong></span> <span class='ocrx_word' id='word_1_369' title='bbox 831 5023 1386 5124; x_wconf 80' lang='lat' dir='ltr'><strong>omnipotentia</strong></span> <span class='ocrx_word' id='word_1_370' title='bbox 1451 5023 1591 5100; x_wconf 90' lang='lat' dir='ltr'><strong>Dei</strong></span> <span class='ocrx_word' id='word_1_371' title='bbox 1659 5023 2077 5100; x_wconf 90' lang='lat' dir='ltr'><strong>dicendum</strong></span> <span class='ocrx_word' id='word_1_372' title='bbox 2152 5035 2293 5119; x_wconf 89' lang='lat' dir='ltr'><strong>est,</strong></span> <span class='ocrx_word' id='word_1_373' title='bbox 2337 5034 2414 5101; x_wconf 87' lang='lat' dir='ltr'><strong>et</strong></span> <span class='ocrx_word' id='word_1_374' title='bbox 2477 5025 2572 5100; x_wconf 89' lang='lat' dir='ltr'><strong>de</strong></span> <span class='ocrx_word' id='word_1_375' title='bbox 2613 5022 2979 5101; x_wconf 88' lang='lat' dir='ltr'><strong>omnibus</strong></span> <span class='ocrx_word' id='word_1_376' title='bbox 3026 5023 3349 5100; x_wconf 90' lang='lat' dir='ltr'><strong>omnino</strong></span> <span class='ocrx_word' id='word_1_377' title='bbox 3389 5045 3567 5122; x_wconf 82' lang='lat' dir='ltr'><strong>quoe</strong></span> <span class='ocrx_word' id='word_1_378' title='bbox 3607 5023 3703 5099; x_wconf 89' lang='lat' dir='ltr'><strong>de</strong></span> <span class='ocrx_word' id='word_1_379' title='bbox 3743 5023 3902 5099; x_wconf 89' lang='lat' dir='ltr'><strong>Deo</strong></span> 
     </span>
     <span class='ocr_line' id='line_1_37' title="bbox 685 5159 3914 5262; baseline -0.001 -26"><span class='ocrx_word' id='word_1_380' title='bbox 685 5171 1010 5262; x_wconf 87' lang='lat' dir='ltr'><strong>possunt</strong></span> <span class='ocrx_word' id='word_1_381' title='bbox 1041 5159 1520 5259; x_wconf 88' lang='lat' dir='ltr'><strong>pronuntiari</strong></span> <span class='ocrx_word' id='word_1_382' title='bbox 1545 5159 2157 5236; x_wconf 89' lang='lat' dir='ltr'><strong>substantialiter</strong></span> <span class='ocrx_word' id='word_1_383' title='bbox 2199 5182 2218 5236; x_wconf 88' lang='lat'>:</span> <span class='ocrx_word' id='word_1_384' title='bbox 2262 5159 2550 5258; x_wconf 89' lang='lat' dir='ltr'><strong>quibus</strong></span> <span class='ocrx_word' id='word_1_385' title='bbox 2588 5159 2681 5236; x_wconf 84' lang='lat' dir='ltr'><strong>ad</strong></span> <span class='ocrx_word' id='word_1_386' title='bbox 2733 5159 3074 5260; x_wconf 89' lang='lat' dir='ltr'><strong>seipsum</strong></span> <span class='ocrx_word' id='word_1_387' title='bbox 3128 5159 3439 5253; x_wconf 89' lang='lat' dir='ltr'><strong>dicitur,</strong></span> <span class='ocrx_word' id='word_1_388' title='bbox 3483 5183 3638 5235; x_wconf 89' lang='lat' dir='ltr'><strong>non</strong></span> <span class='ocrx_word' id='word_1_389' title='bbox 3677 5168 3914 5235; x_wconf 91' lang='lat' dir='ltr'><strong>trans·</strong></span> 
     </span>
     <span class='ocr_line' id='line_1_38' title="bbox 687 5292 3909 5397; baseline -0.001 -25"><span class='ocrx_word' id='word_1_390' title='bbox 687 5297 917 5373; x_wconf 66' lang='lat' dir='ltr'><strong>latire</strong></span> <span class='ocrx_word' id='word_1_391' title='bbox 984 5320 1072 5372; x_wconf 93' lang='lat' dir='ltr'><strong>ac</strong></span> <span class='ocrx_word' id='word_1_392' title='bbox 1112 5320 1249 5395; x_wconf 89' lang='lat' dir='ltr'><strong>per</strong></span> <span class='ocrx_word' id='word_1_393' title='bbox 1287 5292 1905 5391; x_wconf 88' lang='lat' dir='ltr'><strong>similitudinem,</strong></span> <span class='ocrx_word' id='word_1_394' title='bbox 1940 5294 2073 5371; x_wconf 90' lang='lat' dir='ltr'><strong>sed</strong></span> <span class='ocrx_word' id='word_1_395' title='bbox 2105 5295 2413 5397; x_wconf 90' lang='lat' dir='ltr'><strong>proprie</strong></span> <span class='ocrx_word' id='word_1_396' title='bbox 2460 5319 2478 5371; x_wconf 75' lang='grc' dir='ltr'>ε</span> <span class='ocrx_word' id='word_1_397' title='bbox 2525 5295 2590 5371; x_wconf 91' lang='lat' dir='ltr'><strong>si</strong></span> <span class='ocrx_word' id='word_1_398' title='bbox 2633 5305 2887 5372; x_wconf 89' lang='lat' dir='ltr'><strong>tamen</strong></span> <span class='ocrx_word' id='word_1_399' title='bbox 2946 5295 3043 5372; x_wconf 92' lang='lat' dir='ltr'><strong>de</strong></span> <span class='ocrx_word' id='word_1_400' title='bbox 3096 5293 3231 5371; x_wconf 91' lang='lat' dir='ltr'><strong>illo</strong></span> <span class='ocrx_word' id='word_1_401' title='bbox 3270 5293 3581 5395; x_wconf 89' lang='lat' dir='ltr'><strong>proprie</strong></span> <span class='ocrx_word' id='word_1_402' title='bbox 3621 5292 3909 5395; x_wconf 90' lang='lat' dir='ltr'><strong>aliquid</strong></span> 
     </span>
    </p>
   </div>
   <div class='ocr_carea' id='block_1_8' title="bbox 764 5628 1496 5790">
    <p class='ocr_par' dir='ltr' id='par_1_9' title="bbox 764 5628 1496 5790">
     <span class='ocr_line' id='line_1_39' title="bbox 765 5628 1416 5700; baseline -0.003 -13"><span class='ocrx_word' id='word_1_403' title='bbox 765 5632 783 5667; x_wconf 84' lang='lat'>¹</span> <span class='ocrx_word' id='word_1_404' title='bbox 815 5630 902 5687; x_wconf 76' lang='lat' dir='ltr'><strong>Cf.</strong></span> <span class='ocrx_word' id='word_1_405' title='bbox 931 5628 1139 5700; x_wconf 86' lang='lat' dir='ltr'><strong>Supra,</strong></span> <span class='ocrx_word' id='word_1_406' title='bbox 1173 5628 1314 5684; x_wconf 87' lang='lat' dir='ltr'><strong>Dist.</strong></span> <span class='ocrx_word' id='word_1_407' title='bbox 1343 5628 1416 5685; x_wconf 86' lang='lat'><strong>11.</strong></span> 
     </span>
     <span class='ocr_line' id='line_1_40' title="bbox 764 5719 1496 5790; baseline -0.003 -13"><span class='ocrx_word' id='word_1_408' title='bbox 764 5719 788 5757; x_wconf 74' lang='lat'>²</span> <span class='ocrx_word' id='word_1_409' title='bbox 817 5719 904 5777; x_wconf 80' lang='lat' dir='ltr'><strong>Ct&#39;.</strong></span> <span class='ocrx_word' id='word_1_410' title='bbox 933 5719 1142 5790; x_wconf 84' lang='lat' dir='ltr'><strong>Supra,</strong></span> <span class='ocrx_word' id='word_1_411' title='bbox 1174 5719 1320 5776; x_wconf 76' lang='lat' dir='ltr'><strong>Dist.</strong></span> <span class='ocrx_word' id='word_1_412' title='bbox 1351 5719 1496 5775; x_wconf 62' lang='lat' dir='ltr'><strong>vul.</strong></span> 
     </span>
    </p>
   </div>
  </div>
 </body>
</html>
