4897 6388
377 4774 487 4816 cut·
518 4776 554 4819 Ι.
589 4741 605 4754 ο

680 350 766 416 23
824 404 833 409 K
1038 390 1045 396 ,
1602 426 1605 431 .
1667 343 1753 414 D.
1796 342 2004 432 ,Ama
2050 336 2269 407 MAG.
2323 332 2948 435 ono-PRAED„
3075 350 3078 355 ⁴

731 496 749 513 '⁷
769 511 907 580 Sed
937 535 1189 582 CONTRA
1216 537 1232 581 ε

771 624 830 688 1.
858 622 1036 689 Frui
1065 627 1167 686 est
1206 620 1580 688 altissimus
1614 626 1799 686 actus
1837 618 2069 706 patriae
2109 639 2226 685 se-

674 724 977 799 cundum
1012 750 1220 817 quem
1269 729 1482 796 homo
1513 725 1799 794 inhaeret
1834 726 1978 794 Deo
2012 750 2026 793 ε
2062 747 2223 816 ergo

2333 490 2740 572 inhaeremus
2797 478 2982 582 ljeO,=
3040 513 3107 572 et
3183 529 3321 574 non
3368 514 3628 575 tantum
3682 529 3879 576 amo-

2330 632 2424 678 re.
3785 636 3793 642 ·

2424 714 2746 784 Umssmus
2777 722 3105 807 quaeritur
3142 719 3224 786 de
3265 720 3398 789 hoc
3427 703 3609 810 quod
3653 690 3814 789 dicit
3852 746 3866 791 ε
3918 692 4194 848 0333&
4281 708 4286 713 ’

677 834 801 901 erit
836 833 1186 901 altissimae
1227 833 1549 923 potentiae
1595 855 1610 898 :
1664 831 1806 899 haec
1861 841 2087 899 autem
2126 838 2229 898 est
2332 848 2366 889 «
2416 824 2652 892 Alieni
2688 828 2807 894 rei.
2883 852 2915 891 n
2985 828 3118 896 Per
3174 828 3303 897 hoc
3360 832 3544 897 enim
3604 832 3872 899 videtur

674 943 1093 1011 intellectiva
1136 965 1152 1007 :
1199 963 1362 1031 ergo
1417 941 1691 1008 videtur
1733 941 1916 1030 quod
1971 942 2099 1008 frui
2137 941 2226 1007 sit
2330 932 2733 1022 significare,
2780 936 2962 1023 quod
3011 936 3124 1003 alii
3166 959 3371 1027 quam
3419 937 3564 1006 Deo
3622 962 3871 1030 possu-

673 1058 860 1117 actus
893 1049 1362 1139 intelligentiae
1401 1047 1513 1115 vel
1554 1047 1952 1115 intellectus.

760 1156 823 1225 2.
860 1155 1228 1232 Praeterea,
1263 1153 1421 1221 Non
1471 1153 1547 1220 fit
1577 1162 1802 1222 motus
1849 1157 1918 1221 in
1965 1154 2223 1221 motiva

671 1265 799 1331 nisi
849 1264 1038 1350 prius
1088 1259 1208 1327 fiat
1257 1259 1710 1351 apprehensio
1749 1260 2157 1328 intellectiva
2200 1282 2216 1327 ε

670 1390 832 1457 ergo
892 1389 1031 1434 non
1108 1366 1186 1433 fit
1258 1364 1547 1434 inhaesio
1594 1368 1766 1457 (qui
1822 1376 2047 1434 motus
2094 1369 2219 1456 est)

668 1475 800 1541 nisi
858 1475 1045 1563 prius
1091 1474 1518 1563 concipiatur
1554 1496 1677 1564 per
1733 1473 2142 1542 intellectum
2196 1497 2212 1541 ε

668 1605 831 1671 ergo
871 1582 1228 1670 conceptio
1254 1580 1548 1649 fruibilis
1579 1605 1701 1671 per
1737 1582 1924 1673 prius
1962 1568 2220 1651 conre-

668 1691 767 1755 nit
797 1687 1169 1756 intellectui
1202 1711 1411 1779 quam
1442 1690 1781 1758 voluntati
1818 1716 1832 1760 :
1867 1714 2028 1782 ergo
2076 1713 2218 1758 ma-

664 1795 769 1886 gis
800 1794 999 1864 dehet
1028 1795 1306 1864 diffiniri
1340 1818 1462 1887 per
1499 1796 1807 1865 habitum
1839 1798 2216 1867 intellectus

666 1924 874 1991 quam
912 1902 1313 1971 voluntatis.

754 2008 820 2077 3.
860 2007 1149 2076 Videtur
1195 2017 1429 2077 autem
1469 2032 1506 2077 e
1546 2020 1808 2089 contra,
1852 2010 2037 2100 quod
2072 2033 2213 2079 non

661 2116 749 2183 sit
804 2122 994 2183 actus
1052 2115 1341 2205 alicujus
1396 2118 1670 2185 virtutis
1720 2139 1735 2185 ε
1799 2125 1985 2185 actus
2026 2120 2212 2186 enim

658 2223 1123 2312 potentiarum
1181 2223 1437 2314 proprii
1519 2223 2046 2293 denominantur
2125 2222 2211 2292 ab

660 2332 849 2421 ipsiS‚
884 2339 960 2399 ut
1006 2354 1046 2399 a
1084 2332 1234 2400 viso
1282 2332 1541 2412 videre,
1591 2332 1676 2401 ab
1716 2333 2054 2402 intellectu
2098 2334 2212 2401 in-

655 2436 961 2529 telligere
999 2461 1016 2506 :
1050 2439 1179 2507 frui
1209 2446 1440 2508 autem
1486 2463 1628 2509 non
1671 2448 1770 2509 cst
1809 2441 2213 2511 denomina-

654 2551 801 2612 tum
851 2543 935 2612 ab
975 2544 1210 2637 aliqua
1245 2547 1717 2636 potentiarum
1757 2549 2150 2639 simpliciter
2189 2571 2205 2615 :

653 2673 817 2741 ergo
851 2650 1121 2721 videtur
1147 2651 1333 2744 quod
1374 2674 1514 2721 non
1562 2654 1649 2722 sit
1697 2652 1886 2723 actus
1923 2654 2209 2744 alicujus

652 2759 1400 2852 virtutissingulariter.

744 2869 808 2934 4.
875 2867 950 2935 Si
1006 2877 1289 2960 propter
1352 2868 1486 2939 hoc
1527 2870 1811 2955 dicatur,
1879 2872 2062 2963 quod
2118 2873 2207 2941 sit

657 2984 848 3044 actus
878 2978 1304 3067 compositus
1338 2999 1422 3046 ex
1466 2977 1731 3047 actibus
1770 2978 2064 3071 plurium
2093 2979 2208 3048 vi-

653 3082 858 3149 rium.
894 3082 1165 3152 Contrua
1207 3108 1224 3152 2
1270 3082 1465 3153 Sicut
1514 3109 1585 3153 se
1647 3084 1849 3154 habet
1908 3086 2207 3176 potentia

652 3189 738 3260 ad
769 3194 1177 3282 potentiam,
1219 3194 1316 3262 sic
1372 3204 1565 3264 actus
1618 3194 1702 3262 ad
1760 3205 1982 3264 actum
2030 3219 2045 3264 t
2087 3194 2207 3265 sed

653 3301 958 3390 potentia
1008 3323 1149 3369 non
1202 3303 1646 3393 componitur
1701 3326 1855 3371 cum
1907 3305 2209 3394 potentia
2268 3357 2271 3360 .

654 3406 740 3475 ad
780 3408 1271 3499 perficiendum
1305 3410 1584 3478 tertium
1620 3432 1637 3478 :
1674 3433 1834 3501 ergo
1870 3434 1990 3480 nec
2017 3421 2207 3480 actus

654 3535 813 3583 cum
851 3524 1051 3584 actu:
1087 3539 1252 3607 ergo
1293 3517 1426 3585 frui
1468 3540 1608 3585 non
1658 3529 1753 3587 est
1788 3527 1977 3588 actus
2013 3541 2209 3590 com-

654 3622 944 3713 positus,
980 3645 1104 3691 nec
1137 3625 1346 3692 etiam
1377 3623 1698 3715 simplex,
1732 3636 1803 3694 ut
1844 3629 2028 3715 prius
2049 3649 2206 3717 pro·

652 3728 890 3797 batum
922 3740 1025 3799 est
1077 3754 1093 3799 ε
1130 3754 1297 3823 ergo
1337 3755 1479 3802 nou
1539 3742 1639 3802 est
1688 3744 1875 3802 actus
1921 3736 2207 3823 alicujus

651 3838 925 3906 virtutis
962 3838 1242 3909 animm.

741 3947 808 4012 23.
870 3944 1068 4022 Item,
1141 3944 1215 4013 Si
1270 3955 1448 4015 esset
1514 3955 1707 4016 actus
1755 3952 2203 4041 compositus,

651 4043 814 4121 tunc
871 4077 994 4145 per
1057 4051 1333 4122 habitus
1399 4054 1699 4146 plurium
1750 4060 2203 4148 potentiarum

652 4159 927 4230 deberet
956 4161 1233 4230 diffiniri
1270 4184 1287 4230 ε
1342 4161 1464 4231 sed
1494 4186 1634 4233 non
1695 4164 2022 4234 diffinitur
2076 4166 2203 4233 nisi

652 4291 773 4359 per
802 4267 1114 4337 habitum
1149 4272 1355 4338 unius
1383 4273 1681 4347 virtutis,
1725 4272 1971 4341 scilicet
2005 4298 2207 4341 nmo-

662 4397 857 4442 rem:
929 4398 1094 4467 ergo
1145 4375 1421 4445 videtur
1475 4377 1660 4468 quod
1719 4403 1854 4448 non
1887 4381 1969 4447 sit
2019 4390 2207 4448 actus

653 4485 1077 4574 compositus
1105 4485 1360 4553 virium
1391 4486 1801 4578 aliquarum.

747 4694 1075 4763 Uim-:mus
1122 4697 1446 4786 quaeritur
1489 4719 1505 4764 ε

751 4801 808 4865 Ι.
844 4797 1067 4878 Quare
1097 4799 1430 4869 diffinitur
1478 4823 1599 4890 per
1652 4823 1952 4870 amorem
1987 4824 2003 4870 τ
2047 4811 2201 4869 sunt

652 4907 834 4974 enim
912 4907 1041 4974 tria
1099 4907 1509 4996 pertinentia
1587 4907 1667 4975 ad
1722 4909 2199 4998 perfectionem

650 5012 1073 5094 inhaesionis‚
1108 5014 1363 5082 scilicet
1393 5015 1569 5083 visio
1612 5037 1730 5106 per
1760 5017 1984 5090 tidem.
2020 5027 2201 5085 com-

645 5118 1008 5210 prehensio
1078 5142 1199 5204 per
1291 5144 1514 5211 spem,
1583 5132 1649 5190 et
1727 5122 2010 5191 inlizesio
2080 5147 2203 5216 per

643 5247 950 5294 amorem
1005 5247 1020 5294 :
1058 5246 1222 5315 ergo
1290 5226 1570 5296 deberet
1606 5229 1760 5317 frui
1800 5252 1918 5319 per
1967 5230 2198 5297 omnia

641 5335 757 5402 illa
795 5333 1096 5403 diffiniri.

730 5444 795 5509 2.
854 5440 1216 5520 Praeterea,
1262 5439 1485 5511 Omne
1532 5454 1883 5535 peccatum
1932 5453 2195 5536 separat

641 5571 681 5614 a
719 5548 863 5615 Deo
900 5570 915 5614 ε
952 5571 1116 5638 ergo
1136 5570 1259 5638 per
1297 5551 1692 5639 oppositum
1726 5552 1950 5619 omnis
1978 5553 2195 5618 virtus

641 5655 998 5744 conjungit
1065 5653 1207 5722 Deo
1289 5672 1307 5724 ε
1378 5676 1543 5744 ergo
1593 5658 1894 5747 qualibet
1945 5658 2194 5726 virtute

2327 1063 2482 1107 mus
2514 1039 2838 1110 inhaerere
2869 1065 3098 1112 amore
3134 1047 3414 1136 propter
3443 1068 3536 1113 se.

2421 1144 2554 1212 San
2583 1168 2834 1213 comma
2871 1169 2886 1217 τ

2378 1289 2387 1298 ·
2421 1254 2479 1318 1.
2515 1249 2673 1320 Non
2710 1254 2998 1323 fruimur
3036 1259 3308 1347 proprie
3347 1268 3415 1329 et
3471 1261 3759 1350 perfecte
3805 1269 3870 1330 et

2323 1367 2602 1450 propter
2637 1384 2734 1446 se,
2796 1365 2924 1432 nisi
2981 1364 3155 1446 Deo,
3196 1374 3274 1433 ut
3327 1367 3500 1435 infra
3547 1367 3805 1436 dicetur
3844 1392 3861 1438 ε
3937 1373 3945 1380 “

2324 1491 2438 1595 ηεξ
2456 1478 2685 1538 autern
2717 1470 3046 1539 diffinitur
3074 1474 3159 1541 ab
3199 1497 3279 1543 eo
3311 1476 3490 1566 quod
3541 1498 3663 1567 per
3690 1499 3760 1545 se
3802 1488 3869 1546 et

2322 1578 2595 1667 proprie
2660 1585 2728 1648 et
2779 1580 3071 1669 perfecte
3126 1585 3449 1650 convenit
3513 1584 3635 1653 ei:
3697 1608 3860 1675 ergo

2321 1682 2453 1749 frui
2483 1706 2623 1751 non
2662 1683 2861 1776 debet
2903 1673 3179 1755 diffiniri
3216 1711 3338 1777 per
3375 1688 3705 1758 inhaerere
3734 1690 3867 1759 ali-

2322 1790 2430 1857 cui
2461 1792 2557 1858 rei
2588 1790 2657 1857 in
2687 1813 2963 1881 genere,
3007 1794 3125 1862 sed
3154 1794 3326 1864 Deo.

2409 1895 2475 1963 2.
2509 1894 2868 1979 Praeterea,
2911 1896 3097 1965 Nihil
3130 1910 3369 1969 natum
3409 1910 3510 1970 est
3557 1903 3862 1992 quietare

2318 1999 2725 2069 desiderium
2760 2004 2888 2071 nisi
2916 2003 3101 2087 Deus
3131 2006 3341 2078 solus.
3374 2008 3569 2078 Unde
3614 2009 3862 2101 Augu-
3949 1993 3963 2008 ⁰

2316 2108 2534 2177 stinus
2573 2110 2642 2176 in
2672 2110 2893 2200 primo
2938 2113 3459 2205 Confessionum
3489 2141 3513 2187 .·
3545 2142 3580 2183 α
3617 2116 3859 2189 Fecisti

2319 2243 2351 2283 α
2386 2238 2537 2298 nos,
2593 2218 2915 2302 Domine,
2976 2223 3064 2291 ad
3100 2233 3190 2304 te,
3234 2232 3300 2294 et
3347 2226 3730 2318 inquietum
3761 2239 3862 2298 est

2318 2352 2352 2391 α
2385 2347 2504 2394 cor
2541 2334 2849 2396 nostrum
2892 2327 3110 2400 donec
3145 2335 3523 2424 requiescat
3557 2336 3625 2403 in
3684 2345 3773 2406 te.
3823 2365 3856 2400 ι»

2318 2431 2610 2505 lnhaesio
2647 2443 2874 2504 autem
2890 2437 3247 2509 fruitionis
3291 2442 3361 2510 in
3421 2451 3562 2512 toto
3604 2445 3862 2535 quietat

2314 2540 2724 2610 desiderium
2785 2565 2801 2611 ε
2873 2566 3035 2636 ergo
3105 2568 3243 2614 non
3312 2546 3511 2617 debet
3580 2548 3859 2619 diffiniri

2315 2672 2436 2742 per
2497 2673 2639 2719 rem
2697 2673 3227 2744 quamcumque,
3290 2655 3408 2724 sed
3456 2680 3574 2748 per
3629 2657 3857 2728 Deum

2314 2768 2603 2828 tantum.

2408 2867 2541 2935 Sao
2577 2890 2827 2936 comm
2884 2890 2901 2941 ε
2960 2870 3403 2961 Augustinus
3460 2897 3477 2942 :

2317 3003 2352 3040 α
2395 2973 2696 3044 humana
2722 2981 3126 3067 perversitas
3156 2989 3263 3049 est
3291 2980 3420 3049 frui
3449 2982 3745 3070 utendiS,
3789 2993 3859 3054 et

2317 3111 2351 3150 α
2394 3085 2493 3152 uti
2531 3083 2831 3154 fruendis
2874 3109 2892 3156 ι
2946 3110 2980 3152 ι
3035 3109 3197 3178 ergo
3258 3090 3593 3181 contingit
3646 3092 3852 3161 etiam

2312 3191 2441 3261 frui
2474 3190 2649 3277 aliisi,
2684 3215 2823 3262 non
2863 3216 3025 3286 ergo
3055 3196 3205 3266 solo
3236 3196 3408 3269 Deo.
3720 3209 3723 3212 ’

2403 3396 2730 3466 Uaramus
2758 3399 2959 3468 etiam
3001 3403 3329 3489 quaeritur
3365 3402 3446 3473 de
3483 3401 3616 3473 hoc
3662 3404 3854 3497 quod

2312 3502 2473 3572 dicit
2507 3527 2523 3572 ε
2569 3530 2603 3569 α
2638 3507 2930 3597 Propter
2960 3509 3284 3599 seipsam.
3333 3537 3367 3573 a

2405 3614 2468 3679 1.
2512 3611 2635 3682 Cui
2666 3613 2850 3682 enim
2898 3612 3312 3685 inhaeremus
3348 3630 3627 3710 propter
3653 3644 3854 3693 amo-

2312 3743 2483 3797 rem.
2518 3743 2654 3787 non
2694 3720 3104 3791 inhaeremus
3144 3734 3424 3817 propter
3478 3728 3776 3820 seipsum
3831 3753 3848 3800 :

2312 3829 2428 3896 sed
2461 3828 2709 3897 fruibili
2741 3829 3151 3901 iuhoeremus
3180 3842 3455 3925 propter
3489 3859 3795 3908 amorem
3831 3862 3847 3908 ε

2310 3958 2474 4027 ergo
2514 3958 2651 4004 non
2681 3945 2958 4028 propter
2993 3940 3318 4030 seipsum.

2399 4046 2463 4109 2.
2526 4042 2880 4123 Praeterea,
2942 4042 3236 4124 Quidam
3297 4048 3623 4139 objiciunt
3688 4054 3845 4123 sic:

2314 4147 2470 4217 Frui
2536 4158 2637 4216 est
2699 4172 2931 4219 amore
3008 4151 3359 4240 inhaerere,
3435 4165 3564 4225 etc.
3646 4180 3662 4226 ε
3733 4159 3851 4228 sed

2312 4277 2506 4321 amor
2578 4263 2681 4322 est
2742 4264 3052 4324 creatura
3136 4281 3152 4326 ε
3216 4281 3380 4350 ergo
3448 4261 3853 4334 inhaeremus

2310 4370 2657 4428 creatura».

2401 4470 2465 4537 3.
2516 4468 2872 4549 Praeterea,
2926 4467 3266 4549 Quaelihet
3295 4485 3599 4545 creatura
3649 4480 3718 4547 in
3758 4482 3855 4549 in-

2314 4578 2576 4645 linitum
2618 4576 2821 4645 distat
2858 4598 2898 4645 a
2936 4576 3253 4648 Creatore
3297 4604 3313 4649 :
3355 4605 3515 4675 ergo
3560 4586 3630 4654 id
3664 4589 3846 4679 quod

2312 4683 2666 4773 conjungit
2703 4706 2828 4752 nos
2896 4706 3015 4774 per
3081 4684 3548 4770 inhaesionem,
3600 4695 3855 4768 scilicet

2312 4813 2529 4870 amor,
2574 4790 2851 4858 infinitae
2900 4800 3000 4859 est
3049 4793 3385 4863 distantiae
3440 4797 3525 4866 ad
3563 4801 3784 4892 ipsum
3829 4830 3845 4877 ε

2309 4898 2427 4965 sed
2473 4921 2610 4965 non
2674 4906 2896 4989 potest
2949 4922 3125 4979 esse,
3187 4903 3347 4991 quia
3398 4903 3465 4973 id
3504 4909 3681 4997 quod
3715 4912 3849 4983 duo

2309 5007 2687 5096 conjungit,
2774 5005 2974 5075 debet
3064 5010 3396 5100 attingere
3490 5022 3848 5111 utrumque

2305 5115 2849 5203 conjunctorum.

2395 5224 2461 5289 4.
2498 5220 2691 5302 ltem,
2726 5221 2908 5299 Frui,
2944 5222 3319 5291 secundum
3359 5228 3844 5321 Augustinum,

2305 5341 2407 5401 est
2472 5323 2705 5400 amore
2770 5329 2970 5398 alicui
3035 5331 3129 5397 rei
3188 5332 3513 5409 inhoerere
3571 5355 3847 5436 propter

2302 5441 2598 5532 seipsam
2625 5461 2658 5516 ,ε
2702 5436 2820 5506 sed
2849 5459 3044 5505 amor
3073 5439 3215 5529 ipse
3245 5441 3547 5536 diligitur
3574 5460 3848 5544 propter

2303 5551 2599 5641 seipsum
2649 5569 2665 5617 ε
2717 5568 2880 5638 ergo
2910 5568 3143 5617 amore
3184 5548 3590 5625 inhaeremus
3629 5563 3847 5631 amori

2308 5664 2585 5747 propter
2622 5654 2918 5745 seipsum
2967 5674 2984 5722 ε
3020 5662 3090 5738 ,et
3121 5654 3224 5734 ,de
3292 5658 3406 5728 illo
3448 5684 3679 5736 amore
3726 5690 3848 5737 ea-

3537 2902 3572 2939 «
3614 2872 3856 2945 Omnis
3884 2882 3981 2931 St!
4004 2890 4191 2932 contra.

3904 3403 4173 3458 ψευδοπ-

3943 3460 4054 3504 culn
4074 3462 4122 3507 8.
