4897 6388
336 805 406 849 Ad
433 805 475 852 3.

292 5318 490 5368 solutio.

578 388 712 487 2¹4.

560 553 760 624 ‚cedit
795 556 878 626 de
908 557 1063 627 Deo'
1123 560 1299 628 sicut
1369 560 1451 628 de
1498 581 1567 627 re
1622 554 2004 647 temporali,
2069 560 2137 621 et

581 665 733 733 ideo
765 689 906 736 non
943 667 1148 736 valet.

574 815 578 818 ·
671 775 775 842 An
804 783 1002 844 Anno
1042 775 1432 852 dicendum,
1479 769 2133 863 quodimmoderata

580 905 722 950 non
752 891 973 972 potest
992 905 1139 950 esse
1155 881 1503 971 generatio
1527 879 1761 946 divina
1794 899 1808 946 ε
1837 899 1916 944 eo
1949 871 2133 966 quod

577 989 979 1080 hypostases
1042 988 1220 1056 ultra
1276 998 1414 1056 tres
1489 985 1925 1077 multiplicari
1989 1005 2130 1051 non

572 1107 902 1189 possunt:
938 1107 1007 1166 et
1048 1107 1224 1167 esset
1261 1098 1752 1167 inconveniens
1794 1095 1978 1187 quod
2009 1117 2131 1161 su-

562 1230 693 1296 pra
724 1207 980 1276 dictum
1013 1217 1138 1287 est,
1204 1207 1462 1276 scilicet
1500 1207 1684 1298 quod
1729 1213 1846 1274 aut
1896 1228 1978 1273 ex
2045 1226 2126 1271 eo

561 1315 757 1407 quod
788 1340 927 1385 non
972 1319 1192 1408 possit
1251 1319 1321 1384 in
1376 1319 1611 1408 paucis
1673 1317 1945 1395 salvari,
2008 1319 2126 1381 aut

570 1423 751 1512 quod
793 1447 1008 1514 pauca
1048 1427 1400 1515 supposita
1444 1422 1531 1492 ad
1586 1423 1840 1492 multos
1885 1424 2124 1493 modos

1580 387 1668 456 D.
1716 386 1925 492 atgaf
1969 383 2203 454 MAG.‘

2243 379 2450 450 ORD.
2503 377 2798 447 PRAED.

2244 558 2517 618 actuum
2548 572 2686 618 non
2714 549 3100 617 sufficerent
3127 539 3183 614 si
3213 545 3402 613 {ieret
3439 538 3781 608 immode-

2246 666 2436 727 rata:
2492 665 2557 724 et
2605 658 2753 725 ideo
2811 655 3260 725 immoderata
3315 652 3387 718 in·
3439 649 3584 717 Deo
3635 646 3776 715 fieri

2201 847 2207 852 ,
2243 790 2382 836 non
2421 773 2667 856 potest.

2327 877 2433 943 An
2461 897 2658 943 Amun
2687 871 3073 951 dicendum,
3109 869 3291 961 quod
3322 877 3564 937 natura
3592 866 3674 934 de
3704 887 3775 933 se
3898 887 3964 932 Aa
3990 890 4031 935 4.

2241 993 2342 1053 est
2396 978 2984 1052 communicabilis
3022 1001 3038 1045 ε
3081 978 3199 1045 sed
3245 974 3772 1045 communicatio

2239 1102 2451 1192 exigit
2479 1099 2977 1167 distinctionem
3018 1101 3363 1184 acceptam
3393 1087 3773 1182 penespro-

2238 1211 2559 1300 prietates
2587 1206 2886 1273 diversas
2915 1204 3139 1293 specie
3177 1209 3244 1271 et
3274 1224 3411 1269 non
3435 1199 3716 1268 materia
3751 1220 3765 1264 ε

2236 1325 2302 1385 et
2328 1315 2462 1384 illae
2481 1315 2658 1383 ultra
2687 1323 2818 1382 tres
2849 1314 2919 1380 in
2963 1311 3212 1380 divinis
3268 1333 3415 1379 esse
3444 1332 3582 1378 non
3612 1331 3773 1399 pos-

2236 1431 2417 1503 sunt,
2460 1423 2536 1489 ut
2564 1429 2746 1509 patet
2772 1443 2856 1488 ex
2882 1418 3240 1509 praedictiS.

1285 1884 1365 1956 C.
1435 1878 1868 1978 Opponitm·
1884 1881 2288 1980 proedictis
2324 1878 2576 1956 verbis
2605 1881 2664 1955 A
2683 1881 3042 1977 uqustim'.

666 2197 831 2273 Hoc
871 2209 1131 2275 autem
1162 2200 1474 2276 videtur
1513 2199 1979 2297 quibusdam
2012 2225 2165 2276 non
2202 2222 2426 2299 posse
2486 2210 2714 2289 stare,
2772 2198 3064 2274 scilicet
3113 2199 3317 2297 quod
3360 2197 3600 2273 Filius
3639 2221 3776 2295 po·

556 2307 800 2423 ¹'tuerit
826 2333 1176 2433 gignere.
1223 2333 1305 2410 Si
1339 2332 1548 2410 enim
1582 2333 1830 2431 potuit
1853 2333 2093 2411 Filius
2130 2335 2480 2433 gignere,
2525 2333 2768 2435 potuit
2800 2357 2968 2410 esse
3017 2343 3282 2432 pater:
3329 2330 3496 2407 etsi
3529 2330 3780 2432 potuit

561 2490 735 2545 esse
767 2478 1012 2568 pater,
1047 2469 1302 2570 potuit
1339 2493 1525 2569 ergo
1584 2492 1754 2546 esse
1794 2479 2011 2569 pater
2051 2471 2175 2546 vel
2226 2469 2375 2564 sui,
2419 2469 2542 2545 vel
2603 2468 2878 2563 Patris,
2931 2469 3054 2545 vel
3106 2467 3442 2566 Spiritus
3502 2466 3774 2556 sancti,

565 2605 691 2679 vel
732 2604 1066 2703 alicujus
1095 2605 1298 2681 alius
1334 2628 1350 2680 ε
1389 2605 1524 2681 sed
1574 2605 1776 2681 alius
1828 2629 2014 2700 non,
2059 2603 2244 2703 quia
2295 2604 2561 2679 nullus
2590 2604 2788 2678 alius
2847 2626 3156 2702 semper
3214 2602 3355 2677 fuit
3396 2626 3412 2676 ε
3453 2625 3595 2677 nec
3627 2602 3779 2675 Pa-

564 2736 733 2832 tris,
776 2738 962 2836 quia
999 2739 1233 2814 Pater
1259 2748 1378 2815 est
1414 2738 1809 2837 ingenitus
1840 2747 1915 2815 et
1944 2738 2423 2814 innascibilis
2459 2766 2474 2812 :
2514 2761 2656 2814 nec
2695 2740 2843 2832 sui,
2907 2738 3090 2836 quia
3154 2737 3368 2812 nulla
3421 2759 3543 2812 res
3583 2735 3778 2835 seip-

568 2892 733 2946 sam
774 2872 1094 2970 gignere
1143 2882 1443 2974 potest:
1501 2896 1646 2949 nec
1694 2873 2029 2974 Spiritus
2076 2872 2349 2968 sancti,
2403 2874 2587 2973 quia
2639 2874 2847 2949 nasci
2921 2897 3071 2947 non
3106 2872 3403 2971 potuit:
3450 2871 3511 2945 si
3563 2870 3769 2947 enim

567 3007 778 3082 nasci
823 3008 1096 3107 potuit,
1125 3009 1376 3108 potuit
1413 3032 1583 3087 esse
1627 3009 1891 3103 Filius,
1927 3019 2003 3085 et
2033 3010 2138 3084 ita
2178 3009 2570 3086 mutabilis
2607 3032 2777 3085 esse
2808 3008 3079 3107 potuit.

1019 3445 1526 3518 ARTICULUS
1566 3447 1687 3518 vl.

572 3657 680 3727 An
710 3666 844 3727 tres
869 3658 1269 3749 hypostases
1290 3661 1560 3751 possint
1588 3684 1726 3730 esse
1745 3671 1950 3754 pater
1996 3662 2129 3731 ali·

1067 3764 1281 3856 cujus
1318 3769 1559 3857 quarti
1600 3767 1642 3836 ?

664 4087 928 4158 Deinde
956 4091 1292 4181 quaeritur
1321 4090 1404 4160 de
1435 4090 1566 4161 hoc
1629 4092 1813 4185 quod
1853 4093 2013 4164 dicit
2061 4096 2128 4164 in

574 4199 993 4267 contrarium
1056 4197 1489 4288 objiciendo:
1535 4226 1570 4266 ι
1615 4202 1699 4270 si
1732 4204 1965 4293 potuit
2000 4204 2131 4273 Fi-

577 4307 716 4376 lius
748 4307 1055 4397 qiqnere,
1083 4309 1319 4399 potuit
1356 4332 1495 4377 esse
1523 4321 1750 4402 pater,
1794 4322 1923 4382 etc.
1960 4339 1992 4377 ι

661 4413 954 4485 Videtur
980 4414 1190 4494 enim,
1227 4416 1412 4507 quod
1444 4418 1616 4486 ratio
1649 4417 1952 4509 Magistri
1991 4442 2129 4490 non

578 4520 844 4591 valeat:
877 4521 1036 4613 quia
1103 4525 1160 4590 si
1219 4530 1413 4614 pater
1477 4526 1684 4595 fuerit
1755 4527 2129 4597 secundum

580 4626 958 4707 haereticos,
993 4635 1157 4699 tunc
1182 4628 1423 4698 eadem
1456 4628 1730 4700 haeresis
1760 4634 1981 4724 potuit
2025 4633 2134 4703 di-

583 4755 733 4803 cere
760 4735 1240 4825 paternitatem
1265 4758 1441 4820 esse,
1482 4746 1547 4805 et
1577 4737 1762 4829 quod
1812 4739 1991 4809 filius
2045 4743 2132 4809 sit

580 4852 775 4933 pater
800 4843 984 4913 illius
1028 4846 1281 4937 quarti,
1343 4856 1411 4915 et
1457 4848 1549 4915 ita
1588 4858 1765 4917 esset
1816 4859 2008 4940 pater
2067 4858 2133 4917 et

582 4948 762 5019 {ilius
791 4950 1076 5021 diversis
1106 4952 1548 5043 respectibus,
1576 4955 1749 5037 sicut
1778 4976 1954 5046 saepe
1975 4977 2135 5024 con-

583 5058 810 5148 tingit.

672 5273 778 5341 An
806 5297 933 5343 noc
960 5274 1352 5360 dicendum,
1395 5278 1583 5369 quod
1640 5277 1772 5349 hoc
1819 5303 1965 5349 esse
1995 5303 2133 5349 non

583 5383 806 5473 potuit
838 5406 854 5452 :
899 5387 1062 5476 quia
1130 5386 1307 5456 sicut
1374 5386 1539 5457 dicit
1589 5389 1986 5470 Anselmus,
2064 5392 2133 5459 in

584 5492 905 5561 omnibus
944 5503 1178 5564 manet
1205 5497 1435 5565 unitas
1464 5498 1532 5566 in
1553 5497 1803 5568 divinis
1841 5498 1957 5567 ubi
1996 5523 2135 5568 non

585 5599 938 5694 distinguit
1002 5608 1346 5697 oppositio
1425 5606 1774 5678 relationis
1807 5632 1823 5679 t
1899 5610 2019 5679 sed
2065 5613 2136 5679 in

584 5712 1021 5801 generatione
1060 5712 1245 5782 illius
1268 5717 1518 5809 quarti,
1546 5716 1757 5785 Filius
1783 5740 1907 5787 nec
1928 5741 2140 5818 oppo-

2239 3351 2513 3411 neretur
2555 3343 2734 3411 Patri
2786 3366 2908 3412 nec
2949 3344 3234 3435 Spiritui
3282 3355 3515 3414 sancto
3551 3371 3566 3416 z
3609 3370 3771 3438 ergo

2237 3473 2373 3519 una
2402 3452 2803 3541 paternitate
2848 3474 3089 3520 omnes
3134 3461 3270 3523 tres
3303 3466 3526 3523 essent
3550 3465 3773 3546 patres

2241 3555 2421 3625 iuius
2461 3557 2609 3639 filii,
2667 3560 2839 3626 sicut
2924 3557 3126 3628 Pater
3175 3567 3244 3629 et
3296 3558 3505 3628 Filius
3559 3584 3769 3630 unum

2236 3673 2395 3733 sunt
2422 3666 2832 3755 principium
2872 3666 3166 3757 Spiritus
3203 3672 3443 3750 sancti,
3476 3693 3558 3740 eo
3593 3672 3775 3762 quod

2241 3772 2307 3837 in
2332 3771 2650 3861 spirando
2676 3772 3003 3863 Spiritum
3033 3784 3370 3857 sanctum,
3403 3776 3610 3846 Pater
3638 3803 3775 3849 non

2240 3876 2441 3946 habet
2508 3880 3007 3971 oppositionem
3089 3880 3438 3950 relativam
3503 3885 3586 3952 ad
3665 3886 3779 3953 Fi·-

2238 3984 2433 4054 lium.
2469 3985 2657 4055 nlius
2679 3996 2902 4057 autem
2925 3989 3147 4057 simile
3178 3993 3390 4060 necin
3410 3993 3773 4082 corporali,

2242 4114 2366 4162 nec
2404 4094 2474 4161 in
2503 4094 2832 4183 spirituali
2865 4105 3104 4165 natura
3163 4098 3526 4181 invenitur,
3596 4101 3775 4191 quod

2240 4223 2378 4270 una
2398 4204 2807 4292 proprietate
2836 4204 3045 4293 patris
3065 4212 3198 4272 tres
3219 4202 3616 4295 hypostases
3644 4208 3778 4275 sint

2241 4318 2455 4397 pater,
2498 4306 2605 4376 vel
2637 4319 2860 4399 patres
2892 4311 3094 4377 unius
3129 4333 3143 4376 :
3173 4311 3349 4381 unde
3381 4334 3519 4381 non
3550 4321 3769 4403 potest

2240 4436 2385 4482 esse
2413 4423 2604 4505 pater
2630 4415 2912 4502 aiicujus
2950 4416 3195 4506 quarti.

2659 4858 3157 4927 An'l'lct’Ltsss
3199 4861 3348 4927 vlt.

2251 5076 2496 5142 Istrum
2560 5078 2726 5168 quia
2762 5077 2959 5167 filius
3017 5081 3249 5170 potuit
3286 5084 3497 5163 nasci,
3553 5085 3780 5174 potuit

2805 5199 2867 5255 et
2912 5190 3178 5255 mutari
3213 5189 3254 5255 P

2334 5505 2595 5575 Deinde
2661 5507 2977 5596 objicitur
3033 5509 3115 5577 de
3165 5508 3335 5579 hoc:
3373 5538 3406 5577 α
3465 5515 3549 5582 Si
3602 5518 3781 5584 enim

2246 5615 2435 5682 nasci
2453 5617 2712 5706 poluit,
2746 5638 2881 5683 esse
2918 5617 3173 5697 Filius,
3208 5629 3272 5685 et
3302 5621 3399 5687 ita
3422 5622 3781 5692 mutabilis

2248 5741 2385 5789 esse
2413 5722 2670 5820 potuit,
2714 5731 2838 5798 etc,
2881 5751 2913 5784 »
