4897 6388
324 1051 560 1097 Sententia

333 1104 445 1161 quid
466 1109 570 1152 eat!

619 406 756 528 122

619 587 976 682 brevitate,
1020 624 1176 668 cum
1214 602 1376 671 dicit
1417 625 1434 673 t
1477 631 1510 668 α
1551 605 1758 670 Brevi
1792 603 2161 680 volumine,

622 714 749 774 etc.
787 734 823 770 »
854 708 1103 787 Terti0‚
1139 713 1358 802 tangit
1381 713 1713 779 rationem
1755 712 2065 780 utilitatis
2085 735 2168 781 ex

623 818 934 898 materia,
994 841 1148 886 cum
1190 820 1352 887 dicit
1412 843 1427 886 :
1475 848 1509 882 «
1552 824 1848 889 Petrum
1901 833 2168 891 senten-

625 925 784 993 tias,
832 949 865 989 ι)
924 925 1011 992 Et
1086 914 1248 993 nota
1322 927 1505 1016 quod
1556 929 1909 999 Avicenna
1980 931 2164 1011 dicit,

627 1030 812 1120 quod
857 1035 1192 1101 sententia
1244 1043 1346 1102 est
1399 1042 1752 1129 conceptio
1791 1040 2068 1108 definita
2104 1051 2183 1125 et,

623 1138 1022 1205 certissima.
1067 1138 1258 1208 Isaac
1294 1152 1523 1211 autem
1555 1145 1625 1213 in
1663 1145 1836 1214 libro
1871 1148 2172 1236 Disfim‘-

621 1245 889 1313 tionum
918 1245 1057 1314 fere
1089 1247 1269 1316 idem
1307 1250 1469 1320 dicit
1505 1255 1603 1321 sic
1638 1277 1654 1321 ε
1690 1252 2042 1322 Sententia
2071 1264 2172 1323 est

620 1352 975 1442 conceptio
1013 1352 1292 1423 alterius
1322 1358 1533 1445 partis
1588 1358 2163 1430 contradictionis,

556 1500 571 1504 -
616 1454 703 1522 Et
778 1479 818 1524 a
883 1460 1284 1528 certitudine
1367 1459 1614 1529 harum
1681 1466 2165 1534 sententiarum

618 1583 771 1652 quae
849 1562 961 1632 hic
1014 1565 1312 1634 collectae
1368 1575 1553 1649 sunt,
1622 1561 1920 1639 vocatur
1968 1573 2171 1665 Liber

553 1725 563 1731 .
615 1668 1154 1741 Sententiarum.

709 1914 744 1955 α
803 1892 887 1959 In
942 1891 1068 1959 Izoc
1122 1903 1353 1961 autem
1394 1905 1720 1975 tractatu,
1781 1906 1911 1969 etc.
1956 1925 1989 1962 >2
2040 1888 2168 1970 Hic

616 1998 922 2088 tangitur
966 1998 1209 2069 ultima
1244 2024 1402 2092 pars
1449 2005 1658 2071 totius
1714 2010 2053 2096 prooemii,
2096 2010 2167 2077 in

617 2125 754 2195 qua
796 2105 1056 2176 Auctor
1117 2110 1338 2200 tangit
1401 2108 1873 2182 habitudinem
1931 2117 2036 2184 sui
2082 2118 2167 2186 ad

616 2211 946 2303 legentes.
986 2214 1076 2282 Et
1110 2218 1330 2307 tangit
1365 2218 1520 2297 tria,
1563 2218 1843 2306 scilicet,
1894 2221 2164 2314 qualem

616 2319 955 2389 desiderat
1002 2320 1354 2409 lectorem,
1406 2326 1566 2415 quia
1612 2329 1830 2417 pium,
1864 2329 2160 2410 fidelem,

587 2435 681 2496 ,et
708 2426 1123 2497 benevolum
1147 2454 1228 2499 ex
1258 2431 1613 2505 charitate.
1655 2435 1851 2505 Unde
1881 2438 2167 2506 Bernar-

615 2534 744 2604 dus
782 2558 988 2627 super
1023 2536 1299 2607 Cantica
1335 2560 1353 2609 z
1411 2542 1594 2610 Ante
1641 2560 1916 2627 carnem
1972 2545 2169 2616 disci·

612 2639 822 2732 plinae
851 2644 1094 2742 studiis
1132 2646 1532 2728 edomitam,
1590 2657 1657 2717 et
1713 2653 2164 2743 mancipatam

613 2748 909 2839 spiritui,
943 2760 1099 2819 ante
1137 2760 1434 2843 spretam
1464 2765 1533 2823 et
1569 2753 1903 2845 abjectam
1942 2759 2167 2829 saeculi

613 2877 943 2946 pompam
975 2865 1042 2926 ct
1069 2860 1434 2940 sarcinam,
1462 2861 1737 2955 indigne
1769 2865 1853 2933 ab
1886 2867 2169 2958 impuris

615 2960 817 3031 lectio
863 2972 1096 3034 sancta
1124 2967 1562 3056 praesumitur
1588 2993 1633 3039 ι.

694 3231 711 3265 ¹
746 3229 806 3286 S.
841 3230 1194 3301 numanus,
1222 3250 1404 3306 super
1430 3234 1694 3305 Cantica,
1719 3236 1906 3294 Serm.
1937 3237 1985 3296 1.

1561 407 2862 526 J,D.ALB.MAG;ORD.PRAML
2957 520 2992 527 „
3099 436 3218 531 μῖ

2367 599 2704 679 Secundo,
2724 603 2941 691 tangit
2969 602 3270 692 qualem,
3297 610 3362 669 et
3383 599 3499 668 ubi
3530 598 3675 666 vult
3704 597 3823 666 ha-

2278 711 2431 779 bere
2471 719 2942 791 correctorem,
2977 713 3139 803 quia
3168 712 3483 780 liberum.
3535 712 3655 779 Est
3702 732 3819 777 au-

2275 829 2409 889 tem
2450 830 2785 890 corrector
2822 820 3015 900 liber,
3057 821 3232 886 sicut
3270 828 3338 887 et
3373 819 3581 887 homo
3618 820 3812 887 liber.

2276 930 2453 997 Dicit
2494 922 2720 996 autem
2769 925 3262 1017 Philosophus,
3297 925 3480 1016 quod
3529 926 3816 994 dicimus
3888 959 3893 961 ·

2275 1036 2622 1103 hominem
2649 1036 2935 1104 liberum
2975 1059 3131 1129 cum
3171 1035 3279 1103 sui
3315 1042 3579 1101 tantum
3616 1056 3819 1101 causa

2276 1153 2400 1221 est,
2435 1150 2501 1210 et
2529 1165 2665 1211 non
2695 1141 2967 1210 alterius
3028 1165 3045 1210 ε
3089 1144 3186 1210 ita
3230 1145 3437 1210 etiam
3486 1149 3823 1210 corrector

2276 1260 2377 1318 est
2408 1249 2599 1334 liber,
2642 1248 2911 1339 quando
2965 1238 3229 1316 tantum
3290 1249 3568 1338 corrigit
3620 1270 3824 1315 causa

2276 1357 2733 1435 correctionis,
2773 1364 2839 1423 et
2867 1376 3007 1423 non
3036 1376 3243 1424 causa
3273 1353 3851 1455 subsannationis·

2275 1463 2383 1532 vel
2415 1462 2683 1531 invidiae
2711 1482 2727 1531 ε
2752 1471 2818 1530 et
2845 1462 2928 1530 de
2957 1461 3087 1529 hoc
3116 1459 3291 1529 bene
3312 1460 3475 1528 dicit
3501 1458 3824 1550 Augusti-

2278 1595 2428 1654 nuS,
2464 1572 2610 1639 sic:
2642 1569 2858 1660 Magis
2915 1568 3162 1636 amabo
3222 1568 3461 1658 inspici
3510 1589 3549 1635 a
3596 1567 3816 1646 rectiS,
3906 1591 3920 1599 ·

2275 1702 2481 1771 quam
2540 1676 2791 1746 timebo
2831 1676 3126 1744 morderi
3168 1697 3209 1743 a
3237 1676 3571 1767 perversis
3614 1698 3630 1743 :
3664 1698 3816 1766 gra·

2274 1793 2494 1853 tanter
2512 1786 2692 1853 enim
2714 1785 2995 1875 suscipit
3017 1782 3330 1851 osculum
3351 1781 3820 1851 columbinum

2275 1891 2724 1984 pulcherrima
2782 1898 2849 1960 et
2893 1890 3399 1960 modestissima
3456 1888 3745 1958 charitas
3798 1912 3813 1957 ε

2274 2001 2543 2069 dentem
2573 2010 2798 2069 autem
2829 2002 3153 2068 caninum
3189 1997 3303 2067 vel
3342 2000 3551 2067 evitat
3578 1999 3822 2068 cautis·

2274 2109 2446 2176 sima
2484 2107 2855 2192 humilitas,
2912 2106 3024 2176 vel
3072 2106 3375 2176 retundit
3408 2105 3823 2174 solidissima

2274 2217 2522 2283 veritas
2562 2236 2579 2284 ε
2623 2216 2974 2306 magisque
3006 2211 3259 2305 optabo
3290 2234 3331 2280 a
3371 2210 3675 2303 quolibet
3712 2233 3825 2280 re-
3917 2305 3926 2310 -

2275 2322 2623 2412 prehendi,
2657 2344 2862 2413 quam
2919 2323 3063 2390 sive
3100 2318 3189 2389 ab
3228 2326 3496 2388 errante
3548 2320 3690 2386 sive
3735 2315 3822 2385 ab
3903 2404 3908 2408 .

2274 2427 2589 2497 adulante
2651 2426 2912 2495 laudari
2950 2420 2999 2497 ⁸.
3223 2423 3226 2427 ’

2359 2535 2609 2615 Tertio,
2686 2534 3007 2603 terminat
3069 2533 3482 2624 prooemium
3548 2533 3615 2599 in
3690 2529 3823 2598 hoc

2278 2642 2461 2736 quod
2514 2640 2743 2712 titulos
2799 2640 2883 2708 ad
2939 2640 3312 2710 faciliorem
3367 2638 3676 2728 adjungit
3710 2639 3822 2706 in-

2278 2753 2691 2821 ventionem.

2350 3238 2375 3275 ¹
2397 3239 2455 3296 S.
2486 3206 2860 3308 Aucusruncs,
2894 3237 3015 3297 Lib.
3048 3239 3096 3298 11
3121 3238 3197 3297 de
3219 3238 3527 3306 Trinitate,
3548 3253 3676 3312 cap.
3705 3242 3760 3298 ¹.
