4897 6388
642 338 771 406 496
1427 354 1431 358 ·
1643 332 1728 402 D.
1779 332 1980 401 ALB.
2033 331 2250 400 MAG.
2303 329 2512 398 ORD.
2566 330 2860 399 PRAED.

2071 473 2106 498 l

1780 980 1864 1051 Ε.
1909 977 2088 1066 Ilio,
2133 999 2368 1075 quare
2397 975 2747 1052 donum?

749 1321 1056 1393 Donum
1098 1342 1298 1412 vero,
1324 1317 1607 1392 dicitur
1649 1340 1802 1391 non
1845 1339 1938 1391 ex
1979 1340 2070 1391 eo
2109 1324 2407 1390 tantum
2452 1315 2659 1413 quod
2699 1315 3054 1410 donetur,
3097 1315 3228 1390 sed
3264 1339 3355 1390 ex
3400 1312 3861 1412 proprietate

654 1478 883 1554 quam
928 1453 1199 1529 habuit
1226 1454 1323 1528 ab
1364 1462 1656 1527 aeterno
1702 1475 1718 1526 z
1760 1452 1962 1526 unde
1995 1460 2069 1526 et
2108 1451 2203 1526 ab
2235 1461 2528 1526 aeterno
2585 1449 2722 1525 suit
2772 1450 3087 1524 donum.
3126 1449 3609 1548 Sempiterne
3660 1447 3861 1523 enim

653 1591 942 1666 donum
976 1589 1137 1677 fuit,
1171 1613 1327 1664 non
1370 1587 1556 1687 quia
1594 1588 1930 1679 daretur,
1977 1588 2109 1663 sed
2142 1587 2326 1685 quia
2364 1588 2740 1687 processit
2767 1611 2813 1661 a
2843 1588 3065 1684 Patre
3098 1597 3174 1662 et
3202 1586 3419 1661 Filio.
3460 1586 3676 1662 Unde
3714 1588 3863 1660 Au·

658 1727 1016 1825 gustinus
1082 1724 1161 1799 in
1204 1724 1400 1800 libro
1443 1723 1545 1798 IV
1584 1724 1678 1799 de
1745 1723 2116 1800 Trinitate
2146 1722 2253 1799 ait
2296 1748 2311 1798 :
2377 1722 2596 1799 Sicut
2634 1732 2899 1798 natum
2942 1747 3109 1799 esse
3148 1732 3266 1798 est
3304 1721 3492 1797 Filio
3533 1746 3579 1796 a
3636 1722 3859 1796 Patre

654 1886 823 1941 esse
870 1887 887 1938 ε
925 1861 1031 1938 ita
1069 1861 1391 1961 Spiritui
1433 1842 1697 1936 sancto
1740 1860 2029 1935 donum
2070 1860 2208 1936 Dei
2264 1883 2434 1960 esse
2475 1869 2592 1935 est
2620 1884 2667 1936 a
2705 1860 2928 1935 Patre
2987 1868 3061 1935 et
3104 1883 3151 1934 a
3181 1858 3369 1933 Filio
3416 1858 3855 1957 procedere.

654 2000 796 2075 llic
835 2007 1097 2098 aperte
1138 1995 1602 2092 ostenditur,
1647 1995 1851 2094 quod
1895 1995 2228 2095 Spiritus
2259 2005 2577 2072 sanctus
2607 2019 2699 2072 eo
2725 1996 3014 2071 donum
3044 2004 3184 2087 est,
3216 1994 3418 2093 quod
3452 1993 3792 2093 procedit
3820 2019 3864 2067 a

658 2136 880 2210 Patre
922 2142 998 2209 et
1027 2156 1072 2208 a
1115 2131 1305 2207 Filio
1334 2121 1354 2208 i
1381 2124 1843 2207 sicutFilius
1883 2154 1974 2206 eo
1999 2139 2115 2206 est
2151 2154 2196 2206 a
2237 2132 2494 2227 Patre,
2530 2131 2737 2230 quod
2771 2139 3131 2207 natusest
3162 2129 3259 2205 ab
3285 2152 3405 2205 ee.
3452 2129 3622 2204 Non
3667 2127 3869 2205 enim

665 2268 863 2344 idem
903 2277 1020 2344 est
1046 2266 1238 2343 Filio
1279 2289 1452 2342 esse
1506 2289 1553 2340 a
1617 2265 1871 2360 Patre,
1933 2275 2010 2342 et
2046 2264 2367 2365 Spiritui
2407 2274 2704 2357 sancto,
2752 2264 2825 2339 id
2883 2275 3024 2361 est,
3069 2289 3224 2340 non
3265 2288 3357 2340 ea
3412 2262 3872 2363 proprietate

660 2404 900 2479 Filius
938 2401 1221 2478 dicitur
1249 2425 1421 2479 esse
1462 2425 1509 2476 a
1547 2380 1774 2476 Patre
1817 2424 1976 2499 qua
2012 2400 2346 2501 Spiritus
2383 2412 2726 2478 sanctus.
2788 2402 2985 2476 Nam
3031 2401 3271 2476 Filius
3310 2400 3592 2476 dicitur
3628 2423 3798 2475 esse
3827 2424 3874 2474 a

660 2541 912 2634 Patre,
947 2539 1133 2638 quia
1169 2538 1482 2637 genitus
1519 2546 1637 2614 est
1665 2539 1762 2613 ab
1792 2562 1884 2615 eo
1921 2562 1938 2613 ε
1984 2537 2320 2639 Spiritus
2349 2548 2664 2616 sanctus
2702 2563 2887 2616 vero
2928 2538 3208 2614 dicitur
3245 2562 3414 2615 esse
3455 2564 3502 2613 a
3542 2539 3764 2612 Patre
3795 2544 3873 2611 et

660 2699 706 2753 a
745 2674 964 2771 Filio,
1016 2674 1202 2773 quia
1240 2673 1577 2774 Spiritus
1616 2683 1931 2750 sanctus
1970 2682 2086 2750 est
2123 2674 2413 2750 donum
2447 2675 2699 2751 Patris
2738 2683 2814 2751 et
2852 2673 3049 2770 Filii,
3105 2673 3175 2749 id
3211 2684 3348 2762 est,
3389 2672 3571 2773 quia
3613 2694 3871 2771 proce-

660 2811 893 2887 ditab
956 2818 1311 2908 utroque.
1349 2810 1458 2885 Eo
1501 2808 1710 2885 enim
1748 2808 2032 2885 dicitur
2067 2808 2411 2910 spiritus,
2457 2834 2612 2910 quo
2661 2810 2952 2888 donum
2989 2835 3006 2886 ε
3063 2821 3138 2886 et
3199 2834 3291 2886 eo
3348 2810 3669 2904 donum,
3711 2833 3864 2908 quo

663 2945 1110 3047 procedens.
1157 2943 1383 3020 Unde
1419 2943 1905 3041 Augustinus
1943 2942 2023 3019 in
2066 2943 2259 3020 libro
2299 2944 2365 3019 V
2403 2945 2499 3022 de
2546 2945 2920 3022 Trinitate
2957 2946 3060 3021 ait
3096 2970 3113 3022 t
3151 2945 3485 3044 Spiritus
3523 2953 3862 3038 sanctus,

663 3079 983 3180 quinon
1024 3090 1141 3158 est
1175 3078 1537 3174 TrinitaS,
1579 3079 1713 3156 sed
1747 3077 1823 3154 in
1854 3077 2220 3157 Trinitate
2261 3079 2720 3179 intelligitur
2761 3105 2778 3158 ε
2827 3081 2901 3156 in
2944 3106 3037 3158 eo
3087 3081 3292 3182 quod
3335 3078 3642 3180 proprie
3683 3078 3874 3153 dici-

664 3229 790 3294 tur
817 3215 1153 3318 Spiritus
1190 3224 1531 3303 sanctus,
1574 3215 1889 3292 relative
1928 3215 2237 3313 dicitur,
2279 3240 2458 3293 cum
2490 3226 2566 3293 et
2604 3217 2697 3292 ad
2733 3218 3034 3294 Patrem
3069 3228 3143 3293 et
3175 3216 3452 3292 Filium
3498 3216 3819 3292 refertur
3853 3238 3870 3291 :

665 3352 848 3454 quia
873 3351 1208 3452 Spiritus
1243 3359 1561 3428 sanctus
1599 3359 1675 3426 et
1713 3350 1963 3427 Patris
2001 3362 2074 3427 et
2105 3350 2273 3427 Filii
2308 3350 2626 3451 spiritus
2663 3363 2781 3429 est
2823 3377 2839 3429 :
2886 3353 3017 3429 sed
3059 3352 3226 3453 ipsa
3261 3351 3525 3428 relatio
3567 3377 3717 3427 non
3752 3376 3879 3451 ap·

667 3495 883 3588 paret
919 3484 1000 3560 in
1043 3486 1190 3585 hoc
1247 3483 1592 3561 nomine.
1628 3488 1965 3584 Apparet
2020 3494 2278 3561 autem
2319 3506 2497 3561 cum
2532 3485 2814 3561 dicitur
2841 3487 3128 3562 donum
3174 3486 3311 3561 Dei
3364 3510 3382 3562 t
3428 3486 3716 3562 donum
3758 3496 3874 3562 est

667 3621 874 3700 enim
917 3620 1166 3698 Patris
1204 3630 1279 3698 et
1337 3618 1538 3713 Filii,
1596 3620 1779 3721 quia
1817 3631 1893 3698 et
1921 3644 1968 3697 a
2008 3622 2231 3698 Patre
2272 3622 2614 3721 procedit
2671 3632 2743 3697 et
2812 3648 2856 3698 a
2899 3623 3087 3698 Filio
3127 3624 3174 3698 ¹.
3240 3625 3432 3699 Ecce
3468 3622 3588 3698 bis
3615 3622 3871 3698 verbis

668 3765 927 3858 aperte
965 3739 1425 3849 ostenditur,
1456 3753 1725 3831 eadent
1764 3754 2132 3831 relatione
2180 3754 2329 3830 dici
2373 3754 2743 3856 Spiritum
2809 3767 3190 3851 sanctum,
3232 3768 3306 3832 et
3344 3757 3662 3832 donum.
3715 3757 3871 3831 Do·

673 3916 858 3967 num
899 3899 1187 3985 autem,
1248 3889 1436 3988 quia
1475 3889 1816 3989 procedit
1872 3914 1919 3965 a
1986 3889 2211 3965 Patre
2268 3897 2341 3965 et
2409 3888 2629 3964 Filio.
2662 3891 3116 3990 *Proprietas
3173 3916 3354 3989 ergo
3394 3915 3550 3991 qua
3596 3892 3872 3968 dicitur

675 4023 1008 4126 Spiritus
1064 4033 1382 4101 sanctus
1418 4024 1540 4101 vel
1584 4024 1903 4119 donum,
1948 4023 2337 4124 processio
2379 4024 2547 4124 ipsa
2612 4036 2754 4120 est,
2789 4026 2883 4101 de
2923 4052 3075 4126 qua
3119 4039 3283 4127 post
3342 4028 3646 4127 plenius
3698 4053 3879 4125 age-

680 4184 851 4238 mus
888 4186 1063 4238 cum
1105 4159 1307 4237 aliis.
1352 4160 1547 4237 Cum
1588 4184 1771 4267 ergo
1810 4160 1909 4236 ab
1948 4170 2240 4237 oeterno
2283 4161 2740 4261 processerit
2780 4161 2877 4237 ab
2931 4173 3283 4262 utroque,
3340 4173 3413 4237 et
3453 4165 3549 4237 ab
3592 4174 3879 4239 :eterno

675 4296 964 4410 donum
1008 4294 1147 4371 ruit
1191 4319 1208 4372 ε
1257 4320 1410 4371 non
1455 4320 1641 4396 ergo
1681 4295 2015 4396 Spiritus
2053 4305 2368 4372 sanctus
2397 4322 2491 4372 eo
2533 4305 2828 4372 tantum
2871 4297 3151 4373 dicitur
3180 4298 3497 4385 (lunum,
3533 4298 3714 4396 quia
3744 4299 3883 4372 ‹lu-

684 4441 908 4508 natur
941 4409 973 4507 ε’
1005 4456 1185 4508 nam
1216 4441 1293 4509 et
1329 4443 1509 4508 ante
1540 4431 1683 4507 ruit
1719 4432 2010 4507 donum
2048 4455 2282 4531 quam
2324 4432 2771 4507 donaretur.
2816 4430 3030 4507 l'nde
3062 4431 3541 4528 Augustinus
3569 4432 3643 4507 in
3688 4435 3880 4508 libro

679 4565 742 4639 V
782 4566 877 4643 de
911 4567 1285 4642 Trim'tale
1327 4590 1346 4641 :
1382 4566 1707 4666 Semper
1744 4565 2079 4666 Spiritus
2116 4576 2431 4641 sanctus
2491 4565 2863 4667 procedit,
2906 4578 2981 4642 et
3022 4591 3172 4641 non
3217 4592 3308 4643 ex
3349 4577 3713 4667 tempore,
3742 4568 3871 4643 sed

681 4702 778 4777 ab
817 4700 1245 4777 aeternitate
1283 4699 1656 4800 procedit.
1703 4700 1850 4776 Sed
1883 4699 2070 4800 quia
2108 4698 2217 4775 sic
2258 4699 2723 4799 procedebat
2768 4713 2843 4776 ut
2895 4712 3095 4777 esset
3135 4701 3522 4796 donabile,
3556 4701 3714 4798 jam
3757 4704 3885 4776 ‹lo-

678 4863 864 4914 num
897 4849 1054 4914 erat
1088 4845 1505 4935 antequam
1549 4846 1754 4941 esset·
1788 4837 1912 4911 cui
1953 4837 2396 4913 donaretur.
2443 4816 2682 4912 Aliter
2735 4838 2938 4912 enim
2986 4837 3459 4933 intelligitur,
3527 4863 3701 4913 cnm
3762 4838 3881 4912 di-

679 4974 879 5050 citur
906 4974 1195 5049 donum
1244 4996 1261 5048 :
1307 4971 1533 5048 aliter
1562 4996 1737 5048 cum
1779 4972 2060 5047 dicitur
2114 4972 2485 5048 donatum
2551 4997 2567 5048 ε
2616 4997 2792 5048 nam
2854 4973 3139 5048 donum
3175 4982 3421 5074 potest
3452 4998 3621 5052 esse
3652 4974 3878 5050 etiam

680 5120 1092 5208 antequam
1133 5108 1386 5203 detur,
1430 5106 1800 5183 donatum
1833 5118 2090 5184 autem
2147 5108 2295 5182 nisi
2349 5109 2615 5183 datum
2661 5109 2912 5202 interit,
2977 5111 3192 5184 nullo
3255 5110 3479 5184 modo
3537 5111 3684 5186 dici
3737 5121 3895 5211 pot-

682 5255 821 5320 est.
868 5244 1354 5344 Sempiterne
1385 5267 1571 5342 ergo
1603 5243 1937 5343 Spiritus
1967 5252 2281 5320 sanctus
2311 5234 2428 5320 est
2458 5245 2779 5338 donum,
2817 5244 3345 5344 temporaliter
3374 5257 3632 5322 autem
3675 5248 3893 5321 dona·

757 5695 774 5730 ¹
806 5694 861 5748 S.
895 5698 1266 5766 ,transm-us,
1300 5695 1424 5752 Lib.
1459 5697 1503 5749 V
1535 5695 1608 5753 de
1639 5697 1945 5767 Trinitate‚
1976 5713 2107 5771 cap.
2146 5700 2227 5753 tt.
