4897 6388
587 476 595 482 ,
624 371 760 487 550,

520 531 534 545 ⁸
632 547 868 615 eadem
899 566 1209 626 numer0,
1246 546 1516 613 illorum
1561 554 1658 614 est
1692 569 1838 614 una·
1864 525 2192 637 pot-entia·

637 654 817 723 illius
876 663 1182 722 uaturae:
1257 655 1476 721 trium·
1543 676 1989 745 personarum
2075 663 2176 721 est

632 786 770 830 una
809 772 1051 830 natura
1098 772 1163 830 et
1202 763 1437 830 eadem
1490 785 1773 829 numero
1819 785 1836 833 :
1872 785 2032 852 ergo
2065 756 2174 852 ip-'

635 893 863 937 sarum
896 879 996 937 est
1035 879 1331 960 potestas
1360 893 1495 936 una
1533 870 1641 936 vel
1671 870 1996 959 potentia.

729 978 788 1044 3.
855 977 1049 1059 Item,
1096 976 1551 1065 Quaecumque
1626 976 1718 1041 ita
1770 998 1842 1043 se
1899 974 2172 1053 liabent,

644 1083 828 1174 quod
856 1105 1058 1150 omne
1098 1105 1271 1172 opus
1330 1104 1566 1149 eorum
1617 1090 1716 1147 est
1745 1080 2178 1170 indivisibili-

1602 374 1687 442 n.
1739 365 1938 460 ALss.
1993 365 2207 442 MAG.
2261 373 2466 443 ono.
2519 368 2816 442 PRAED.

3045 467 3079 489 a

2279 547 2409 615 alio
2467 547 2997 638 perssonaliters
3041 533 3195 614 'non‘
3235 545 3652 613 essentialiter
3699 559 3836 611 non

2281 664 2380 722 est
2446 655 2747 723 medium
2813 654 2989 721 inter
3055 653 3172 722 itta
3238 661 3546 721 extrema
3582 675 3596 719 ε
3683 651 3841 741 quia

2283 771 2585 829 extrema
2623 761 2738 828 illa
2784 763 2931 828 sine
2977 763 3424 851 proportione
3470 759 3743 836 distant,
3777 766 3842 823 et

2285 870 2432 936 ideo
2470 869 2769 936 medium
2802 892 2939 936 nou
2970 868 3228 936 habent
3255 890 3274 937 t
3309 867 3428 935 sed
3458 862 3685 957 potius
3716 855 3839 931 ha-

2284 976 2441 1043 bere
2474 976 2558 1042 ab
2598 975 2730 1042 alio
2762 976 3212 1065 personaliter
3243 982 3309 1043 et
3338 998 3479 1042 non
3525 975 3846 1041 essentia-

2286 1084 2460 1162 liter,
2497 1082 2658 1150 dieit
2687 1085 3162 1151 auctoritatem
3194 1083 3511 1172 principii
3561 1084 3627 1147 in
3677 1103 3840 1156 uno,

646 1201 745 1260 ter
808 1193 1116 1258 omnium
1186 1190 1483 1273 illorum,
1528 1197 1625 1256 est
1678 1187 1984 1280 potentia
2013 1205 2182 1279 ope-
2290 1202 2351 1258 et
2381 1191 2984 1259 subauetoritatem
3052 1192 3122 1258 in
3152 1191 3316 1269 alio,
3369 1199 3436 1258 et
3490 1188 3846 1279 aequalita-

644 1317 799 1369 rans
878 1314 1011 1367 una
1075 1312 1400 1367 numero:
1490 1300 1580 1367 ita
1620 1322 1689 1366 se
1756 1298 2008 1367 habent
2049 1305 2181 1366 tres
2291 1309 2428 1365 tem
2483 1299 2551 1365 in
2618 1298 2850 1365 habito
2894 1299 3003 1367 vel
3049 1305 3130 1366 eo
3181 1297 3367 1389 quod
3427 1296 3716 1364 habetur
3758 1294 3840 1360 ab

642 1424 947 1498 personae
1006 1410 1074 1474 i'n
1123 1410 1310 1474 omni
1352 1429 1554 1498 opere
1600 1423 1722 1475 suo
1761 1421 1775 1474 t
1809 1420 1972 1497 ergo
2003 1397 2179 1497 ipsa·
2293 1405 2650 1473 ambobus.

644 1533 795 1582 rum
837 1520 938 1583 est
992 1531 1127 1581 una
1164 1517 1466 1604 potentia
1496 1531 1779 1583 nurnero
1816 1539 1832 1583 ε
1885 1527 2045 1605 ergo
2086 1515 2186 1580 est

653 1623 961 1713 aequ'aliS.
2029 1625 2032 1626 ⁷
2296 1632 2428 1702 tur,
2474 1622 2678 1689 Pater
2743 1632 3067 1711 operatur
3095 1644 3216 1710 per
3245 1619 3523 1702 Filium,
3578 1638 3854 1707 praepo-

740 1729 805 1795 4.
848 1729 1046 1807 Item,
1082 1730 1317 1808 Detur,
1354 1729 1530 1820 quod
1575 1731 1791 1819 major
1830 1731 1914 1795 sit
1944 1729 2188 1797 Patris..
2299 1732 2453 1797 sitio
2484 1750 2624 1797 non
2656 1737 2845 1797 notat
2890 1747 3168 1797 eausam
3227 1722 3852 1805 instrumentalem,

585 1874 589 1878 ·
654 1838 969 1920 Con-rm}
1002 1838 1151 1906 Filii
1186 1838 1487 1928 potentia
1517 1846 1616 1905 est
1645 1838 1908 1905 infinita
1936 1843 2002 1905 et
2033 1836 2196 1926 Spt-
2301 1838 2416 1905 sed
2446 1840 2712 1904 tantum
2744 1837 3221 1905 auctoritatem
3254 1837 3323 1902 in
3372 1835 3573 1902 Patre
3612 1855 3861 1900 secun-

657 1946 827 2011 ritus
874 1947 1113 2027 sancti,
1165 1943 1346 2035 quod
1394 1951 1619 2033 patere
1676 1952 1899 2034 potest
1943 1943 2016 2010 in
2047 1949 2199 2011 actu
2305 1946 2466 2012 dum
2519 1947 2845 2012 rationem
2907 1944 3221 2035 originis,
3284 1951 3350 2010 et
3410 1942 3560 2011 ideo
3602 1948 3759 2007 sunt
3793 1942 3858 2006 in

661 2052 932 2120 creandi
968 2079 983 2120 ε
1028 2053 1142 2143 qui
1175 2052 1520 2121 educendo
1550 2052 1807 2144 aliquid
1845 2051 1926 2119 de
1956 2051 2199 2131 nihile,
2309 2074 2512 2142 opere
2543 2049 2867 2141 aequaleS.

613 2242 620 2248 .
666 2175 821 2252 quoe
853 2160 1115 2227 infinite
1153 2160 1428 2240 distant,
1473 2153 1801 2252 probatur
1847 2171 1993 2229 esse
2058 2151 2206 2226 inti·
2397 2158 2504 2225 An
2540 2178 2739 2225 amun
2786 2155 3179 2242 dicendum,
3213 2155 3402 2247 quod
3449 2154 3565 2224 illa
3619 2173 3865 2246 propo-

670 2268 904 2336 nitust
977 2263 1185 2335 Filius
1242 2275 1466 2336 autem
1534 2273 1716 2336 creat
1788 2276 1855 2336 et
1913 2266 2208 2358 Spiritus
2313 2267 2467 2333 sitio
2497 2285 2661 2333 vera
2690 2265 2889 2332 estin
2934 2254 3421 2355 recipientibus
3471 2265 3541 2331 in
3580 2259 3866 2330 diversi-

673 2380 988 2442 sanctus':
1057 2373 1173 2442 sed
1233 2374 1494 2442 infinito
1562 2372 1731 2442 nihil
1769 2379 1872 2443 est
1935 2374 2155 2462 majus
2189 2395 2204 2439 :
2318 2382 2451 2442 tate
2479 2381 2765 2451 naturae,
2798 2371 2973 2440 sieut
2998 2389 3251 2462 eorpus
3290 2388 3330 2439 a
3368 2370 3700 2461 spirituali
3744 2392 3870 2436 na-

674 2505 840 2574 ergo
868 2517 879 2525 ·
909 2483 1126 2551 Patris
1186 2485 1484 2572 potentia
1531 2506 1667 2550 non
1700 2490 1798 2551 est
1830 2484 2051 2572 major
2089 2503 2215 2573 po·
2320 2491 2494 2560 tura,
2531 2489 2597 2550 et
2650 2480 3065 2549 elementum
3099 2502 3140 2547 a
3185 2478 3387 2558 eoelo,
3422 2487 3487 2547 et
3520 2478 3876 2567 hujusmo-

678 2592 891 2659 tentia
957 2592 1161 2659 Filii:
1221 2601 1287 2659 et
1344 2591 1575 2659 datum
1633 2592 1780 2672 fuit,
1824 2590 2004 2682 quod
2045 2597 2220 2658 esset
2321 2589 2411 2658 di.
2443 2589 2519 2654 ln
2549 2588 2655 2655 his
2701 2597 2928 2655 autom
2960 2609 3115 2678 quae
3167 2595 3331 2655 eunt
3380 2586 3655 2676 agentia
3717 2586 3875 2652 uni-

682 2700 921 2789 major.
2323 2721 2491 2766 voce
2576 2707 2642 2766 et
2706 2696 3083 2765 secundum
3159 2695 3476 2764 eamdem
3535 2703 3876 2768 naturam,

2325 2808 2533 2875 etiam
2573 2807 2643 2873 in
2690 2807 3020 2875 creaturis
3066 2803 3241 2874 salsa
3287 2812 3416 2882 est,
3460 2804 3588 2870 nisi
3632 2800 3883 2869 intelli-

2326 2923 2527 3004 gatur
2554 2912 2737 3004 quod
2770 2910 2992 3005 quoad
3025 2909 3159 2981 hoo
3189 2932 3331 2978 non
3380 2917 3484 2978 est
3533 2930 3727 3000 oeque
3756 2930 3886 2976 no-

2331 3023 2502 3091 bile:
2537 3022 2698 3115 quia
2736 3028 3083 3113 receptum
3113 3028 3189 3088 ut
3249 3029 3353 3089 est
3399 3027 3745 3109 receptum
3787 3027 3886 3085 est

2331 3132 2401 3199 in
2430 3129 2757 3222 potentia,
2789 3137 2857 3198 et
2881 3135 3146 3220 {postea
3171 3129 3274 3196 ·tit
3313 3129 3386 3193 in
3416 3134 3599 3210 aetu,
3632 3134 3699 3193 et
3730 3134 3888 3192 tune

2330 3238 2498 3307 falsa
2530 3240 2721 3307 estin
2755 3236 2926 3313 Deo,
2959 3238 3120 3327 quia
3153 3234 3366 3303 Filius
3397 3257 3537 3303 non
3572 3245 3672 3302 est
3708 3234 3889 3302 aeci·

2332 3348 2525 3437 piens
2570 3346 2639 3412 in
2689 3345 3018 3436 potentia,
3055 3352 3124 3411 et
3178 3350 3416 3434 postea
3470 3350 3772 3410 mutatus
3801 3341 3883 3407 ad

2332 3460 2587 3521 netum.

2422 3562 2529 3631 Au
2562 3582 2759 3629 Λιιυῐ)
2786 3559 3180 3638 dicendum,
3215 3559 3401 3652 quod
3444 3559 3748 3650 potentia
3778 3564 3884 3624 at·

2382 1515 2486 1580 An
2524 1536 2720 1580 Amne
2787 1510 3181 1590 dicendum,
3234 1515 3421 1602 quod
3481 1533 3637 1579 cum
3678 1508 3879 1582 dici-¹
3962 1531 4037 1579 Λα
4079 1531 4120 1575 a.

3959 2208 4034 2255 ΑιΙ
4082 2208 4123 2251 4.

717 2933 720 2936 ·
779 2912 1085 2982 Somno.
1130 2909 1531 2988 Dicendum,
1588 2911 1766 3003 quod
1822 2919 1959 2981 tres
1987 2927 2224 3003 perso-

687 3043 793 3092 nae
821 3023 1103 3092 omnino
1132 3020 1425 3113 aequales
1462 3020 1715 3089 suntin
1744 3021 2072 3112 potentia.

778 3130 867 3202 Et
923 3129 1307 3209 dicendum,
1369 3128 1552 3222 quod
1642 3151 1840 3221 posse
1904 3146 2226 3220 generare

692 3238 939 3308 Filium
991 3237 1245 3330 aliquid
1283 3243 1383 3306 est
1436 3258 1658 3328 posse,
1702 3242 1906 3306 otest
1969 3235 2054 3304 ad
2101 3236 2230 3304 ali-

691 3347 855 3441 quid
887 3369 1106 3440 posse,
1140 3351 1311 3414 sieut
1340 3367 1544 3437 supra
1588 3343 2024 3435 explanatum
2055 3350 2156 3412 est
2180 3343 2224 3413 ⁸.

695 3457 767 3523 Si
800 3458 981 3524 enim
1015 3455 1315 3546 potentia
1362 3460 1673 3522 sumatur
1700 3469 1821 3544 per
1873 3465 2230 3545 eompara-

693 3565 951 3633 tionem
992 3563 1073 3630 ad
1117 3561 1182 3628 id
1225 3563 1290 3629 in
1334 3576 1470 3653 quo
1525 3560 1886 3645 radicatur,
1942 3564 2102 3628 tune
2132 3568 2230 3628 est

401 3147 605 3197 Solunte.

421 3205 498 3251 Ad
540 3206 583 3249 1.

4007 3599 4081 3644 aa
4106 3598 4149 3642 ο.

694 3671 951 3763 aliquid
985 3694 1205 3760 posse,
1250 3676 1313 3736 et
1344 3676 1442 3736 est
1476 3692 1608 3736 una
1651 3668 1717 3735 in
1749 3667 1966 3735 tribus
2007 3684 2234 3758 perso-
2334 3670 2655 3737 tribuitur
2730 3667 2911 3736 Patri
2982 3677 3261 3758 propter
3307 3668 3616 3758 principii
3673 3667 3886 3732 ratio-

699 3782 829 3860 nis,
866 3778 1017 3845 tim-t
1058 3799 1190 3844 non
1250 3775 1333 3842 ad
1375 3775 1548 3842 idem
1621 3778 1686 3843 in
1743 3775 2065 3843 omnibus
2120 3778 2233 3843 tri·
2336 3798 2521 3857 neni,
2555 3798 2707 3867 qum
2744 3783 2846 3843 est
2895 3778 2964 3843 in
3015 3776 3166 3866 ipso
3206 3775 3418 3843 totius
3457 3772 3882 3841 divinitatis:

700 3886 849 3954 bus.
907 3885 979 3952 Si
1047 3891 1268 3951 antem
1329 3890 1636 3951 sumatur
1677 3882 2048 3950 seeundum
2079 3904 2238 3949 con·
2337 3885 2744 3976 principium
2776 3892 3004 3950 nutem
3029 3881 3113 3950 de
3143 3904 3215 3949 se
3246 3885 3441 3973 ponit
3467 3882 3843 3972 potentiani
3873 3904 3887 3948 ε

692 3994 1115 4082 junctionem
1158 3989 1240 4058 nil
1291 3998 1542 4070 actum,
1588 3998 1749 4057 tunc
1786 4010 1922 4057 non
1967 3993 2065 4057 est
2109 3987 2236 4056 ali·
2338 3993 2729 4082 hujusmodi
2796 3999 3026 4060 autem
3095 3993 3270 4059 ratio
3357 3991 3667 4082 principii
3759 4011 3894 4057 non

705 4101 864 4193 quid
906 4123 1129 4192 posse.
1163 4099 1277 4163 secl
1321 4098 1406 4165 ad
1454 4098 1705 4189 aliquid
1762 4120 1986 4189 posse,
2046 4105 2111 4165 ct
2141 4100 2235 4165 sie
2341 4102 2493 4169 sarit
2531 4099 2802 4167 Patrem
2845 4101 3333 4189 potentiorem,
3370 4097 3487 4165 sed
3521 4094 3894 4174 auctorem,

707 4213 878 4277 inest
918 4216 1176 4276 tantum
1214 4206 1420 4273 l‘atri.
1470 4205 1834 4274 llaereticus
1863 4214 2089 4273 nutem
2122 4228 2232 4273 ne·
2342 4220 2413 4276 ut
2446 4210 2694 4298 smpius
2723 4207 2979 4274 dietum
3016 4214 3143 4273 est.

705 4319 890 4406 gavit
922 4315 1047 4382 hoe
1081 4316 1297 4382 inesse
1360 4312 1527 4380 t'itin
1567 4315 1939 4382 set-unitum
1974 4324 2237 4382 utrum-
2434 4320 2537 4383 Αυ
2576 4340 2774 4383 marn
2842 4314 3235 4389 dicendum,
3298 4314 3481 4404 quod
3550 4313 3660 4380 illa
3728 4315 3895 4380 ratio
4010 4351 4085 4398 Α,
4109 4354 4150 4391 ⁶,

707 4448 839 4515 que
907 4423 1184 4491 modum
1251 4422 1518 4489 simul:
1585 4431 1650 4490 et
1718 4420 1871 4490 ideo
1945 4421 2239 4512 procedit
2346 4428 2681 4517 principii,
2721 4426 2869 4494 licet
2911 4427 3392 4517 approprietur
3448 4426 3507 4491 ei
3567 4427 3893 4516 putentia,

711 4534 879 4599 ratio
913 4530 1296 4620 Augustini,
1332 4529 1512 4621 quoil
1543 4529 1671 4598 hnc
1710 4536 1881 4597 esset
1913 4531 2245 4620 impoten-
2345 4560 2483 4605 non
2535 4546 2762 4604 tamen
2811 4536 3083 4628 proprie
3133 4535 3293 4605 dicit
3324 4537 3727 4628 potentiani,
3784 4535 3898 4602 sod

709 4643 844 4719 tiae,
877 4639 1122 4707 scilicet
1157 4660 1293 4706 non
1343 4638 1590 4707 habere
1631 4642 1941 4706 naturam
1988 4637 2244 4705 soecun-
2348 4645 2634 4733 originis
2674 4643 3156 4736 proprietatem
3192 4668 3206 4713 :
3244 4655 3310 4712 01
3362 4644 3515 4711 ideo
3549 4666 3684 4710 non
3723 4642 3895 4710 ιοιιῑι

712 4750 866 4817 dam
926 4772 1075 4840 quae
1107 4757 1202 4814 est
1254 4749 1318 4813 in
1391 4746 1625 4815 l‘atre:
1672 4745 1830 4837 quia
1870 4747 1964 4813 sie
2003 4753 2103 4813 est
2130 4745 2246 4812 ali·

716 4858 876 4949 quii}
910 4878 1130 4947 posse.

805 4965 911 5031 An
948 4986 1142 5031 Anu-n
1198 4962 1581 5037 dicendum,
1640 4960 1819 5052 quod
1880 4959 2124 5027 habere
2166 4959 2250 5026 ab

2352 4755 2808 4847 aequalitatem
2843 4757 2909 4824 in
2942 4755 3243 4846 potentia
3282 4777 3323 4821 n
3357 4751 3527 4821 Filio
3585 4763 3647 4821 et
3682 4754 3905 4843 Spiri-

2353 4873 2422 4931 tu
2454 4872 2714 4931 sancto.

452 5016 519 5061 Aa
546 5016 589 5063 ε.

791 5198 808 5234 ¹
842 5198 928 5253 Cf.
957 5197 1164 5268 Supra,
1199 5195 1339 5251 nist.
1375 5194 1496 5251 vlt.
