4897 6388
804 982 939 1030 Acta

803 1947 886 1996 Ad
912 1952 954 1992 4.

1847 343 1941 411 lN
1991 341 2019 406 1
2069 301 2490 408 anTssNr.
2544 333 2773 402 ms‘r.
2826 332 3025 415 x111,
3071 281 3413 415 AsAnr.
3474 340 3532 403 1.

1058 549 1276 603 mero,
1312 532 1378 591 et
1415 543 1554 590 non
1593 518 1814 610 specie
1860 513 2388 604 proprietatum:
2441 507 2603 598 quia

1059 658 1200 703 non
1231 642 1389 702 sunt
1425 631 1573 698 duae
1603 627 2056 718 paternitateS‚
2089 642 2212 687 nec
2240 619 2387 685 duae
2428 615 2606 683 filia-

1058 744 1305 823 tiones,
1340 761 1465 806 nec
1493 737 1641 804 duae
1670 730 2243 805 innascibilitates,
2287 735 2352 793 et
2391 726 2486 791 sic
2523 723 2607 790 de

1061 851 1235 917 aliis.

1153 960 1257 1024 An
1287 979 1483 1023 amun
1514 952 1898 1028 dicendum,
1945 946 2125 1040 quod
2182 943 2249 1012 id
2288 941 2471 1033 quod
2509 947 2610 1008 est

1062 1065 1467 1156 principium
1536 1054 2045 1137 convenientias,
2088 1077 2224 1122 non
2271 1060 2371 1120 est
2428 1052 2612 1140 prin-

1066 1174 1319 1264 cipium
1377 1169 1867 1259 distinctionis:
1921 1165 2092 1232 sicut
2122 1162 2190 1229 id
2227 1158 2408 1250 quod
2445 1179 2613 1248 pro-

1061 1282 1263 1349 batur
1298 1280 1380 1347 de
1410 1278 1743 1370 pluribus,
1774 1274 2179 1367 principium
2217 1278 2320 1350 est
2357 1289 2614 1336 conver

1061 1390 1334 1457 nientiae
1358 1387 1653 1479 plurium
1676 1385 1758 1453 de
1782 1383 1896 1451 illo
1917 1381 2068 1449 :sed
2090 1379 2214 1448 boc
2247 1376 2452 1445 modo
2477 1397 2615 1442 non

1059 1498 1391 1587 accipitur
1416 1495 1553 1575 hic,
1588 1493 1858 1585 quando
1889 1490 2212 1582 quaeritur
2237 1483 2618 1554 differentia

1060 1607 1241 1674 inter
1304 1605 1807 1696 generationem
1878 1609 1943 1668 et
2030 1597 2527 1689 processionem
2589 1614 2607 1657 ;

1060 1713 1179 1781 sed
1241 1714 1468 1802 potius
1527 1709 1810 1778 verbum
1869 1705 2175 1797 procedit
2237 1700 2617 1793 specialiter

1064 1821 1380 1913 exprimit
1407 1819 1906 1889 emanationem
1950 1813 2240 1904 Spiritus
2267 1809 2504 1878 sancti.

1156 1933 1262 2000 Ao
1307 1953 1504 2000 mun
1552 1926 1933 2003 dicendum,
1986 1922 2167 2013 quod
2230 1922 2289 1989 si
2344 1942 2428 1988 ex
2459 1940 2617 2008 pro·

1068 2040 1232 2132 priis
1270 2037 1656 2129 loquamur,
1699 2035 1871 2102 sicut
1933 2038 2197 2122 oportet
2231 2031 2301 2096 in
2340 2026 2614 2107 divinis,

931 2163 938 2169 '
1069 2160 1232 2218 tunc
1271 2149 1613 2217 emanatio
1657 2144 1950 2235 Spiritus
1987 2141 2200 2210 sancti
2252 2136 2620 2227 distingui-

798 3918 879 3963 Ad
899 3919 942 3966 5.

799 4337 950 4382 Ad&

1070 2265 1181 2324 tur
1207 2254 1293 2323 ab
1339 2254 1769 2323 emanatione
1822 2248 1998 2326 Filii,
2039 2255 2107 2315 et
2161 2255 2490 2337 quantum
2531 2240 2618 2310 ad

1067 2363 1477 2456 principium
1516 2385 1557 2429 a
1595 2380 1756 2453 quo,
1790 2366 1857 2427 et
1897 2363 2225 2447 quantum
2255 2352 2338 2420 ad
2376 2350 2619 2418 termi-

1067 2460 1235 2540 num
1303 2472 1372 2539 in
1451 2491 1681 2561 quem,
1740 2473 1806 2536 et
1858 2472 2189 2556 quantum
2254 2459 2338 2528 ad
2394 2461 2614 2551 ipsam

1068 2574 1599 2647 emanationem.
1663 2567 2077 2657 Principium
2150 2563 2330 2632 enim
2378 2583 2419 2630 a
2476 2582 2615 2651 quo

1070 2693 1174 2752 est
1210 2679 1552 2773 processio
1585 2676 1876 2767 Spiritus
1901 2671 2140 2748 sancti,
2182 2679 2283 2738 est
2330 2669 2435 2736 vis
2473 2668 2618 2758 spi-

1071 2791 1312 2868 rativa,
1354 2785 1462 2856 vel
1484 2805 1852 2856 consensus
1873 2781 2094 2849 Patris
2123 2788 2188 2846 et
2212 2777 2361 2846 Filii
2392 2798 2408 2843 :
2436 2776 2618 2866 prin·

1066 2900 1319 2990 cipium
1383 2904 1612 2963 autem
1641 2916 1681 2960 a
1718 2914 1855 2984 quo
1886 2912 2006 2979 per
2038 2910 2112 2956 se
2137 2895 2237 2954 est
2264 2885 2614 2976 generatio

1066 3032 1104 3075 a
1147 3006 1374 3084 Patre,
1405 3012 1506 3071 est
1528 3002 1634 3068 vis
1670 2997 2056 3090 generativa
2094 3003 2166 3062 ut
2195 2992 2611 3084 generativa.

1061 3115 1423 3183 Terminus
1489 3107 1799 3177 similiter
1855 3105 1925 3172 in
1972 3125 2174 3192 quem
2221 3100 2352 3169 boc
2405 3098 2614 3169 modo

1062 3227 1262 3311 prout
1311 3224 1533 3308 potest
1583 3217 1651 3281 in
1706 3210 1952 3280 divinis
1998 3207 2204 3298 accipi
2247 3206 2609 3284 terminus,
2670 3232 2673 3233 ⁷

1063 3330 1132 3395 in
1163 3349 1300 3394 una
1331 3332 1517 3416 parte
1537 3330 1637 3389 est
1665 3318 1900 3399 Filius,
1931 3325 1998 3383 et
2027 3316 2093 3381 in
2122 3312 2255 3382 alia
2282 3321 2379 3381 est
2417 3335 2614 3380 amor

1063 3431 1468 3526 personalis,
1543 3428 1653 3498 vel
1709 3426 1965 3495 donum
2028 3422 2248 3490 Patris
2296 3431 2365 3490 et
2426 3421 2605 3489 Filii.

1057 3544 1122 3612 M
1138 3543 1311 3612 odus
1367 3536 1819 3609 emanationis
1865 3535 2066 3601 unius
2092 3538 2193 3599 est
2229 3531 2604 3621 generatio,

1056 3652 1334 3721 alterius
1384 3657 1485 3717 est
1529 3645 1796 3714 dilectio
1837 3638 2199 3711 notionalis
2228 3637 2333 3707 vel
2393 3638 2610 3728 spira-

1058 3763 1179 3828 tio.
2378 3835 2394 3849 ο

1151 3873 1259 3937 An
1296 3892 1362 3937 ιο
1398 3874 1624 3935 autem
1655 3862 1837 3955 quod
1867 3860 2181 3950 objicitur
2227 3858 2308 3927 de
2340 3858 2600 3926 ratione

1060 3978 1405 4068 imaginis,
1446 3971 1804 4042 dicendum
1852 3967 2030 4060 quod
2081 3967 2251 4035 bene
2283 3964 2603 4034 concedi-

1058 4095 1193 4167 tur,
1231 4081 1415 4175 quod
1462 4079 1590 4148 hoc
1628 4101 1765 4147 non
1839 4084 2154 4167 operatur
2190 4072 2483 4142 multum
2513 4070 2601 4140 ad

1057 4193 1583 4262 distinctionem.

1147 4304 1252 4369 An
1282 4323 1347 4368 ιι)
1412 4296 1596 4390 quod
1649 4295 1928 4363 ulterius
1972 4299 2206 4360 contra
2255 4289 2597 4377 objicitur,

1058 4409 1242 4504 quod
1298 4402 1756 4475 substantialis
1802 4410 1902 4470 est
1937 4402 2156 4468 fluxus
2212 4398 2505 4490 Spiritus
2534 4404 2602 4466 et

1051 4544 1092 4588 a
1121 4516 1497 4586 substantia
1530 4523 1597 4581 et
1636 4513 1703 4580 in
1732 4510 2202 4585 substantiam,
2233 4507 2596 4576 dicendum

1053 4624 1239 4716 quod
1295 4645 1433 4691 non
1473 4617 1752 4711 impedit
1796 4615 2240 4683 differentiam
2291 4614 2599 4705 assigna-

1053 4742 1192 4800 tam
1222 4754 1239 4800 :
1278 4730 1427 4797 ideo
1458 4727 1619 4819 quia
1647 4725 1713 4793 id
1734 4722 1914 4816 quod
1947 4724 2015 4791 in
2043 4721 2291 4790 divinis
2329 4731 2428 4789 est
2447 4746 2600 4813 gra-

1053 4843 1148 4910 tia
1195 4836 1644 4930 simplicitatis
1700 4841 1984 4910 naturae,
2028 4852 2164 4898 non
2203 4829 2376 4899 tollit
2436 4852 2595 4920 pro·

1056 4952 1204 5042 pria
1233 4972 1275 5017 a
1303 4948 1646 5040 personis:
1681 4941 1798 5011 sed
1819 4943 1875 5009 si
1906 4938 2191 5015 tolleret,
2236 4948 2395 5007 tunc
2434 4962 2600 5029 pro-

1051 5058 1319 5128 cederet
1372 5054 1690 5143 objectio.
1739 5050 1920 5118 Licet
1969 5047 2153 5116 enim
2190 5046 2387 5115 Pater
2439 5069 2599 5114 vere

1052 5168 1140 5234 sit
1167 5174 1411 5233 natura
1439 5162 1694 5239 divina,
1727 5167 1794 5227 et
1838 5157 2047 5225 Filius
2095 5177 2252 5224 vere
2280 5155 2367 5223 sit
2405 5164 2601 5222 natu-

1054 5298 1125 5342 ra
1154 5272 1413 5352 divina,
1447 5292 1588 5337 non
1616 5278 1843 5336 tamen
1873 5265 2076 5334 Pater
2101 5269 2201 5332 est
2230 5262 2438 5330 Filius
2479 5285 2496 5331 ε
2531 5271 2600 5331 et

1053 5383 1208 5451 licet
1244 5378 1591 5472 generatio
1640 5398 1799 5445 vere
1847 5374 1933 5442 sit
1977 5380 2216 5441 natura
2254 5370 2507 5453 divina,
2534 5379 2601 5439 et

1054 5490 1396 5584 processio
1441 5509 1601 5556 vere
1630 5486 1717 5553 sit
1753 5490 1991 5553 natura
2030 5481 2284 5564 divina,
2318 5502 2456 5553 non
2496 5488 2603 5548 ta-

1128 5725 1233 5779 ¹S.
1267 5722 1588 5786 mosrsucs,
1638 5713 1760 5771 Lib.
1819 5712 1892 5769 de
1946 5711 2165 5768 Divinis
2234 5709 2600 5778 nominibus,

4142 342 4266 407 371

2713 527 2873 572 men
2931 506 3280 594 generatio
3341 515 3439 573 est
3479 508 3756 596 spiratio
3786 510 3894 577 vel
3936 510 4277 599 processio

2715 610 2844 681 hoc
2875 611 3082 679 modo
3117 612 3314 690 dicta,
3363 637 3486 681 nec
3531 616 3775 684 modus
3823 618 4281 707 generationis

2716 730 2817 788 est
2876 720 3122 789 modus
3163 723 3616 810 processionis
3642 709 3700 790 τ’
3730 732 3797 791 et
3835 723 3965 792 hoc
4013 724 4278 802 accidit,

2717 828 2876 917 quia
2932 849 2972 893 a
3027 827 3410 896 substantia
3451 853 3487 897 a
3541 853 3673 921 qua
3711 831 4014 920 procedit
4042 831 4278 910 Filius,

2720 960 2856 1005 non
2906 936 3147 1005 eodem
3196 940 3404 1020 modo
3464 941 3891 1032 significandi
3986 943 4286 1034 procedit

2721 1045 3015 1135 Spiritus
3044 1056 3318 1118 sauctus
3356 1071 3371 1114 ε
3424 1050 3543 1117 sed
3580 1050 3790 1118 Filius
3837 1060 3939 1119 est
3995 1075 4076 1120 ex
4142 1053 4290 1141 ipsa

2718 1156 3095 1226 secundum
3136 1157 3323 1246 quod
3352 1167 3454 1226 est
3482 1159 3585 1226 vis
3605 1163 4001 1251 generativa
4044 1163 4114 1228 in
4154 1160 4288 1229 Pa-

2718 1272 2845 1349 tre,
2885 1265 3182 1356 Spiritus
3212 1277 3441 1336 autem
3475 1279 3748 1339 sanctus
3797 1296 3882 1341 ex
3922 1296 4002 1350 ea
4044 1282 4144 1340 est
4178 1295 4290 1340 se-

2718 1374 3019 1450 cundum
3089 1377 3275 1465 quod
3332 1386 3431 1445 est
3470 1380 3574 1446 vis
3612 1381 3938 1470 spirativa
3975 1382 4045 1449 in
4086 1381 4288 1450 Patre

2719 1490 2786 1550 et
2821 1482 2995 1550 Filio
3027 1507 3043 1551 ε
3081 1494 3149 1551 et
3185 1482 3318 1553 hoc
3358 1494 3461 1554 est
3499 1488 3684 1576 quod
3722 1489 3886 1556 dicit
3917 1489 4289 1581 Dionysius

2722 1590 2792 1658 in
2823 1589 2998 1659 libro
3041 1591 3123 1658 de
3161 1594 3439 1661 Dt'vim's
3468 1596 3927 1677 nominibus¹‚
3973 1597 4087 1667 ubi
4129 1598 4290 1665 dicit

2722 1696 2860 1765 sic:
2912 1697 3034 1767 Est
3072 1708 3301 1766 autem
3338 1711 3405 1768 et
3443 1702 3755 1769 discretio
3797 1703 3868 1770 in
3918 1703 4291 1793 supersub-

2722 1805 3155 1882 stantialibus
3231 1807 3637 1899 theologiis:
3709 1833 3851 1879 non
3903 1834 4107 1902 quam
4147 1812 4286 1879 dixi

2721 1920 2992 1983 tantum
3027 1913 3214 2005 quod
3247 1917 3624 1984 secundum
3654 1919 3873 2008 ipsam
3905 1919 4282 1987 unitionem

2720 2022 3032 2091 immixte
3071 2029 3142 2091 et
3179 2024 3531 2094 inconfuse
3567 2025 3940 2096 collocatur
3965 2051 4287 2119 unaquae-

2723 2152 2855 2220 que
2884 2130 3367 2221 principalium
3399 2156 3883 2224 personarum:
3933 2135 4051 2204 sed
4101 2136 4286 2227 quod

2723 2246 2790 2307 et
2853 2260 2937 2307 ea
2998 2261 3154 2330 quae
3209 2249 3370 2309 sunt
3443 2242 4110 2332 supersubstantialis
4158 2245 4284 2314 Dei

2723 2347 3209 2429 foecunditatis,
3255 2371 3393 2417 non
3424 2360 3917 2420 convertuntur
3944 2352 4031 2421 ad
4066 2375 4139 2422 se
4178 2355 4290 2420 in-

2720 2455 2970 2524 vicem.
3039 2454 3140 2522 Ex
3182 2454 3312 2524 hoc
3368 2458 3718 2549 accipitur,
3762 2459 3948 2550 quod
4014 2461 4082 2528 in
4142 2462 4292 2528 uni·

2721 2569 2856 2632 tate
2895 2572 2965 2632 et
2986 2562 3423 2654 simplicitate
3453 2575 3713 2635 naturae
3742 2576 3907 2637 sunt
3934 2568 4291 2637 discretio-

2721 2694 2844 2740 nes
2864 2694 3317 2761 personarum
3349 2684 3418 2743 et
3451 2676 3944 2766 proprietatum
3977 2678 4288 2748 immixte

2721 2787 2790 2847 et
2823 2778 3209 2864 inconfuse,
3250 2790 3318 2849 et
3372 2804 3515 2849 non
3563 2792 4057 2853 convertuntur
4090 2785 4178 2855 ad
4213 2809 4288 2856 se

2723 2886 3021 2955 invicem
3077 2896 3355 2978 propter
3412 2899 3671 2959 naturas
3724 2891 4280 2982 simplicitatem:

2721 2996 2908 3085 quia,
2940 2996 3117 3063 sicut
3145 2994 3309 3065 dicit
3351 2995 3601 3064 ibidem
3635 2997 4046 3090 Dionysius:
4082 3001 4288 3070 Solus

2722 3103 2874 3171 fons
2913 3103 3382 3174 substantialis
3412 3104 3680 3174 deitatis
3726 3116 3830 3176 est
3884 3108 4112 3194 Pater,
4159 3133 4288 3180 nec

2722 3212 2932 3282 Filius
2961 3222 3066 3284 est
3092 3213 3324 3296 Pater,
3359 3239 3482 3285 nec
3530 3215 3732 3286 Pater
3775 3216 4012 3306 Filius,
4052 3229 4287 3291 custo-

2718 3320 3063 3391 dientibus
3088 3319 3370 3413 hymnis
3395 3324 3668 3415 propria
3699 3326 4014 3417 religiose
4051 3326 4285 3397 thear-

2715 3426 3064 3498 chicarum
3098 3451 3572 3520 personarum.
3604 3430 3788 3524 Ergo
3835 3435 4110 3526 propria
4139 3459 4283 3505 non

2713 3547 3210 3607 convertuntur
3281 3562 3487 3629 super
3548 3563 3621 3609 se
3693 3564 3779 3610 ex
3845 3543 4281 3635 simplicitate

2712 3648 3024 3716 essentiae
3044 3669 3061 3715 z
3084 3657 3151 3715 et
3176 3648 3328 3716 ideo
3350 3648 3506 3717 licet
3533 3649 3912 3719 substantia
3942 3654 4031 3720 sit
4058 3675 4278 3733 amor,

2708 3753 3092 3823 substantia
3124 3754 3215 3823 sit
3257 3754 3494 3833 Filius,
3530 3766 3598 3825 et
3626 3756 4008 3828 substantia
4053 3762 4140 3828 sit
4173 3762 4280 3830 vis

2705 3866 3036 3956 spirandi,
3068 3875 3136 3935 et
3171 3865 3551 3936 substantia
3592 3871 3683 3938 sit
3709 3872 3815 3939 vis
3878 3872 4272 3962 generandi,

2706 3983 2775 4042 et
2810 3974 3191 4043 substantia
3217 3976 3307 4043 sit
3342 3980 3719 4065 generatio,
3751 3979 4134 4050 substantia
4185 3984 4274 4052 sit

2705 4080 2911 4147 etiam
2952 4081 3235 4172 spiratio
3269 4102 3287 4147 :
3332 4103 3472 4149 non
3525 4087 3857 4174 sequitur,
3893 4086 4077 4176 quod
4134 4111 4269 4156 non

2703 4187 3020 4256 differant
3077 4187 3164 4255 ab
3207 4189 3501 4257 invicem
3551 4192 3897 4279 generatio
3946 4201 4014 4262 et
4049 4196 4271 4285 spira-

2703 4295 2844 4363 tio:
2895 4295 3070 4361 sicut
3110 4316 3253 4363 non
3298 4296 3631 4387 sequitur,
3696 4296 4093 4368 Substantia
4167 4313 4269 4370 est

2704 4399 2934 4479 Pater,
2995 4407 3066 4469 et
3112 4400 3352 4470 eadem
3402 4400 3787 4471 substantia
3850 4414 3952 4474 est
4001 4404 4261 4477 Filius:

2702 4531 2868 4600 ergo
2909 4506 3114 4577 Pater
3158 4516 3226 4576 et
3254 4507 3467 4576 Filius
3499 4509 3584 4578 ab
3619 4512 3910 4581 invicem
3950 4535 4090 4583 non
4125 4516 4271 4584 dis-

2703 4618 3137 4709 tinguuntur.

2750 4726 2896 4847 ‘An
2936 4748 3001 4793 in
3028 4733 3262 4794 autem
3305 4725 3491 4816 quod
3529 4725 3868 4816 objicitur,
3910 4739 4141 4801 utrum
4170 4735 4268 4805 sic
4312 4780 4393 4826 Ad
4419 4779 4593 4838 obj-et.

2699 4830 3042 4912 differant,
3074 4831 3261 4926 quod
3289 4831 3501 4900 Filius
3528 4833 3704 4903 dicat
3741 4838 4113 4908 secundum
4157 4865 4270 4911 ra-

2704 4940 2962 5010 tionem
2988 4942 3455 5032 generationis
3483 4943 3746 5012 ssuxum
3779 4945 3847 5014 in
3877 4946 4087 5016 simili
4126 4973 4274 5041 spe-

2703 5049 2804 5115 cie
2834 5057 2902 5115 et
2929 5055 3199 5130 natura,
3247 5047 3543 5139 Spiritus
3562 5059 3790 5121 autem
3828 5076 3969 5124 non
4000 5079 4015 5124 ε
4052 5057 4278 5127 dicen·

2703 5153 2896 5239 dum,
2956 5155 3140 5248 quod
3208 5156 3506 5247 Spiritus
3560 5168 3833 5230 sanctus
3876 5186 4018 5232 non
4062 5168 4151 5235 sit
4207 5168 4276 5235 in

2706 5263 2916 5331 simili
2945 5272 3194 5334 natura
3222 5272 3290 5332 et
3323 5263 3705 5335 substantia
3737 5278 3803 5338 et
3839 5273 4102 5343 ratione
4141 5277 4279 5343 sic-

2708 5379 2781 5439 ut
2815 5371 3051 5450 Filius,
3087 5369 3246 5439 licet
3274 5372 3481 5440 modo
3522 5374 3952 5464 significandi
3993 5388 4060 5449 et
4112 5406 4278 5474 pro-

2706 5480 2994 5571 prietate
3024 5478 3367 5557 differant,
3412 5488 3488 5548 ut
3515 5490 3700 5572 patet
3738 5506 3823 5553 ex
3851 5486 4270 5577 praebabitis.

2704 5728 2838 5784 cap.
2871 5713 2926 5767 2.
