4897 6388
499 835 696 881 solutio.

783 320 912 385 592

777 489 1232 580 Augustinus,
1275 470 1394 559 sed
1423 488 1651 578 potius
1690 509 1812 577 pro
1862 492 2101 553 natura
2139 507 2329 552 com·
2365 519 2381 533 -

782 601 997 665 muni.

873 816 1182 886 Sonu‘rto.
1239 817 1646 895 Dicendum,
1701 814 1886 904 quod
1962 812 2329 880 secundum

782 923 1089 993 diversos
1118 924 1476 1005 DoctoreS,
1513 928 1577 989 et
1620 923 1915 988 rationes
1973 918 2327 986 nominum

780 1035 1067 1102 istorum
1100 1032 1430 1112 diversas,
1465 1031 1772 1098 diversus
1812 1037 1913 1096 est
1953 1051 2113 1096 usus
2163 1028 2330 1093 isto-

780 1164 934 1208 rum
969 1138 1510 1208 vocabulorum:
1547 1139 1616 1205 in
1675 1135 2108 1228 philosophia
2147 1133 2326 1201 enim

776 1250 1166 1341 hypostasis
1249 1249 1499 1316 dicitur
1582 1249 1801 1338 prima
1890 1245 2192 1324 materia,
2266 1250 2331 1309 et

778 1356 1024 1422 usiosis
1083 1355 1304 1422 forma
1348 1355 1596 1444 prima,
1664 1361 1729 1420 et
1771 1355 1927 1419 usia
1982 1349 2328 1439 composi-

778 1472 967 1531 tum-t
1020 1464 1215 1553 cujus
1269 1462 1682 1552 acceptionis
1746 1460 1895 1527 haec
1938 1465 2037 1527 est
2103 1459 2321 1524 ratio:

777 1573 939 1662 quia
964 1573 1189 1640 omnis
1220 1570 1580 1639 causalitas
1635 1568 2010 1637 secundum
2061 1564 2332 1655 quodli-

776 1678 892 1746 bet
921 1701 1139 1770 genus
1170 1700 1395 1746 causae
1436 1676 1818 1745 necessario
1871 1673 2209 1742 reducitur
2246 1672 2329 1739 ad

773 1808 1050 1855 causam
1109 1786 1403 1877 primam
1471 1785 1545 1851 in
1590 1805 1836 1875 genere
1880 1781 2020 1860 ille,
2055 1788 2131 1847 ut
2173 1778 2332 1847 dicit

774 1893 1242 1985 Philosophus
1299 1894 1370 1961 in
1436 1892 1501 1959 11
1559 1893 1809 1983 primae
1849 1887 2324 1981 philosophiae,

775 2013 851 2072 ut
880 2004 1107 2072 omnis
1145 2001 1499 2071 calefactio
1550 1999 1635 2067 ad
1683 2003 1912 2091 ignem
1955 2019 1970 2065 ε
2022 2019 2177 2065 cum
2208 1996 2328 2087 igi-

776 2121 891 2181 tur
934 2111 1231 2202 supponi
1278 2110 1503 2203 primo
1549 2111 1636 2177 sit
1709 2107 2009 2176 materiae
2062 2105 2320 2195 primas,

778 2240 983 2287 omne
1014 2216 1201 2309 quod
1239 2217 1675 2309 supponitur,
1708 2214 1925 2306 gratia
1963 2212 2328 2304 proprieta-

776 2327 866 2393 tis
923 2323 1301 2392 materialis
1358 2323 1771 2414 supponitur
1822 2328 1889 2388 et
1916 2317 2173 2386 substat
2209 2341 2226 2385 ε
2257 2319 2325 2384 ἐἰ

779 2455 943 2523 ergo
1003 2430 1413 2510 substantia,
1481 2429 1594 2497 vel
1667 2426 2055 2519 hypostasis
2111 2423 2326 2514 (aliaS,

778 2537 1052 2626 usiosis)
1089 2534 1274 2627 quod
1306 2532 1489 2602 idem
1520 2540 1647 2612 est,
1681 2531 1766 2599 ab
1796 2538 1950 2600 actu
1980 2527 2328 2598 substandi

779 2646 1002 2736 primo
1033 2649 1370 2720 sumatur,
1410 2639 1797 2709 necessario
1827 2635 2097 2704 sonabit
2124 2658 2163 2702 a
2193 2656 2328 2725 quo

778 2759 884 2820 cst
906 2750 1125 2843 prima
1164 2749 1337 2817 ratio
1389 2744 1770 2826 substandi,
1813 2743 1881 2811 id
1927 2750 2052 2826 est,
2114 2749 2331 2810 mate-

780 2861 953 2927 riam
991 2859 1333 2950 primam:
1376 2854 1816 2924 subsistentia
1871 2861 2098 2921 autem
2135 2855 2331 2919 sonat

784 2968 851 3037 id
883 2967 1068 3060 quod
1123 2975 1228 3037 est
1284 2967 1354 3035 in
1400 2989 1474 3035 se
1513 2964 1891 3033 subsistens
1922 2961 2109 3031 nullo
2150 2961 2329 3030 indi-

780 3099 973 3170 gens,
999 3084 1075 3144 ut
1108 3074 1270 3143 dicit
1304 3072 1607 3142 Boetius.
1649 3070 1895 3141 Forma
1924 3076 2153 3138 autem
2193 3090 2330 3135 non

782 3184 1042 3277 indiget
1072 3183 1384 3267 materia,
1416 3179 1538 3249 sed
1574 3179 1803 3272 potius
1849 3187 1950 3248 est
1987 3175 2329 3271 quoddam

779 3293 1090 3361 divinum
1169 3298 1237 3359 et
1310 3290 1651 3380 optimum
1683 3285 1868 3378 quod
1928 3285 2332 3377 appetitura

779 3401 1089 3480 materia,
1146 3407 1216 3467 et
1261 3420 1402 3467 non
1451 3396 1710 3487 appetit
1749 3416 1765 3464 ε
1801 3401 1869 3462 et
1910 3394 2061 3462 ideo
2103 3393 2332 3462 consi-

778 3508 1128 3576 deratione
1195 3502 1602 3597 praehabita,
1687 3499 2124 3570 subsistentia
2186 3499 2328 3568 sive

776 3618 1025 3686 usiosis
1089 3614 1417 3706 accipitur
1476 3634 1604 3705 pro
1670 3611 1888 3679 forma
1930 3610 2166 3701 prima.
2215 3608 2333 3675 Es·

775 3726 993 3794 sentia
1049 3731 1281 3791 autem
1329 3730 1434 3790 est
1487 3719 1605 3789 illa
1636 3741 1676 3787 a
1722 3742 1858 3811 qua
1905 3726 2005 3786 est
2051 3741 2221 3797 esse,
2263 3724 2328 3784 et

777 3834 974 3922 cujus
1011 3839 1203 3900 actus
1240 3839 1344 3899 est
1409 3851 1584 3908 esse,
1628 3835 1703 3896 ut
1758 3827 1920 3895 dicit
1961 3826 2234 3895 Boetius
2262 3835 2329 3897 et

778 3936 1077 4006 Tullius:
1110 3957 1260 4004 esse
1290 3942 1517 4002 autem
1553 3955 1691 4001 non
1732 3939 1832 4000 est
1881 3939 2070 4001 actus
2096 3953 2328 3999 essen-

782 4046 891 4113 tioe
924 4044 1053 4112 nisi
1094 4064 1249 4133 quae
1290 4049 1393 4110 est
1422 4042 1494 4110 in
1516 4039 1822 4116 materia,
1857 4046 1923 4106 et
1962 4036 2111 4107 ideo
2142 4038 2325 4107 illam

782 4153 1235 4245 compositum
1274 4156 1698 4218 vocaverunt
1732 4157 1840 4216 :et
1871 4148 1963 4215 sic
2004 4149 2165 4215 satis
2207 4170 2325 4237 ap·

780 4268 973 4354 paret
1003 4256 1248 4326 modus
1277 4257 1692 4348 acceptionis
1724 4253 2323 4345 Philosophorum.

790 4375 1092 4450 ηρόσωπον
1131 4374 1360 4434 autem
1399 4365 1631 4456 potius
1668 4372 1766 4431 est
1816 4363 2155 4453 poeticum
2197 4386 2329 4431 no-

784 4497 969 4554 men,
1039 4495 1247 4563 quam
1324 4469 1902 4561 philosophicum,
1967 4470 2092 4536 nisi
2160 4470 2329 4538 forte

788 4584 998 4650 l’oeta
1048 4577 1503 4671 philosophus
1540 4578 1806 4646 dicatur
1839 4599 1853 4643 :
1907 4578 2065 4668 quia
2104 4576 2333 4645 imita-

785 4696 897 4756 tur
936 4684 1466 4777 Philosophum,
1512 4682 1813 4752 t'abulam
1863 4683 2330 4774 componendo

784 4820 869 4865 ex
901 4796 1118 4874 miris,
1154 4801 1229 4861 ut
1270 4794 1432 4863 dicit
1508 4790 1992 4883 Philosophus.
2055 4791 2174 4861 Est
2208 4814 2334 4860 au-

783 4914 920 4973 tem
950 4908 1247 4986 πρόσωπον
1282 4901 1462 4970 idem
1506 4899 1690 4991 quod
1748 4899 1953 4968 facies
2010 4899 2077 4966 in
2116 4899 2328 4985 larva,

785 5034 866 5079 eo
908 5008 1093 5101 quod
1122 5008 1490 5076 histriones
1544 5007 1610 5073 in
1680 5004 1959 5073 theatris
2013 5005 2331 5075 differen-

783 5127 920 5187 tem
988 5139 1258 5196 sexum,
1320 5125 1387 5184 et
1445 5114 1931 5206 proprietatem
2023 5115 2327 5184 sonando

783 5226 910 5294 sub
940 5225 1146 5294 larvis
1183 5224 1609 5293 diversarum
1648 5223 1972 5291 facierum
2028 5222 2136 5290 vel
2185 5222 2330 5292 Me-

786 5334 954 5412 deae,
983 5331 1093 5401 vel
1128 5331 1459 5408 Simonis,
1492 5329 1603 5397 vel
1643 5328 1922 5397 alterius
1970 5351 2333 5419 repraesen·

783 5441 1062 5510 tabant:
1100 5439 1444 5508 etidcirco
1475 5439 1637 5528 quia
1666 5459 1876 5505 sonus
1922 5438 1989 5503 in
2032 5458 2328 5505 concavo

862 5670 882 5706 ¹
914 5667 1015 5725 Vel
1048 5666 1284 5735 melius,
1316 5682 1351 5722 a
1379 5663 1541 5738 πρός,
1571 5661 1682 5736 ὧψ.

1788 312 1865 377 D.
1917 311 2116 379 ALB.
2170 310 2383 379 MAG.

2436 311 2641 380 om).
2695 312 2990 415 eRAED.

2445 484 2669 555 solido
2726 509 3178 577 repercussuS,
3243 486 3607 553 reflectitur
3661 486 4037 580 incipiens·

2443 595 2528 662 ab
2569 605 2794 679 acuto,
2837 595 2985 664 ideo
3027 598 3232 664 etiam
3263 594 3480 663 Latini
3510 601 3803 678 πρόσωπον
3836 618 3988 685 per-

2442 724 2681 769 sonam
2723 701 2980 784 dicunt,
3050 704 3482 772 circumflexa
3539 703 3913 793 penultima
3965 723 3983 773 ε

2443 812 2811 901 quodlicet
2849 815 2935 880 sit
2973 823 3207 882 contra
3253 816 3820 903 compositionem
3867 836 3988 881 vo-

2439 918 2690 1004 cabuli,
2725 922 2906 1011 quod
2949 924 3382 1012 componitur
3417 945 3459 990 a
3487 943 3620 1014 pro
3678 932 3748 992 et
3791 944 3981 1001 sono,

2438 1049 2590 1108 nas,
2643 1028 2829 1117 quod
2877 1028 3082 1096 habet
3123 1030 3415 1120 primam
3459 1028 3774 1098 brevem¹
3813 1053 3828 1097 ε
3881 1039 3987 1098 ta-

2437 1154 2596 1199 men
2635 1135 2797 1223 quia
2825 1135 2916 1202 ita
2947 1144 3045 1203 est
3090 1135 3463 1204 secundum
3502 1139 3983 1227 proprietatem

2439 1242 2871 1310 instrumenti
2900 1267 3020 1334 per
3049 1244 3232 1335 quod
3275 1251 3497 1323 sonat,
3558 1244 3977 1335 producitur,

2437 1354 2505 1413 et
2562 1348 2629 1413 in
2695 1356 2973 1417 accentu
3031 1350 3582 1418 circumflectitur
3643 1373 3659 1419 ε
3729 1359 3796 1419 et
3825 1352 4005 1441 quia·

2437 1455 2641 1522 etiam
2672 1480 2940 1548 magnae
2978 1458 3325 1550 dignitatis
3365 1459 3652 1550 alicujus
3680 1483 3987 1551 personae

2435 1562 2532 1629 ita
2585 1565 2793 1632 etiam
2880 1568 3351 1657 repraesentari
3454 1561 4003 1644 consueverunt,

2438 1673 2684 1764 quibus
2758 1699 2898 1745 non
2950 1679 3277 1768 competit
3338 1677 3566 1747 brevis
3640 1678 3901 1771 syllaba
3961 1701 3976 1745 z

2434 1781 2615 1851 unde
2644 1785 2819 1852 sicut
2856 1784 3029 1854 alius
3070 1786 3283 1855 Poeta
3319 1787 3400 1855 de
3425 1787 3676 1856 talibus
3706 1810 3987 1878 magna·

2435 1888 2616 1958 tibus
2665 1889 2976 1982 loquenS,
3058 1893 3230 1961 dixit
3284 1893 3416 1961 olli
3459 1917 3585 1985 pro
3624 1893 3823 1984 pilli.-
3888 1895 3983 1986 ita

2434 1997 2640 2064 etiam
2680 1997 2791 2067 hic
2819 2021 3108 2089 persona
3138 2000 3452 2091 producit
3478 2010 3548 2070 et
3592 2001 3984 2070 circumfle-

2433 2106 2553 2171 ctit
2588 2105 3059 2196 penultimam,
3104 2131 3185 2176 eo
3217 2107 3402 2201 quod
3438 2108 3981 2202 magnitudinem

2432 2210 2675 2279 talium
2740 2212 2871 2282 hoc
2927 2214 3131 2284 modo
3190 2217 3410 2308 magis
3452 2215 3801 2308 exprimit.
3847 2215 3987 2283 Ista

2433 2319 2642 2410 igitur
2668 2329 2771 2389 est
2808 2324 3110 2414 acceptio
3151 2325 3438 2393 istorum
3479 2322 3975 2393 vocabulorum

2434 2426 2614 2518 apud
2644 2427 3127 2522 Philosophos.

2522 2533 2846 2626 Magister
2880 2536 3369 2628 Praepositivus
3397 2541 3594 2630 ponit
3622 2538 3736 2608 hic
3763 2538 3969 2608 aliam

2434 2643 2894 2733 acceptionem
2927 2666 3079 2735 quae
3107 2646 3401 2715 sumitur
3444 2648 3643 2736 juxta
3674 2646 3977 2715 traditio·

2436 2771 2594 2817 nem
2636 2749 2853 2819 Boetii
2896 2753 2965 2819 in
2996 2750 3170 2823 libro
3217 2751 3299 2822 de
3360 2753 3653 2823 Duabus
3705 2754 3985 2823 naturis

2437 2857 2508 2923 in
2550 2880 2690 2926 una
2719 2881 3011 2950 persona
3056 2861 3335 2947 Chresti,
3369 2861 3624 2942 dicens,
3667 2860 3853 2954 quod
3913 2861 3985 2930 in

2433 2963 2960 3056 praedicamento
2988 2967 3382 3037 substantiae
3423 2969 3559 3037 duo
3609 2977 3770 3037 sunt
3813 2991 3985 3039 con-

2434 3069 2818 3152 sideranda,
2859 3072 3112 3142 scilicet
3148 3075 3527 3143 substantia
3562 3075 3873 3166 subjecti,
3916 3083 3985 3145 et

2432 3177 2814 3249 substantia
2843 3203 2993 3273 quae
3032 3191 3134 3250 est
3168 3179 3575 3271 subJ'ectum.
3637 3179 3984 3250 Substan-

2433 3288 2526 3354 tia
2555 3286 2838 3377 subjecti
2870 3295 2971 3357 est
3008 3288 3076 3356 id
3098 3289 3282 3380 quod
3318 3298 3422 3359 est
3448 3288 3779 3358 naturalis
3815 3289 3980 3358 sub-

2431 3394 2722 3479 stantiae,
2778 3395 2965 3487 quod
3010 3405 3109 3465 est
3174 3395 3779 3488 praedicamentum
3837 3418 3854 3465 ε
3916 3405 3984 3465 et

2432 3503 2565 3574 hoc
2591 3505 2692 3595 (ut
2719 3505 2904 3596 dicit)
2933 3508 3259 3599 accipitur
3278 3507 3557 3578 nomine
3577 3511 3766 3579 asota<
3797 3506 3980 3600 apud

2433 3612 2734 3697 Graecos,
2768 3623 2837 3684 et
2872 3617 3152 3686 nomine
3209 3616 3516 3686 essmtiae
3568 3614 3749 3708 apud
3789 3615 3997 3684 Lati-‘

2433 3746 2584 3791 nos.
2620 3722 3017 3793 Substantia
3063 3732 3294 3793 autem
3333 3722 3638 3813 subjecta
3666 3730 3770 3793 est
3798 3724 3868 3792 in
3906 3744 3980 3793 so

2431 3830 2812 3902 subsistens
2842 3830 3032 3901 nullo
3063 3831 3376 3924 indigens
3410 3854 3428 3900 z
3470 3840 3537 3900 et
3576 3831 3694 3901 illa
3731 3840 3832 3901 est
3870 3853 3985 3924 ge·

2433 3961 2621 4021 nera,
2654 3945 2720 4008 et
2746 3942 3016 4032 species
3045 3938 3466 4019 substantiae,
3509 3939 3759 4030 quibus
3796 3939 3983 4009 acci-

2437 4045 2665 4115 dentia
2702 4069 2843 4116 non
2908 4046 3247 4128 accidunt,
3298 4054 3374 4116 ut
3446 4046 3608 4116 dicit
3670 4046 3979 4129 Boetius,

2430 4155 2561 4225 hoc
2616 4165 2744 4236 est,
2803 4158 3174 4225 accidentia
3235 4165 3523 4236 naturae,
3573 4165 3651 4225 ut
3712 4155 3977 4241 album,

2432 4264 2727 4354 nigrum,
2763 4271 2825 4331 et
2869 4262 3257 4354 hujusmodi
3299 4285 3317 4334 t
3371 4272 3439 4333 et
3496 4262 3639 4332 baec
3695 4273 3982 4333 vocatur

2425 4371 2889 4458 subsistentia,
2930 4380 2996 4442 et
3024 4380 3278 4444 οὖσῑωσις
3314 4394 3330 4442 :
3367 4380 3484 4443 aut
3515 4380 3618 4441 est
3662 4370 3984 4441 substans

2427 4480 2909 4564 accidentibus,
2942 4491 3009 4551 et
3044 4481 3192 4551 haec
3230 4490 3330 4551 est
3379 4483 3602 4573 prima
3651 4478 3982 4549 substan-

2430 4591 2522 4659 tia
2577 4612 2729 4681 quae
2775 4592 3240 4682 propriissime
3295 4589 3572 4671 dicitur,
3635 4589 3771 4661 hoc
3853 4598 3981 4669 est,

2435 4708 2753 4780 ὑπόστασις,
2796 4709 2864 4770 et
2895 4701 3285 4771 substantia
3314 4700 3495 4794 apud
3539 4724 3689 4770 nos.
3742 4702 3985 4770 Perso-

2431 4832 2521 4875 na
2561 4815 2786 4877 autem
2828 4817 2893 4878 et
2920 4817 3215 4893 πρόσωπον
3247 4808 3533 4878 refertur
3569 4807 3657 4877 ad
3684 4808 3987 4900 proprie·

2431 4923 2638 4984 tatem
2670 4937 2824 5007 quae
2853 4925 3045 4986 notat
3084 4918 3561 4987 auctoritatem
3632 4914 3990 5007 dignitatis

2433 5023 2503 5089 in
2534 5022 2863 5104 moribus,
2904 5023 3015 5092 vel
3061 5032 3308 5091 natura
3352 5046 3368 5091 :
3412 5029 3478 5091 et
3523 5022 3655 5091 ista
3706 5030 3810 5092 est
3846 5044 3984 5090 non

2430 5137 2571 5196 tam
2605 5126 3053 5218 Praepositivi,
3098 5150 3305 5219 quam
3375 5126 3624 5210 Boetii,
3668 5134 3735 5197 et
3771 5125 3987 5196 Marci

2427 5233 2629 5302 Tullii
2700 5257 2717 5303 :
2796 5234 2916 5303 sed
2983 5258 3144 5304 usus
3209 5236 3497 5303 istorum
3571 5233 3755 5326 apud
3833 5234 3988 5302 Au-

2429 5341 2779 5431 gustinum
2865 5349 2932 5411 et
3001 5341 3529 5433 Hieronymum,
3608 5342 3728 5433 qui
3807 5362 3982 5410 con-

2431 5447 2679 5517 cedunt
2739 5458 2875 5519 tres
2942 5472 3087 5519 esse
3143 5451 3638 5535 subsistentias,
3706 5458 3776 5521 et
3846 5472 3987 5519 non
