4897 6388
1848 210 1941 275 IN
1990 209 2017 274 1
2068 207 2492 274 SENTENT.
2551 206 2773 310 mosT.
2829 207 2916 287 η,
2973 209 3047 293 F,
3099 212 3303 280 ART.
3357 214 3465 277 21.
4185 211 4263 279 81
4369 171 4374 175 ’

1044 390 1180 458 ret.
1221 344 1597 461 Nondmfz
1638 386 1859 455 erant
1895 378 2175 478 abyssi,
2223 387 2296 455 et
2325 403 2458 478 eqo
2482 382 2661 480 sam
2683 389 3051 480 concepta
3092 404 3349 456 eram:
3389 356 3713 456 neodem}
3751 379 4004 482 sontes
4044 413 4272 487 aqua-

1054 542 1225 592 ram
1267 521 1731 614 eruperant:
1757 513 2083 588 necdum
2125 521 2416 589 montes
2485 516 2714 613 qraoz‘
2766 516 2971 591 mole
3039 517 3569 611 constiterant,
3611 524 3785 592 ante
3842 518 4075 618 colles
4127 546 4261 619 eqo

1043 646 1568 750 parturiebar.
1603 646 1879 721 Adhuc
1911 654 2189 721 terram
2228 672 2376 722 non
2411 646 2728 746 fecerat,
2777 655 2852 723 et
2874 650 3240 746 flamma,
3279 657 3350 725 et
3379 649 3733 724 cardines
3773 649 3978 726 orbis
4008 658 4259 730 terrae.

1052 781 1369 873 Quando
1455 780 1955 879 praeparabat
2010 780 2263 870 COEIOS,
2321 781 2731 856 aderam...
2807 780 3132 873 Qnando
3206 785 3691 883 appendebat
3719 882 3722 885 Ι
3750 784 4269 882 fundamenta

1048 926 1319 992 terrae:
1349 942 1521 993 cnm
1553 941 1637 992 eo
1678 941 1893 992 eram
1929 924 2201 991 cancta
2240 940 2706 1016 componens·
2728 945 2753 991 .·
2794 925 2869 992 et
2897 917 3343 994 delectabar
3368 943 3521 1017 pel·
3544 918 3889 1017 sinqulos
3924 922 4113 1013 dies,
4160 923 4267 997 lu-

1052 1053 1239 1127 dens
1270 1076 1527 1127 coram
1570 1075 1655 1127 eo
1690 1052 1907 1126 omni
1942 1058 2305 1150 tempore.
2346 1054 2540 1127 Eece
2583 1062 2938 1151 apertum
3019 1053 3113 1127 de
3175 1064 3469 1129 {eterna
3517 1054 3776 1151 genitu
3793 1078 3874 1129 ra
3938 1057 4268 1133 testimo-

1051 1187 1297 1280 nium,
1343 1210 1495 1284 quo
1531 1187 1698 1284 ipsa
1737 1185 2132 1285 Sapientia
2172 1186 2525 1284 perhibet
2592 1209 2675 1262 se
2735 1195 2914 1261 ante
2996 1187 3372 1262 mundum
3445 1198 3892 1288 conceptam
3933 1212 4127 1287 esse,
4191 1202 4265 1269 et

1048 1321 1438 1420 parturiri,
1484 1321 1557 1395 id
1592 1332 1731 1415 est,
1777 1322 2143 1418 genitam,
2191 1332 2264 1397 et
2296 1322 2501 1421 apud
2539 1322 2850 1398 Patrem
2883 1316 3363 1399 aeternaliter
3407 1324 3757 1400 existere.
3813 1326 3989 1424 Ipsa
4035 1328 4261 1403 etiam

1046 1454 1227 1530 alibi
1272 1454 1423 1529 ait:
1470 1456 1637 1552 qu
1678 1479 1776 1530 ea:
1815 1478 1944 1530 ore
2019 1454 2375 1529 Attlsc‘nzc'
2385 1455 2732 1553 proclivi,
2766 1457 3302 1555 primoqent‘ta
3377 1465 3554 1533 ante
3596 1481 3901 1534 omnem
3976 1468 4264 1537 creatu-

1050 1598 1289 1663 ra1n¹.
1337 1589 1710 1664 Michzeas
1748 1612 2057 1687 quoque
2115 1590 2503 1688 Propheta
2559 1600 2936 1666 {eternam
2978 1590 3217 1667 Verbi
3286 1591 3892 1690 generationem,
3946 1605 4020 1671 et
4080 1605 4264 1673 tem-

1052 1724 1389 1820 poralem
1421 1746 1514 1798 ex
1546 1723 1818 1817 Maria,
1854 1724 2083 1799 simul
2115 1724 2562 1811 insinuavit,
2591 1724 2860 1800 dicens
2892 1749 2907 1799 :
2937 1726 3048 1800 Et
3068 1733 3178 1820 tn,
3216 1725 3665 1802 Bethlehem
3690 1728 4067 1828 Eplzrata,
4084 1755 4264 1830 par-

1048 1855 1275 1930 vulus
1296 1881 1375 1931 es
1406 1856 1483 1931 in
1528 1856 1877 1932 millibus
1912 1857 2167 1932 Juda:
2196 1882 2295 1932 esc
2332 1866 2405 1933 te
2434 1857 2635 1934 milei
2660 1858 3103 1957 effredietm·
3131 1862 3272 1961 qui
3292 1861 3396 1936 sit
3425 1861 3862 1938 dominator
3886 1863 3963 1939 in
3990 1864 4254 1961 Israel,

1039 1996 1115 2065 et
1147 2013 1492 2087 eqressua
1532 1990 1699 2091 ejus
1730 1988 1822 2065 ab
1857 1990 2106 2079 initio,
2152 2016 2198 2065 a
2237 1989 2506 2067 diebus
2544 1991 3008 2067 aeternitatis
3039 2012 3088 2066 ².

1438 2534 1938 2605 ARTICULL’S
1985 2535 2174 2605 xxt.

1045 2752 1292 2818 L'trum
1324 2751 1393 2817 in
1419 2772 1553 2817 uno
1567 2752 1909 2843 principio
1931 2752 2163 2817 omnia
2179 2752 2372 2841 sacta
2389 2761 2576 2833 sunt,

1121 2858 1231 2925 vel
1259 2859 1327 2924 in
1358 2857 1667 2938 diverse’S,
1695 2869 1772 2927 ut
1800 2859 2038 2927 dicunt
2061 2860 2425 2928 .l!an1‘cleaei
2450 2859 2490 2927 Ρ

1127 3172 1382 3244 Deinde
1413 3174 1903 3244 transeundum
1937 3185 2036 3244 est
2065 3176 2147 3245 ad
2191 3176 2354 3246 illud
2385 3181 2578 3270 capi-

1030 3282 1274 3360 tulum,
1320 3282 1386 3349 in
1426 3304 1563 3373 quo
1602 3282 2062 3373 principaliter
2106 3285 2388 3353 intendit
2423 3310 2576 3378 pro-

1031 3389 1188 3458 bare
1236 3388 1735 3459 distinctionem
1794 3414 2264 3482 personarum,
2334 3403 2400 3461 et
2457 3417 2578 3485 per

1026 3521 1451 3591 consequens
1500 3500 1805 3568 essentia·
1854 3501 2181 3569 unitatem
2230 3525 2245 3571 ε
2292 3510 2354 3570 et
2413 3506 2573 3594 quia

1028 3608 1272 3676 lecerat
1341 3607 1828 3699 digressionem
1897 3610 2299 3701 exponendo
2366 3613 2574 3681 verba

1029 3715 1293 3797 llilarii,
1328 3714 1478 3783 ideo
1501 3715 1705 3785 dicit:
1742 3719 1996 3786 «Nunc
2030 3741 2182 3786 vero
2211 3721 2310 3786 ad
2326 3745 2576 3813 propo·

1022 3824 1263 3905 sitnm,
1297 3832 1425 3892 etc.
1453 3851 1485 3884 υ

1118 3928 1419 3999 Dubium
1450 3940 1678 4000 autem
1711 3931 1940 3999 incidit
1971 3931 2053 4001 de
2091 3933 2220 4003 boc
2266 3936 2447 4026 quod
2479 3937 2572 4005 di·

1022 4040 1112 4106 cit
1148 4062 1163 4106 ε
1218 4038 1298 4105 ln
1327 4039 1674 4130 principio
1712 4042 1961 4107 creat-il
2012 4043 2194 4108 Deus
2230 4043 2477 4112 coelum
2508 4056 2572 4113 et

1022 4154 1302 4215 terram.
1346 4145 1633 4214 Videtur
1669 4148 1849 4215 enim
1899 4147 2290 4218 Manichwis
2328 4175 2466 4220 non
2500 4154 2569 4222 in

1026 4276 1164 4321 uno
1210 4254 1545 4345 principio
1583 4255 1828 4322 coelum
1870 4265 1934 4324 et
1976 4267 2223 4325 terram
2268 4259 2502 4329 secisse
2546 4285 2564 4330 ε

1020 4359 1135 4430 sed
1180 4362 1245 4429 in
1276 4384 1416 4428 uno
1446 4361 1719 4440 melum,
1746 4362 1810 4429 id
1840 4373 1962 4440 est,
1991 4366 2335 4456 regionem
2369 4368 2564 4449 lucis,

1023 4477 1090 4537 et
1134 4469 1547 4561 spirituum:
1600 4479 1665 4538 et
1706 4471 1771 4538 in
1820 4470 1954 4541 alio
2001 4483 2274 4559 terram,
2323 4476 2390 4543 id
2438 4486 2564 4563 est,

1022 4576 1374 4668 regionem
1424 4577 1879 4654 tenebrarum,
1944 4589 2007 4646 et
2060 4604 2303 4672 pugnae
2343 4585 2566 4651 carnis

1019 4683 1347 4752 adversus
1377 4686 1689 4775 spiritum
1717 4710 1732 4754 ε
1761 4687 1943 4777 quod
1966 4691 2271 4757 nituntur
2298 4692 2389 4759 sic
2413 4715 2567 4783 pro-

1021 4788 1180 4858 bare
1215 4812 1231 4858 :

1115 4902 1175 4966 1.
1201 4896 1387 4966 Nihil
1408 4898 1586 4968 idem
1615 4901 2081 4971 eodemmodo
2102 4928 2172 4972 se
2199 4903 2456 4974 habens
2474 4907 2566 4975 la-

1016 5008 1102 5075 cit
1129 5006 1392 5074 diversa
1420 5031 1436 5075 :
1467 5031 1629 5100 ergo
1670 5009 1882 5079 multo
1917 5013 2139 5078 minus
2177 5014 2557 5083 contraria:

1018 5113 1133 5181 sed
1173 5112 1363 5181 Deux
1394 5117 1690 5185 maxime
1731 5116 1905 5185 idem
1957 5128 2051 5186 est
2083 5119 2322 5188 eodem
2356 5122 2562 5189 modo

1017 5246 1089 5290 se
1121 5221 1381 5291 babens
1417 5246 1433 5290 ε
1468 5246 1631 5314 ergo
1664 5249 1798 5294 non
1830 5227 1983 5295 facit
2021 5230 2357 5296 contraria
2394 5253 2410 5296 ε
2444 5230 2563 5298 sed

1018 5330 1578 5421 incorruptibilia,
1614 5342 1678 5402 et
1707 5335 2168 5426 corruptibilia
2199 5346 2355 5404 sunt
2393 5360 2565 5406 con-

1088 5565 1103 5599 ¹
1140 5563 1319 5620 Eccli.
1364 5581 1517 5631 xxiv,
1550 5567 1603 5619 ὅ.

1300 5699 1404 5739 {bv

2703 2418 2912 2484 traria
2940 2439 2956 2486 ε
2990 2439 3153 2508 erga
3177 2420 3321 2509 ipsa
3350 2440 3488 2485 non
3511 2427 3667 2485 sunt
3697 2417 3780 2485 ab
3812 2418 4047 2488 eodem
4069 2418 4255 2509 prin·

2703 2525 2909 2615 cipio,

2793 2635 2858 2702 2.
2895 2632 3093 2714 Item,
3140 2632 3638 2724 Sapientissimi
3678 2633 3950 2703 artificis
3978 2656 4114 2702 non
4154 2642 4255 2702 est

2698 2764 2827 2808 suo
2873 2743 3064 2833 operi
3109 2742 3328 2811 lacere
3367 2765 3752 2834 repugnans
3788 2766 3803 2810 :
3840 2765 3993 2811 cum
4025 2750 4250 2810 autem

2697 2851 2931 2916 anima
2978 2849 3065 2917 ad
3106 2849 3478 2939 imaginem
3518 2850 3640 2917 Dei
3671 2857 3922 2931 creata,
3965 2849 4052 2917 sit
4080 2872 4251 2941 opus

2696 2954 3215 3047 incorruptibile
3260 2956 3405 3035 Dei,
3442 2954 3591 3024 ideo
3635 2956 3815 3024 Deus
3845 2980 3980 3025 non
4011 2957 4163 3025 tecit
4187 2957 4247 3025 ei

2696 3085 3090 3154 repugnans
3124 3084 3140 3130 ε
3176 3062 3294 3131 sed
3323 3086 3480 3131 caro
3528 3071 3858 3155 repugnat
3905 3065 3992 3142 ei,
4026 3072 4093 3132 et
4121 3086 4249 3154 ag-

2691 3180 2934 3262 gravat
2973 3194 3128 3242 eam
3172 3193 3380 3264 :ergo
3410 3179 3673 3241 creator
3700 3172 3948 3241 animae
3992 3181 4249 3242 nonest

2692 3280 3073 3371 plasmator
3090 3282 3422 3371 corporis.
3460 3281 3880 3373 Sapient.1x.
3911 3284 3990 3350 15
4025 3304 4040 3350 ε
4079 3282 4249 3351 Cor-

2682 3410 2822 3480 pus
2885 3390 3068 3455 enim
3132 3387 3326 3479 qnod
3376 3390 3846 3481 corrumpitur
3909 3401 4246 3480 oqqravat

2687 3497 3027 3576 mu'mam,
3070 3506 3137 3562 et
3177 3504 3443 3563 terrena
3485 3495 3895 3563 inhabitatio
3923 3496 4244 3586 depr-Irni!

2683 3628 2955 3673 sensum
2998 3605 3230 3673 multa
3259 3608 3694 3696 coye‘lanlmn.
3732 3606 3813 3674 Et
3847 3604 4237 3698 ApostoluS,

2685 3713 2772 3781 ad
2803 3713 3026 3781 Galat.
3068 3737 3141 3791 v,
3194 3715 3312 3782 17:
3353 3717 3528 3783 Caro
3556 3715 3968 3806 concupiscit
3996 3714 4240 3782 adver-

2681 3844 2801 3888 sus
2826 3822 3184 3913 spiritum,
3216 3830 3345 3890 etc.

2775 3931 2840 3995 3.
2912 3928 3277 4013 l‘raeterea,
3333 3928 3589 3996 Malum
3657 3929 3731 3996 lit
3787 3929 3856 3996 in
3922 3927 4178 3997 mundo
4216 3951 4231 3998 ε

2682 4059 2889 4104 omne
2929 4046 3163 4105 nutem
3196 4037 3381 4128 quod
3403 4036 3500 4118 fit,
3552 4037 3635 4104 ab
3674 4035 3904 4128 aliquo
3927 4037 3998 4104 lit
4032 4059 4236 4129 :ergo

2682 4143 2944 4213 malum
2993 4145 3066 4213 lit
3100 4142 3186 4211 ab
3217 4144 3474 4236 aliquo.
3520 4146 3735 4214 Detur
3772 4143 3938 4212 illud
3982 4166 4129 4214 esse
4161 4144 4238 4214 li-

2677 4251 2922 4321 berum
2952 4252 3340 4336 arbitrium,
3375 4254 3544 4321 sicut
3576 4251 3806 4321 dieunt
3839 4251 4167 4322 Catholici
4214 4276 4230 4323 ε

2678 4371 2793 4430 aut
2825 4385 2990 4454 ergo
3032 4363 3106 4430 nt
3147 4385 3186 4428 a
3217 4360 3434 4430 libero
3475 4361 3754 4431 arbitrio
3790 4370 4082 4441 tantum,
4115 4370 4235 4430 aut

2679 4493 2718 4538 a
2783 4469 3001 4539 libero
3060 4471 3344 4539 arbitrio
3399 4469 3772 4539 secundum
3814 4469 3996 4561 quod
4051 4470 4235 4539 Deus

2678 4587 3003 4671 operatur
3041 4580 3109 4646 in
3178 4580 3327 4671 ipso
3367 4588 3435 4648 et
3492 4589 3719 4648 movet
3772 4579 4023 4670 ipsum,
4065 4578 4236 4647 sicut

2613 4710 2618 4714 ·
2676 4687 2900 4779 prima
2964 4708 3170 4754 causa
3220 4697 3322 4755 est
3381 4688 3448 4754 in
3515 4685 3810 4754 secunda
3877 4694 3943 4754 et
4004 4695 4236 4755 movet

2676 4816 2856 4863 eam.
2895 4793 2968 4861 Si
3001 4796 3229 4885 primo
3278 4793 3485 4862 modo
3528 4816 3543 4860 ε
3589 4817 3751 4885 ergo
3792 4792 4081 4863 liberum
4125 4816 4238 4861 ar-

2678 4903 2957 4971 bitrium
3001 4911 3100 4970 est
3149 4905 3449 4995 primum
3500 4903 3906 4994 principium
3938 4902 4124 4982 mali,
4169 4911 4237 4973 et

2677 5033 2800 5101 per
2818 5033 3249 5101 consequens
3269 5020 3427 5077 sunt
3448 5010 3583 5078 duo
3614 5011 3943 5101 principia
3978 5033 3993 5077 :
4022 5033 4233 5079 unum

2676 5117 2841 5185 boni
2884 5117 3070 5208 quod
3112 5126 3213 5186 est
3258 5118 3461 5195 Deus,
3514 5117 3802 5184 alterum
3851 5117 4011 5185 mali
4050 5117 4236 5208 quod

2679 5238 2780 5294 est
2804 5227 3095 5294 liberum
3119 5227 3503 5295 arbitrium.
3542 5226 3612 5293 Si
3645 5226 3943 5295 secundo
3985 5226 4231 5295 modo:

2680 5356 2846 5424 ergo
2902 5333 3128 5402 bonus
3167 5334 3354 5402 Deus
3402 5344 3503 5403 est
3559 5344 3795 5402 auctor
3842 5333 4054 5403 mali:
4097 5355 4236 5402 non

2766 5567 2979 5624 ²Micb,
3015 5585 3064 5632 v,
3099 5571 3152 5625 2.
