4897 6388
697 2775 881 2828 Quat.
913 2777 951 2822 1.

682 3534 860 3583 Quoeol.
900 3533 941 3576 ².

671 4662 849 4713 Qnaett.
877 4661 918 4709 ³.

1773 326 1868 392 IN
1919 328 1942 394 l
1996 328 2421 399 SENTENT.·
2473 330 2703 399 DIST.
2757 332 2981 431 XVJI,
3036 334 3113 417 Ε,
3167 333 3366 401 ART.
3419 337 3483 401 9.

3940 363 3968 382 ι
4068 332 4245 414 479

1043 489 1233 569 ctuS,
1274 495 1346 559 et
1387 490 1672 567 donum
1743 502 2242 576 excellentius
2289 527 2302 575 ε
2351 503 2839 600 etquomodo
2876 505 3019 577 hoc
3045 505 3366 596 donum,
3416 506 3483 578 id
3521 516 3658 598 est,
3693 506 4021 603 Spiritus
4061 530 4243 579 sau-

1038 624 1205 689 ctus
1259 621 1481 699 ‹letur
1514 630 1762 726 nobiS,
1802 635 2092 712 scilieet
2132 661 2305 712 cum
2353 638 2451 710 ita
2492 637 2930 737 impartitur
2960 639 3224 733 alicui,
3262 639 3337 712 id
3381 649 3520 734 est,
3559 640 3659 714 ita
3694 642 3920 714 habet
3960 665 4126 715 esse
4160 641 4233 713 iu

1035 750 1317 848 ulique,
1365 769 1444 831 ut
1486 784 1662 836 eum
1702 767 1927 844 faciat
1957 771 2094 847 Dei
2129 783 2202 847 et
2245 773 2569 873 proximi
2639 783 3092 848 amatorem.
3142 773 3363 860 Quod
3389 799 3564 849 cum
3609 776 3806 866 lacit,
3856 785 4031 848 tunc
4075 774 4237 849 dari

1032 882 1311 959 (licitur
1351 891 1512 968 sive
1558 897 1749 971 mitti
1801 901 2029 977 alicui
2077 928 2092 978 :
2131 915 2204 980 et
2238 916 2419 980 tuuc
2450 906 2575 979 ille
2618 905 2901 980 dieitur
2953 906 3261 1005 proprie
3298 909 3577 982 habere
3647 907 4011 1006 Spiritum
4066 933 4234 980 sau·

1033 1028 1265 1094 ctum.

1467 1785 1967 1856 AltTlCULUS
2019 1786 2137 1856 1x;

1019 2004 1126 2069 An
1155 2001 1307 2069 sola
1335 2002 1639 2068 clear-ilas
1668 1999 1934 2068 dividat
1954 2002 2130 2068 inter
2154 2001 2343 2091 filios
2371 2006 2569 2092 requi

1111 2121 1174 2177 et
1203 2108 1616 2200 perditionis
1652 2111 1694 2181 P
1744 2124 1809 2182 et
1873 2123 2106 2180 ulrum
2148 2113 2220 2180 in
2258 2112 2566 2204 quolibet

1110 2231 1478 2310 auqmenlo
1506 2223 1864 2291 charitatis
1893 2223 2149 2292 dicitur
2186 2224 2369 2290 mitti
2396 2224 2564 2314 Spi-

1110 2328 1287 2392 ritus
1324 2340 1602 2397 sanctus
1664 2332 1697 2399 ?
1742 2341 1805 2397 el
1848 2340 2079 2398 utrum
2137 2333 2462 2400 mittatur
2492 2331 2561 2398 in

1108 2434 1274 2500 aliis
1305 2437 1701 2506 mwwribets
1736 2461 1946 2529 quam
1984 2440 2317 2508 charitate
2352 2437 2394 2506 ?

1108 2757 1361 2825 Deinde
1407 2762 1730 2849 quaeritur
1793 2760 1874 2828 de
1913 2761 2042 2831 hoc
2101 2763 2283 2855 quod
2341 2764 2552 2832 dicit:

1017 2896 1051 2930 «
1116 2866 1364 2936 Solum
1421 2878 1517 2934 est
1581 2867 1772 2959 quod
1831 2868 2082 2938 dividit
2138 2872 2313 2939 inter
2363 2872 2557 2961 filios

1010 2977 1228 3065 requi,
1262 2985 1326 3042 et
1354 2975 1543 3064 filios
1561 2977 1992 3067 perditionis.
2031 3006 2063 3046 ι

1098 3083 1241 3150 lloc
1271 3085 1453 3150 euim
1485 3083 1753 3152 videtur
1780 3086 2022 3155 falsum
2058 3107 2076 3157 t
2110 3092 2268 3179 quia
2309 3092 2556 3181 quaeli-

1007 3190 1114 3259 het
1148 3193 1362 3259 virtus
1401 3204 1751 3284 separatur
1787 3219 1826 3263 a
1865 3197 2031 3265 vitio
2088 3198 2213 3265 sihi
2273 3210 2551 3268 contra-

1006 3301 1104 3366 rio
1141 3323 1155 3366 τ
1197 3323 1332 3368 non
1363 3326 1526 3393 ergo
1568 3312 1832 3371 tantum
1870 3303 2187 3374 charitas».

1098 3516 1471 3583 Pastum-:A
1520 3519 1867 3608 quaeritur,
1912 3520 2154 3589 lttrum
2215 3523 2546 3612 Spiritum

1003 3634 1313 3692 sanctum
1381 3624 1711 3693 debemus
1767 3627 1989 3698 dicere
2027 3631 2198 3700 mitti
2269 3632 2334 3698 in
2393 3632 2547 3699 aliis

1001 3737 1398 3802 numeribus
1428 3758 1578 3825 quie
1617 3737 1865 3806 dautur
1893 3763 2013 3829 per
2043 3740 2289 3831 ipsum,
2336 3750 2405 3809 ut
2438 3740 2547 3810 hic

998 3842 1215 3911 dicit?

1089 3951 1373 4018 Videtur
1403 3953 1583 4043 quod
1617 3978 1752 4022 non
1801 3978 1815 4022 :
1848 3958 2008 4047 quia
2045 3982 2201 4028 cum
2242 3960 2374 4027 illis
2407 3985 2544 4029 non

998 4058 1182 4125 adest
1217 4083 1334 4149 per
1361 4061 1647 4146 gratiam
1678 4060 2166 4134 inhahitantem
2203 4089 2219 4133 :
2258 4070 2540 4137 missum

995 4176 1221 4234 autem
1276 4170 1564 4236 mittitur
1618 4180 1692 4238 ut
1756 4170 1933 4239 adsit
1992 4173 2210 4249 nobis,
2254 4177 2423 4245 sieut
2475 4187 2540 4245 et

991 4275 1248 4343 donum
1288 4301 1489 4346 suum
1535 4301 1550 4346 :
1595 4304 1758 4371 ergo
1814 4281 2104 4366 videtur,
2148 4284 2329 4376 quoil
2399 4309 2537 4354 non

988 4405 1142 4450 cum
1174 4384 1305 4450 illis
1336 4386 1624 4455 mittitur
1656 4385 1975 4478 Spiritus.

1079 4594 1231 4664 lvi-:M
1267 4600 1610 4691 quaeritur,
1653 4599 1893 4674 Utrum
1935 4605 2000 4671 in
2034 4605 2337 4696 quolibet
2373 4629 2539 4702 aug·

987 4713 1217 4773 mento
1288 4705 1638 4777 charitatis
1697 4711 1871 4780 mitti
1921 4713 2183 4783 dicatur
2239 4716 2535 4806 Spiritus

986 4818 1317 4881 sanctus?

1054 5084 1068 5117 ¹
1100 5081 1183 5136 Cf.
1225 5080 1380 5137 iufra
1416 5100 1541 5155 cap.
1578 5101 1832 5157 sequens
1863 5090 1927 5157 G,
1960 5089 2114 5147 circa
2146 5093 2428 5150 medium.

2776 1473 3092 1555 Videtur,
3118 1476 3300 1567 quod
3322 1499 3458 1544 non
3481 1476 3564 1543 ad
3587 1475 3769 1543 aliud
3799 1475 4007 1557 adest,
4031 1499 4234 1566 quam

2683 1582 2898 1671 priuS,
2936 1581 3054 1650 sed
3085 1582 3173 1650 ad
3213 1583 3457 1672 majus·

2778 1795 3098 1865 Sonu'rio.
3132 1797 3539 1875 Dicendum,
3583 1797 3767 1886 quod
3796 1794 3982 1864 nulla
4018 1797 4232 1865 virtus
4263 1817 4555 1930 Μεὲιιιιειὲιὲἷ.1

2681 1903 3160 1972 universaliter
3212 1903 3453 1972 dividit
3502 1904 3632 1970 nisi
3686 1902 4026 1972 charitas:
4077 1927 4235 1994 quia

2640 2013 2828 2102 .ipsa
2900 2036 3041 2082 uno
3091 2013 3300 2082 modo
3378 2021 3480 2082 est
3525 2012 3741 2080 forma
3789 2014 4123 2097 oxnnium,
4165 2023 4231 2082 et

2681 2119 2835 2189 ideo
2882 2143 3041 2190 cum
3082 2120 3275 2189 nullo
3325 2123 3488 2191 vitio
3530 2120 3863 2189 habetur:
3908 2121 4053 2188 aliae
4102 2145 4229 2190 au-

2676 2235 2817 2296 tem
2867 2230 3154 2297 virtutes
3209 2252 3349 2298 non
3390 2217 3757 2298 excludunt
3812 2229 3938 2296 nisi
3988 2229 4224 2297 vitium

2678 2359 2923 2415 unum,
2959 2344 3025 2404 et
3054 2358 3195 2404 non
3227 2338 3482 2405 omnia.

2764 2546 3087 2617 Anmuu
3109 2547 3499 2631 dicendum,
3533 2548 3741 2640 quod,
3768 2558 3843 2617 ut
3870 2557 4058 2639 pute,
4086 2571 4221 2615 non
4254 2595 4320 2640 ,d
4337 2607 4509 2657 ww·
4528 2604 4569 2650 ,ο

2671 2654 2937 2723 dicetur
2962 2655 3141 2724 mitti
3173 2657 3301 2724 nisi
3345 2658 3412 2724 in
3438 2655 3761 2725 charitate
3801 2653 4215 2748 simpliciter,

2669 2760 2789 2829 sed
2827 2762 3208 2831 secundum
3256 2762 3420 2855 quid
3473 2765 3543 2831 in
3581 2763 3755 2842 aliis,
3798 2772 3871 2831 ut
3919 2766 4223 2833 mittatur

2667 2869 2985 2939 videlicet
3014 2871 3085 2938 in
3116 2869 3269 2940 aliis
3297 2880 3369 2939 ut
3400 2870 3694 2963 Spiritus
3722 2880 3845 2950 est,
3882 2880 3947 2942 et
3976 2895 4114 2941 non
4145 2880 4215 2939 ut

2666 2985 2946 3046 sanctus
2984 2985 3113 3048 est.

2751 3189 2858 3256 An
2908 3212 3106 3256 Λιιυυ
3136 3186 3525 3265 dicendum,
3560 3187 3739 3279 quod
3772 3198 3869 3257 est
3892 3214 4213 3278 augmen-

2663 3308 2808 3367 tum
2832 3296 3155 3367 sensibile
3194 3321 3314 3389 per
3343 3300 3639 3390 signum,
3674 3309 3735 3366 et
3768 3310 4207 3387 augmentum

2662 3404 3083 3474 insensibile.
3140 3403 3349 3474 Verbi
3396 3408 3637 3497 gratia,
3708 3406 3998 3474 charitas
4041 3409 4212 3476 inci-

2659 3515 2857 3607 piens
2895 3536 3183 3581 manens
3216 3514 3283 3582 in
3315 3524 3493 3583 statu
3519 3515 3980 3605 incipientium
4012 3539 4214 3605 augi·-

2662 3633 2798 3706 tur,
2824 3624 2941 3693 sed
2966 3624 3490 3693 insensibiliter:
3526 3624 3640 3691 seil
3674 3624 3781 3691 illa
3816 3649 3963 3716 qua·
3996 3636 4206 3692 nmtat

2659 3738 2942 3809 statum,
2976 3739 3050 3800 ut
3079 3732 3225 3822 jam
3267 3733 3352 3801 sit
3382 3734 3765 3823 proficiens,
3798 3742 3861 3799 et
3905 3735 4013 3799 liat
4054 3756 4206 3822 pnr-

2659 3838 2858 3917 l'ecta,
2894 3840 2961 3906 in
2997 3838 3113 3908 illo
3143 3849 3517 3930 augmento
3539 3839 3722 3931 quod
3751 3849 3850 3908 est
3890 3839 4206 3907 sensibile

2657 3969 2781 4037 per
2809 3948 3115 4037 signum,
3157 3945 3308 4014 dico
3350 3945 3532 4037 quod
3586 3948 3878 4037 Spiritus
3934 3957 4203 4015 sanctus

2658 4054 2954 4122 mittitur
2997 4077 3012 4121 ε
3057 4063 3125 4123 et
3154 4052 3287 4124 hoc
3323 4063 3423 4122 est
3463 4053 3642 4146 quoel
3675 4055 3833 4123 dicit
3872 4055 4201 4145 Augusti-

2655 4186 2786 4231 nus
2830 4184 2846 4231 :
2884 4191 2917 4226 α
2948 4163 3247 4254 Spiritus
3275 4171 3341 4230 et
3384 4161 3675 4230 charitas
3736 4186 3871 4230 non
3929 4161 4197 4231 habenti

2656 4298 2691 4337 ιι
2743 4271 2947 4340 datur
2986 4279 3056 4338 ut
3100 4268 3375 4348 habeat,
3434 4279 3495 4338 et
3538 4268 3812 4338 habenti
3853 4281 3924 4339 ut
3981 4271 4198 4362 magis

2656 4411 2688 4442 «ι
2724 4378 2976 4450 habeat
3028 4403 3044 4447 ε
3080 4409 3114 4443 u
3153 4391 3218 4449 et
3259 4378 3621 4449 habebitur
3668 4381 3734 4448 in
3786 4383 4042 4450 Littera
4090 4405 4201 4449 se·

2652 4491 2929 4578 quentis
2974 4488 3187 4579 partis
3221 4488 3263 4556 ⁸.
3329 4486 3465 4556 Sed
3532 4510 3668 4556 non
3725 4487 3971 4555 dicitur
4026 4490 4196 4557 mitti

2651 4596 2919 4665 ratione
2947 4597 3302 4688 augmenti
3325 4594 3508 4688 quod
3538 4604 3638 4663 est
3669 4595 4083 4676 insensibile,
4115 4621 4199 4665 eo

2650 4703 2834 4794 quod
2875 4704 2947 4771 in
2988 4703 3315 4771 missione
3355 4712 3457 4771 est
3512 4704 3810 4793 cognitio
3866 4726 3982 4794 per
4037 4704 4197 4771 elle-

2647 4821 2861 4889 ctum,
2915 4820 2987 4879 ut
3028 4835 3237 4903 supra
3267 4811 3523 4879 dictum
3558 4820 3680 4878 est.

4238 3246 4309 3291 Ad
4324 3252 4496 3306 quenl.
4516 3250 4558 3299 8.
