4897 6388
905 3167 975 3211 Ad
1004 3165 1052 3215 3.

878 4453 950 4496 Ad
980 4458 1020 4498 ⁴.

869 5094 949 5139 Ad
989 5098 1033 5145 ὖ.

1577 315 1609 334 Δ·

1969 265 2061 332 ΙΝ
2109 263 2137 330 Ι
2188 261 2614 331 SENTENT.
2665 258 2890 330 DIST.
2944 259 3066 340 lx,
3118 261 3204 340 A,
3255 260 3454 327 ΛΒΤ.
3506 261 3572 328 4.

4271 251 4398 318 277

1194 435 1376 502 nitur
1417 437 1546 503 nisi
1584 437 1920 526 negative,
1955 434 2206 502 scilicet
2244 433 2427 525 quod
2477 456 2613 500 non
2654 433 2739 498 sit
2844 439 2955 498 tur
2992 432 3077 499 ad
3108 431 3556 499 substantiam
3588 452 3740 520 quae
3800 430 4124 518 accipitur
4170 436 4242 495 ut
4289 429 4399 493 in-

1193 540 1274 608 ab
1307 541 1442 609 alio
1481 550 1589 610 :et
1629 564 1764 609 non
1795 541 2121 631 sequitur,
2156 540 2339 630 quod
2368 540 2738 624 distingua-
2841 539 3151 607 distincta
3199 562 3213 605 ε

1192 659 1301 716 tur
1331 672 1371 715 a
1409 672 1505 726 se,
1541 648 1649 715 vel
1688 671 1727 715 a
1756 647 2127 716 divinitate.

1279 755 1433 833 Vel,
1466 753 1778 822 subtilius
1807 762 2026 844 potest
2055 756 2210 835 dici,
2245 755 2427 845 quod
2457 756 2623 821 sicut
2666 756 2734 820 in

1187 859 1621 927 inferioribus
1652 871 1839 951 pater
1861 882 2189 951 generans
2211 869 2310 927 est
2329 859 2733 950 principium

1186 969 1355 1047 nati,
1389 977 1454 1035 et
1484 969 1570 1036 ad
1615 967 1745 1036 hoc
1801 971 2130 1059 sequitur,
2183 967 2365 1058 quod
2423 969 2564 1056 ipse
2632 975 2732 1033 est.

1184 1075 1595 1164 principium
1622 1075 2253 1144 communicationis
2283 1097 2419 1142 suae
2446 1082 2726 1153 naturae,

1126 1175 1133 1180 ’
1185 1204 1265 1249 eo
1299 1184 1486 1274 quod
1524 1192 1719 1251 natus
1759 1183 1999 1272 accipit
2040 1190 2349 1249 naturam
2397 1182 2602 1271 patris
2643 1181 2727 1248 ab

1182 1294 1332 1382 ipso
1364 1301 1557 1383 patre
1599 1315 1614 1361 ε
1652 1293 1743 1360 ita
1773 1292 2140 1361 secundum
2172 1292 2453 1360 modum
2483 1291 2729 1358 intelli-

1181 1398 1387 1489 gendi
1417 1408 1521 1467 est
1568 1401 1636 1466 in
1696 1400 1968 1480 divinis,
2024 1398 2201 1466 unde
2244 1420 2399 1466 cum
2454 1397 2720 1481 dicitur,

1180 1506 1387 1575 Pater
1438 1516 1539 1575 est
1596 1507 1997 1598 principium
2057 1506 2455 1584 divinitatis,
2504 1514 2723 1595 potest

1178 1636 1325 1682 esse
1366 1637 1628 1693 sensus,
1663 1624 1739 1682 ut
1767 1638 1808 1682 a
1859 1638 1994 1706 quo
2048 1614 2589 1682 communicatur
2617 1613 2725 1680 di-

1175 1723 1450 1802 vinitaS,
1487 1723 1676 1810 etsie
1694 1745 1856 1791 vera
1886 1731 2011 1800 est,
2045 1724 2201 1813 quia
2234 1721 2429 1789 Pater
2461 1744 2577 1810 per
2600 1744 2723 1811 ge-

1124 1905 1127 1910 ,
1174 1833 1600 1900 nerationem
1642 1853 1834 1899 suam
1884 1830 2302 1898 divinitatem
2333 1830 2722 1897 communi-

1175 1940 1392 2010 cando
1459 1941 1575 2009 dat
1639 1939 1833 2024 Filio,
1903 1948 1969 2009 et
2024 1963 2141 2032 per
2214 1940 2718 2031 processionem

1174 2072 1372 2118 suam
1402 2049 1519 2117 dat
1557 2072 1706 2117 eam
1731 2048 2015 2140 Spiritui
2046 2058 2277 2117 sancto
2305 2072 2321 2117 :
2355 2046 2510 2116 licet
2536 2049 2718 2116 enim

1094 2157 1097 2160 ’
1173 2182 1313 2228 non
1353 2158 1668 2228 distincta
1695 2159 1784 2226 sit
1817 2157 2158 2236 divinitaS,
2206 2165 2435 2225 tamen
2486 2157 2570 2224 ad
2599 2180 2719 2227 ac-

1167 2275 1315 2335 tum
1375 2265 1823 2335 distinctionis
1869 2264 2237 2333 secundum
2305 2263 2718 2333 intellectum

1167 2375 1479 2464 sequitur
1508 2372 1789 2442 actualis
1833 2373 2358 2442 communicatio
2408 2372 2721 2440 divinita-

1169 2485 1253 2552 tis
1290 2506 1305 2551 ε
1342 2492 1410 2550 et
1448 2481 1580 2550 hoc
1616 2480 1821 2550 modo
1853 2505 1989 2550 non
2029 2483 2334 2575 sequitur
2362 2480 2544 2571 quod
2580 2484 2717 2572 ipse

1170 2591 1374 2659 Pater
1400 2589 1861 2680 distinguatur
1896 2612 1935 2656 a
1988 2589 2366 2669 divinitate,
2427 2589 2545 2655 sed
2591 2611 2722 2679 po-

1168 2699 1329 2779 tius,
1375 2697 1558 2790 quod
1590 2699 1658 2764 in
1714 2695 2060 2765 divinitate
2128 2697 2400 2764 uniatur
2443 2705 2510 2765 et
2537 2719 2722 2765 com-

1169 2807 1469 2876 municet
1503 2805 1618 2896 qui
1640 2803 1725 2872 ab
1758 2805 1906 2896 ipso
1937 2811 2058 2881 est,
2095 2813 2157 2872 et
2191 2803 2276 2872 ab
2309 2805 2452 2895 ipso
2485 2805 2721 2872 ‹listin-

1170 2916 1426 3006 guitur.

1259 3026 1366 3092 An
1412 3044 1609 3090 Amen
1647 3030 1827 3110 patet
1869 3019 2115 3087 solutio
2164 3042 2281 3109 per
2331 3029 2484 3087 ante
2514 3018 2711 3087 dicta.

1257 3131 1361 3200 An
1400 3151 1599 3199 Λιιυυ
1628 3125 2014 3206 dicendum,
2046 3124 2232 3218 quod
2263 3125 2446 3192 alius
2476 3135 2572 3193 est
2609 3150 2717 3192 re-

1166 3238 1455 3308 lativum
1494 3234 1903 3305 diversitatis
1937 3256 1951 3303 ε
1987 3242 2213 3301 tamen
2244 3234 2402 3324 quia
2434 3232 2709 3324 adjecti-

1164 3369 1330 3414 vum
1370 3351 1497 3421 est,
1539 3341 1982 3410 substantiam
2047 3340 2275 3431 recipit
2326 3364 2362 3407 a
2393 3364 2518 3408 suo
2559 3341 2715 3408 sub-

1151 3454 1367 3543 jecto,
1403 3459 1470 3519 et
1498 3452 1677 3519 circa
1711 3447 1895 3516 illam
1934 3448 2122 3538 ponit
2163 3447 2453 3516 formam
2485 3472 2708 3531 suam,

1161 3570 1415 3629 etcum
1450 3557 1560 3625 illa
1600 3558 1685 3625 sit
1739 3555 2112 3624 substantia
2162 3579 2312 3646 quse
2361 3567 2455 3623 est
2502 3554 2710 3648 luypo·

1157 3669 1383 3749 stasis,
1427 3676 1492 3735 et
1524 3688 1660 3734 non
1692 3672 1958 3741 natura,
2011 3688 2149 3731 non
2202 3674 2388 3733 notat
2435 3667 2564 3734 nisi
2604 3666 2704 3732 di·

1157 3776 1593 3844 stinctionem
1633 3795 1941 3865 personat
1972 3783 2035 3841 et
2066 3795 2203 3839 non
2235 3780 2512 3839 natura».

1250 3883 1610 3961 Praeterea,
1679 3880 1863 3948 Licet
1918 3880 2002 3947 sit
2050 3903 2299 3947 nomen
2349 3881 2704 3948 essentiale

1154 4015 1278 4085 per
1304 4014 1377 4059 se
1417 3997 1793 4079 sumptum,
1864 4010 1980 4078 per
2035 3986 2424 4077 adjunctum
2478 3997 2700 4056 laun-n

1150 4097 1512 4192 personale
1544 4095 1834 4164 trahitur
1861 4094 1944 4162 ad
1968 4095 2284 4163 standum
2319 4119 2437 4186 pro
2472 4120 2699 4187 perso·

1153 4230 1265 4286 na,
1314 4217 1377 4275 et
1427 4207 1671 4275 iterum
1710 4204 2079 4272 secundum
2134 4204 2307 4273 lianc
2369 4208 2696 4274 rationem

1151 4339 1292 4384 non
1324 4323 1513 4383 notat
1541 4313 1877 4382 alietatem
1909 4314 2032 4380 nisi
2067 4338 2398 4405 personae.

1241 4426 1348 4492 An
1397 4447 1594 4490 Amen
1625 4421 2007 4503 dicendum,
2034 4422 2213 4513 quod
2253 4446 2444 4490 secus
2484 4432 2583 4491 est
2613 4423 2693 4492 de,

1152 4530 1433 4599 Socrate
1474 4529 1655 4607 albu,
1698 4538 1764 4597 et
1794 4526 2067 4596 Socrate
2101 4529 2320 4614 nigro.
2366 4532 2526 4620 quia
2557 4554 2691 4598 non

1147 4649 1628 4732 supponuntur
1659 4639 1746 4705 ibi
1779 4637 2022 4704 diversi
2062 4634 2540 4707 subsistentes:
2576 4641 2689 4708 sed

1150 4747 1353 4815 Pater
1391 4756 1457 4815 et
1484 4744 1689 4812 Filius
1730 4766 1867 4811 non
1897 4742 2205 4811 differunt
2257 4768 2375 4835 per
2414 4744 2690 4837 aliquod

1146 4854 1484 4930 accidens,
1535 4850 1655 4918 sed
1702 4851 1923 4941 potius
1974 4851 2112 4916 suis
2169 4850 2690 4919 subsistentibus

1147 4964 1459 5054 personis
1488 4959 2015 5049 distinguuntur.

1238 5071 1339 5137 An
1387 5091 1582 5136 „turn
1612 5066 1993 5148 dicendum,
2036 5067 2215 5157 quod
2247 5091 2438 5136 secus
2480 5080 2579 5138 est
2621 5072 2687 5138 in

1144 5176 1579 5246 interioribus
1612 5175 1677 5241 in
1728 5173 1973 5265 quibus
2027 5184 2262 5243 natura
2302 5180 2686 5245 communis

1144 5284 1657 5376 multiplicatur,
1688 5292 1753 5351 et
1773 5283 2094 5352 dividitur
2112 5285 2481 5353 secundum
2510 5310 2679 5356 esse.

1140 5389 1218 5457 In
1255 5388 1505 5456 divinis
1535 5396 1762 5454 autem
1803 5409 1941 5453 non
1995 5387 2066 5455 tit
2096 5386 2223 5456 hoc
2261 5411 2275 5454 :
2311 5388 2427 5455 sed
2457 5394 2684 5480 potius

1137 5520 1276 5565 una
1321 5516 1605 5563 numero
1653 5502 1880 5562 manet
1925 5496 1992 5562 in
2042 5494 2305 5563 tribus:
2365 5506 2680 5566 neutrum

1139 5612 1371 5673 autem
1402 5623 1641 5693 genus,
1675 5623 1756 5669 eo
1790 5599 1970 5692 quod
2002 5600 2284 5670 informe
2314 5613 2437 5682 est,
2485 5604 2680 5672 reser-

3261 538 3713 607 masculinum
3771 544 3997 604 autem
4046 543 4114 602 et
4169 535 4395 602 foemi-

2842 648 3106 725 ninum,
3153 649 3314 738 quia
3341 648 3576 715 dicunt
3605 648 3967 713 essentiam
4000 644 4390 722 formatam,

2842 755 3220 822 referuntur
3259 755 3343 821 ad
3400 776 3761 844 personam
3808 775 3823 815 :
3875 760 3941 819 et
4000 749 4149 817 ideo
4207 748 4393 839 quod

2838 865 3143 953 sequitur
3181 865 3246 930 in
3280 862 3624 944 humaniS,
3658 884 3796 927 non
3846 860 4153 950 sequitur
4183 859 4250 924 in
4285 857 4391 923 di-

2836 973 3012 1039 vinis
3046 995 3061 1040 :
3098 972 3215 1040 sed
3247 979 3624 1039 mutaretur
3655 971 3803 1060 quis
3835 971 3903 1035 in
3941 966 4128 1058 quid,
4173 976 4239 1034 et
4270 989 4387 1033 ac-

2834 1078 3085 1146 cideret
3113 1077 3376 1145 fallacia
3416 1077 3647 1168 [igurae
3675 1075 4014 1143 dictionis·

2920 1187 3025 1252 An
3073 1209 3138 1253 m
3168 1194 3396 1253 autem
3443 1184 3626 1276 quod
3676 1183 3991 1271 objicitur
4021 1181 4104 1249 de
4144 1181 4377 1263 mod0,

2830 1293 3192 1362 dicendum
3247 1294 3429 1384 quod
3479 1295 3546 1359 in
3593 1291 3987 1359 translativa
4043 1287 4381 1380 signitica-

2831 1404 3014 1469 tione
3046 1402 3289 1469 modus
3320 1402 3613 1469 multum
3672 1400 3829 1467 facit
3864 1421 3878 1464 :
3926 1398 4081 1466 licet
4111 1397 4180 1465 in
4214 1419 4376 1486 pro-

2827 1511 2976 1600 pria
3012 1509 3529 1600 significatione,
3567 1508 3841 1576 retentis
3870 1505 4202 1584 terminiS,
4238 1526 4373 1570 non

2825 1619 3041 1684 variet
3097 1615 3664 1707 significationem
3711 1640 3725 1681 :
3796 1621 3861 1680 et
3889 1611 4019 1680 hoc
4069 1610 4220 1678 ideo
4270 1610 4370 1691 tit,

2827 1723 2989 1812 quia
3015 1722 3367 1790 translatio
3402 1723 3470 1789 tit
3502 1721 3719 1812 gratia
3760 1717 3938 1786 modi
3992 1715 4390 1808 principali-.

2826 1838 2926 1897 ter
2968 1851 2983 1896 ε
3020 1839 3087 1898 et
3114 1829 3265 1898 ideo
3295 1852 3452 1897 cum
3485 1830 3613 1896 ista
3640 1829 3774 1895 sint
3819 1828 3887 1893 in
3918 1824 4164 1892 divinis
4196 1847 4373 1913 prae-

2825 1940 3276 2008 dicationibus
3324 1962 3406 2007 ex
3453 1937 3917 2015 translatione,
3975 1936 4193 2026 gratia
4239 1934 4372 2001 l'or-

2824 2049 2990 2115 mati
3029 2046 3298 2139 generis
3343 2047 3622 2136 ponitur
3650 2043 4017 2121 distinctiO,
4060 2049 4125 2109 et
4154 2041 4374 2132 gratia

2824 2157 3133 2226 informis
3164 2156 3440 2246 ponitur
3477 2154 3706 2222 divina
3765 2161 4153 2236 natura,‘eo
4185 2150 4371 2241 quod

2823 2264 2936 2332 illa
2968 2261 3156 2331 nullo
3190 2262 3394 2329 modo
3422 2261 3881 2349 distinguitur.

2914 2481 3016 2546 An
3064 2500 3260 2546 Auci)
3309 2475 3698 2558 dicendum,
3749 2473 3928 2564 quod
3987 2495 4141 2541 cum
4200 2470 4375 2539 dici-
4402 2493 4725 2554 adquam.

2823 2596 2957 2665 tur,
2993 2583 3175 2677 quod
3205 2583 3375 2652 liber
3416 2583 3520 2651 sui
3553 2604 3753 2650 causa
3807 2587 3930 2658 est,
3976 2578 4377 2670 intelligitur

2822 2695 2903 2762 de
2935 2716 3138 2762 causa
3177 2692 3388 2774 finali,
3423 2690 3675 2758 scilicet
3708 2688 3890 2780 quod
3921 2710 4060 2755 non
4091 2696 4193 2755 est
4223 2708 4377 2777 pro-

2822 2810 2970 2894 pter
2993 2802 3204 2869 alium
3249 2823 3264 2868 :
3310 2808 3373 2868 et
3404 2798 3535 2867 hoc
3567 2796 3770 2866 modo
3802 2795 4120 2888 quaelibet
4145 2816 4377 2887 perso-

2822 2933 2907 2977 na
2949 2910 3051 2978 sui
3092 2932 3292 2978 cansa
3341 2917 3464 2987 est,
3519 2909 3674 2998 quia
3734 2913 4008 2995 propter
4044 2927 4116 2972 se
4146 2911 4271 2984 est,
4305 2912 4374 2971 et

2821 3041 2960 3086 non
2998 3027 3272 3109 propter
3301 3016 3512 3084 aliurn
3563 3014 3789 3082 linem.
3839 3010 3971 3080 Sed
4012 3033 4169 3079 cum
4200 3009 4373 3080 dici-

2821 3137 2953 3208 tur,
2986 3127 3353 3208 suicausa,
3389 3123 3697 3192 absolute
3729 3144 3864 3191 non
3896 3120 4091 3190 debet
4134 3142 4373 3189 conce·

2820 3237 2912 3321 di,
2956 3257 3111 3304 meo
3141 3234 3400 3324 judicio
3446 3257 3462 3301 :
3501 3233 3659 3324 quia
3690 3239 3874 3299 notat
3898 3228 4369 3297 habitudinem
4425 3274 4430 3277 -

2816 3365 3038 3412 causae
3067 3341 3420 3410 efficientis
3452 3339 3910 3433 principaliter
3939 3359 3953 3403 z
3982 3345 4045 3406 et
4077 3337 4227 3405 ideo
4248 3359 4371 3428 per

2815 3474 2887 3520 se
2926 3450 3179 3519 dictum
3215 3458 3504 3529 notaret,
3532 3447 3712 3539 quod
3748 3445 3922 3514 idem
3957 3454 4129 3513 esset
4162 3467 4366 3511 rausa

2813 3558 3110 3627 efficiens
3141 3558 3487 3648 suiipsiuS‚
3523 3553 3703 3646 quod
3736 3554 3977 3621 salsum
4008 3562 4132 3620 est.

2900 3668 3003 3733 An
3034 3688 3230 3733 Amen
3295 3663 3685 3742 dicendum,
3736 3662 3915 3752 quod
3994 3684 4129 3728 non
4189 3672 4355 3750 puto
4385 3695 4641 3764 Anu„
4668 3713 4710 3758 ,⁶

2810 3797 2956 3843 esse
2977 3773 3480 3842 concedendam
3517 3770 3713 3850 lianc,
3772 3772 3981 3837 Pater
4034 3780 4130 3835 est
4161 3770 4355 3861 prin·

2808 3881 3419 3974 re'pimnsw‘e’psius·
3453 3898 3470 3948 :
3506 3877 3657 3945 licet
3708 3875 3846 3944 lure
3897 3876 4354 3967 quodammo-

2808 3993 2896 4060 do
2922 3990 3353 4065 concedatur‚
3379 3988 3580 4056 l‘ater
3600 3995 3702 4054 est
3722 4010 3759 4053 a
3784 4008 3883 4064 se,
3921 4008 4084 4077 ergo
4110 4008 4245 4053 non
4267 3986 4352 4052 al»

2805 4100 2941 4168 alio
2987 4123 3001 4166 :
3039 4102 3201 4189 quia
3234 4096 3639 4189 principium
3672 4117 3809 4162 non
3867 4102 4132 4161 tantum
4193 4093 4356 4161 dicit

2805 4208 3115 4277 ordinem
3164 4206 3566 4298 privationis
3623 4204 3705 4271 ad
3765 4211 3945 4282 ante,
3989 4203 4351 4271 sedetiam

2805 4316 3271 4386 habitudinem
3331 4324 3520 4383 actus
3568 4314 3652 4381 ad
3717 4334 4054 4404 sequens:
4092 4321 4156 4379 et
4199 4311 4349 4379 ideo

2802 4447 2940 4492 non
2989 4435 3087 4492 est
3136 4422 3312 4491 idem
3354 4445 3499 4490 esse
3555 4446 3593 4489 a
3648 4445 3744 4498 se,
3807 4428 3869 4487 et
3909 4442 4056 4487 esse
4095 4419 4352 4509 princi-

2798 4532 2989 4623 pium
3021 4532 3369 4621 suiipsius.
3412 4527 3602 4597 Unde
3637 4525 3782 4596 liaec
3812 4536 3911 4595 est
3945 4527 4345 4618 impropria,

2800 4636 3002 4704 Pater
3066 4645 3164 4704 est
3223 4661 3260 4703 a
3327 4637 3550 4725 seipso
3611 4657 3627 4702 :
3693 4634 3835 4702 luec
3882 4642 4109 4701 autem
4150 4632 4344 4712 falsa,

2799 4744 3000 4811 Pater
3029 4753 3126 4812 est
3159 4745 3566 4835 principium
3601 4742 3920 4833 suiipsius
3962 4763 3978 4811 :
4042 4739 4156 4807 sed
4219 4742 4344 4807 ista

2795 4852 3029 4921 salsior
3052 4862 3149 4921 est
3218 4852 3464 4929 adhuc,
3530 4851 3730 4918 Pater
3783 4860 3882 4917 est
3951 4871 4151 4915 causa
4198 4848 4346 4915 sui-

2796 4961 3035 5051 ipsius,
3082 4962 3171 5028 ita
3211 4961 3389 5052 quod
3432 4982 3632 5028 causa
3671 4958 3848 5026 dicat
3887 4980 4163 5025 causam
4203 4958 4344 5025 etn-

2794 5072 3111 5138 cientem.
3161 5069 3351 5135 Unde
3391 5090 3473 5136 ex
3527 5066 3667 5148 illa,
3710 5065 3913 5133 Pater
3967 5075 4067 5134 est
4133 5089 4172 5133 a
4238 5091 4336 5148 se,

2791 5199 2930 5244 non
2964 5187 3178 5267 potest
3224 5177 3452 5244 inl'erri
3490 5198 3505 5241 ε
3541 5196 3704 5265 ergo
3756 5181 4033 5263 generat
4097 5198 4194 5255 se,
4228 5174 4336 5243 vel

2789 5287 3089 5378 procedit
3129 5312 3168 5355 a
3210 5312 3306 5367 se,
3340 5284 3448 5354 vel
3507 5283 3944 5374 distinguitur
3996 5307 4035 5350 a
4087 5307 4184 5364 se,
4229 5283 4336 5352 vel

2787 5405 2890 5464 est
2928 5395 3099 5463 alius
3135 5418 3172 5463 a
3203 5418 3273 5462 se
3308 5418 3324 5463 ε
3360 5392 3478 5462 sed
3501 5391 3870 5460 secundum
3911 5414 4187 5460 sensum
4238 5393 4336 5461 di-

2786 5511 2970 5571 ctum
3024 5511 3239 5593 potest
3280 5499 3615 5575 concludi,
3650 5506 3749 5564 est
3781 5521 3820 5565 a
3849 5521 3941 5574 se,
3987 5522 4150 5589 ergo
4192 5523 4330 5569 non

2787 5620 2885 5678 est
2916 5611 2999 5678 ab
3030 5611 3190 5681 alio·

4494 1195 4563 1239 Ad
4595 1199 4637 1244 8.
