4897 6388
1777 308 1895 416 ..IN
1943 309 1972 375 I
2022 303 2446 377 SENTENT.
2506 299 2725 376 DIST.
2781 301 3037 416 XNJ'H,
3092 312 3174 395 A,
3218 314 3418 385 ART.
3474 319 3536 385 1.

1063 499 1100 547 ἰ
1178 485 1517 550 Praeterea
1584 483 1948 573 diliqenter
2006 479 2602 557 considerandum,

1062 600 1191 660 etc.
1239 617 1271 657 ι»
1309 591 1385 657 ln
1440 591 1640 659 tertio
1688 590 1930 680 tangit,
1973 588 2156 680 quod
2185 611 2268 656 ex
2298 589 2610 680 proprie-

1062 708 1198 768 tate
1264 709 1516 767 aeterna
1571 698 1773 766 habet
1803 697 1986 788 quod
2024 698 2111 764 sit
2137 697 2450 785 (donum,
2494 695 2608 763 sed

1060 829 1203 875 non
1250 807 1435 899 quod
1481 808 1568 875 sit
1606 806 1863 884 datum,
1933 804 2052 888 ihi,
2097 805 2178 887 E,
2224 832 2261 870 ε(
2329 807 2610 873 Donum

1062 941 1217 985 vero
1275 918 1530 984 dicitur
1584 939 1719 982 non
1777 939 1861 982 ex
1925 938 1997 982 eo
2056 924 2352 998 tantum,
2404 923 2531 982 etc.
2573 941 2603 975 »

1063 1026 1198 1093 Per
1239 1026 1369 1092 hoc
1409 1033 1590 1114 patet
1617 1026 1970 1091 sententia.

1394 1466 1397 1469 ⁴
1435 1543 1439 1546 v
1535 1445 2034 1515 Ammonos
2068 1445 2119 1514 1.

1069 1669 1317 1735 Utrum
1375 1691 1501 1758 per
1573 1668 1829 1735 donum
1894 1664 2083 1757 quod
2151 1671 2247 1731 est
2300 1661 2610 1753 Spiritus

1135 1790 1437 1857 sanctus,
1474 1774 1893 1868 omnia-alia
1933 1774 2113 1840 dona
2137 1767 2547 1840 donantur?

1152 2100 1396 2169 Incidit
1460 2084 1687 2164 autem
1748 2091 1858 2160 hic
1921 2088 2203 2159 dubium
2259 2089 2438 2156 circa
2475 2086 2609 2177 pri·

1063 2233 1257 2279 mum
1350 2203 1750 2298 capitulum,
1840 2199 2078 2270 Utrum
2150 2219 2271 2289 per
2348 2194 2604 2263 donum

1062 2319 1313 2389 dentur
1348 2313 1582 2385 dona?

1152 2425 1442 2494 Videtur
1468 2429 1723 2498 autem,
1759 2415 1941 2509 quod
1978 2437 2116 2483 non
2145 2436 2159 2480 ε
2206 2413 2369 2504 quia

1158 2538 1219 2605 1.
1266 2533 1398 2602 Per
1430 2539 1692 2599 motum
1729 2526 1897 2616 {non
1928 2523 2003 2591 fit
2067 2529 2292 2590 motus
2325 2539 2606 2611 genera-

1061 2645 1263 2713 liter:
1306 2641 1465 2732 quia
1494 2629 2164 2724 dicitPhilosophuS,
2215 2626 2399 2720 quod
2467 2648 2605 2693 non

1063 2761 1166 2822 est
1204 2745 1622 2820 alterationis
1650 2731 1979 2820 alteratio,
2014 2745 2080 2809 et
2133 2726 2440 2838 omnino¹
2467 2756 2606 2802 non

1063 2873 1166 2934 est
1233 2858 1630 2930 mutationis
1696 2852 1981 2921 mutatio
2037 2871 2055 2917 ε
2118 2868 2353 2940 ergoa
2395 2836 2603 2913 simili

1063 2973 1267 3041 etiam
1314 2992 1432 3060 per
1461 2966 1715 3034 donum
1756 2983 1892 3030 non
1922 2958 2120 3028 datur
2146 2956 2432 3024 donum.

1155 3083 1221 3149 2.
1256 3078 1454 3156 Item,
1499 3072 1808 3150 Videtur,
1862 3066 2045 3159 quod
2099 3065 2229 3134 hoc
2277 3063 2479 3132 abeat
2534 3062 2602 3128 in

1063 3183 1450 3258 inlinitum:
1486 3180 1646 3276 quia
1681 3177 1735 3249 si
1795 3176 1943 3248 haec
1996 3180 2099 3246 est
2150 3174 2350 3253 ratio,
2421 3169 2607 3264 quod

1064 3300 1316 3368 dantur
1370 3296 1576 3373 dona,
1646 3295 1808 3384 quia
1862 3292 1931 3359 in
1985 3288 2166 3356 dono
2210 3286 2483 3363 dantur,
2538 3282 2607 3351 id

1063 3409 1322 3477 donum
1390 3424 1659 3473 necesse
1734 3407 1831 3468 est
1896 3397 2098 3467 etiam
2155 3396 2223 3463 in
2254 3393 2437 3462 dono
2478 3391 2608 3459 do-

1063 3517 1238 3594 nari,
1271 3523 1336 3583 et
1391 3514 1483 3581 sic
1540 3511 1623 3579 de
1683 3508 1871 3576 aliis:
1906 3528 2068 3597 ergo
2123 3503 2250 3573 hoc
2281 3501 2496 3571 abibit
2536 3503 2603 3568 in

1062 3625 1432 3695 inlinitum.

1154 3736 1219 3801 3.
1280 3732 1477 3809 Item,
1547 3728 1717 3797 Cum
1769 3725 1943 3804 dico,
2013 3724 2081 3791 in
2145 3721 2329 3790 dono
2359 3718 2608 3788 dantur

1065 3843 1287 3911 dona:
1323 3849 1440 3908 aut
1478 3836 1735 3920 omnia,
1768 3843 1882 3902 ant
1918 3830 2253 3925 quaedam.
2318 3829 2392 3897 Si
2462 3852 2607 3897 om-

1065 3954 1216 4020 nia:
1290 3970 1452 4039 ergo
1526 3945 1782 4013 donum
1848 3943 1917 4010 in
1956 3964 2092 4032 quo
2157 3940 2389 4008 omnia
2420 3939 2602 4007 dona

1065 4062 1431 4136 donantur,
1472 4057 1672 4124 datur
1716 4057 1784 4122 in
1821 4053 2043 4121 dono:
2094 4075 2256 4143 ergo
2322 4059 2424 4118 est
2479 4049 2605 4116 ‹lo-

1066 4192 1231 4239 num
1273 4164 1548 4257 aliquod
1601 4169 1838 4254 przeter
1902 4160 2131 4227 omnia
2170 4157 2376 4243 dona,
2419 4156 2603 4248 quod

1067 4279 1312 4348 falsum
1352 4283 1478 4344 est.
1525 4274 1597 4340 Si
1657 4269 1996 4364 quaedam,
2039 4278 2106 4337 et
2134 4290 2274 4336 nou
2314 4268 2546 4334 omnia
2584 4289 2597 4333 :

1064 4409 1232 4477 ergo
1327 4379 1489 4451 illud
1562 4377 1817 4447 donum
1902 4377 1968 4444 in
2062 4396 2198 4466 quo
2263 4374 2608 4442 donantur

1064 4496 1244 4563 dona
1286 4493 1426 4572 illa,
1460 4511 1597 4557 non
1630 4485 1829 4555 habet
1876 4483 2261 4576 generalem
2318 4482 2606 4551 intluen-

1065 4608 1228 4674 tiam
1295 4625 1499 4693 super
1551 4597 1979 4667 collationem
2023 4594 2405 4662 donorum:
2439 4616 2604 4685 ergo

1063 4739 1202 4786 non
1244 4712 1442 4782 habet
1487 4710 1815 4777 rationem
1847 4703 2254 4774 causalitatis
2306 4704 2388 4772 ad
2458 4728 2604 4772 om-

1063 4827 1176 4894 nia
1245 4823 1450 4899 dona,
1523 4816 1700 4910 quod
1749 4825 1845 4883 est
1890 4806 2399 4895 inconveniens,
2446 4817 2606 4906 quia

1060 4931 1229 5000 illud
1269 4929 1525 4999 donum
1558 4932 1655 4993 est
1699 4922 1989 5014 Spiritus
2026 4925 2322 4990 sanctus.

1153 5039 1219 5107 4.
1257 5036 1454 5119 Item,
1509 5032 1713 5101 Filius
1755 5036 1855 5099 est
1900 5051 2112 5097 unum
2142 5029 2224 5097 (le
2281 5029 2458 5098 datis
2487 5051 2608 5098 no-

1059 5146 1191 5214 bis.
1267 5142 1492 5220 Unde,
1572 5139 1701 5207 lsa.
1763 5160 1856 5217 tx,
1898 5139 1979 5204 6:
2031 5138 2384 5205 Paruulus
2424 5141 2602 5205 enim

1061 5260 1271 5320 natus
1300 5260 1396 5316 est
1425 5246 1643 5325 nobile,
1677 5255 1740 5311 el
1766 5242 1963 5333 filius
2002 5242 2207 5313 dolus
2235 5255 2334 5311 est
2382 5245 2601 5313 nobis.

1066 5361 1248 5450 Ergo
1290 5355 1419 5423 hoc
1448 5351 2028 5443 donumjdaturiu
2054 5349 2310 5442 Spiritu
2340 5364 2601 5423 sancto.

1068 5468 1231 5535 Dari
1272 5473 1501 5534 autem
1567 5464 1637 5529 in
1692 5461 1871 5530 dono
1915 5470 2040 5541 est,
2100 5462 2283 5553 quod
2347 5463 2606 5533 donum

1068 5573 1322 5645 habeat
1374 5570 1797 5641 influentiam
1893 5592 2109 5640 causae
2180 5595 2387 5664 super
2439 5575 2610 5645 illud

1070 5682 1257 5774 quod
1286 5681 1482 5750 datur
1514 5703 1529 5748 ε
1573 5701 1734 5769 ergo
1777 5677 2065 5767 Spiritus
2103 5691 2374 5751 sanctus
2403 5682 2607 5754 habet

4146 311 4267 401 49¹

2722 477 3150 547 influentiam
3191 504 3411 550 causae
3477 506 3681 576 super
3760 484 4027 565 Filium,
4092 480 4275 570 quod

2716 586 2964 654 falsum
2996 595 3119 674 est,
3155 589 3546 676 utvidetur,
3582 593 3741 682 quia
3776 589 4070 679 Spiritus
4101 597 4201 655 est
4232 607 4270 654 a

2716 694 2913 775 Filio,
2960 705 3023 764 et
3062 720 3200 765 non
3231 720 3266 765 e
3297 721 3658 768 converso.

2804 805 2868 870 5.
2942 802 3135 882 Item,
3216 804 3567 873 Ponamus
3632 828 3753 896 per
3846 803 4265 895 impossibile

2718 909 3049 1000 Spiritum
3081 922 3392 980 sanctum
3427 937 3567 981 non
3617 937 3805 981 esse:
3871 921 3988 980 aut
4046 911 4267 979 adhuc

2711 1020 2939 1101 Pater,
2975 1030 3040 1090 et
3071 1022 3279 1091 Filius
3309 1033 3535 1092 essent
3572 1047 3763 1114 aeque
3805 1023 4137 1101 liberaleS,
4191 1029 4267 1088 ut

2711 1130 2941 1218 prius:
2979 1140 3096 1198 aut
3148 1147 3313 1198 non.
3369 1131 3443 1198 Si
3502 1149 3684 1199 non:
3748 1153 3907 1222 ergo
3976 1129 4267 1198 liberali-

2712 1244 2922 1304 tatem
2999 1229 3255 1308 habent
3311 1261 3348 1307 a
3403 1240 3661 1330 Spiritu
3731 1249 3963 1308 sancto
4010 1263 4022 1304 ε
4081 1238 4265 1329 quod

2711 1347 2957 1415 falsum
3016 1357 3139 1417 est.
3205 1348 3278 1416 Si
3345 1350 3483 1416 sic:
3552 1372 3715 1441 ergo
3754 1347 4264 1438 adhucdabunt

2714 1455 2933 1524 dona:
2982 1463 3049 1524 et
3075 1473 3214 1524 non
3240 1458 3306 1523 in
3338 1456 3469 1525 hoc
3498 1456 3718 1525 dono:
3764 1479 3924 1547 ergo
3966 1455 4260 1534 videtur,

2713 1562 2898 1652 quod
2954 1562 3101 1631 haec
3157 1585 3298 1630 non
3352 1565 3442 1631 sit
3481 1565 3677 1641 ratio,
3742 1564 3921 1655 quod
3963 1562 4261 1653 Spiritus

2710 1679 2983 1739 sanctus
3021 1673 3108 1739 sit
3145 1671 3404 1740 donum
3433 1673 3505 1739 in
3546 1695 3681 1764 quo
3711 1671 3841 1740 alia
3904 1673 4083 1739 dona
4150 1670 4267 1738 do-

2714 1786 2988 1847 nantur.

2803 2001 3110 2072 Somno.
3193 2001 3599 2081 Dicendum,
3698 2000 3883 2093 quod
3963 1999 4255 2091 Spiritus
4332 1988 4534 2090 s⁰,„„,{‚

2710 2118 2983 2179 sanctus
3021 2118 3123 2180 est
3151 2110 3410 2178 donum
3441 2108 3512 2177 in
3543 2130 3679 2201 quo
3711 2109 3845 2178 alia
3889 2108 4067 2178 dona
4126 2108 4258 2177 do-

2711 2228 2960 2287 nantur
2992 2242 3007 2286 :
3044 2228 3110 2287 et
3141 2222 3209 2287 in
3240 2218 3371 2288 hoc
3409 2219 3593 2287 dono
3632 2219 3879 2286 dantur
3925 2217 4129 2285 dona.
4173 2218 4257 2284 Et

2712 2329 2884 2396 ratio
2961 2327 3165 2417 hujus
3211 2337 3338 2412 est,
3408 2328 3569 2419 quia
3625 2325 3957 2418 quidquid
4014 2324 4258 2416 aliquis

2709 2435 2908 2505 alicui
2960 2435 3257 2526 gratuito
3316 2443 3381 2503 et
3438 2433 3802 2502 liberaliter
3855 2432 3993 2511 dat,
4037 2433 4259 2522 primo

2709 2552 2865 2613 ante
2904 2543 3072 2611 illud
3104 2543 3218 2610 dat
3258 2544 3315 2611 ei
3348 2565 3683 2621 amorem,
3718 2552 3784 2611 et
3812 2544 3878 2608 in
3923 2541 4035 2608 illo
4069 2550 4261 2631 post-

2708 2674 2790 2719 ea
2828 2651 3292 2719 communicat
3327 2653 3389 2718 ei
3420 2649 3505 2718 de
3543 2648 3742 2718 bonis
3787 2651 3951 2730 suis,
4013 2657 4075 2715 et
4140 2647 4255 2715 dat

2707 2763 2767 2830 ei
2808 2769 2999 2838 etse,
3036 2771 3102 2829 et
3142 2760 3472 2852 quidquid
3512 2761 3650 2829 dat.

2800 2861 3145 2939 Dicexnuat
3174 2893 3337 2961 ergo
3368 2869 3453 2937 ad
3510 2869 3833 2960 primum,
3879 2868 4060 2959 quod
4120 2890 4255 2935 non

2707 2989 2806 3049 est
2838 2978 3257 3048 alterationis
3322 2978 3659 3056 alteratio,
3729 2977 3855 3045 lior
3902 2986 4027 3060 est,
4070 2978 4255 3068 qnod

2705 3087 3016 3157 alteratio
3049 3087 3137 3154 sit
3173 3085 3256 3153 ad
3289 3084 3760 3154 alterationem
3795 3093 3864 3152 ut
3898 3086 3981 3152 ad
4031 3084 4259 3152 termi-

2706 3209 2874 3265 num
2942 3194 3196 3276 motuS,
3250 3194 3411 3286 quia
3477 3193 3574 3263 sic
3640 3214 4014 3284 numquam
4085 3203 4258 3262 esset

2708 3304 3081 3398 quiescere,
3114 3313 3182 3372 et
3218 3304 3315 3371 sic
3344 3304 3552 3372 etiam
3600 3324 3738 3371 non
3778 3308 3877 3368 est
3945 3303 4263 3369 mutatio·

2708 3414 2816 3481 nis
2854 3412 3142 3480 mutatio
3192 3433 3207 3479 ε
3249 3410 3368 3479 sed
3401 3410 3787 3501 frequenter
3816 3430 3992 3477 unus
4034 3419 4261 3476 motus

2706 3544 2912 3588 causa
2952 3528 3051 3587 est
3092 3518 3394 3601 alterius,
3429 3527 3494 3586 et
3534 3542 3670 3586 una
3709 3517 4017 3585 alteratio
4057 3541 4260 3585 cansa

2709 3639 2808 3697 est
2840 3627 3142 3695 alterius.
3181 3627 3293 3695 Sic
3335 3626 3487 3695 dico
3519 3625 3652 3705 hic.
3718 3626 3897 3717 quod
3966 3626 4260 3715 primum

2708 3736 2966 3804 donum
3034 3757 3237 3805 causa
3296 3744 3393 3802 est
3472 3736 3781 3802 omnium
3831 3735 4144 3814 aliorum,
4194 3744 4260 3802 ut

2708 3844 3095 3913 dictumest
3151 3866 3167 3910 z
3233 3845 3392 3934 quia
3449 3844 3515 3910 in
3576 3843 3796 3934 primo
3844 3842 4025 3909 dono
4064 3841 4265 3909 ‹latnr

2709 3953 2910 4022 nobis
2940 3973 3135 4020 amor
3168 3952 3314 4025 Dei.
3350 3952 3464 4042 qui
3499 3961 3596 4019 est
3630 3952 3923 4041 Spiritus
3955 3960 4252 4026 sanctus,

2709 4064 2826 4153 qui
2876 4060 3134 4129 donum
3175 4070 3460 4127 vocatur
3497 4059 3583 4127 ab
3614 4065 3893 4127 aetvrno.

2800 4173 2904 4238 An
2969 4193 3166 4237 Λιιυυ
3230 4168 3622 4243 dicendum,
3693 4168 3873 4260 qnocl
3934 4167 4061 4235 ho«-
4117 4194 4251 4236 non

2709 4278 2921 4347 abibit
2963 4280 3027 4345 in
3063 4277 3403 4345 inlinitum
3444 4301 3458 4345 :
3493 4278 3654 4369 quia
3691 4280 3857 4344 sicut
3922 4280 3986 4344 in
4053 4300 4255 4344 causa

2710 4390 3023 4455 motuum
3092 4390 3309 4453 statur
3384 4384 3451 4453 in
3512 4384 3734 4476 primo
3776 4394 3966 4452 motu
4012 4386 4123 4475 qui
4158 4394 4259 4450 est

2707 4517 2914 4564 causa
2978 4494 3289 4562 omnium
3359 4493 3782 4569 interiorum,
3820 4494 3913 4559 ita
3956 4494 4023 4559 in
4062 4493 4261 4560 (lunis

2708 4611 2927 4672 statur
2956 4603 3023 4669 in
3054 4603 3278 4692 primo
3307 4600 3491 4668 alono
3523 4601 3705 4692 quod
3738 4610 3834 4667 est
3867 4624 4067 4667 caiisa
4101 4622 4261 4668 οιιι-

2710 4711 2901 4779 nium
2933 4708 3411 4778 secundorum.

2802 4818 2904 4885 An
2961 4838 3156 4884 Λιιυῐι
3186 4812 3577 4901 (licendum,
3619 4818 3799 4908 qnml
3851 4841 3984 4884 non
4028 4817 4255 4884 «titania

2708 4922 2889 4992 dona
2946 4920 3290 4991 donantur
3329 4923 3397 4990 in
3430 4913 3611 4991 dono
3670 4922 3803 4992 alio
3835 4947 3873 4992 a
3913 4946 3983 4992 se
4021 4947 4035 4991 :
4100 4922 4258 5016 qnia

2710 5034 3009 5124 primum
3066 5032 3326 5099 donum
3385 5032 3585 5099 (latur
3635 5032 3703 5099 in
3769 5033 4046 5124 seipso:
4100 5038 4258 5126 quin

2713 5143 2936 5232 ipsum
2977 5148 3078 5209 est
3107 5162 3303 5208 amor
3331 5141 3669 5229 gratuitus
3703 5141 3770 5208 in
3801 5165 3938 5233 quo
3986 5151 4053 5209 et
4118 5146 4262 5234 ipse

2712 5260 2777 5319 et
2818 5251 3048 5318 omnia
3091 5248 3224 5317 alia
3261 5248 3560 5316 secunda
3600 5249 3780 5317 dona
3812 5249 4080 5319 dantur.

2803 5361 2908 5425 An
2939 5381 3065 5425 noc
3103 5365 3329 5425 autem
3381 5357 3567 5447 quod
3623 5366 3858 5426 contra
3922 5358 4261 5447 objicitur,

2714 5466 3077 5537 dicendum
3118 5466 3301 5558 quod
3357 5466 3614 5535 donum
3683 5468 3980 5556 primum
4042 5472 4266 5560 seipso

2714 5599 2788 5646 se
2814 5575 3064 5655 intluit,
3101 5597 3240 5643 non
3270 5585 3502 5644 tamen
3539 5574 3746 5644 habet
3798 5576 4265 5647 causalitatem

2717 5692 3022 5777 respectu
3055 5672 3158 5753 sui
3197 5705 3212 5753 ε
3249 5676 3407 5775 quia
3442 5680 3736 5776 Spiritus
3765 5690 4038 5753 sanctus
4095 5689 4268 5777 scip·

4374 2905 4443 2948 Ad
4477 2908 4515 2952 l·

4362 4225 4432 4267 Aa
4462 4224 4505 4269 Ξ.

4371 4871 4447 4918 Aet
4476 4872 4516 4914 ³.
