4897 6388
1847 309 1944 376 IN
1990 310 2021 377 1
2061 309 2498 392 SENOENT.
2551 307 2772 378 DIST.
2824 306 3079 392 XXIV,
3129 307 3217 405 A,
3261 306 3458 374 ART.
3502 308 3565 371 2.

1226 473 1359 541 Sssn
1409 500 1632 556 annuc
1660 487 1899 546 contra
1928 480 2246 569 objicitur
2289 502 2303 545 :

1220 584 1280 650 1.
1320 583 1492 650 Cum
1526 609 1739 651 unum
1781 587 1868 652 sit
1926 608 2082 675 pars
2132 586 2448 664 duorum,
2484 584 2680 651 vide-

1128 698 1236 756 tur
1295 712 1379 756 ex
1417 689 1551 758 hoc
1597 692 1792 781 sequi
1834 694 2057 760 Deum
2097 715 2242 760 esse
2281 700 2542 782 partem
2584 691 2682 757 is-

1125 798 1259 863 tius
1292 799 1585 876 numeri,
1627 797 2086 888 quodfalsum
2135 808 2260 882 est,
2296 799 2455 889 quia
2522 797 2680 864 nul-

1122 899 1255 969 lius
1295 925 1451 991 pars
1491 911 1592 970 est
1621 905 1827 972 Deus.
2441 991 2444 996 .

1214 1013 1277 1077 2.
1325 1011 1524 1092 Item,
1579 1012 1751 1080 Cum
1819 1036 2060 1082 omnes
2116 1015 2405 1081 unitates
2436 1015 2504 1080 in
2546 1036 2679 1079 nu-

1122 1141 1311 1186 mero
1347 1129 1510 1187 sunt
1572 1122 1641 1187 in
1681 1125 1985 1212 potentia
2057 1121 2143 1190 ad
2172 1122 2511 1205 ultimam,
2557 1146 2674 1190 cu-

1110 1229 1225 1316 jus
1256 1227 1547 1315 adjectio
1590 1230 1886 1320 complet
1917 1231 2212 1320 speciem
2244 1231 2539 1309 numeri,
2562 1254 2675 1297 se-

1117 1334 1350 1423 qnitur
1372 1335 1560 1424 quod
1585 1337 1810 1403 unitas
1831 1335 1955 1403 Dei
1981 1344 2155 1405 esset
2177 1336 2245 1403 in
2269 1339 2567 1427 potentia
2587 1337 2672 1403 ad

1115 1441 1321 1509 aliam
1352 1444 1712 1524 unitatem,
1787 1467 1920 1535 qua
1960 1445 2256 1536 complet
2297 1446 2665 1530 binarium,

1111 1551 1223 1617 vel
1290 1541 1690 1632 ternarium,
1751 1551 1860 1621 vel
1901 1555 2434 1644 quaternarium,
2479 1562 2545 1621 et
2574 1555 2669 1622 sic

1111 1659 1195 1726 de
1226 1659 1403 1743 aliis,
1449 1683 1600 1752 quae
1640 1672 1927 1753 possunt
1966 1663 2440 1731 connumerari
2472 1660 2659 1729 Deo:

1111 1776 1176 1835 et
1205 1766 1340 1837 hoc
1386 1769 1626 1839 abusio
1682 1779 1784 1839 est
1823 1794 1839 1838 ε
1886 1795 2048 1863 ergo
2091 1772 2274 1841 Deus
2313 1795 2453 1840 non
2507 1779 2666 1862 pot-

1110 1885 1213 1945 est
1243 1879 1724 1948 connumerari
1762 1887 2114 1947 creaturae.

1193 2093 1234 2159 J
1243 2117 1418 2161 oxu
1465 2093 1598 2163 hoc
1661 2093 1947 2162 ulterius
2006 2096 2349 2186 quaeritur,
2411 2095 2654 2163 Utrum

1099 2200 1289 2268 Deus
1372 2203 1463 2270 sit
1516 2203 1736 2293 magis
1792 2225 1970 2271 unus
2036 2225 2243 2294 quam
2308 2203 2457 2293 ipsa
2493 2204 2655 2269 uni-

1101 2311 1257 2378 tas?

1187 2417 1272 2486 Et
1301 2418 1575 2487 videtur
1603 2420 1788 2510 quod
1826 2442 1970 2488 non
2017 2442 2034 2485 e
2079 2423 2242 2511 quia

1192 2527 1250 2592 1.
1301 2525 1380 2593 ln
1422 2528 1684 2596 unitate
1749 2527 1924 2596 nihil
1960 2537 2063 2597 est
2115 2530 2247 2597 nisi
2277 2529 2527 2605 unitas,
2581 2535 2650 2594 et

1094 2633 1191 2701 sic
1240 2634 1389 2725 ipsa
1455 2643 1557 2703 est
1631 2635 2184 2726 simplicissima:
2231 2659 2394 2728 ergo
2464 2634 2644 2703 Deus

1094 2762 1235 2806 non
1267 2749 1372 2808 est
1403 2743 1622 2831 magis
1675 2765 1855 2810 unus
1903 2764 2110 2833 quam
2154 2744 2401 2810 unitas.

1183 2851 1247 2916 2.
1285 2847 1487 2932 Item,
1524 2848 1599 2916 Si
1646 2873 1787 2919 non
1827 2861 2005 2920 esset
2035 2853 2255 2920 unitas
2275 2850 2645 2941 simplicis-

1091 2957 1296 3040 sima,
1329 2968 1493 3027 tunc
1532 2968 1708 3028 esset
1738 2961 2117 3029 secundum
2155 2969 2470 3029 naturam
2511 2959 2644 3027 ali-

1091 3067 1253 3157 quid
1287 3076 1445 3136 ante
1477 3068 1805 3137 unitatem
1841 3092 1859 3138 z
1903 3079 1970 3138 et
2007 3069 2138 3139 hoc
2173 3069 2419 3137 falsum
2476 3078 2578 3137 est
2619 3091 2635 3137 ε

1093 3197 1256 3265 ergo
1291 3174 1437 3265 ipsa
1474 3184 1578 3245 est
1607 3177 1907 3269 primum
1950 3200 1967 3246 ε
2012 3202 2173 3270 ergo
2209 3177 2392 3246 Deus
2432 3178 2638 3247 etiam

1091 3306 1232 3352 non
1299 3295 1525 3375 potest
1576 3285 1890 3378 intelligi.
1952 3297 2027 3356 ut
2073 3288 2370 3370 videtur,
2422 3290 2643 3378 magis

1090 3415 1238 3461 esse
1269 3416 1449 3462 unus
1480 3417 1687 3485 quam
1728 3397 1874 3488 ipsa
1914 3397 2164 3465 unitas.

1182 3499 1317 3569 San
1365 3526 1623 3571 coxraa
1656 3526 1672 3570 :

1186 3611 1246 3680 l.
1281 3608 1359 3678 ln
1401 3612 1589 3680 omni
1622 3636 1704 3682 eo
1737 3612 1920 3705 quod
1959 3621 2061 3682 est
2101 3615 2267 3681 citra
2315 3614 2639 3705 primum,

1091 3725 1191 3784 est
1230 3715 1363 3786 hoc
1382 3727 1450 3787 et
1489 3718 1643 3798 hoc,
1685 3729 1761 3788 ut
1821 3720 1984 3789 dicit
2051 3719 2329 3788 Boetius
2364 3743 2380 3788 ε
2415 3722 2642 3790 unitas

1090 3832 1192 3892 est
1231 3824 1399 3893 citra
1421 3827 1719 3917 primum
1763 3849 1780 3895 z
1814 3850 1978 3919 ergo
2008 3836 2112 3896 est
2139 3826 2269 3897 hoc
2295 3837 2360 3897 et
2392 3826 2547 3897 hoc.

1179 3936 1246 4000 2.
1284 3931 1484 4009 item,
1523 3931 1985 4024 Philosophus
2061 3936 2129 4002 in
2195 3932 2369 4002 libro
2409 3936 2641 4004 Fontis

1089 4041 1284 4111 vilae:
1329 4040 1639 4109 Primum
1694 4042 1879 4134 quod
1927 4043 2164 4133 recipit
2188 4066 2229 4110 a
2258 4046 2506 4133 primo,
2538 4052 2638 4113 est

1087 4148 1478 4238 recipiendo
1506 4150 1642 4217 duo
1678 4173 1693 4217 z
1730 4152 1893 4241 quia
1958 4150 2287 4241 recipiens
2344 4159 2413 4220 et
2453 4174 2641 4220 rece-

1083 4263 1277 4345 ptum
1313 4279 1330 4324 :
1366 4279 1535 4347 ergo
1592 4281 1750 4325 cum
1799 4259 2028 4326 unitas
2090 4266 2314 4327 creata
2362 4258 2641 4349 recipiat

1081 4387 1228 4431 esse
1260 4388 1464 4432 suum
1495 4388 1535 4432 a
1573 4368 1823 4456 primo,
1856 4366 2003 4457 ipsa
2042 4367 2167 4435 erit
2197 4366 2360 4446 duo,
2403 4376 2468 4436 et
2499 4391 2635 4437 non

1081 4493 1327 4539 unum.

1167 4581 1233 4649 3.
1295 4578 1494 4663 item,
1538 4580 1789 4651 Omnia
1852 4592 2165 4651 creantur
2202 4585 2271 4652 in
2319 4606 2629 4661 numero,

1077 4688 1378 4777 pondere
1417 4698 1484 4756 et
1516 4712 1836 4759 mensura
1878 4714 2093 4783 :ergo
2141 4700 2208 4760 et
2254 4693 2479 4761 unitas
2534 4700 2635 4759 est

1078 4795 1147 4861 in
1192 4818 1484 4865 numero
1535 4797 1833 4888 quodam
1884 4797 2331 4867 essentialiter
2373 4800 2635 4867 consti-

1076 4908 1316 4969 tuente
1349 4904 1596 4993 ipsam.

1164 5008 1302 5077 Sed
1341 5009 1454 5080 hic
1483 5012 1727 5080 iterum
1757 5012 2031 5082 videtur
2057 5035 2203 5081 esse
2242 5034 2626 5104 repugnan-

1075 5121 1171 5187 tia
1211 5119 1705 5203 intellectuum,
1726 5120 1914 5213 quod
1950 5122 2173 5190 unitas
2193 5123 2282 5189 sit
2311 5120 2623 5203 indivisa,

1074 5235 1141 5296 et
1178 5226 1365 5319 quod
1395 5228 1485 5295 sit
1515 5250 1843 5297 numerus
1873 5227 1982 5297 vel
2033 5228 2168 5296 duo
2197 5227 2306 5296 vel
2334 5227 2485 5295 tria.

816 2149 999 2203 Quatt-

730 3674 826 3720 ud
843 3680 1034 3723 eontra.

769 5444 960 5495 solutio

811 5500 891 5545 M
920 5477 980 5547 Ιὁ·
1168 5439 1483 5510 ὃοωτιο.
1523 5442 1905 5513 Dicendum
1935 5441 2022 5509 ad
2066 5442 2394 5532 primum,
2440 5438 2626 5531 quod

1077 5569 1404 5616 numerus
1436 5571 1574 5618 non
1605 5547 1852 5617 dicitur
1881 5547 2192 5627 univoce,
2243 5568 2367 5614 nec
2417 5544 2620 5613 etiam

1076 5657 1302 5725 unitas
1342 5656 1425 5724 de
1456 5655 1772 5724 Creatore
1802 5663 1868 5723 et
1897 5661 2226 5733 creatura,
2260 5654 2431 5720 sicut
2461 5672 2625 5741 pro-

1327 5810 1439 5849 XXV

4205 304 4331 371 609

2793 477 2958 544 bant
2994 479 3230 568 primae
3271 479 3567 545 rationes
3603 498 3617 540 :
3662 473 3778 541 sed
3828 473 4072 540 dicitur
4121 476 4338 564 aequi-

2789 608 2981 670 voce,
3016 610 3156 654 non
3206 586 3481 676 quidem
3524 586 3872 674 aequivoce
3928 606 4048 672 per
4102 607 4334 651 casum

2792 701 2857 760 et
2894 689 3264 771 fortunam,
3300 702 3375 760 ut
3431 694 3639 774 caniS,
3683 699 3747 758 et
3785 691 4039 773 asinuS,
4083 714 4226 770 vas,
4271 701 4333 758 et

2789 801 3042 869 animal
3079 823 3093 868 :
3130 801 3248 868 sed
3297 800 3835 890 aequivocatione
3884 796 4213 887 analogiae
4250 798 4336 865 ad

2787 929 3002 974 unum
3070 915 3136 974 et
3182 929 3322 973 non
3389 904 3760 972 secundum
3830 903 4012 994 quod
4068 926 4187 971 ens
4234 912 4337 971 est

2787 1012 3156 1103 analogum
3212 1013 3298 1081 ad
3352 1012 3799 1080 substantiam
3858 1018 3925 1077 et
3988 1010 4319 1093 accidenS,

2783 1120 2892 1188 vel
2922 1145 3165 1189 sanum
3198 1122 3283 1188 ad
3324 1119 3575 1188 animal
3617 1127 3683 1186 et
3721 1120 4015 1197 urinam,
4058 1116 4327 1185 velme-

2785 1228 3010 1296 dicum
3074 1230 3159 1296 ad
3218 1228 3544 1297 artificem
3612 1235 3677 1294 et
3742 1225 4100 1317 clysterem
4147 1249 4160 1293 :
4216 1227 4333 1294 sed

2782 1335 3159 1403 secundum
3210 1334 3596 1425 analogiam
3649 1334 3906 1401 causati
3972 1341 4037 1399 et
4094 1355 4332 1400 exem-

2778 1444 2941 1534 plati
2976 1445 3062 1512 ad
3101 1468 3382 1514 causam
3425 1453 3490 1513 et
3527 1441 3878 1532 exemplar
3906 1450 3982 1508 ut
4010 1442 4198 1532 prius
4230 1449 4332 1508 est

2777 1554 3330 1623 determinatum.

2862 1664 2966 1730 An
3018 1687 3082 1731 ιι)
3139 1671 3371 1732 autem
3433 1662 3612 1753 quod
3680 1670 3917 1728 contra
3974 1657 4316 1749 objicitur,
4354 1693 4674 1754 Adobjoem.

2772 1757 3135 1839 dicendum
3166 1772 3353 1863 quod
3391 1772 3446 1838 si
3513 1769 3804 1838 velimus
3869 1768 4008 1834 vim
4074 1766 4315 1847 facere,

2770 1902 2911 1947 non
2950 1890 3051 1948 est
3126 1880 3547 1972 comparatio
3616 1879 3791 1946 inter
3830 1876 4218 1945 Creatorem
4251 1884 4316 1944 et

2766 1996 3145 2056 creaturam
3180 2008 3196 2056 :
3230 1988 3391 2079 quia
3420 1984 3788 2055 secundum
3848 1985 4307 2075 comparatio-

2763 2095 2869 2162 nis
2925 2104 3267 2177 naturam‚
3312 2117 3465 2186 quae
3540 2100 4021 2184 comparantur
4067 2114 4306 2160 secun-

2761 2202 2924 2270 dum
2957 2205 3176 2295 magis
3206 2212 3274 2272 et
3301 2202 3550 2281 ιιιίιιιιε,
3586 2199 4041 2291 susceptibilia
4086 2221 4311 2290 aequa-

2760 2308 2970 2377 litatis
3000 2318 3198 2379 sunt:
3236 2318 3302 2378 et
3342 2308 3492 2378 ideo
3525 2306 3804 2376 abusiva
3871 2315 3971 2375 est
4036 2328 4307 2395 compa-

2761 2417 2952 2501 ratio,
3005 2415 3280 2509 quando
3339 2417 3627 2485 dicimus
3697 2413 3879 2482 Deus
3926 2422 4030 2482 est
4083 2413 4302 2504 magis

2755 2547 2931 2592 unus
2989 2547 3197 2616 quam
3264 2534 3592 2603 creatura,
3645 2534 3709 2592 et
3759 2532 4019 2591 tantum
4053 2522 4234 2590 valet
4282 2545 4297 2589 :

2752 2630 2935 2698 Deus
2997 2641 3101 2700 εει
3158 2633 3377 2722 magis
3453 2654 3656 2712 unus,
3711 2639 4040 2721 quantum
4121 2629 4301 2696 Deus

2751 2747 2853 2806 est
2889 2740 3111 2829 primo
3142 2749 3209 2807 et
3234 2761 3357 2830 per
3392 2762 3462 2806 se
3502 2747 3573 2804 ut
3631 2760 3831 2805 causa
3862 2747 3928 2806 et
3956 2734 4302 2826 exemplar

2747 2867 2962 2912 unum
3000 2867 3016 2914 ε
3051 2855 3121 2916 ει
3154 2855 3462 2915 creatura
3494 2846 3718 2913 minus
3746 2868 3907 2922 una,
3952 2845 4016 2912 id
4054 2852 4178 2925 est,
4213 2842 4297 2910 ab

2749 2950 2867 3020 illo
2913 2962 2983 3021 et
3035 2952 3121 3021 ad
3163 2953 3357 3021 illum
3397 2952 3775 3044 exemplata
3815 2962 3878 3019 et
3923 2951 4154 3030 relata,
4197 2958 4299 3017 εει

2750 3082 2987 3128 unum.
3023 3060 3201 3129 Sunt
3229 3069 3461 3130 tamen
3501 3062 3614 3152 qui
3646 3061 3904 3138 dicunt,
3946 3060 4296 3150 aequivoca

2752 3166 3040 3261 analoga
3072 3192 3219 3239 esse
3250 3168 3732 3261 comparabilia
3772 3192 3787 3236 ε
3842 3165 3957 3235 sed
3999 3164 4127 3236 hoc
4158 3189 4293 3234 non

2748 3286 2979 3366 posset
3033 3278 3379 3358 sustineri,
3457 3279 3512 3344 si
3555 3278 3669 3368 qui
3710 3285 3942 3343 contra
3983 3274 4293 3365 disputa-

2750 3393 2900 3452 rent
2934 3407 2950 3451 :
2986 3386 3146 3475 quia
3175 3384 3494 3475 analogia
3539 3385 3604 3452 in
3645 3392 3952 3451 creatura
3996 3391 4058 3450 et
4088 3381 4297 3451 Crea-

2750 3497 2895 3559 tore
2961 3515 3099 3560 non
3138 3498 3240 3559 est
3314 3490 3684 3560 secundum
3735 3489 4117 3580 analogiam
4175 3489 4298 3557 de-

2747 3599 3184 3668 terminatam
3218 3601 3286 3667 in
3326 3601 3673 3674 creaturis.
3709 3620 3860 3690 quae
3900 3599 4201 3688 tangitur
4255 3620 4295 3665 a

2750 3706 3175 3798 l‘liilosoplto
3237 3710 3308 3776 in
3363 3705 3456 3774 ΙΙΙ
3507 3709 3757 3799 prae‘mae
3804 3705 4290 3798 pleilosoplu'ae.

2836 3817 2941 3883 Λι)
2971 3838 3170 3883 aum
3199 3815 3586 3892 dicendum,
3630 3814 3809 3906 quod
3845 3837 3979 3881 non
4026 3812 4294 3903 simpli·
4326 3843 4645 3903 Μώμῳ,

2746 3921 2913 3988 citer
2975 3921 3452 3988 connumerari
3522 3928 3740 4009 potest
3805 3920 4085 3986 Creator
4111 3941 4294 3985 crea-

2747 4035 2912 4094 turae
2950 4049 2966 4090 ι
3001 4028 3160 4116 quia
3193 4049 3328 4094 non
3374 4035 3951 4093 connumerantur
4018 4025 4102 4092 ad
4133 4047 4293 4091 con-

2745 4133 3157 4202 stituendam
3245 4132 3542 4224 aliquam
3637 4135 3928 4224 speciem
3998 4133 4287 4209 numeri,

2743 4240 2871 4307 nisi
2914 4242 3211 4309 unitates
3272 4242 3576 4308 univoca·
3616 4265 3629 4307 ε
3672 4250 3735 4307 ει
3799 4240 3947 4307 ideo
4005 4240 4287 4305 abusiva

2744 4356 2843 4415 est
2926 4350 3375 4440 comparatio,
3462 4373 3614 4415 cum
3673 4349 3938 4424 dicitur,
3998 4348 4175 4413 lleus
4224 4357 4287 4415 et

2744 4454 2915 4547 lapis
2982 4466 3141 4524 sunt
3217 4457 3353 4524 duo
3416 4480 3430 4524 ε
3493 4466 3554 4523 et
3614 4455 3971 4523 resolvitur
4010 4457 4077 4522 in
4139 4453 4289 4538 lias,

2743 4563 2926 4632 Deus
2947 4573 3051 4632 est
3088 4587 3290 4642 unus,
3326 4574 3392 4633 et
3423 4565 3508 4631 ab
3549 4566 3694 4655 ipso
3735 4574 3832 4632 εει
3883 4563 4049 4655 lapis
4084 4585 4285 4639 unus,

2740 4673 2857 4762 qui
2898 4695 3036 4739 non
3085 4682 3191 4741 est
3246 4673 3438 4764 ipsc:
3483 4681 3545 4739 et
3618 4696 3735 4762 per
3777 4670 3903 4739 hoc
3944 4679 4126 4760 patet
4172 4693 4291 4736 so-

2738 4777 2909 4846 lutio
2950 4780 3033 4847 ad
3074 4782 3449 4871 sequentia.
3498 4778 3617 4846 vel
3669 4779 3951 4857 dicatur,
4009 4787 4083 4846 ut
4131 4779 4290 4870 qui-

2738 4885 2895 4955 dam
2925 4888 3184 4965 dicunt,
3219 4890 3404 4980 quod
3435 4911 3758 4957 numerus
3779 4888 4107 4980 accipitur
4154 4887 4285 4955 lar-

2735 5018 2818 5085 ge
2867 4997 3242 5065 secundum
3292 4996 3479 5087 vulgi
3511 4994 4119 5064 considerationem
4159 5017 4282 5086 pro

2735 5107 3224 5198 aggregatione
3280 5106 3733 5174 constituente
3790 5128 4001 5172 unum
4035 5129 4283 5172 nunic-

2734 5237 2885 5282 rum
2931 5236 2946 5282 ε
2993 5222 3060 5281 ει
3096 5214 3194 5281 sic
3250 5212 3434 5282 Deus
3507 5222 3726 5304 potest
3774 5215 4275 5293 connumerari,

2730 5322 2848 5391 sed
2878 5345 3016 5391 non
3064 5322 3360 5412 proprie.

2817 5539 2923 5606 An
2969 5562 3033 5607 ιι)
3073 5539 3256 5629 quod
3305 5526 3584 5607 ulterius
3650 5542 3998 5631 quaeritur,
4038 5539 4273 5609 dicen·
4332 5560 4403 5608 aa
4428 5568 4601 5621 quo-i.

2728 5647 2893 5714 dum
2935 5647 3120 5738 quod
3152 5647 3335 5716 Deus
3374 5656 3473 5717 est
3530 5652 3747 5741 magis
3784 5672 3958 5717 unus
4009 5652 4267 5718 unitate

3942 5788 4009 5840 3⁰
