4897 6388
174 1760 190 1793 ’.
216 1766 225 1775 ·
250 1766 285 1803 Q
379 1744 572 1799 solutio.

680 379 763 443 76
928 426 987 481 ,3‘
1079 470 1090 483 ἢ

775 534 956 610 Ξυιξτ
991 567 1127 614 ALu
1160 547 1279 636 qui
1311 544 1571 623 dicunt,
1608 543 1791 635 quod
1848 545 2078 632 imago
2110 515 2277 610 stat·

679 649 773 717 ibi
815 674 936 741 pro
985 651 1186 732 Filio,
1248 661 1317 720 et
1365 651 1741 720 similitudo
1800 672 1921 739 pro
1982 648 2239 738 Spiritu

678 769 940 828 sanct0.
989 760 1125 829 Sed
1172 770 1338 827 tunc
1392 759 1663 824 videtur
1721 756 1922 823 Pater
1998 755 2238 823 debere

678 866 901 936 dicere
931 866 1064 935 hoc
1108 866 1426 943 verbum,
1474 872 1540 931 et
1599 887 1739 932 non
1786 863 2239 931 communiter

668 981 818 1042 ‘tota
881 974 1200 1041 Trinitas.
1264 972 1466 1058 Item,
1512 972 1787 1041 deberet
1825 972 2044 1040 dicere
2102 971 2239 1039 Pa-

673 1090 801 1163 ter,
863 1082 948 1150 ad
996 1082 1375 1174 imaginem
1425 1104 1678 1162 meam,
1736 1091 1802 1149 et
1845 1081 2238 1149 similitudi-

672 1213 830 1257 nem
884 1201 1243 1261 nostram:
1300 1202 1369 1260 et
1414 1215 1556 1259 non
1631 1193 2084 1259 communiter
2130 1189 2236 1256 di-

670 1320 821 1369 cere
879 1300 965 1367 ad
1036 1300 1290 1368 Filium
1356 1309 1425 1369 et
1500 1299 1830 1390 Spiritum
1896 1305 2230 1381 sanctum,

668 1418 746 1478 ut
774 1417 1125 1500 exponunt
1159 1408 1422 1489 Sancti,
1465 1408 1583 1477 sed
1624 1409 1710 1476 ad
1766 1408 2015 1475 Filium
2078 1416 2235 1473 tan-

672 1528 842 1587 tum.

767 1732 1077 1802 Somno.
1121 1733 1231 1801 Ad
1261 1735 1390 1802 ista
1418 1732 1569 1801 dico
1625 1733 1773 1799 sine
1812 1730 2227 1821 praejudicio,

675 1843 860 1935 quod
930 1845 1160 1934 imago
1228 1852 1296 1911 et
1350 1841 1727 1910 similitudo
1793 1839 1902 1908 hic
2002 1839 2231 1906 dicunt

669 1953 1033 2019 essentiam
1067 1949 1374 2018 divinam
1416 1951 1487 2016 in
1527 1959 1737 2030 rect0‚
1781 1957 1849 2016 et
1896 1956 2030 2016 tres
2077 1969 2227 2038 per-

665 2078 872 2124 sonas
911 2058 981 2124 in
1011 2054 1322 2147 obliquo.
1370 2055 1564 2124 Unde
1599 2057 1828 2145 imago
1856 2061 1956 2122 est
1991 2076 2227 2122 essen-

662 2164 757 2231 tia
785 2186 925 2231 una
963 2165 1033 2231 in
1081 2163 1301 2231 tribus
1332 2153 1673 2254 'personis
1729 2183 1800 2230 se
1855 2161 1925 2228 in
1988 2160 2224 2229 eadem

661 2276 956 2343 essentia
1008 2273 1491 2344 imitantibus:
1538 2281 1606 2341 et
1684 2271 2057 2341 similitudo
2124 2279 2223 2339 est

658 2385 956 2453 essentia
984 2407 1122 2453 una
1173 2406 1298 2475 per
1350 2383 1636 2452 modum
1687 2380 2030 2474 qualitatis
2070 2403 2222 2472 quae

658 2490 1031 2560 secundum
1074 2491 1610 2570 Damascenum,
1654 2490 2036 2581 assequitur
2065 2487 2223 2556 sub·

656 2600 978 2668 stantiam
1014 2599 1236 2669 :sicut
1264 2599 1563 2683 bonitas,
1595 2598 1953 2690 sapientia,
1996 2605 2063 2665 et
2093 2594 2217 2663 hu·

646 2706 953 2797 jusmodi
993 2707 1066 2775 in
1096 2708 1317 2776 tribus
1344 2707 1657 2798 personis
1685 2705 1816 2773 sibi
1881 2704 2217 2773 similibus

654 2817 724 2883 in
765 2815 1093 2896 bonitate,
1137 2822 1206 2883 et
1259 2815 1618 2905 sapientia,
1688 2821 1755 2880 et
1809 2812 2083 2890 virtute,
2152 2819 2215 2879 et

655 2921 1051 3011 hujusmodi
1087 2945 1104 2991 :
1137 2922 1321 2991 unde
1353 2931 1420 2990 et
1451 2923 1683 3012 imago
1717 2927 1784 2988 et
1839 2917 2212 2987 similitudo

655 3038 814 3098 sunt
836 3031 1118 3100 relativa
1147 3030 1455 3122 obliqua,
1500 3039 1568 3098 et
1596 3018 1980 3097 intrinsece.
2017 3027 2216 3097 Obli-

655 3160 796 3230 qua
836 3137 986 3209 dieo
1022 3160 1038 3207 :
1073 3139 1235 3232 quia
1266 3161 1346 3209 ea
1387 3160 1542 3230 quae
1583 3136 1963 3206 referuntur
2002 3135 2084 3204 ad
2113 3159 2209 3217 se,

656 3245 1115 3336 importantur
1153 3248 1225 3314 in
1255 3243 1567 3337 obliquo.
1612 3245 1980 3312 luit-insece
2008 3243 2156 3311 dico
2191 3264 2207 3310 :

656 3354 817 3444 quia
862 3351 1116 3423 habent
1172 3354 1247 3422 in
1289 3376 1362 3422 se
1404 3351 1832 3432 relationem,
1879 3360 1947 3420 et
2008 3353 2213 3420 etiam

655 3460 725 3528 id
763 3460 851 3530 ad
880 3460 1064 3552 quod
1094 3460 1381 3530 refertur
1422 3483 1439 3529 :
1485 3463 1578 3531 ita
1605 3459 1792 3553 quod
1829 3482 1968 3528 non
2025 3481 2214 3550 quae-

657 3577 817 3637 runt
846 3567 1282 3639 determinari
1314 3576 1506 3637 extra
1548 3591 1564 3637 :
1599 3570 1774 3637 sicut
1803 3567 2071 3648 dicitur,
2114 3566 2215 3633 ls-

655 3674 708 3742 ti
745 3685 906 3744 sunt
943 3675 1225 3753 similes,
1270 3673 1406 3744 hoc
1450 3684 1579 3760 est,
1638 3676 1765 3743 iste
1820 3683 1921 3743 est
1974 3672 2214 3742 similis

653 3780 778 3861 illi,
813 3792 881 3851 et
919 3783 1045 3852 iste
1074 3792 1177 3852 est
1205 3782 1451 3851 similis
1496 3783 1631 3851 isti.

745 3892 849 3958 An
889 3913 1021 3959 noc
1046 3912 1211 3983 ergo
1257 3888 1443 3983 quod
1488 3890 1714 3981 primo
1743 3888 2207 3978 objiciebatur,

655 4000 1019 4070 dicendum
1050 3999 1236 4091 quod
1267 3999 1503 4068 dicunt
1530 3999 1892 4068 essentiam
1942 3999 2011 4067 in
2069 4021 2213 4089 per-

652 4109 840 4178 sonis
878 4130 950 4176 se
991 4108 1063 4176 in
1120 4130 1201 4177 ea
1244 4107 1728 4176 imitantibus:
1787 4107 1959 4174 sicut
2026 4108 2209 4174 enim

653 4215 966 4285 habitum
1005 4224 1132 4293 est,
1187 4215 1425 4285 dieunt
1471 4217 1841 4294 imitanteS,
1901 4224 1967 4282 et
2030 4214 2097 4282 id
2142 4216 2209 4281 in

655 4348 793 4416 quo
826 4325 1183 4392 imitantur
1220 4345 1320 4392 se.
1365 4321 1505 4391 Nec
1532 4322 1715 4391 valet
1746 4323 1927 4413 quod
1985 4329 2211 4412 posset

653 4431 745 4500 ibi
786 4432 970 4510 dicit,
1015 4431 1376 4501 Faciamus
1427 4429 1781 4499 hominem
1828 4428 1913 4497 ad
1977 4431 2213 4520 imagi-

654 4565 841 4620 nem,
878 4541 945 4610 id
974 4548 1101 4625 est,
1144 4539 1232 4609 ad
1262 4539 1629 4609 essentiam
1681 4539 1749 4607 in
1807 4538 2020 4607 tribus
2068 4561 2213 4629 per·

655 4650 844 4718 sonis
885 4672 903 4718 :
949 4649 1111 4741 quia
1139 4647 1297 4717 licet
1329 4646 1624 4716 essentia
1653 4647 1722 4713 in
1787 4645 2004 4713 tribus
2067 4668 2214 4736 per·

656 4756 844 4823 sonis
871 4755 959 4822 sit
988 4752 1170 4823 idem
1210 4754 1523 4845 imagini,
1584 4761 1813 4821 tamen
1879 4752 2051 4820 alius
2115 4759 2214 4818 est

659 4861 902 4931 modus
939 4860 1369 4953 significandi
1424 4862 1492 4928 in
1531 4861 1859 4929 nomine:
1922 4868 1988 4927 et
2062 4859 2211 4927 ideo

658 4994 800 5039 non
858 4970 1163 5061 procedit
1239 4971 1795 5062 argumentatio:
1847 4977 1912 5037 et
1966 4975 2059 5036 est
2121 4968 2211 5036 ibi

661 5081 1026 5150 accidentis
1088 5088 1474 5172 peccatum,
1539 5078 1651 5148 vel
1709 5079 1913 5146 etiam
1969 5100 2214 5145 secun-

660 5188 825 5257 dum
892 5186 1235 5280 quosdam
1320 5187 1541 5279 figura
1641 5186 1953 5255 dictionis
2052 5207 2215 5274 pro-

657 5306 807 5389 pter
835 5305 1173 5366 mutatum
1205 5296 1489 5365 modum
1536 5293 1942 5387 praedicandi
1990 5293 2061 5359 in
2108 5294 2214 5361 di-

656 5404 860 5473 vinis.
892 5402 1084 5473 Alias
1120 5410 1353 5472 autem
1410 5403 1709 5471 rationes
1763 5423 1914 5492 quae
1978 5410 2208 5468 contra

660 5510 827 5580 alias
893 5511 1254 5603 opiniones
1334 5509 1714 5602 procedunt
1776 5507 2207 5576 concedimus

656 5619 802 5688 sine
830 5619 1251 5711 praejudicio.
1388 5612 1393 5615 ⁴

1687 376 1770 442 D.
1822 372 2290 496 ALB..MAG:
2341 371 2548 442 ORD.
2597 373 2894 442 PRAED.

2432 542 2759 610 Uvmmus
2799 546 3125 634 quaeritur
3162 544 3244 612 de
3312 544 3575 611 ratione
3605 543 3886 610 diversae

2342 650 2780 737 expositionis
2809 650 3173 739 Augustini
3230 660 3295 719 et
3340 645 3604 719 Hilarii.
3659 649 3743 718 Et
3792 651 3886 717 di-

2339 756 2650 836 cendum,
2682 756 2861 846 quod
2898 757 3196 824 Hilarius
3254 761 3322 825 in
3374 759 3506 827 hoc
3560 760 3881 844 termino,

2340 865 2733 953 imaqirzem,
2802 865 3184 933 considerat
3239 867 3399 949 duo,
3497 868 3751 936 scilicet
3817 868 3885 935 id

2340 970 2523 1058 quod
2577 971 2983 1061 importatur
3039 971 3108 1037 in
3165 980 3372 1050 rect0‚
3443 978 3509 1037 et
3574 973 3646 1039 id
3701 972 3887 1062 quod

2338 1075 2743 1166 importatur
2773 1078 2842 1144 in
2882 1076 3162 1168 obliquo
3201 1099 3216 1144 :
3286 1085 3352 1145 et
3386 1076 3561 1149 lideo
3604 1077 3763 1146 dicit
3816 1080 3884 1146 in

2336 1205 2419 1251 eo
2481 1208 2678 1275 posse
2754 1186 2967 1275 accipi
3023 1188 3349 1255 unitatem
3415 1187 3748 1265 essentiae,
3820 1195 3886 1255 et

2338 1292 2792 1383 pluralitatem
2831 1317 3328 1384 personarum:
3389 1304 3454 1364 et
3482 1295 3635 1365 ideo
3694 1297 3880 1386 dicit,

2336 1399 2571 1492 Imago
2601 1401 2746 1469 sola
2775 1424 2914 1470 non
2955 1411 3078 1481 est,
3105 1403 3171 1470 id
3202 1412 3323 1482 est,
3349 1427 3488 1471 non
3520 1412 3622 1472 est
3649 1406 3880 1488 uniuS,

2336 1510 2494 1600 quia
2532 1509 2756 1600 plures
2784 1533 2856 1578 se
2904 1511 3245 1579 imitantes
3302 1512 3370 1578 in
3418 1535 3559 1580 uno
3622 1535 3884 1603 suppo-

2332 1619 2435 1684 nit
2466 1639 2481 1683 :
2527 1625 2592 1684 et
2620 1616 2931 1686 similiter
2957 1618 3337 1687 considerat
3375 1621 3446 1686 in
3482 1617 3616 1687 hoc
3644 1620 3885 1687 termi-

2331 1748 2442 1805 no,
2474 1728 2887 1811 similitudo,
2929 1738 3171 1820 praeter
3215 1729 3345 1798 hoc
3418 1729 3643 1798 solum
3701 1730 3882 1822 quod

2331 1836 2558 1927 imago
2579 1845 2679 1905 est
2717 1837 2787 1904 in
2843 1841 3156 1917 essentia,
3208 1838 3582 1906 similitudo
3650 1849 3876 1909 autem

2331 1942 2398 2007 in
2436 1940 2543 2009 his
2618 1965 2770 2033 quae-
2836 1944 3209 2012 secundum
3274 1945 3556 2013 modum
3621 1946 3879 2037 signiti-

2328 2048 2523 2117 candi
2562 2051 2632 2117 in
2680 2051 2960 2121 nomine
3005 2052 3378 2142 important
3447 2053 3869 2144 qualitatem.

2325 2157 2748 2248 Augustinus
2793 2167 3022 2228 autem
3081 2169 3345 2228 tantum
3403 2159 3512 2228 his
3565 2159 3874 2229 terminis

2327 2264 2701 2333 considerat
2759 2265 2827 2333 id
2873 2265 3057 2357 quod
3097 2267 3503 2357 importatur
3546 2267 3619 2335 in
3658 2275 3867 2336 recto.

2416 2378 2741 2450 Similiter
2806 2381 2932 2451 hos
2971 2382 3143 2452 duos
3187 2386 3570 2454 terminos:
3625 2387 3872 2454 Facia-

2324 2511 2498 2567 mus,
2541 2496 2607 2557 et
2633 2501 2967 2570 nostram,
3037 2491 3491 2562 diversimode
3566 2492 3870 2562 conside·

2323 2606 2495 2663 rant.
2532 2596 2827 2667 Hilarius
2856 2599 3037 2667 enim
3070 2598 3408 2690 duplicem
3457 2600 3740 2669 modum
3770 2602 3868 2668 si-

2321 2706 2684 2796 gnificandi
2723 2709 3104 2778 considerat
3142 2710 3212 2777 in
3243 2710 3362 2792 eis,
3396 2709 3674 2789 scilicet,
3708 2733 3868 2780 con·

2320 2815 2677 2904 significati
2719 2815 2999 2905 pluralis
3038 2818 3328 2895 numeri,
3364 2826 3432 2885 et
3469 2819 3540 2885 in
3581 2815 3711 2886 hoc
3749 2840 3867 2886 ac-

2321 2921 2480 3012 cipit
2508 2920 2961 3012 pluralitatem
2989 2946 3435 3014 personarum
3473 2946 3488 2991 :
3526 2934 3593 2993 et
3621 2927 3863 2993 iterum

2321 3028 2598 3096 modum
2638 3030 3061 3121 significandi
3095 3055 3230 3122 quo
3287 3033 3708 3101 consortium
3769 3032 3869 3100 di-

2319 3144 2505 3214 cunt,
2539 3159 2714 3205 unus
2752 3160 2988 3206 eorum
3020 3137 3105 3207 ad
3135 3147 3359 3207 actum
3398 3161 3613 3207 unum
3647 3140 3715 3207 in
3744 3161 3869 3207 nu·

2320 3266 2533 3322 mero,
2567 3252 2632 3312 et
2662 3244 2831 3313 alter
2858 3243 2945 3313 ad
3001 3245 3289 3314 l'ormam
3347 3268 3556 3314 unam
3608 3247 3675 3314 in
3735 3269 3868 3314 nu-

2320 3373 2506 3419 mero
2541 3373 2557 3418 :
2592 3374 2747 3419 cum
2785 3353 2969 3421 enim
3000 3352 3266 3432 dicitur,
3307 3355 3680 3444 Ῑαεὶαηιιιε,
3747 3376 3864 3422 ac·

2318 3466 2427 3526 tus
2455 3480 2631 3526 unus
2669 3481 2955 3528 numero
2993 3459 3180 3528 verbi
3211 3460 3611 3551 intelligitur
3636 3460 3864 3552 egredi

2317 3587 2356 3632 a
2413 3564 2693 3634 diversis
2759 3569 3122 3658 suppositis
3178 3569 3487 3658 personis
3520 3590 3536 3635 :
3609 3577 3676 3636 et
3733 3567 3864 3636 boc

2317 3697 2454 3741 non
2500 3682 2722 3765 potest
2777 3698 2924 3743 esse
2984 3675 3108 3742 nisi
3161 3674 3291 3744 illae
3330 3677 3465 3744 sint
3517 3700 3730 3744 unum
3791 3679 3859 3746 in

2317 3783 2603 3850 essentia
2657 3789 2923 3873 agente.
2984 3781 3313 3851 Similiter
3364 3806 3523 3852 cum
3590 3783 3855 3866 dicitur,

2316 3896 2646 3969 nostram,
2681 3895 2952 3955 notatur
2991 3888 3288 3979 plurium
3344 3911 3491 3958 esse
3562 3912 3698 3958 una
3741 3912 3865 3958 nu·

2317 4016 2507 4062 mero
2540 3995 2709 4061 ratio
2740 3995 3057 4084 imaginis
3086 4004 3150 4062 et
3182 4004 3424 4063 natura
3458 4013 3475 4065 :
3510 4005 3576 4064 et
3605 3996 3735 4066 hoc
3758 4006 3861 4066 est

2317 4099 2499 4191 quod
2529 4100 2710 4178 dicit,
2738 4100 2919 4193 quod
2942 4102 3269 4192 professio
3298 4104 3620 4171 consortii
3645 4126 3764 4194 per
3791 4104 3861 4196 ly

2316 4219 2643 4289 nostram,
2677 4218 2742 4276 et
2769 4208 3140 4296 faciamus,
3172 4204 3444 4277 siistulit
3472 4209 3862 4301 intelligen-

2319 4318 2479 4386 tiam
2525 4316 2928 4409 singularis:
2986 4325 3049 4385 et
3088 4319 3185 4385 sic
3214 4320 3404 4409 ponit
3435 4319 3664 4410 plures
3704 4344 3862 4411 per-

2319 4452 2543 4496 sonas.
2588 4429 2759 4495 Cum
2789 4436 3017 4495 autem
3052 4427 3336 4496 dicitur:
3371 4428 3660 4521 «Neque
3681 4433 3863 4521 quis·

2319 4557 2525 4626 quam
2546 4535 2767 4603 alieno
2788 4556 2828 4603 a
2846 4557 2918 4602 se
2940 4533 3123 4618 dicit,
3150 4545 3525 4620 nostram,»
3559 4545 3624 4603 et
3641 4538 3865 4625 sacia-

2320 4669 2494 4725 muS,
2537 4644 2668 4715 hoc
2697 4652 2799 4714 est
2826 4645 2984 4737 quia
3023 4647 3116 4713 sic
3147 4667 3284 4714 non
3324 4646 3453 4713 nisi
3487 4669 3606 4737 per
3647 4669 3859 4716 unum

2320 4752 2505 4844 quod
2559 4762 2660 4822 est
2716 4763 2957 4822 natura
3020 4753 3400 4821 referuntur
3477 4753 3561 4821 ad
3636 4764 3860 4824 actum

2320 4883 2534 4929 unum
2571 4884 2859 4929 numero
2898 4862 3015 4952 qui
3045 4862 3449 4951 importatur
3484 4885 3606 4952 per
3633 4863 3702 4954 ly
3743 4866 3862 4953 sa-

2322 4971 2606 5056 εἰαηιιιε,
2639 4980 2706 5038 et
2743 4992 2863 5062 per
2906 4992 3120 5037 unum
3151 4968 3334 5059 quod
3373 4978 3475 5038 est
3529 4971 3756 5064 imago
3795 4980 3862 5039 et

2322 5086 2563 5146 natura
2589 5078 2908 5146 dicuntur
2933 5075 3181 5147 habere
3210 5079 3627 5147 consortium
3677 5080 3861 5170 quod

2322 5187 2725 5277 importatur
2753 5209 2872 5277 per
2918 5186 2986 5276 ty
3048 5198 3376 5255 nostram.
3435 5189 3860 5278 Augustinus

2320 5304 2546 5364 autem
2577 5318 2713 5364 non
2744 5295 2986 5385 accipit
3016 5296 3083 5361 in
3114 5294 3217 5361 his
3254 5296 3562 5363 terminis
3618 5291 3742 5364 ni'si
3775 5301 3863 5367 si-

2319 5404 2712 5493 gnificatum
2766 5402 2991 5494 plane.
3069 5401 3543 5469 Diversitatem
3633 5415 3858 5473 autem

2315 5520 2514 5579 vocat
2575 5509 2876 5579 llilarius
2921 5510 3327 5578 divisionem
3392 5520 3651 5578 naturae
3708 5535 3857 5603 quoe

2314 5626 2412 5687 est
2450 5619 2520 5685 in
2560 5618 2843 5687 materia
2871 5639 2992 5708 per
3020 5617 3271 5685 formas
3325 5614 3800 5689 substantiales
3833 5642 3852 5689 :

2313 5727 2486 5795 sicut
2512 5724 2721 5794 homo
2760 5725 2845 5794 ab
2871 5723 3176 5806 homine,
3208 5731 3276 5793 et
3308 5723 3418 5794 leo
3471 5725 3556 5793 ab
3640 5725 3855 5795 homi·
