4897 6388
714 402 839 470 180
1706 400 1786 468 D.
1840 399 2037 467 ALB.
2089 396 2303 507 MAG.
2357 395 2563 464 om).
2617 382 2913 466 PRAED.

2451 571 2516 637 3.
2551 570 2749 652 Item,
2792 572 2870 638 ln
2926 572 3190 639 Littera
3260 567 3413 636 vult
3467 565 3652 657 quod
3717 565 3919 632 Pater
4011 567 4019 574 '

2361 678 2653 742 essentia
2716 679 2827 754 sit.
2897 687 2964 744 et
3037 677 3374 767 sapientia
3447 673 3717 764 sapiens
3801 672 3912 754 sit,

1927 797 1934 802 ·
2361 784 2551 871 quasi
2585 785 2878 850 essentia
2905 794 2971 851 et
3014 784 3350 874 sapientia
3412 778 3788 849 formaliter
3842 798 3913 844 se

1136 886 1636 954 An'rlcULth
1689 884 1802 951 lV.
2358 887 2655 956 habeant
2684 888 2769 957 ad
2803 889 3074 957 Patrem
3103 913 3119 957 ε
3156 912 3306 979 quae
3339 889 3755 956 porretanus
3809 885 3910 951 di-

2114 1023 2117 1026 ·
2357 1000 2481 1078 xit,
2525 998 2711 1090 quod
2749 999 3240 1091 reprehensum
3270 998 3423 1076 fuit,
3468 999 3627 1088 quia
3657 997 3752 1064 sic
3781 1016 3912 1062 no-

708 1104 817 1169 An
854 1101 922 1166 in
953 1100 1204 1166 divinis
1225 1108 1446 1190 potest
1477 1099 1635 1177 dici,
1680 1098 1865 1189 quod
1890 1101 2099 1166 Pater
2158 1098 2249 1163 sit
2358 1115 2539 1175 tatur
2574 1109 2644 1175 in
2664 1109 2811 1176 Deo
2852 1106 3287 1198 compositio,
3340 1095 3346 1100 '

1239 1230 1445 1276 causa
1478 1205 1723 1276 Filii?

2448 1321 2756 1391 Somno.
2798 1323 3180 1391 Dicendum
3223 1322 3308 1390 ad
3364 1323 3686 1412 primum,
3727 1316 3910 1408 quod
3938 1335 4231 1448 Αὲιῖἓίι

2355 1453 2494 1498 non
2551 1441 2653 1499 est
2741 1431 3140 1522 simpliciter
3223 1452 3453 1509 causa,
3523 1427 3642 1496 sed
3716 1448 3909 1518 quasi

793 1537 1053 1606 Deinde
1093 1540 1415 1627 quaeritur
1453 1536 1534 1604 de
1565 1537 1695 1604 hoc
1723 1537 1903 1626 quod
1959 1536 2121 1604 dicit
2170 1514 2244 1603 ‘in
2352 1562 2579 1607 causa.

703 1649 901 1714 tertia
957 1647 1257 1712 ratione:
1329 1674 1361 1707 «
1427 1645 1567 1714 Sed
1582 1715 1585 1718 ,
1625 1646 1932 1735 qiqnenti
1974 1646 2243 1735 qenitus
2438 1647 2544 1712 An
2580 1669 2778 1714 Auen
2817 1645 3206 1724 dicendum,
3243 1643 3427 1735 quod
3466 1664 3671 1710 causa
3716 1641 3909 1731 ponit
3938 1659 4251 1720 Λαοδίκῃ.

701 1775 912 1819 causa
950 1762 1067 1827 ese,
1114 1760 1240 1820 etc.
1284 1778 1315 1817 »
2352 1754 2418 1821 id
2495 1753 2678 1845 quod
2739 1755 2934 1844 quasi
2993 1776 3077 1821 ex
3132 1751 3536 1821 necessitate
3602 1749 3908 1839 sequitur

791 1856 1007 1926 Causa
1068 1859 1250 1927 enim
1329 1881 1464 1927 non
1524 1867 1624 1926 est
1660 1861 1728 1926 in
1759 1859 2045 1926 divinis:
2082 1859 2242 1927 dicit
2350 1861 2560 1944 aliud,
2603 1872 2670 1931 et
2706 1884 2863 1929 cum
2908 1861 3153 1930 effectu
3212 1861 3555 1950 praecipue
3606 1856 3903 1925 efficiens

701 1965 1428 2057 enimChrysostomus
1455 1990 1658 2057 super
1674 1967 2032 2046 Joannem,
2059 1966 2239 2057 quod
2348 1972 2542 2063 ponit
2577 1971 3039 2039 diversitatem
3101 1968 3502 2037 substantiae
3549 1974 3616 2035 et
3671 1987 3907 2034 essen-

700 2080 838 2141 non
868 2083 971 2141 est
1008 2075 1394 2154 dicendum,
1430 2075 1614 2166 quod
1649 2075 1846 2142 Pater
1886 2077 1973 2143 sit
2037 2098 2237 2144 causa
2347 2080 2500 2146 tiae:
2535 2081 2697 2170 quia
2726 2102 2866 2148 nou
2903 2086 3130 2170 potest
3168 2077 3350 2145 idem
3378 2098 3526 2144 esse
3556 2074 3898 2153 effectum,

705 2179 881 2249 Filii.
2246 2195 2251 2200 ’
2346 2195 2413 2253 et
2469 2186 2816 2255 efficiens:
2873 2185 2992 2255 sed
3043 2207 3186 2254 non
3251 2185 3350 2252 sic
3423 2183 3834 2273 principium
3879 2203 3895 2248 ε

791 2288 924 2359 San
951 2313 1242 2360 comm:
2344 2293 2506 2362 dicit
2542 2296 2724 2363 enini
2756 2294 2823 2362 id
2853 2294 3040 2386 quod
3070 2302 3172 2362 est
3210 2315 3307 2372 re,
3367 2299 3438 2360 et
3482 2298 3713 2357 tamen
3760 2288 3902 2356 ori·

793 2400 850 2463 1.
889 2397 965 2464 ln
1006 2398 1244 2467 (ilossa
1283 2422 1485 2490 super
1515 2400 1725 2490 Epist.
1771 2399 1854 2466 ad
1884 2398 2229 2483 Hebraeos,
2342 2402 2586 2491 ginans
2652 2403 2875 2493 ipsum
2955 2404 3022 2469 in
3081 2408 3418 2492 quantum
3480 2404 3635 2464 ante
3675 2397 3896 2487 ipsum

694 2503 853 2572 dicit
881 2504 1434 2596 ChrysostomuS,
1467 2506 1647 2598 quod
1680 2507 1876 2575 Pater
1904 2514 2004 2575 est
2031 2530 2229 2575 causa
2341 2509 2513 2577 nihil
2542 2518 2666 2592 est,
2701 2518 2767 2578 et
2804 2509 2935 2579 alia
2966 2519 3128 2578 sunt
3156 2532 3240 2578 ex
3280 2510 3458 2600 ipso·

684 2610 873 2681 Filii.
2428 2618 2533 2684 An
2587 2640 2785 2686 Auno
2822 2616 3215 2697 dicendum,
3278 2614 3467 2706 quod
3514 2636 3654 2682 non
3691 2620 3895 2681 nota·
3921 2632 3992 2679 Aa
4011 2634 4246 2693 obj-em.

779 2725 846 2790 2.
920 2722 1274 2805 l‘roeterea,
1361 2724 1583 2804 Quare
1671 2726 1984 2817 recipitur
2075 2728 2223 2808 ista,
2338 2737 2447 2796 tur
2486 2730 2554 2796 in
2602 2727 2853 2796 talibus
2882 2729 3014 2795 nisi
3059 2749 3270 2796 causa
3306 2724 3615 2794 formalis
3656 2724 3725 2793 in
3763 2746 3896 2793 no-

691 2830 895 2899 Pater
939 2840 1039 2900 est
1066 2832 1473 2922 principium
1517 2831 1691 2909 Filii,
1762 2842 1828 2899 et
1883 2856 2020 2902 non
2074 2834 2223 2917 ista,
2336 2838 2544 2913 mine,
2608 2844 2676 2905 et
2737 2859 2878 2905 non
2933 2838 3004 2903 in
3044 2859 3140 2904 re.
3179 2834 3599 2903 Porretanus
3663 2841 3892 2900 autem
4012 2886 4024 2896 .

692 2937 896 3008 Pater
924 2949 1016 3007 est
1052 2962 1253 3007 causa
1286 2938 1461 3006 Filii.
2334 2946 2561 3036 posuit
2603 2946 2671 3012 in
2702 2967 2776 3013 re
2820 2946 2990 3036 ipsa.

1469 3582 1559 3658 1).
1608 3583 1755 3658 Ile‘c.
1792 3583 2188 3661 adversari
2230 3584 2537 3661 videtur
2580 3584 3090 3683 Anquslirms.

787 4064 984 4141 lluic
1016 4074 1271 4139 autem
1313 4061 1617 4137 videtur
1645 4058 2108 4136 contrarium
2142 4059 2342 4159 quod
2377 4057 2860 4157 Augustinus
2899 4059 3000 4136 ait
3057 4058 3131 4135 in
3194 4061 3392 4137 libro
3424 4062 3518 4139 de
3556 4063 3754 4139 Fide
3791 4064 3898 4141 ad

687 4199 1006 4274 Petrum
1055 4223 1070 4275 ε
1111 4199 1319 4274 Deus
1348 4221 1523 4272 cum
1566 4195 1900 4270 Verbum
1935 4194 2227 4293 genuit,
2273 4193 2344 4268 id
2370 4194 2575 4293 quod
2608 4192 2772 4293 ipse
2804 4204 2918 4271 est
2946 4195 3216 4293 genuit
3252 4220 3269 4272 :
3309 4220 3455 4273 nec
3484 4197 3578 4273 de
3613 4197 3883 4295 nihilo,

690 4360 829 4411 nec
856 4336 949 4410 de
980 4335 1238 4434 aliqua
1273 4334 1421 4433 jain
1468 4335 1658 4409 [acta
1698 4332 2152 4430 conditaque
2198 4330 2542 4425 materia,
2587 4330 2719 4407 sed
2760 4330 2856 4407 de
2889 4330 3147 4430 seipso
3180 4331 3254 4406 id
3285 4333 3494 4431 quod
3538 4334 3700 4435 ipse
3740 4345 3882 4412 est.

689 4471 905 4564 Item,
950 4470 1158 4544 Deus
1192 4470 1417 4543 Pater
1456 4467 1586 4567 qui
1624 4468 2016 4544 verissime
2056 4491 2136 4542 se
2166 4466 2504 4541 indicare
2545 4464 2829 4541 animis
2888 4465 3319 4563 cognituris
3372 4477 3448 4543 et
3505 4469 3748 4545 voluit
3813 4480 3891 4546 et

688 4603 961 4703 potuit,
1010 4605 1150 4678 hoc
1182 4602 1275 4676 ml
1310 4602 1646 4701 seipsum
1693 4602 2182 4677 indicandum
2211 4599 2508 4699 genuit,
2551 4600 2756 4700 quod
2790 4610 2905 4677 est
2939 4599 3101 4699 ipse
3135 4599 3267 4700 qui
3298 4602 3568 4700 genuit
3611 4606 3656 4675 ¹.
3697 4605 3890 4681 Ecce

687 4750 946 4837 aperte
971 4737 1152 4812 dicit
1179 4737 1296 4813 his
1320 4737 1574 4813 verbis
1602 4736 1842 4813 Deum
1875 4739 2175 4813 Patrem
2206 4735 2568 4834 genuisse
2603 4736 2788 4812 illud
2817 4737 3021 4836 quod
3051 4736 3213 4837 ipse
3236 4748 3377 4812 est.
3411 4737 3604 4812 Illud
3634 4750 3890 4814 autem

686 4875 888 4974 (pu-ul
937 4875 1095 4973 ipse
1128 4886 1269 4963 est,
1315 4899 1467 4948 non
1513 4883 1624 4950 est
1669 4873 1809 4948 nisi
1853 4872 2115 4949 divina
2173 4870 2509 4950 essentia
2552 4898 2567 4948 :
2629 4872 2937 4949 videtur
2989 4897 3174 4971 ergo
3228 4872 3573 4948 divinam
3640 4898 3896 4951 essen·

684 5010 864 5085 tiam
908 5010 1297 5104 genuisse.
1345 5011 1454 5085 Ad
1499 5010 1700 5109 quod
1747 5009 2297 5109 respondemus
2335 5006 2465 5084 illa
2495 5009 2733 5085 verba
2782 5008 2892 5084 sic
2961 5005 3467 5107 intelligenda
3526 5033 3724 5106 esse,
3776 5010 3898 5085 di-

686 5156 1001 5221 eentes:
1050 5146 1279 5219 Pater
1317 5146 1410 5220 (le
1452 5146 1707 5246 seipso
1740 5146 2005 5243 genuit
2051 5145 2234 5220 illud
2290 5145 2494 5244 quod
2529 5145 2694 5245 ipse
2736 5155 2874 5233 est,
2909 5145 2982 5220 id
3043 5155 3186 5240 est,
3247 5145 3527 5221 Filium
3599 5146 3731 5246 qui
3782 5160 3895 5224 est

689 5279 876 5355 illud
911 5279 1113 5376 quod
1162 5280 1386 5355 Pater
1424 5290 1564 5355 est.
1601 5280 1794 5356 Nam
1829 5280 2033 5378 quod
2069 5279 2293 5355 Pater
2332 5280 2850 5378 est,etFilius
2902 5281 3050 5356 hoc
3111 5290 3281 5356 est:
3342 5281 3475 5356 sed
3532 5306 3692 5358 non
3741 5281 3893 5382 ‚qui

687 5415 917 5491 Pater
953 5423 1094 5507 est,
1130 5423 1205 5488 et
1233 5412 1476 5490 Filius
1509 5415 1632 5491 hio
1672 5426 1808 5491 est.

762 5775 775 5810 ¹
812 5773 866 5829 S.
901 5778 1275 5840 avarsus-cs,
1307 5770 1379 5827 de
1414 5768 1550 5828 Fide
1575 5770 1649 5828 ad
1672 5775 1911 5831 Petrum
1944 5778 1997 5830 et
2034 5767 2318 5846 symbolo,
2351 5790 2478 5846 cap.
2512 5776 2565 5831 3.
