4897 6388
352 4640 422 4688 Ad
449 4641 487 4691 Ι.

568 352 653 419 46

571 519 940 609 cipationes
977 504 1144 586 esse
1211 517 1649 608 praepositum
1717 512 1880 584 ests
1904 513 1969 571 et
2011 509 2122 569 “est

571 629 871 717 seipsum
909 627 1283 695 secundum
1316 646 1385 689 se
1426 643 1595 699 esse,
1658 638 1736 683 eo
1779 610 1960 703 quod
2016 616 2115 675 est

569 756 690 825 per
717 757 788 802 se
817 736 1018 801 vitam
1049 754 1220 812 esse,
1264 740 1333 796 et
1368 750 1448 794 eo
1509 722 1690 812 quod
1751 728 1852 787 est
1888 739 2008 808 per
2043 737 2114 782 se

571 843 973 933 sapientiam
1023 861 1193 920 esse,
1226 844 1304 901 -et
1362 855 1441 901 eo
1485 828 1668 920 quod
1715 835 1817 895 est
1869 848 1988 915 per
2043 846 2113 891 se

569 949 1084 1019 similitudinem
1115 943 1416 1012 divinam
1449 961 1595 1008 esse
1631 962 1645 1006 :
1681 946 1746 1004 et
1776 935 1908 1004 alia
1937 955 2115 1025 quae-

569 1078 861 1145 cumque
918 1052 1277 1120 existentia
1318 1057 1383 1116 et
1422 1043 1915 1137 participantia,
1960 1048 2113 1106 ante

570 1162 801 1229 omnia
838 1160 954 1227 illa
1003 1182 1148 1228 esse
1189 1157 1594 1248 participant
1631 1153 1672 1217 ¹.
1722 1176 1754 1215 1>
1790 1149 1975 1214 Idem
2015 1153 2118 1212 est

572 1270 896 1359 scriptum
963 1269 1035 1334 in
1116 1274 1358 1356 quarta
1415 1259 1877 1351 propositione
1960 1251 2113 1319 libri

574 1376 982 1458 Causarum,
1024 1373 1144 1439 ubi
1182 1371 1429 1437 dicitur
1489 1388 1505 1434 ε
1557 1394 1587 1426 «
1621 1363 1848 1430 Prima
1888 1381 2114 1427 rerum

570 1492 948 1551 creatarum
976 1487 1078 1548 est
1107 1500 1280 1555 esse,
1317 1485 1381 1543 et
1404 1497 1543 1542 non
1574 1481 1673 1540 est
1704 1478 1860 1538 ante
1889 1469 2113 1559 ipsum

572 1591 704 1659 alia
730 1597 1062 1659 creatura.
1098 1612 1131 1653 ι
1167 1586 1252 1653 Et
1282 1591 1774 1663 commentum,
1810 1576 2058 1644 ibidem
2094 1597 2109 1641 ε

573 1697 711 1766 Ens
752 1704 851 1764 est
903 1718 1026 1785 per
1074 1692 1511 1769 cre-ationem,
1571 1687 1829 1755 bonum
1887 1690 2113 1750 autem

576 2019 644 2087 id
690 2025 815 2100 est,
857 2017 1029 2095 Deo,
1074 2037 1214 2082 non
1259 2010 1721 2103 praesupponit
1768 2005 1894 2074 sibi
1935 2001 2119 2072 aliud

576 2124 646 2190 in
678 2145 813 2214 quo
857 2119 1179 2188 fundetur
1212 2142 1228 2186 ε
1266 2139 1385 2207 per
1414 2112 1963 2183 informationem
1994 2132 2121 2177 au-

575 2238 714 2298 tem
743 2228 813 2297 id
841 2227 1019 2318 quod
1049 2249 1189 2295 non
1220 2224 1435 2293 effluit
1465 2222 1591 2289 nisi
1620 2219 1969 2310 supposito
1987 2216 2119 2285 alio

576 2338 815 2428 inquo
856 2335 997 2403 fiat.
1041 2332 1248 2401 Addit
1309 2339 1375 2398 et
1429 2330 1688 2397 bonum
1745 2348 1950 2418 super
2004 2345 2123 2392 ens

580 2445 976 2514 relationem
1020 2442 1105 2510 ad
1147 2441 1355 2508 finem
1407 2464 1422 2508 z
1468 2448 1695 2506 tamen
1736 2432 1988 2525 duplex
2025 2439 2127 2501 est

580 2552 819 2620 relatio
852 2549 937 2618 ad
970 2550 1201 2628 finem,
1238 2547 1492 2614 scilicet
1529 2541 1903 2612 secundum
1941 2538 2125 2632 quod

581 2658 734 2727 sinis
771 2666 871 2727 est
908 2656 1240 2725 terminus
1281 2661 1507 2720 motus
1554 2644 1799 2719 causae'
1824 2645 2126 2716 efficien-

581 2766 693 2844 tis,
734 2763 844 2832 vel
875 2761 1251 2831 secundum
1294 2757 1476 2849 quod
1508 2757 1661 2824 {inis
1712 2762 1811 2823 est
1859 2775 1980 2844 per
2017 2752 2125 2819 iu-

584 2872 956 2940 tentionem
1009 2872 1077 2937 in
1130 2868 1463 2936 efficiente
1499 2872 1612 2933 :et
1659 2863 1879 2955 primo
1920 2859 2124 2928 modo

584 2980 898 3049 dicuntur
936 2979 1118 3047 bona
1159 2998 1309 3068 quae
1349 2982 1502 3043 sunt
1535 2994 1574 3040 a
1602 2971 1785 3039 bono
1821 2991 1837 3039 ε
1880 2989 2127 3037 secun-

584 3087 672 3155 do
710 3086 916 3154 modo
956 3107 1106 3176 quae
1154 3090 1313 3150 sunt
1361 3081 1444 3149 ad
1493 3079 1748 3146 bonum
1799 3074 1984 3168 quod
2023 3074 2125 3141 in-

586 3192 798 3264 tendit
829 3192 1150 3271 etticiens‚
1194 3188 1260 3257 id
1291 3198 1417 3272 est,
1451 3184 1632 3279 quod
1681 3189 1910 3252 movet
1966 3204 2123 3250 eum

586 3303 670 3371 ad
715 3300 1161 3393 operandum.
1198 3298 1270 3366 Si
1331 3306 1557 3365 autem
1614 3291 2127 3362 considerentur

586 3411 844 3479 bonum
910 3403 973 3478 et
1033 3431 1153 3477 ens
1191 3396 1564 3475 seeundum
1605 3402 1978 3494 supposita,
2029 3400 2126 3469 sic

588 3528 1077 3590 convertuntur
1137 3541 1152 3585 :
1202 3516 1363 3608 quia
1428 3514 1583 3582 licet
1623 3513 1876 3580 bonum
1916 3509 2000 3579 sit
2040 3509 2125 3577 ad

587 3629 883 3699 efficiens
914 3636 984 3695 ut
1022 3635 1120 3696 est
1159 3625 1445 3707 bonum,
1480 3632 1546 3691 et
1569 3644 1689 3690 ens
1717 3621 1801 3688 ad
1832 3618 2127 3688 efficiens

587 3745 660 3805 ut
723 3744 823 3805 est
883 3758 1029 3813 ens,
1087 3742 1315 3800 tamen
1382 3731 1540 3822 quia
1617 3750 1756 3798 non
1812 3733 2129 3817 operatur

587 3845 881 3914 efficiens
947 3842 1074 3910 nisi
1161 3863 1283 3932 per
1360 3839 1621 3906 bonum
1701 3835 2120 3910 intentioni5‚

591 3952 740 4020 ideo
815 3950 1179 4043 comitatur
1247 3946 1502 4014 bonum
1570 3966 1838 4034 semper
1902 3941 2123 4032 ipsum

587 4083 732 4143 ens,
772 4066 836 4127 et
868 4080 1004 4126 non
1054 4062 1405 4148 separatur
1431 4053 1517 4120 ab
1565 4053 1713 4143 ipso
1752 4048 2122 4118 secundum

588 4168 1041 4259 suppositum,
1111 4164 1265 4231 licet
1341 4169 1689 4253 separetur
1752 4157 2124 4227 secundum

589 4274 1038 4343 intentionem
1086 4293 1101 4338 ε
1149 4280 1211 4339 et
1274 4269 1448 4337 hanc
1491 4267 1910 4335 identitatem
1958 4289 2123 4356 sup-

588 4384 965 4473 positorum
1011 4386 1201 4446 notat
1261 4375 1442 4467 quod
1508 4375 1752 4443 dicitur
1806 4374 1874 4441 in
1914 4396 2127 4465 quan-

592 4501 767 4557 tum.

681 4599 785 4664 Au
849 4617 1100 4664 ramum
1158 4615 1321 4685 ergo
1378 4590 1764 4674 dicendum,
1823 4590 2002 4680 quod
2069 4588 2124 4656 si

591 4705 847 4774 bonum
894 4703 1260 4794 accipiatur
1298 4701 1364 4767 in
1406 4698 1688 4766 diversis
1753 4721 1906 4765 cum
1948 4706 2122 4775 ente,

592 4812 844 4881 scilicet
873 4832 1073 4879 causa
1113 4816 1180 4877 et
1218 4814 1520 4884 causam,
1571 4804 1829 4873 bonum
1870 4805 1936 4871 in
1974 4826 2131 4872 eau-

590 4943 664 4989 sa
701 4921 827 4988 erit
882 4928 1036 4987 ante
1087 4941 1207 4986 ens
1255 4918 1322 4984 in
1367 4925 1641 4983 causato
1685 4935 1703 4981 ε
1776 4914 1931 5004 quia
1989 4935 2127 4980 non

590 5036 821 5098 causat
842 5028 967 5095 nisi
1004 5027 1190 5094 bono
1222 5023 1406 5115 quod
1444 5023 1599 5091 facit
1639 5044 1788 5091 eam
1819 5044 1964 5089 esse
1995 5020 2129 5088 dif-

588 5135 866 5203 lundere
921 5157 938 5203 ε
980 5132 1160 5201 unde
1220 5131 1562 5199 Maximus
1623 5153 1639 5197 ε
1684 5127 1831 5196 Iloc
1879 5150 2129 5196 nomen

592 5244 837 5310 bomem
895 5264 1032 5310 non
1073 5239 1347 5308 aliunde
1388 5238 1725 5328 originem
1764 5235 1946 5304 ducit
2002 5238 2129 5304 nisi

665 5477 680 5509 ¹
729 5473 788 5532 S.
829 5474 1150 5539 onom-snus,
1212 5470 1331 5525 Lib.
1373 5468 1446 5524 de
1494 5467 1717 5524 Divinis
1766 5463 2129 5536 nominibus,

1549 341 1633 408 D.
1685 338 1884 406 ALB.
1930 300 2153 402 mo.
2207 298 2413 400 onn'.
2470 306 2765 395 PRAED.

2144 486 2174 542 ³²
2200 486 2258 566 va
2312 480 2793 586 verbosgraeco
2837 493 3019 584 quod
3069 502 3170 562 est
3200 499 3373 576 βοάω,
3406 478 3494 562 ibs-
3531 484 3598 551 id
3636 492 3760 565 est,

2218 604 2438 692 clamo
2477 626 2491 670 ε
2529 609 2646 684 βοῶ
2677 604 2885 679 enim,
2930 607 3134 678 καλέω,
3170 611 3242 678 a»,
3299 608 3366 667 et
3419 594 3666 671 clam0,
3701 596 3764 657 et

2216 735 2391 781 voco
2440 734 2655 778 unum
2713 732 2990 778 sensum
3041 709 3389 800 possident
3452 728 3465 772 :
3512 699 3758 771 etenim

2218 821 2336 912 qui
2364 828 2567 888 vocat
2595 818 2965 910 saepissime
3000 818 3069 883 in
3116 815 3485 884 clamorem
3534 831 3764 878 erum-

2214 930 2359 1019 pit:
2415 928 2599 995 Deus
2649 950 2810 1017 ergo
2860 948 3001 993 non
3040 921 3599 993 inconvenienter
3640 915 3761 982 bo-

2216 1058 2346 1102 nus
2387 1033 2654 1111 dicitur,
2719 1034 2880 1122 quia
2916 1034 3147 1101 onmia
3176 1030 3258 1098 de
3291 1025 3502 1096 nihilo
3551 1026 3621 1089 in
3652 1045 3762 1091 es-

2217 1140 2509 1207 sentiam
2565 1139 2799 1206 venire
2847 1135 3258 1228 intelligibili
3297 1134 3595 1203 clamore
3629 1149 3762 1193 vo-

2216 1256 2326 1315 cat
2369 1270 2384 1315 τ
2428 1238 2494 1314 et
2531 1245 2685 1314 ideo
2727 1243 2969 1314 melius
3027 1244 3294 1323 dicitur,
3356 1239 3540 1333 quod
3604 1238 3759 1328 quia

2216 1355 2438 1425 bonus
2461 1362 2582 1423 ’est
2611 1376 2872 1434 sumus),
2910 1374 3113 1444 quam
3146 1352 3307 1442 quia
3349 1356 3450 1417 est
3495 1368 3751 1429 sumus.

2305 1463 2411 1529 An
2459 1484 2655 1530 Amul)
2695 1460 3083 1539 dicendum,
3119 1456 3305 1550 quod
3334 1456 3402 1547 ly
3433 1456 3505 1524 in
3535 1475 3761 1545 quan-

2216 1580 2367 1637 tum
2398 1578 2591 1637 notat
2620 1566 3267 1658 inseparabilitatem
3307 1563 3560 1632 boniet
3587 1558 3760 1627 entis

2220 1678 2619 1747 secundum⁴
2655 1677 3029 1766 supposita,
3088 1681 3156 1742 et
3199 1695 3340 1740 non
3389 1667 3760 1739 secundum

2088 1825 2118 1838 -
2220 1788 2634 1869 intentiones
2678 1808 2695 1853 τ
2733 1793 2800 1853 et
2830 1784 2983 1852 ideo
3023 1805 3163 1851 non
3206 1781 3537 1871 sequitur,
3581 1775 3763 1868 quod

2094 1946 2113 1975 ‚
2219 1895 2494 1963 bonitas
2523 1895 2612 1962 sit
2639 1895 2887 1962 entitas
2917 1892 3064 1981 ejus
3094 1888 3279 1981 quod
3308 1896 3431 1957 est.

2310 2003 2416 2070 An
2476 2025 2673 2070 mun
2720 1999 3107 2077 dicendum,
3169 1996 3352 2089 quod
3397 1995 3581 2062 Deus
3629 2015 3764 2061 non

2223 2120 2322 2180 est
2371 2134 2577 2180 causa
2625 2110 2920 2179 mediata
2966 2108 3252 2197 alicujus
3299 2130 3315 2174 :
3378 2113 3447 2174 et
3492 2104 3644 2173 ideo
3700 2109 3766 2170 et

2222 2220 2414 2300 boni,
2468 2230 2556 2290 et·
2581 2221 2754 2289 entis
2786 2228 2889 2288 est
2913 2240 3117 2288 causa
3156 2214 3575 2293 immediata,
3617 2212 3768 2280 licet

2225 2353 2364 2398 non
2427 2329 2804 2398 secundum
2859 2350 3069 2395 unam
3126 2325 3481 2401 rationem,
3532 2330 3611 2391 ut
3663 2320 3770 2388 di-

2226 2449 2413 2508 ctum
2455 2446 2558 2506 est
2599 2459 2614 2505 ε
2653 2437 2813 2528 quia
2843 2458 2963 2504 ens
3006 2457 3077 2504 se
3117 2432 3325 2502 habet
3371 2431 3457 2500 ad
3510 2430 3769 2499 bonum

2226 2547 2404 2615 sicut
2446 2567 2648 2613 causa
2687 2543 3038 2635 primaria,
3089 2547 3155 2610 et
3200 2538 3606 2629 subjectum.
3650 2536 3776 2605 Ta-

2229 2674 2388 2719 men
2420 2651 2582 2741 quia
2612 2672 2733 2718 ens
2761 2646 3207 2738 inseparabile
3247 2652 3348 2714 est
3385 2666 3426 2711 a
3469 2649 3773 2734 respectu

2230 2758 2315 2826 ad
2353 2780 2631 2826 causam
2672 2756 3078 2826 efficientem
3131 2751 3620 2821 diffundentem
3666 2772 3778 2819 es-

2230 2889 2329 2946 se,
2377 2874 2444 2934 et
2484 2864 2597 2933 illa
2636 2887 2776 2933 non
2808 2862 3123 2932 diss'undit
3157 2861 3287 2930 nisi
3339 2863 3406 2928 in
3444 2867 3773 2952 quantum

2231 2980 2329 3042 est
2364 2971 2627 3040 bonum
2664 2993 2679 3036 t
2734 2970 2886 3040 ideo
2918 2993 3058 3039 non
3109 2978 3462 3060 separatur
3507 2989 3548 3034 a
3591 2965 3775 3035 bono

2231 3080 2361 3148 nisi
2392 3102 2515 3171 per
2545 3078 2961 3148 intellectum
2992 3075 3481 3170 suppositionis
3519 3075 3780 3164 impos-

2232 3189 2470 3268 sibilis,
2510 3187 2787 3265 scilicet,
2823 3185 3008 3277 quod
3036 3186 3256 3279 prima
3295 3206 3497 3253 causa
3526 3204 3666 3250 non
3694 3181 3780 3249 sit

2233 3296 2415 3365 bona
2461 3297 2673 3387 :quia
2729 3301 2894 3362 tunc
2932 3315 3071 3360 non
3139 3298 3370 3359 manet
3437 3297 3778 3379 respectus

2232 3407 2379 3495 ejus
2432 3404 2520 3473 ad
2575 3404 2978 3472 efficientem
3050 3425 3066 3470 z
3126 3401 3284 3493 quia
3346 3420 3482 3467 non
3550 3403 3780 3464 movet

2232 3513 2361 3580 nisi
2395 3512 2747 3603 supposita
2785 3511 3117 3588 bonitate,
3161 3516 3237 3575 ut
3266 3507 3520 3575 dictum
3562 3510 3685 3573 est.

2325 3622 2429 3690 An
2475 3644 2673 3691 Amen
2726 3618 3113 3697 dicendum,
3167 3615 3354 3709 quod
3412 3612 3779 3683 mathema·

2233 3733 2365 3801 tica
2397 3753 2537 3800 non
2577 3727 2829 3798 habent
2862 3728 3065 3797 finem
3098 3728 3213 3817 qui
3253 3723 3628 3815 acquiritur
3660 3743 3781 3812 per

2234 3848 2498 3908 motum
2556 3837 2942 3930 physicum,
3003 3834 3160 3926 quia
3234 3840 3541 3926 separata
3624 3836 3781 3897 sunt

2233 3945 2609 4015 secundum
2642 3945 2974 4012 rationem
3003 3940 3430 4010 diffinitivam
3462 3946 3530 4007 et
3571 3959 3611 4004 a
3639 3958 3782 4002 mo-

2233 4065 2307 4123 tu
2363 4062 2432 4122 et
2487 4076 2527 4121 a
2574 4051 2858 4120 materia
2900 4073 2916 4119 :
2969 4049 3083 4119 sed
3127 4070 3268 4116 non
3313 4052 3543 4115 carent
3571 4043 3783 4110 inten-

2234 4164 2419 4231 tione
2472 4160 2635 4229 boni
2667 4159 2852 4253 quod
2895 4166 2993 4227 est
3025 4180 3066 4225 a
3092 4155 3276 4224 bono
3307 4162 3373 4223 et
3402 4151 3486 4220 ad
3522 4149 3778 4218 bonum

2234 4272 2559 4365 primum.

2324 4486 2430 4554 An
2479 4508 2544 4553 m
2582 4481 2768 4575 quod
2811 4479 3092 4549 ulterius
3138 4477 3483 4569 quaeritur,
3534 4473 3777 4543 Utrum

2236 4594 2497 4661 bonum
2539 4586 2916 4680 separabile
2964 4586 3049 4653 sit
3095 4584 3178 4652 ab
3227 4590 3380 4651 ente
3421 4603 3542 4673 per
3577 4577 3781 4647 intel-

2237 4700 2487 4768 lectum
2520 4701 2555 4766 ⁴?
2586 4697 2732 4785 jam
2773 4702 2953 4788 patet
2994 4691 3244 4760 solutio
3280 4712 3295 4759 τ
3332 4689 3491 4780 quia
3519 4707 3784 4777 separa·

2238 4817 2351 4875 tur
2387 4828 2510 4897 per
2549 4804 3024 4877 intentionem,
3058 4798 3176 4866 sed
3207 4818 3342 4864 non
3373 4818 3495 4886 per
3529 4815 3787 4883 suppo-

2238 4919 2475 4986 situm.

2332 5129 2598 5196 Littera
2665 5134 2893 5194 autem
2962 5122 3166 5213 hujus
3223 5119 3497 5211 capituli
3552 5141 3673 5210 per
3717 5140 3786 5186 se

2239 5244 2448 5327 patet.

2246 5488 2374 5545 cap.
2409 5474 2464 5527 5.

3865 1487 3943 1532 Ad
3971 1487 4013 1533 2.

3872 2021 3955 2067 Aa
3981 2020 4023 2069 8.

3884 3659 3954 3704 Ad
3982 3659 4025 3706 4.

3825 4514 3903 4562 Ad
3931 4517 4105 4571 quw.
