4897 6388
352 2480 450 2529 Sed
475 2489 656 2530 contra.

426 4414 506 4461 Ad
532 4417 577 4464 2.

345 5275 425 5323 Ad
450 5268 624 5328 object.

719 364 848 430 420

719 534 1100 624 significent
1153 533 1463 621 principii
1530 529 2250 597 commendationem:

717 664 878 732 ergo
919 650 1076 708 sunt
1105 638 1502 707 notionalia.
1564 637 1711 704 Hoc
1760 636 1931 703 idem
1993 634 2259 702 videtur

717 770 835 838 per
864 748 1020 825 hoc,
1051 748 1237 838 quod
1267 770 1406 813 non
1438 744 1757 812 omnibus
1788 740 2202 809 conveniunt
2235 758 2251 808 ε

717 855 877 945 quia
913 855 1089 922 mitti
1118 876 1260 920 non
1318 853 1633 919 convenit
1675 849 1857 915 Patri
1892 870 1908 914 ε
1955 870 2116 937 ergo
2157 855 2258 913 est

714 961 1105 1030 distinctum
1145 968 1213 1027 et
1251 958 1620 1026 notionale.

802 1071 866 1135 2.
904 1068 1098 1144 Item,
1132 1066 1317 1133 Infra
1332 1064 1714 1141 habebitur,
1740 1062 1923 1153 quod
1950 1084 2072 1151 per
2129 1061 2258 1129 hoc

714 1174 895 1266 quod
943 1174 1144 1242 Pater
1185 1174 1415 1249 mittit,
1479 1178 1546 1238 et
1595 1169 1801 1237 Filius
1848 1170 2138 1236 mittitur
2193 1175 2261 1234 et

715 1281 1007 1371 Spiritus
1067 1288 1366 1362 sanctuS,
1416 1300 1555 1344 non
1614 1275 1990 1343 ostenditur
2053 1274 2259 1342 Pater

712 1412 858 1458 esse
896 1389 1116 1477 major
1141 1387 1312 1455 Filio
1352 1386 1461 1453 vel
1512 1385 1770 1475 Spiritu
1809 1392 2039 1451 sancto
2075 1402 2092 1451 :
2128 1381 2259 1448 hoc

710 1507 941 1566 autem
988 1519 1132 1565 esse
1184 1516 1324 1562 non
1379 1500 1626 1583 potest,
1686 1493 1743 1560 si
1780 1499 2003 1560 essent
2047 1489 2258 1558 verba

712 1607 1094 1676 essentialia
1129 1629 1147 1674 ε
1180 1628 1343 1697 ergo
1374 1604 1691 1671 videntur
1719 1602 2079 1692 praedicare
2126 1622 2257 1667 no-

710 1718 968 1785 tionem
1015 1717 1126 1785 vel
1164 1723 1390 1784 actum
1424 1711 1868 1780 notionalem.
1951 1733 1954 1738 ·

799 1828 863 1895 3.
926 1825 1122 1907 Item,
1184 1822 1609 1912 Augustinus
1666 1818 1850 1898 dicit,
1918 1826 1994 1885 ut
2049 1840 2256 1906 supra

711 1933 1023 2002 habitum
1062 1938 1188 2011 est,
1240 1929 1423 2021 quod
1486 1954 1520 1994 κ
1562 1927 1737 1994 mitti
1785 1934 1886 1994 est
1932 1926 2252 2016 cognosci

713 2069 748 2106 κ
774 2042 960 2134 quod
997 2040 1084 2110 ab
1123 2040 1260 2109 alio
1302 2041 1411 2107 sit.
1453 2064 1485 2104 a
1538 2037 1694 2105 Non
1739 2042 1966 2104 autem
2007 2056 2127 2125 per
2154 2055 2257 2100 es-

704 2149 991 2217 sentiam
1002 2147 1109 2217 vel
1123 2169 1243 2238 per
1255 2144 1641 2214 essentialia
1663 2141 2052 2233 cognoscitu
2062 2164 2094 2207 r
2107 2161 2189 2230 pe
2197 2162 2257 2206 r-

705 2282 874 2327 sona
910 2278 1057 2327 esse
1086 2255 1171 2325 ab
1210 2255 1369 2325 alio.
1395 2254 1574 2345 Ergo
1596 2251 1738 2321 haec
1779 2251 1989 2319 verba
2017 2250 2253 2318 notio-

705 2364 885 2432 nalia
948 2371 1133 2445 sunt,
1186 2370 1257 2432 et
1301 2361 1822 2430 distinctionem·
1852 2358 2246 2449 important.

795 2473 928 2541 Seu
964 2495 1215 2541 comus
1248 2494 1266 2539 ε

798 2582 857 2650 1.
907 2576 1298 2649 Notionalia
1344 2578 1430 2646 ab
1475 2584 1729 2645 aeterno
1774 2574 2240 2644 conveniunt:

699 2687 826 2756 ista
866 2693 1094 2756 autem
1134 2686 1549 2755 conveniunt
1585 2704 1667 2751 ex
1701 2690 2046 2772 tempore:
2080 2703 2244 2772 ergo

696 2817 835 2863 non
864 2801 1026 2862 sunt
1049 2790 1455 2862 notionalia.

783 2904 849 2972 2.
891 2902 1088 2979 Item,
1122 2900 1343 2969 Omne
1392 2897 1679 2968 verbum
1724 2904 2104 2966 connotans
2141 2896 2245 2963 es-

691 3007 940 3075 sectum
992 3006 1063 3074 in
1115 3013 1450 3089 creatura,
1496 3002 1832 3094 significat
1875 2999 2239 3070 essentiam

691 3114 995 3184 divinam
1030 3134 1047 3181 ε
1080 3112 1226 3182 haec
1275 3112 1460 3180 enim
1493 3109 1731 3203 regula
1759 3110 1873 3179 diu
1904 3109 2062 3178 data
2090 3117 2234 3177 est:

687 3224 806 3293 sed
844 3224 968 3292 ista
989 3222 1198 3292 verba
1225 3228 1601 3291 connotant
1625 3219 1937 3291 effectum
1968 3219 2037 3287 in
2057 3240 2240 3289 crea·

687 3340 887 3401 tura:
931 3354 1123 3424 ergo,
1166 3340 1300 3401 etc.

775 3543 1083 3612 Securio.
1128 3540 1507 3610 Dicendum
1566 3538 1652 3607 ad
1689 3539 2012 3632 primum,
2045 3536 2233 3629 quod

685 3653 1144 3744 Hieronymus
1206 3657 1321 3718 aut
1389 3646 1694 3740 loquitur
1752 3645 1835 3715 de
1901 3646 2224 3718 missione

683 3759 1044 3853 corporali,
1102 3766 1220 3827 aut
1279 3755 1596 3847 intelligit
1652 3754 1834 3847 quod
1899 3756 2080 3823 intus
2124 3762 2228 3824 est

683 3891 805 3960 per
853 3866 1426 3937 indistinctionem
1476 3885 1781 3955 personae
1822 3870 1886 3931 et
1940 3857 2260 3943 naturae,'

683 3977 866 4069 quod
893 3975 1025 4045 hoc
1057 3975 1231 4043 mitti
1293 3995 1429 4041 non
1470 3977 1694 4063 potest
1725 3993 1741 4039 ε
1774 3969 1891 4039 sed
1925 3972 2224 4062 primum

681 4085 950 4154 videtur
1009 4107 1155 4153 esse
1214 4083 1296 4150 de
1382 4080 1723 4149 intellectu
1792 4079 2218 4172 Hieronymi,

681 4194 840 4285 quia
868 4191 1028 4261 dicit
1057 4190 1238 4282 quod
1289 4188 1622 4256 sociatum
1653 4195 1752 4255 est
1811 4186 1879 4256 in
1909 4208 2219 4278 corpore,

683 4299 866 4393 quod
907 4299 1036 4366 hoc
1071 4296 1246 4365 mitti
1287 4318 1426 4364 non
1459 4303 1700 4386 potest.

774 4411 875 4479 An
905 4432 1102 4478 suun
1129 4407 1520 4481 dicendum,
1571 4405 1751 4497 quod
1793 4408 1859 4474 in
1894 4404 2219 4474 missione

680 4517 1010 4611 spirituali
1049 4516 1162 4584 ubi
1197 4515 1430 4584 missio
1452 4537 1589 4582 non
1612 4521 1713 4580 est
1743 4512 1870 4581 loci
1901 4514 2216 4596 mutatio,

677 4625 795 4695 sed
835 4625 993 4693 novi
1034 4622 1316 4692 effectus
1347 4620 1415 4687 in
1445 4643 1584 4711 quo
1633 4640 1920 4710 persona
1958 4641 2225 4710 cogno-

676 4741 903 4802 scatur
930 4731 1255 4822 acceptio,
1302 4750 1438 4796 non
1498 4727 1792 4818 exigitur
1837 4725 1965 4795 loci
1997 4735 2220 4795 muta·

675 4842 770 4907 tio
814 4837 1025 4930 :quia
1072 4835 1201 4904 loci
1256 4834 1544 4903 mutatio
1596 4842 1699 4901 est
1752 4840 2024 4924 propter
2078 4833 2220 4901 im-

674 4948 1152 5040 perfectionem
1203 4943 1418 5023 missi,
1462 4943 1577 5034 qui
1631 4944 1698 5009 in
1729 4943 1915 5010 omni
1956 4940 2108 5011 loco
2146 4941 2219 5011 id

673 5054 755 5123 ad
788 5053 971 5147 quod
1000 5053 1292 5121 mittitur
1318 5073 1597 5120 causare
1619 5072 1756 5118 non
1777 5054 2023 5140 potest,
2058 5051 2219 5142 quia

675 5187 814 5234 non
844 5171 945 5233 est
974 5162 1254 5254 ubique.

759 5279 862 5342 An
908 5292 1103 5339 Auun
1159 5266 1548 5348 dicendum,
1611 5265 1793 5358 quod
1856 5265 1987 5334 hoc
2040 5264 2215 5336 bene

671 5379 996 5461 concedo,
1037 5378 1181 5446 sive
1233 5377 1468 5446 missio
1528 5375 1688 5444 Filii
1738 5374 1852 5442 tiat
1900 5375 1969 5442 in
2009 5396 2216 5443 mun-

672 5488 864 5573 dum,
894 5488 1036 5555 sive
1067 5484 1301 5553 missio
1354 5483 1500 5552 Filii
1545 5482 1748 5552 simul
1796 5488 1863 5551 et
1921 5480 2213 5572 Spiritus

745 5713 765 5750 ⁸
792 5712 962 5770 Joan.
989 5724 1113 5781 viu,
1142 5712 1233 5766 29.

1703 355 1785 421 n.
1836 354 2035 459 Ans.
2088 352 2306 420 MAG.
2358 352 2565 422 om).
2620 327 2918 419 PRAED.
3087 300 3124 408 J

2361 528 2574 594 sancti
2621 527 2736 594 liat
2766 529 2837 614 in
2867 534 3196 606 mentem,'
3229 523 3427 618 quod
3465 509 3734 617 semper
3767 529 3917 594 mit-

2360 645 2511 704 tens
2542 645 2642 703 est
2681 638 2837 704 cum
2866 638 3097 705 misso.
3135 637 3235 704 De
3265 637 3693 728 primodicit
3728 635 3920 703 Chri·

2359 754 2553 811 stusz
2597 747 2734 829 Qui
2764 769 2870 812 me
2924 748 3138 825 misit,
3194 769 3458 814 meeum
3514 757 3636 827 est,
3687 756 3749 812 et
3786 769 3919 811 non

2360 853 2645 942 reliquit
2676 876 2781 919 me
2817 854 3046 921 solum
3067 878 3091 921 .·
3122 856 3290 944 quia
3312 879 3451 946 eqo*
3478 879 3630 946 quae
3652 855 3918 946 placila

2357 970 2519 1026 sunl
2558 961 2619 1025 ei
2653 962 2840 1047 facio
2877 984 3140 1051 semper
3181 966 3222 1030 ¹.
3266 963 3363 1031 De
3411 962 3708 1031 secundo
3776 963 3919 1050 ipse

2360 1065 2542 1133 idem
2600 1067 2762 1134 dicit
2805 1090 2819 1135 :
2864 1068 2986 1135 Ad
3036 1091 3193 1135 eum
3247 1071 3592 1136 veniemus
3643 1067 3919 1157 (scilicet

2362 1197 2489 1266 ego
2509 1185 2575 1243 et
2595 1174 2800 1243 Pater
2816 1175 3194 1268 etSpiritus
3215 1179 3612 1268 sanctus),et
3626 1180 3917 1245 mansio-

2358 1306 2513 1350 nem
2534 1284 2729 1374 apud
2761 1307 2919 1352 eum
2954 1288 3297 1375 faciemus
3322 1285 3368 1355 ².
3415 1285 3552 1354 Sed
3591 1288 3915 1354 tamenin

2359 1396 2763 1480 argumento
2794 1392 3334 1478 cavendum'est,
3366 1392 3550 1484 quod
3589 1392 3742 1460 licet
3784 1392 3917 1459 Pa-

2357 1507 2463 1566 ter
2490 1501 2577 1566 sit
2617 1522 2831 1567 unum
2881 1523 3037 1568 cum
3090 1500 3290 1594 Filio,
3352 1508 3581 1569 tamen
3622 1523 3755 1567 nou
3815 1511 3917 1567 est

2356 1606 2541 1674 *idem
2570 1628 2725 1674 cum
2766 1607 2965 1687 Filio,
3023 1607 3155 1675 nisi
3195 1607 3700 1699 neutraliter‘ly
3738 1608 3915 1675 idem

2359 1712 2753 1801 accipiatur.
2932 1723 2937 1726 ⁴
3668 1727 3671 1730 ’

2445 1819 2551 1885 An
2599 1842 2662 1886 in
2684 1820 2870 1910 quod
2907 1828 3146 1889 contra
3175 1820 3520 1910 objicitur,
3555 1819 3910 1888 dicendum

2358 1927 2544 2016 quod
2583 1951 2722 1996 non
2762 1929 3123 2020 superfluit
3153 1930 3414 2009 missio,
3456 1951 3586 1997 nec
3621 1929 3913 1997 destrui-

2355 2042 2472 2100 tur
2508 2038 2681 2102 ratio
2724 2035 2965 2103 missi':
3010 2036 3171 2128 quia
3211 2038 3447 2104 missio
3506 2044 3610 2104 est
3660 2036 3762 2126 (ut
3788 2059 3913 2104 su-

2356 2145 2481 2233 pra
2509 2143 2765 2212 dictum
2815 2146 2942 2236 est)
2998 2143 3367 2213 ostendens
3419 2145 3620 2214 fidem
3656 2165 3913 2214 'secun-

2357 2251 2522 2319 dum
2597 2250 3103 2323 distinctionem
3170 2273 3669 2345 personarum‚‘
3704 2279 3908 2347 quam

2357 2360 2655 2429 ostendit
2699 2363 2771 2430 in
2809 2362 3053 2432 etl’ectu
3094 2363 3580 2455 appropriabili
3613 2366 3728 2432 uni
3761 2387 3911 2431 ma-

2355 2468 2461 2556 gis
2499 2489 2707 2557 quam
2744 2468 2861 2536 alii
2902 2489 2920 2536 :
2954 2468 3074 2538 sed
3109 2490 3351 2538 verum
3382 2478 3530 2553 est‚‘
3565 2469 3747 2562 quod
3790 2494 3912 2538 su-

2344 2574 2739 2662 perflueret,
2773 2575 2830 2642 si
2876 2574 2964 2644 ad
2994 2574 3165 2643 nihil
3214 2575 3402 2645 aliud
3449 2585 3628 2646 esset
3677 2578 3804 2646 nisi
3837 2586 3910 2644 ut

2357 2677 2558 2748 Pater
2593 2680 2781 2771 (quia
2827 2680 2995 2750 alias
3043 2684 3276 2752 venire
3317 2706 3456 2752 non
3505 2692 3734 2776 posset
3790 2707 3912 2775 per

2351 2783 2598 2853 Filium
2629 2787 2942 2868 missum,
2975 2798 3043 2857 et
3064 2812 3186 2880 per
3216 2787 3549 2881 Spiritum
3569 2792 3906 2880 sanctum)

2347 2892 2614 2962 veniret
2640 2894 2726 2962 ad
2768 2917 2918 2964 nos.
2977 2895 3124 2966 1100
3161 2897 3347 2966 enim
3396 2896 3765 2967 absurdum
3798 2922 3905 2967 es-

2347 3007 2453 3069 set
2507 3010 2577 3070 et
2638 3001 2910 3073 infidele
2956 3003 3233 3074 sentire.
3289 3004 3495 3075 Pater
3548 3007 3732 3075 enim
3786 3028 3905 3096 per

2345 3108 2645 3198 seipsum
2675 3105 2916 3179 venire
2944 3119 3197 3204 potest,
3230 3111 3405 3181 sicut
3464 3111 3797 3194 zet-Filius,
3839 3122 3907 3182 et

2344 3214 2644 3309 Spiritus
2672 3228 2972 3289 sanctus.
3000 3218 3141 3289 Sed
3169 3220 3355 3290 utilis
3373 3231 3480 3290 est
3507 3222 3707 3291 nobis
3736 3225 3905 3291 mis-

2340 3323 2471 3406 sio,
2513 3331 2589 3392 ut
2642 3323 2904 3394 dictum
2942 3333 3106 3395 est':
3149 3328 3308 3419 quia
3357 3327 3654 3397 ostendit
3703 3329 3901 3399 nobis

2338 3430 2547 3501 fldem
2576 3433 3032 3504 distinctionis
3069 3457 3547 3527 personarum.

2429 3652 2534 3721 An
2564 3676 2629 3721 m
2667 3653 2851 3747 quod
2878 3653 3166 3725 ulterius
3220 3656 3570 3748 quaeritur,
3603 3657 3891 3729 diversi·
3941 3694 4013 3742 u
4036 3703 4218 3755 qun.

2337 3760 2541 3831 mode
2572 3761 3019 3853 respondetur
3045 3785 3085 3831 a
3116 3763 3552 3835 Ductoribus.
3593 3765 3885 3847 Quidam

2333 3869 2518 3939 enim
2559 3869 2821 3966 dicunt,
2860 3871 3048 3964 quod
3076 3869 3226 3942 haec
3250 3873 3465 3943 verba
3499 3875 3888 3968 principali-

2333 3984 2436 4045 ter
2494 3975 2729 4045 dicunt
2773 3975 3309 4059 distinctionem,
3362 3990 3432 4051 et
3490 3982 3889 4053 secundario

2330 4083 2698 4150 essentiam
2736 4082 2957 4175 gratia
2993 4084 3275 4156 effectus
3303 4091 3676 4159 connotati.
3709 4088 3887 4170 Qui-

2329 4185 2490 4255 dam
2520 4195 2749 4257 autem
2796 4188 3031 4259 dicunt
3081 4215 3119 4261 e
3148 4214 3483 4264 converso
3528 4205 3644 4264 :et
3689 4206 3880 4288 puto,

2330 4296 2515 4388 quod
2545 4296 2641 4366 illi
2672 4299 2903 4368 verius
2949 4299 3209 4370 dicunt.
3262 4301 3384 4372 Est
3428 4304 3612 4374 enim
3660 4306 3884 4398 quod-

2329 4403 2488 4473 dam
2527 4405 2980 4475 essentialiter
3024 4409 3385 4486 essentiale
3432 4418 3508 4479 ut
3566 4416 3879 4492 essentia,

2328 4511 2736 4599 substantia,
2784 4524 2851 4585 et
2907 4512 3301 4606 hujusmodi
3352 4541 3369 4586 :
3422 4528 3490 4590 et
3540 4521 3882 4614 quoddam

2327 4631 2431 4693 est
2468 4623 2921 4717 personaliter
2979 4629 3362 4719 personale,
3412 4639 3489 4700 ut
3527 4632 3728 4703 Pater
3762 4657 3887 4727 ge-

2326 4751 2576 4799 nerans
2608 4753 2625 4800 :
2660 4741 2730 4800 et
2771 4732 3119 4823 quoddam
3162 4735 3613 4827 personaliter
3663 4762 3888 4809 essen-

2325 4835 2512 4917 tiale,
2547 4845 2621 4906 ut
2649 4838 2836 4908 Deus
2872 4840 2957 4909 de
3021 4840 3169 4910 Deo
3213 4864 3229 4911 ε
3286 4850 3355 4912 et
3402 4844 3748 4935 quoddam
3786 4870 3888 4915 es-

2326 4942 2701 5014 sentialiter
2757 4947 3135 5034 notionale‚
3183 4948 3296 5018 vel
3369 4951 3752 5044 personale,
3811 4965 3887 5025 ut

2328 5050 2621 5131 mittere,
2665 5060 2735 5122 et
2761 5054 2939 5123 mitti
2985 5077 3002 5123 ε
3042 5052 3194 5125 haec
3249 5056 3433 5125 enim
3462 5061 3683 5150 gratia
3711 5060 3883 5131 ess'e-

2325 5165 2436 5226 tus
2466 5180 2671 5250 super
2707 5181 2914 5252 quem
2954 5168 3059 5229 est
3096 5168 3290 5231 actus
3325 5164 3736 5256 importatus
3762 5191 3885 5260 per

2325 5264 2641 5350 verbum,
2710 5266 2947 5336 dicunt
2996 5268 3363 5337 essentiam
3424 5268 3752 5353 divinam,
3818 5283 3885 5344 et

2325 5374 2848 5466 consignificant
2874 5397 2961 5444 ex
3008 5376 3215 5445 modo
3245 5399 3390 5447 suae
3438 5379 3884 5472 significatio-

2327 5481 2434 5549 nis
2464 5479 2968 5551 distinctionem
3001 5504 3475 5575 personarum.

2396 5709 2419 5745 ²
2445 5710 2617 5771 Joau.
2639 5727 2754 5783 xiv,
2782 5713 2873 5769 2³.
