4897 6388
742 3199 939 3249 sot-tto.

1681 307 1771 372 IN
1821 306 1849 372 Ι
1899 305 2325 419 ΞΕΝΤΕΝΤ..
2375 304 2598 373 DIST.
2657 305 2879 384 XXV,
2936 305 3009 388 F,
3064 305 3262 374 ΛΒΤ.
3316 306 3514 373 4.ET
3561 308 3624 374 5.

1041 482 1422 590 personaess,
1479 495 1551 568 id
1585 504 1722 587 est,
1777 495 2322 585 subsistentiae,
2401 517 2557 568 una
2596 504 2777 569 sunt
2846 494 3187 568 essentia
3242 505 3316 569 et
3366 495 3599 569 unius
3641 492 4024 581 essentiae,
4085 512 4240 564 non

1039 636 1297 703 autem
1361 638 1725 702 suntuna
1757 652 2086 727 persona
2135 631 2254 704 vel
2303 628 2537 703 unius
2569 651 2953 727 personae,
2992 628 3171 703 lieet
3211 651 3543 727 persona
3572 627 4002 703 secundum
4071 623 4246 698 sub-

1037 760 1399 835 stantiam
1431 762 1727 836 dieatur
1766 763 2179 861 aliquando
2217 788 2233 838 :
2281 787 2461 838 narn
2505 764 2569 838 si
2624 765 2772 838 hoc
2813 764 3227 857 diceretur,
3292 763 3641 844 confusio
3684 761 3900 837 fieret
3944 762 4019 835 in
4063 783 4245 858 per-

1040 891 1283 966 sonis.

1423 1550 1918 1622 ARTICULUS
1969 1552 2084 1619 tv.

1033 1769 1144 1836 An
1183 1768 1253 1834 in
1310 1768 1563 1835 divinis
1608 1778 1827 1859 potest
1871 1770 2173 1851 admitti,
2227 1773 2418 1862 quod
2439 1775 2582 1840 sint

1127 1885 1262 1943 tres
1289 1885 1469 1944 entes
1493 1874 1535 1942 :7
1800 1875 1806 1880 ’

1126 2193 1387 2263 Deinde
1445 2196 1769 2285 quaeritur
1812 2193 1893 2263 de
1950 2193 2081 2265 hoc
2138 2198 2322 2287 quod
2389 2197 2577 2279 dicit,

1037 2301 1155 2384 ibi,
1190 2300 1267 2383 F,
1307 2327 1339 2368 ι
1385 2304 1540 2371 Tres
1574 2312 1780 2385 entes,
1811 2312 1939 2374 ete.
1978 2329 2012 2369 n
2427 2315 2430 2316 ’

1125 2408 1303 2477 Dicit
1356 2410 1539 2478 enim
1587 2409 1953 2478 Anselmus
2019 2411 2087 2478 in
2146 2413 2581 2504 Aloaezoloqio,

1033 2513 1219 2605 quod
1284 2517 1599 2592 essentia,
1665 2538 1838 2597 esse,
1900 2526 1966 2586 et
2020 2540 2164 2597 enS,
2226 2518 2576 2601 differunt,

1033 2622 1209 2691 sicut
1237 2621 1383 2703 lux,
1425 2631 1494 2690 et
1532 2622 1778 2704 lucere,
1836 2630 1901 2692 et
1934 2623 2215 2694 lucens:
2252 2647 2417 2717 ergo
2460 2649 2582 2695 ens

1033 2751 1170 2796 non
1218 2737 1321 2799 est
1355 2730 1484 2798 nisi
1534 2732 1823 2799 essentia
1859 2754 1980 2800 ens
2015 2754 2031 2800 ε
2068 2732 2187 2800 sed
2235 2741 2374 2803 tres
2422 2744 2583 2804 sunt

1032 2859 1171 2905 una
1200 2838 1494 2907 essentia
1527 2862 1541 2906 :
1574 2863 1738 2928 ergo
1782 2849 1940 2908 sunt
1978 2863 2193 2909 unum
2227 2864 2245 2912 ε
2282 2865 2421 2911 non
2470 2867 2579 2913 er·

1032 2968 1122 3036 go
1154 2954 1289 3014 tres
1318 2953 1533 3014 entes.

1126 3157 1439 3231 Sowrm.
1477 3160 1680 3229 Entes
1717 3170 1935 3252 potest
1966 3163 2174 3232 teneri
2198 3163 2583 3255 partieipia-

1035 3267 1238 3338 liter:
1298 3278 1365 3338 et
1411 3271 1507 3338 sic
1545 3269 1958 3350 conceditur,
2001 3280 2135 3338 tres
2179 3280 2387 3353 entes,
2447 3262 2582 3341 ho⁰c

1033 3386 1162 3457 est,
1203 3387 1339 3447 tres
1377 3379 1491 3470 qui
1536 3387 1695 3447 sunt
1730 3402 1747 3447 ε
1783 3380 1938 3470 quia
1978 3381 2072 3448 sic
2132 3381 2199 3447 in
2230 3404 2302 3449 se
2329 3380 2584 3450 claudit

1031 3509 1175 3555 rem
1215 3488 1320 3555 sui
1377 3486 1564 3555 verbi
1597 3510 1751 3555 cum
1805 3486 1934 3557 hoo
1967 3491 2243 3558 nomine
2283 3492 2409 3583 qui
2443 3514 2461 3561 ε
2515 3500 2581 3560 et

1029 3597 1125 3664 sic
1158 3594 1472 3687 intelligit
1501 3594 1846 3687 Magister.
1883 3596 1956 3664 Si
1987 3608 2216 3666 autem
2261 3599 2577 3667 nomina-

1030 3705 1185 3774 liter
1214 3713 1618 3782 sumeretur,
1646 3713 1802 3774 tunr.
1824 3704 2101 3777 haberet
2130 3708 2574 3779 calumniam.

1032 3813 1167 3881 Sed
1198 3821 1361 3882 tune
1398 3811 1618 3880 adhuc
1658 3812 2014 3883 dicendum
2063 3826 2187 3898 est,
2222 3819 2407 3908 quod
2431 3827 2581 3909 pot·

1029 3930 1129 3988 est
1160 3922 1340 3988 sumi
1388 3920 1761 3989 secundum
1795 3922 2078 3992 modum
2114 3926 2573 4013 significandi,

1033 4031 1192 4120 quia
1237 4028 1401 4097 dicit
1454 4031 1884 4098 conen-tivo:
1955 4040 2016 4097 et
2069 4040 2226 4101 tunc
2294 4035 2579 4103 refertur

1032 4139 1278 4205 iterum
1308 4135 1392 4204 ad
1424 4159 1750 4227 personas
1785 4161 1799 4203 :
1838 4138 1926 4205 ita
1955 4140 2233 4219 scilicet,
2278 4142 2466 4232 quod
2507 4143 2575 4233 ty

1029 4252 1163 4311 tres
1190 4245 1278 4311 sit
1315 4242 1841 4320 substantivum,
1878 4253 1943 4313 et
1973 4243 2039 4336 ly
2069 4256 2248 4314 entes
2276 4248 2362 4314 sit
2411 4250 2577 4318 acti-

1027 4373 1218 4418 vum.
1265 4350 1337 4416 Si
1370 4360 1594 4417 autem
1626 4358 1932 4418 sumatur
1960 4352 2268 4421 absolute
2310 4378 2432 4445 pro
2474 4380 2576 4425 es·

1027 4458 1272 4535 sentia,
1303 4466 1370 4526 et
1415 4459 1500 4524 sit
1540 4456 2063 4544 substantivum,
2099 4459 2264 4530 falsa
2303 4465 2430 4532 erit
2460 4463 2573 4533 lo-

1025 4567 1211 4635 cutio
1247 4589 1265 4635 :
1310 4563 1462 4635 lieet
1502 4566 1781 4656 quidam
1829 4566 2032 4650 dicat,
2067 4570 2250 4661 quod
2284 4596 2404 4641 ens
2443 4597 2573 4663 ge-

1029 4675 1255 4745 nerale
1286 4685 1410 4753 est,
1445 4687 1507 4744 et
1540 4686 1760 4767 potest
1804 4677 2028 4746 referri
2060 4679 2145 4747 ad
2176 4704 2570 4771 personam,

1028 4794 1092 4854 et
1143 4783 1226 4852 ad
1289 4793 1595 4853 naturam
1644 4786 1990 4876 aequaliter
2032 4809 2048 4856 ε
2093 4797 2159 4854 et
2224 4798 2385 4858 tune
2431 4814 2571 4860 non

1027 4893 1155 4960 erit
1208 4892 1447 4960 eadem
1506 4894 1674 4959 ratio
1748 4893 1829 4961 de
1885 4896 2398 4985 omnipotentes,
2461 4900 2569 4967 vel

1024 5001 1286 5082 aeterni,
1320 4997 1426 5066 vel
1458 4998 1634 5068 alio:
1681 5000 1795 5067 sed
1829 5005 2054 5070 tanum
2085 5026 2194 5070 ars
2231 5004 2569 5096 dirigendi

1025 5128 1096 5172 se
1141 5107 1207 5174 in
1258 5104 1506 5173 talibus
1545 5106 1999 5175 locutionibus
2046 5119 2275 5179 notata
2329 5121 2427 5179 est
2462 5137 2574 5181 su·

1025 5235 1145 5303 pra
1183 5224 1226 5281 ¹.

1103 5672 1120 5706 ¹
1154 5670 1241 5728 Cf.
1267 5671 1477 5742 Supra,
1504 5672 1643 5729 nist.
1680 5674 1819 5730 ΥΙΙΙ.

3154 1528 3659 1625 Anncutus
3707 1556 3795 1623 v,

2695 1765 2924 1847 Quare
2964 1764 3126 1833 bene
3162 1767 3441 1847 dicitur,
3486 1769 3799 1859 ejusdem
3816 1773 4137 1850 essentiae,
4180 1783 4244 1839 et

2779 1892 2916 1937 non
2980 1871 3293 1962 ejusdem
3357 1876 3490 1944 Dei
3544 1901 3566 1943 .·
3643 1899 3858 1967 quare
3924 1868 4241 1969 qitaelibet

2773 2001 3095 2069 persona,
3137 1990 3202 2048 et
3236 2006 3372 2050 non
3419 1983 3713 2074 quilibet
3748 1987 3936 2053 Deus
3975 2009 3997 2052 .·
4028 1997 4090 2054 et
4119 2010 4241 2055 cur

2782 2111 2916 2155 non
2944 2100 3172 2181 potest
3211 2091 3350 2159 dici
3374 2103 3508 2161 tres
3528 2116 3838 2187 personae
3875 2117 3959 2162 ex
4002 2094 4241 2164 eadem

2782 2198 3075 2266 essentia
3111 2197 3153 2265 ?
4151 2217 4159 2224 '

2783 2517 3047 2587 Deinde
3092 2522 3421 2611 quaeritur
3461 2521 3541 2591 de
3581 2522 3712 2592 hoc
3754 2525 3937 2616 quod
3975 2527 4135 2595 dicit
4175 2529 4241 2595 in

2694 2626 2995 2695 seeundo
3027 2628 3326 2719 capitulo
3371 2628 3447 2712 F,
3472 2632 3649 2700 eirca
3671 2633 3913 2701 tinem:
3951 2664 3984 2697 «
4009 2639 4245 2726 Anqu-

2691 2737 2999 2804 stinus...
3041 2736 3211 2805 dicit
3240 2748 3374 2806 tres
3391 2762 3721 2832 personas
3747 2765 3884 2810 esse
3912 2766 4119 2812 unam
4142 2769 4242 2814 es-

2691 2846 2984 2913 sentiam
3018 2846 3129 2914 ve!
3153 2847 3463 2937 ejusdem
3483 2853 3806 2929 essentie,
3841 2876 3973 2920 non
4013 2877 4098 2921 ex
4124 2878 4244 2923 ea·

2694 2953 2845 3020 dem
2869 2956 3186 3036 essentia,
3229 2965 3356 3025 etc.
3394 2983 3428 3023 n

2784 3060 3130 3141 Quaeritur
3158 3065 3341 3133 enim
3361 3067 3533 3135 ratio
3563 3066 3791 3158 hujuS.

2791 3171 2849 3240 Ι.
2898 3168 3232 3242 Similiter
3277 3196 3490 3265 quare
3546 3175 3860 3255 dicimuS,
3929 3180 4239 3271 ejusdem

2693 3282 3019 3364 essentias,
3081 3292 3149 3351 et
3191 3306 3329 3352 non
3368 3284 3670 3375 ejusdem
3722 3286 3845 3355 Dei
3905 3312 4048 3357 esse
4108 3299 4242 3360 tres

2694 3413 3024 3481 personas
3066 3414 3081 3459 :
3121 3415 3279 3462 eum
3312 3393 3488 3462 idem
3524 3395 3700 3464 dicat
3734 3397 3803 3488 ty
3843 3400 3994 3479 Dei,
4037 3410 4100 3468 et
4151 3425 4241 3468 es·

2688 3499 2979 3566 sentia?

2783 3611 2847 3674 2.
2887 3606 3085 3690 ltem,
3132 3609 3318 3678 Bene
3374 3611 3690 3694 dicimuS,
3732 3615 4053 3706 quaelibet
4076 3642 4241 3708 per-

2689 3740 2885 3794 sona,
2911 3717 3065 3788 licet
3088 3743 3378 3812 persona
3396 3724 3730 3815 significet
3748 3725 4189 3796 substantiam
4219 3752 4235 3796 ε

2693 3848 2830 3892 non
2893 3836 3124 3895 tamen
3182 3827 3452 3908 dicitur,
3511 3831 3803 3922 quilibet
3863 3836 4042 3901 Dens
4079 3857 4102 3902 .·
4172 3844 4239 3903 et

2691 3933 3019 4020 quaeritur
3049 3934 3221 4001 ratio
3254 3934 3480 4024 hujus.

2779 4149 3093 4218 Satvrio.
3163 4148 3562 4233 Dicendum,
3607 4154 3791 4246 quod
3856 4180 4009 4224 cum
4063 4159 4234 4229 dici-

2686 4268 2820 4336 tur,
2874 4284 2958 4326 ex
3023 4258 3258 4327 eadem
3313 4266 3624 4341 essentia,
3696 4271 4081 4357 praepositio
4147 4297 4232 4340 ex

2688 4368 3010 4458 importat
3052 4392 3356 4446 causam,
3399 4379 3467 4440 et
3519 4375 3853 4466 praecipue
3910 4382 4231 4447 maneria-

2684 4474 2818 4543 lem
2854 4497 2869 4541 :
2907 4485 3162 4543 etcum
3204 4479 3494 4547 essentia
3536 4503 3674 4548 non
3713 4483 3809 4551 sic
3855 4508 3926 4553 se
3989 4485 4228 4556 habeat

2683 4583 2767 4651 ad
2800 4606 3157 4674 personas,
3200 4584 3351 4655 ideo
3383 4610 3519 4656 non
3565 4591 3883 4681 recipitur
3922 4595 4059 4663 itta.

2774 4694 2879 4759 Λυ
2945 4715 3145 4759 Auen
3229 4693 3620 4776 dicendum,
3691 4703 3873 4791 quod
3942 4708 4226 4774 essentia

2683 4801 3021 4888 significat
3084 4813 3395 4873 naturam
3441 4830 3560 4898 per
3617 4809 3896 4878 modum
3936 4812 4170 4881 forma·
4209 4838 4223 4882 :

2684 4915 2751 4974 et
2780 4906 2933 4975 ideo
2973 4907 3129 4977 licet
3158 4912 3241 4978 sit
3274 4912 3449 4980 idem
3493 4917 3559 4982 in
3593 4939 3662 4984 re
3700 4939 3855 4985 cum
3899 4923 4224 5009 personis,

2685 5024 2917 5084 tamen
2949 5016 3172 5086 diss'ert
3215 5023 3282 5087 in
3342 5022 3547 5091 modo
3579 5024 4025 5118 intelligendi,
4058 5031 4233 5099 sicut

2686 5125 2838 5212 quis
2868 5135 2970 5193 est
3010 5148 3050 5193 a
3091 5149 3229 5218 quo
3260 5138 3363 5197 est
3406 5153 3422 5198 :
3467 5142 3532 5200 et
3602 5133 3729 5202 ista
3778 5135 4135 5206 diversitas
4167 5143 4233 5208 in

2689 5229 2895 5298 modo
2925 5233 3353 5323 significandi
3385 5239 3791 5329 importatur
3819 5243 3888 5312 in
3928 5244 4233 5337 obliquo,

2685 5361 2843 5406 cum
2884 5338 3156 5420 dicitur,
3216 5353 3353 5413 tres
3426 5369 3732 5436 personae
3774 5352 3977 5420 unius
4014 5376 4240 5424 essen-

2684 5447 2845 5514 tiae:
2893 5446 3078 5515 Deus
3133 5460 3360 5519 autem
3422 5475 3561 5522 non
3616 5455 3774 5524 dicit
3816 5464 3890 5525 ut
3933 5482 4068 5551 quo
4109 5472 4234 5546 est,

4123 294 4249 368 633

4330 4216 4521 4265 solutio.

4337 4755 4415 4800 Act
4450 4758 4487 4803 t.
