4897 6388
757 3730 962 3782 watto.

1788 289 1883 357 ΙΝ
1929 290 1960 358 1
2011 289 2436 359 SENTENT.
2491 287 2720 356 DIST.
2771 290 3000 406 XXJI,
3052 290 3127 368 F,
3179 292 3382 360 ART.
3436 293 3503 362 8.

4125 294 4253 361 5¹17

1038 480 1173 532 ore
1243 458 1580 534 hominis
1647 459 1796 535 dici
1863 469 2113 559 potest
2155 454 2198 532 ¹.
2272 463 2468 535 Ecce
2529 469 2790 557 aperte
2859 461 3147 554 docuit,
3220 462 3428 559 quod
3500 461 3813 536 nomina
3891 461 4258 538 unitatem

1039 592 1326 667 divinae
1362 592 1780 690 majestatis
1819 593 2362 691 significantia,
2408 602 2484 669 et
2527 593 2622 666 ad
2674 617 2756 668 se
2801 594 3169 669 dicuntur
3235 596 3328 670 de
3378 596 3568 689 De0,
3627 595 3700 668 id
3769 605 3908 689 est,
3945 595 4108 670 sine
4137 619 4261 672 re-

1039 727 1350 814 latione,
1424 737 1499 802 et
1555 726 1648 803 de
1716 728 2078 804 omnibus
2139 728 2511 827 personis
2609 729 3153 823 communiter,
3224 738 3301 805 et
3375 730 3468 804 de
3559 730 3887 827 singulis
3954 728 4258 804 divisim

1033 865 1401 940 dicuntur
1443 889 1460 939 :
1507 888 1649 940 nec
1681 865 2107 963 pluraliter,
2153 866 2288 940 sed
2329 864 2832 962 singulariter
2864 864 2943 939 in
2968 888 3277 940 summa
3317 865 3828 964 accipiuntur.
3892 866 4029 940 Illa
4076 889 4258 941 vero

1035 998 1356 1073 nomina
1396 1021 1572 1097 quae
1637 1000 1945 1099 proprie
2002 999 2097 1075 ad
2164 1000 2515 1096 singulas
2578 999 2971 1097 pertinent
3039 1023 3440 1098 personas,
3488 1001 3829 1094 relative,
3879 1023 4033 1074 non
4088 1000 4265 1074 suh-

1035 1133 1498 1209 stantialiter
1562 1133 1949 1209 dicuntur.
2035 1132 2264 1221 Quod
2333 1133 2543 1209 enim
2615 1133 2924 1231 proprie
2986 1134 3297 1230 singula
3358 1133 3433 1207 in
3494 1134 3856 1208 Trinitate
3932 1157 4262 1232 persona

1043 1271 1326 1346 dicitur
1366 1276 1481 1364 (ut
1510 1269 1617 1345 ait
1643 1269 2123 1367 Augustinus
2163 1270 2241 1343 in
2270 1269 2543 1345 eodem
2585 1274 2636 1362 2)
2669 1270 2885 1343 nullo
2930 1270 3157 1344 modo
3192 1269 3288 1343 ad
3316 1270 3685 1368 seipsum,
3725 1270 3856 1344 sed
3898 1269 3993 1343 ad
4033 1270 4257 1343 aliam

1045 1406 1407 1501 invicem,
1450 1406 1572 1481 vel
1612 1406 1707 1480 ad
1748 1414 2179 1480 creaturam
2211 1404 2521 1479 dicitur.
2571 1405 2664 1478 Et
2707 1403 2879 1479 ideo
2923 1405 3274 1500 relative,
3321 1428 3476 1478 non
3518 1402 4123 1479 substantialiter
4157 1404 4266 1478 di-

1037 1540 1138 1635 ci,
1178 1539 1669 1615 manifestum
1711 1550 1852 1615 est.

1443 2066 1947 2138 ARTICULUS
2000 2065 2189 2133 Vlll.

1051 2296 1161 2364 An
1220 2294 1722 2386 participatum
1777 2293 1850 2360 in
1904 2291 2158 2359 divinis
2201 2298 2601 2382 potestesse

1416 2398 1654 2488 majus
1700 2399 2164 2490 participante
2197 2398 2234 2464 ⁴?

1138 2714 1406 2784 Deinde
1436 2714 1761 2805 quaeritur
1785 2714 1869 2783 de
1908 2712 2039 2783 hoc
2076 2713 2261 2804 quod
2310 2713 2473 2784 dicit
2528 2713 2598 2780 in

1057 2822 1299 2893 ultimo
1351 2821 1649 2915 capitulo
1693 2824 1764 2891 in
1826 2823 2185 2916 principio,
2239 2820 2360 2906 ibi,
2423 2847 2459 2888 ι
2513 2823 2599 2890 Ut

1053 2933 1257 3024 quasi
1285 2932 1634 3024 particeps
1677 2930 1833 3022 ejus
1855 2932 1948 2998 sit
1977 2953 2001 2998 .·
2022 2929 2336 3022 alioquin
2366 2929 2605 3021 major

1051 3050 1216 3109 esset
1252 3040 1386 3108 illa
1416 3040 1849 3132 maqm’tudo,
1882 3048 2008 3108 etc.
2046 3065 2080 3107 n
2423 3032 2436 3045 ’

1140 3145 1290 3215 Hoc
1328 3146 1511 3214 enim
1543 3168 1683 3214 non
1712 3144 2004 3226 videtur,
2048 3146 2209 3237 quia
2241 3144 2352 3214 ille
2383 3153 2608 3237 potest

1052 3255 1455 3347 participare
1495 3252 1877 3323 albedinem
1909 3252 2019 3323 vel
2049 3253 2549 3324 humanitatem
2585 3274 2602 3320 ε

1047 3372 1117 3433 et
1158 3372 1393 3433 tamen
1432 3361 1549 3431 illa
1590 3361 1834 3433 albedo
1881 3363 1992 3432 vel
2030 3362 2427 3434 humanitas
2465 3386 2604 3433 non

1053 3478 1158 3539 est
1191 3470 1412 3560 major
1448 3492 1655 3561 quam
1686 3469 1853 3562 ipse.

1148 3687 1459 3756 Somno.
1517 3687 1916 3767 Dicendum,
1957 3687 2141 3780 quod
2190 3686 2358 3756 nibil
2391 3688 2609 3779 parti-

1133 3922 1151 3959 ¹
1183 3922 1243 3981 S.
1278 3924 1654 3990 Arcesi-isra,
1688 3921 1810 3979 Lib.
1845 3924 1888 3977 V
1913 3923 1987 3980 de
2016 3921 2325 3994 Trinitate,
2348 3939 2477 3997 cap.
2525 3927 2609 3979 tt.

1130 4010 1155 4048 ³
1185 4013 1338 4084 lou,
1365 4015 1616 4080 ibidem,
1647 4030 1776 4089 cap.
1813 4017 1898 4071 to,

1337 5788 1447 5831 XXV

2709 1868 2976 1957 cipatur
3002 1871 3304 1960 proprie,
3350 1866 3479 1937 nisi
3511 1871 3706 1959 cujus
3747 1866 4012 1958 eapitur
4047 1887 4202 1955 pars
4236 1887 4252 1935 t

2708 1975 2930 2043 forma
2950 1985 3181 2046 autem
3223 1978 3447 2045 omnis
3479 1977 3562 2045 de
3582 2000 3653 2045 se
3686 1972 4082 2044 universalis
4111 1982 4253 2043 est:

2709 2092 2776 2152 et
2812 2084 2968 2153 licet
3025 2095 3167 2154 tota
3223 2087 3311 2154 sit
3370 2088 3440 2154 in
3495 2089 3621 2155 isto
3655 2085 3880 2177 quoad
3910 2107 4078 2162 esse,
4122 2106 4261 2151 non

2708 2201 2938 2261 tamen
2970 2201 3115 2262 tota
3154 2202 3256 2262 est
3294 2194 3469 2262 intra
3525 2193 3971 2261 substantiam
4036 2191 4263 2282 quoad

2711 2322 2936 2390 posse,
2964 2301 3125 2392 quia
3144 2309 3369 2393 potest
3396 2323 3542 2370 esse
3574 2302 3642 2367 in
3662 2300 3818 2379 alio,
3860 2299 4053 2367 aliter
4079 2298 4261 2367 enim

2712 2430 2853 2476 non
2904 2417 3084 2477 esset
3152 2406 3557 2478 universalis
3610 2429 3628 2476 ε
3700 2407 3855 2475 licet
3894 2404 4265 2474 secundum

2709 2518 2896 2610 quod
2934 2520 3113 2586 inest
3135 2517 3322 2603 huic,
3355 2540 3494 2587 non
3530 2517 3615 2585 sit
3643 2515 3752 2585 vel
3782 2516 3995 2607 possit
4022 2537 4166 2582 esse
4195 2515 4275 2582 iu

2708 2623 2843 2694 alio
2881 2648 2895 2692 z
2941 2633 3172 2694 tamen
3212 2625 3280 2693 id
3319 2624 3505 2717 quod
3561 2624 3736 2692 inest
3799 2621 3981 2706 huic,
4041 2627 4265 2712 potest

2710 2734 2931 2802 inesse
2978 2732 3130 2802 aliis
3173 2732 3408 2802 multis
3470 2757 3486 2802 ε
3557 2739 3622 2800 et
3654 2730 3804 2799 ideo
3842 2729 4169 2819 accipitur
4198 2727 4268 2795 iu

2709 2851 2899 2934 parte
2930 2866 3071 2911 suoe
3109 2844 3489 2934 potestati&
3530 2840 3644 2909 Sic
3672 2848 3902 2910 autem
3933 2840 4264 2929 sequitur.

2714 2949 2893 3040 quod
2943 2974 3150 3019 omne
3214 2949 3691 3042 participatum
3760 2946 3982 3035 majus
4038 2943 4122 3013 sit
4196 2943 4267 3010 in

2714 3081 2941 3149 posse,
2984 3081 3193 3150 quam
3243 3057 3311 3125 id
3361 3055 3546 3148 quod
3613 3055 3970 3147 participat
4019 3052 4265 3142 ipsum.

2717 3166 2865 3234 lloc
2933 3175 3161 3235 autem
3223 3165 3291 3233 in
3358 3162 3609 3233 divinis
3665 3183 3802 3230 non
3867 3159 4182 3229 convenit
4243 3178 4260 3227 ε

2717 3297 2872 3343 cum
2905 3297 3046 3343 non
3086 3275 3173 3342 sit
3221 3282 3414 3343 extra
3464 3271 3683 3339 Deum
3725 3267 3980 3359 aliquid
4045 3267 4268 3356 majus

2718 3385 2894 3475 ips0,
2938 3406 3064 3452 nec
3102 3380 3479 3450 secundum
3510 3402 3684 3461 esse,
3731 3401 3857 3447 nec
3895 3374 4266 3445 secundum

2717 3516 2918 3585 posse
2962 3514 2978 3560 ε
3023 3492 3143 3561 sed
3174 3500 3393 3560 totum
3425 3490 3492 3558 id
3540 3488 3725 3581 quod
3783 3495 3886 3557 est
3939 3487 4106 3576 ipse,
4151 3482 4265 3551 ubi

2718 3623 2859 3668 non
2900 3607 3001 3667 est
3048 3596 3433 3667 universale
3490 3605 3557 3664 et
3610 3591 4036 3687 particulare,
4096 3592 4271 3659 sicut

2728 3731 2935 3800 supra
2977 3706 3344 3798 probatum
3381 3712 3489 3775 est
3521 3708 3568 3773 ⁸.

2791 3922 2815 3958 ⁸
2843 3922 2928 3979 Cf.
2961 3921 3172 3996 Supra,
3205 3920 3348 3976 nist.
3382 3918 3526 3982 ΧΙΧ.
3552 3921 3662 3973 art..
3693 3919 3773 3971 ¹5.

3939 5762 4005 5814 37
