4897 6388
415 1416 496 1463 Ad
529 1418 567 1464 1.

426 1957 568 2005 Ad&

687 263 817 351 208

687 429 758 521 ly
794 452 1148 519 qeneranS,
1184 433 1277 500 ita
1319 431 1594 519 scilicet-
1629 430 1814 522 quod
1853 431 2227 499 substanti-

682 528 830 605 'vari
874 539 1285 631 intelligatur
1314 541 1382 631 ly
1416 562 1769 631 qenerans,
1820 538 1931 607 vel
1962 539 2226 606 interci-

688 646 804 713 dat
859 648 1261 736 compositio
1317 650 1489 715 inter
1544 647 1615 737 ly
1671 649 2004 738 qenerc'ms
2038 652 2104 710 et
2160 643 2226 733 ly

683 756 897 835 Deus,
933 756 1075 844 jam
1145 754 1351 821 Filius
1390 756 1517 821 erit
1559 774 1912 843 generans,
1976 751 2042 818 id
2099 759 2217 826 est,

686 863 814 930 erit
850 863 1035 930 Deus
1074 863 1184 950 qui
1244 863 1430 929 Deus
1470 870 1570 928 est
1622 882 1978 950 generauS,
2014 868 2081 927 et
2131 859 2226 925 si-

689 971 943 1038 militer
1000 968 1291 1058 Spiritus
1348 977 1620 1038 sanctus
1665 992 1680 1038 :
1725 972 1881 1059 quia
1916 970 2117 1037 Pater
2162 977 2228 1037 et

688 1076 901 1143 Filius
941 1084 1009 1144 et
1067 1074 1355 1167 Spiritus
1412 1087 1682 1146 sanctus
1738 1085 1894 1146 sunt
1931 1100 2106 1144 unus
2165 1084 2231 1144 et

690 1183 870 1252 idem
912 1184 1118 1263 DeuS,
1154 1195 1228 1252 ut
1274 1208 1477 1276 supra
1505 1184 1525 1219 ¹
1592 1183 1898 1251 habitum
1930 1191 2048 1251 est.
2107 1182 2225 1249 His

689 1290 965 1371 habitis,
1003 1294 1546 1381 respondendum
1578 1299 1678 1359 est
1715 1291 1798 1359 ad
1822 1290 2109 1380 objecta.

777 1399 1128 1468 Dim-:snum
1154 1422 1314 1491 ergo
1339 1400 1425 1468 ad
1452 1400 1777 1489 primum,
1804 1397 1987 1489 quod
2004 1396 2225 1488 Magi-

675 1515 825 1580 ster
862 1506 1147 1576 attendit
1174 1531 1371 1599 posse
1426 1529 1750 1600 generare
1798 1529 1881 1575 ex
1920 1530 1997 1575 ea
2034 1514 2222 1597 parte

687 1636 824 1704 qua
851 1616 1121 1682 unitum
1161 1623 1260 1684 est
1312 1614 1644 1683 notionali
1685 1613 2055 1682 secundum
2114 1614 2224 1681 in-

683 1711 1057 1803 tellectum,
1093 1733 1158 1793 et
1215 1749 1353 1793 non
1409 1748 1492 1793 ex
1519 1723 1651 1792 alia
1703 1734 1889 1814 parte
1925 1748 1939 1792 ε
1975 1731 2039 1792 et
2071 1723 2218 1792 ideo

682 1831 845 1923 dicit
883 1855 1028 1901 esse
1059 1832 1142 1899 ad
1172 1832 1452 1924 aliquid,
1497 1840 1565 1900 et
1592 1853 1731 1899 non
1763 1831 1950 1922 quid.

769 1942 876 2009 An
924 1965 1120 2009 amun
1159 1940 1546 2019 dicendum,
1591 1938 1776 2030 quod
1818 1938 1950 2009 hoc
1980 1963 2219 2009 verum

680 2056 808 2131 est,
845 2048 1028 2139 quod
1057 2049 1376 2138 potentiae
1408 2046 1921 2136 distinguuntur
1946 2054 2010 2114 et
2039 2044 2220 2114 diffi-

554 2180 562 2188 ·
678 2156 963 2224 niuntur
1012 2176 1129 2245 per
1166 2147 1352 2223 actus
1398 2177 1413 2221 :
1483 2151 1601 2220 sed
1640 2160 1864 2220 tamen
1913 2175 2049 2222 non
2091 2175 2218 2246 po-

397 5383 480 5431 Ad
505 5387 549 5433 4.

677 2271 938 2333 nuntur
1002 2263 1073 2329 in
1120 2285 1364 2353 genere
1413 2268 1688 2329 actuum
1753 2264 2132 2330 necessario
2193 2284 2209 2330 ε

677 2372 842 2465 quia
869 2380 1059 2440 actus
1091 2372 1159 2436 in
1199 2369 1444 2438 divinis
1483 2369 1553 2435 in
1583 2389 1831 2458 genere
1872 2367 2216 2438 relationis

677 2489 838 2550 suut
882 2505 897 2550 ε
941 2488 1010 2548 et
1038 2478 1186 2548 ideo
1222 2502 1361 2548 non
1399 2484 1672 2569 oportet
1696 2485 1772 2544 ut
1799 2479 2101 2568 potentia
2130 2480 2217 2548 sit

673 2589 743 2655 in
777 2586 1020 2656 eodem
1050 2609 1297 2678 genere
1334 2609 1348 2654 :
1375 2607 1515 2654 non
1546 2584 1728 2652 enim
1760 2583 1937 2653 idem
1969 2594 2069 2654 est
2108 2585 2215 2654 di-

673 2696 961 2788 stingui,
1004 2695 1168 2763 etin
1207 2719 1454 2788 genere
1492 2690 1657 2789 poni
1703 2722 1718 2767 :
1755 2700 1914 2790 quia
1973 2696 2215 2765 distin-

672 2809 808 2876 ctio
839 2806 916 2874 sit
947 2804 1026 2873 ad
1064 2807 1550 2897 cognitionem,
1573 2831 1790 2901 genus
1821 2815 2048 2876 autem
2072 2829 2217 2898 per·-

672 2917 843 2985 tinet
899 2914 986 2983 ad
1042 2916 1137 2983 rei
1204 2926 1541 2987 naturam.
1600 2918 1686 2987 Et
1749 2919 1804 2986 si
1870 2917 2210 3006 objicitur,

671 3024 859 3117 quod
895 3022 1321 3093 diffiniuntur
1366 3049 1485 3117 per
1525 3034 1741 3112 actus,
1777 3034 1844 3095 et
1899 3025 2213 3094 diffinitio

669 3133 872 3203 datur
902 3156 1022 3226 per
1058 3156 1137 3202 ea
1178 3156 1327 3226 quae
1369 3145 1526 3205 sunt
1567 3135 1867 3228 ejusdem
1903 3143 2157 3205 naturoe
2190 3158 2207 3204 :

668 3243 1057 3322 dicendum,
1118 3244 1299 3334 quod
1351 3248 1667 3338 potentiae
1707 3248 1971 3332 activae,
2015 3245 2215 3337 quid-

669 3344 837 3444 quid
879 3354 1082 3421 etiam
1142 3354 1228 3421 sit
1257 3354 1340 3422 de
1396 3356 1708 3446 passivis,
1766 3377 1905 3423 non
1961 3354 2211 3424 habent

676 3460 957 3529 diffiniri
987 3483 1107 3551 per
1136 3469 1348 3541 actus,
1384 3463 1513 3530 nisi
1542 3464 1714 3531 sicut
1742 3465 1928 3553 prius
1969 3462 2211 3531 ‹listini-

668 3576 784 3636 tur
823 3590 946 3658 per
1009 3570 1344 3657 posterius
1378 3588 1394 3637 τ
1436 3577 1503 3637 et
1544 3567 1710 3637 tales
1775 3567 2210 3639 diffinitiones

670 3694 811 3741 non
844 3683 1003 3741 sunt
1069 3674 1189 3756 rei,
1230 3675 1348 3742 sed
1422 3684 1578 3744 sunt
1636 3675 1860 3765 quoad
1902 3698 2025 3745 nos
2068 3698 2083 3743 ε
2145 3686 2208 3746 et

671 3780 827 3850 ideo
866 3803 1020 3849 cum
1060 3785 1364 3870 potentia
1411 3782 1778 3874 generandi
1819 3785 1906 3852 sit
1962 3785 2203 3864 activa,

669 3887 785 3956 illa
816 3888 1107 3977 objectio
1138 3911 1282 3957 non
1309 3893 1514 3982 cogit.

761 3996 865 4063 An
912 4019 1109 4064 Λιιυι)
1165 3998 1553 4083 dicendum,
1614 4000 1797 4091 quod
1844 4022 2042 4092 posse
2089 4023 2206 4092 ge·

670 4126 909 4172 nerare
967 4125 1105 4172 non
1144 4103 1305 4174 dicit
1358 4109 1768 4176 conveniens
1809 4107 2017 4186 Patri,
2078 4110 2206 4176 nisi

667 4218 950 4301 propter
987 4209 1116 4278 hoc
1172 4215 1330 4304 quia
1369 4213 1667 4282 medium
1714 4222 1813 4283 est
1864 4237 1997 4283 non
2036 4215 2208 4284 inter

666 4327 985 4387 naturam
1027 4327 1091 4385 et
1130 4344 1629 4413 quamcumque
1668 4345 2052 4413 personam,
2089 4322 2206 4391 sed

668 4426 851 4493 inter
879 4433 1191 4494 naturam
1223 4437 1286 4496 et
1331 4452 1691 4521 personam
1724 4428 1942 4497 Patris
1976 4452 1991 4496 ε
2028 4429 2204 4498 unde

669 4531 856 4623 quod
888 4555 1027 4600 non
1056 4537 1370 4603 convenit
1410 4536 1462 4603 F
1467 4535 1610 4621 ilio,
1651 4558 1791 4604 non
1828 4544 1929 4604 est
1958 4559 2042 4605 ex
2070 4536 2202 4605 alio

668 4640 798 4708 nisi
830 4661 915 4707 ex
945 4663 1026 4708 eo
1058 4642 1239 4731 quod
1268 4642 1472 4711 habet
1492 4643 1572 4711 de
1594 4642 1926 4712 notionali
1958 4643 2198 4724 Patris,

668 4755 734 4816 et
764 4769 904 4816 non
928 4757 1200 4838 propter
1237 4750 1367 4819 hoc
1406 4752 1589 4842 quod
1629 4751 1828 4821 habet
1859 4751 1940 4821 de
1971 4776 2204 4821 essen-

668 4852 838 4932 tiali,
893 4857 1111 4945 gratia
1149 4859 1340 4948 cujus
1406 4861 1626 4949 ipsum
1693 4859 1936 4928 dicitur
1982 4859 2140 4951 quid
2181 4883 2197 4928 ε

665 4957 849 5027 unde
908 4961 1068 5052 quia
1105 4964 1418 5031 convenit
1476 4973 1729 5032 naturoe
1770 4966 1837 5032 in
1878 4963 2100 5047 Patre,
2147 4968 2201 5033 si

667 5068 942 5158 proprie
998 5068 1326 5139 vellemus
1382 5070 1507 5139 sibi
1552 5095 1799 5163 ponere
1828 5096 2041 5163 genus
2094 5097 2204 5142 se-

668 5173 969 5241 cundum
1001 5183 1215 5244 totum
1262 5179 1443 5271 quod
1485 5181 1551 5246 in
1594 5182 1737 5269 ipso
1768 5190 1891 5256 est,
1944 5180 2202 5249 dicere-

671 5304 828 5350 mus
859 5285 1081 5373 ipsum
1122 5309 1266 5357 esse
1295 5288 1459 5379 quid
1489 5288 1572 5357 ad
1603 5287 1881 5379 aliquid.

761 5392 867 5459 An
913 5415 1109 5461 Auen
1173 5396 1557 5485 dicendum,
1603 5398 1784 5492 quod
1841 5397 1988 5467 aliae
2046 5408 2203 5468 sunt

743 5619 762 5655 ¹
794 5620 881 5677 Cf.
914 5621 1123 5696 Supra,
1155 5624 1298 5682 nist.
1329 5626 1421 5683 1v.

1683 259 1765 350 Ι).
1813 222 2009 328 Am.
2056 259 2270 330 MAG.
2316 259 2520 360 om).
2576 259 2871 361 PRAED.

2330 433 2650 520 potentiae‘
2688 430 2775 520 ad
2805 438 3027 500 totum
3047 452 3194 514 esse
3230 425 3770 520 producendum,
3813 434 3881 494 et
3907 473 3939 494 A·
3965 423 3994 502 ζ,
4173 417 4206 514 s,

2332 538 2481 606 aliae
2536 538 2621 605 ad
2668 523 2896 628 opera>
2927 540 3417 630 consequentia
3462 559 3478 603 z
3535 534 3714 602 unde
3753 532 3888 601 itlae
4036 523 4053 553 ²
4231 529 4248 540 ⁴

2333 668 2482 735 quae
2503 647 2760 714 suntad
2788 655 3008 715 totum
3031 671 3179 717 esse
3199 646 3738 738 producendum,
3763 665 3885 711 ne-

2333 774 2514 819 cesse
2546 754 2850 845 estquod
2897 755 3285 822 radicentur
3314 757 3382 821 in
3424 755 3572 844 ipsa
3620 753 3714 821 rei
3756 774 3885 818 na—

2332 866 2481 927 tura
2513 858 2739 950 aliquo
2780 860 3013 939 mode,
3057 860 3231 928 sicut
3272 869 3376 927 est
3411 862 3714 949 potentia
3760 881 3886 950 ge·-

2333 967 2636 1047 nerandi,
2681 967 3055 1036 secundum
3089 968 3276 1059 quod
3322 967 3571 1035 diffinit
3600 967 3883 1035 Boetius

2333 1083 2669 1159 naturam,
2713 1076 2898 1167 quod
2937 1086 3180 1144 natura
3218 1085 3321 1144 est
3357 1077 3462 1144 vis
3501 1076 3750 1143 inserta
3786 1095 3884 1141 re·

2331 1182 2457 1249 bus
2505 1206 2588 1252 ex
2618 1183 2954 1252 similibus
2984 1182 3237 1251 similia
3281 1206 3672 1274 procreans.
3740 1179 3878 1251 Sed

2330 1292 2650 1380 potentiae
2723 1291 2809 1359 ad
2884 1314 3094 1383 opera
3157 1294 3645 1383 consequentia
3704 1314 3876 1373 esse,

2331 1397 2718 1466 radicantur
2763 1399 2833 1466 in
2897 1399 3431 1490 proprietatibus
3484 1399 3874 1489 compositi,

2327 1514 2402 1574 ut
2438 1509 2742 1597 potentia
2796 1507 3231 1577 calefaciendi
3277 1508 3615 1578 radicatur
3658 1510 3727 1576 in
3756 1531 3877 1579 ca-

2324 1617 2582 1687 liditate
2611 1618 2813 1708 ignis»,
2883 1640 3035 1709 quae
3066 1625 3168 1686 est
3215 1619 3592 1709 proprietas
3641 1641 3874 1688 conse·

2327 1750 2541 1819 quens
2597 1748 2743 1795 esse
2801 1727 3038 1817 ignis:
3093 1726 3276 1794 unde
3311 1728 3403 1800 ,in
3469 1727 3718 1796 divinis
3775 1751 3878 1798 se·
3953 1812 3959 1818 ι

2322 1833 2620 1902 cundum
2665 1833 2948 1901 modum
3016 1833 3446 1924 intelligendi
3478 1858 3683 1926 quem
3740 1834 3874 1904 ha-

2324 1943 2482 2011 bere
2519 1962 2908 2033 possumuS,
2962 1942 3271 2032 potentia
3329 1943 3701 2033 generandi
3759 1966 3872 2012 ra-

2322 2049 2582 2119 dicatur
2612 2050 2685 2118 in
2712 2058 2953 2118 natura
2984 2049 3363 2118 secundum
3386 2049 3571 2142 quod
3592 2060 3694 2119 est
3720 2074 3873 2142 per·

2321 2181 2512 2226 sona.

2405 2266 2510 2332 Au
2557 2288 2622 2332 in
2674 2263 2861 2358 quod
2919 2262 3205 2332 ulterius
3275 2263 3616 2354 objicitur,
3686 2265 3871 2358 quod

2317 2373 2554 2442 eadem
2612 2381 2712 2442 est
2748 2380 2993 2440 natura
3037 2372 3107 2438 in
3159 2370 3360 2441 Patre
3399 2380 3465 2440 et
3521 2372 3723 2453 Filio,
3768 2383 3872 2443 est

2318 2480 2557 2549 eodem
2614 2480 2820 2550 modo
2869 2479 3262 2559 dicendum,
3335 2481 3525 2573 quod
3559 2482 3691 2552 hoc
3746 2504 3875 2552 ve-

2320 2611 2469 2655 rum
2501 2595 2602 2656 est
2636 2607 2653 2657 :
2687 2586 2806 2656 sed
2854 2609 2992 2656 non
3023 2595 3126 2655 est
3173 2587 3414 2656 eadem
3446 2590 3872 2681 comparatio

2319 2706 2577 2765 naturae
2607 2695 2778 2766 Filio
2811 2704 2879 2765 et
2907 2694 3195 2786 Spiritui
3254 2705 3491 2766 sancto
3527 2719 3544 2765 ε
3594 2698 3752 2789 quia
3802 2700 3876 2766 in

2317 2827 2605 2896 persona
2632 2806 2855 2874 Patris
2892 2812 3333 2896 comparatur
3369 2805 3454 2874 ad
3503 2829 3871 2898 personam

2319 2913 2564 2995 Patris,
2623 2922 2691 2983 et
2751 2912 2961 2983 habet
3015 2915 3086 2981 in
3142 2916 3272 2983 ista
3355 2915 3872 3007 comparatione

2318 3021 2576 3114 aliquid
2607 3021 2906 3091 medium
2957 3022 3334 3091 secundum
3383 3025 3717 3093 rationem
3773 3024 3877 3091 in·

2316 3129 2690 3222 telligendi,
2725 3129 2908 3223 quod
2949 3153 3088 3201 non
3134 3129 3342 3201 habet
3371 3153 3456 3202 ex
3511 3155 3875 3225 compara-

2317 3241 2500 3309 tione
2529 3240 2632 3307 sui
2660 3238 2744 3308 ad
2775 3238 3024 3308 Filium
3046 3248 3112 3308 et
3144 3239 3480 3333 Spiritum
3512 3250 3867 3310 sanctum:

2315 3357 2383 3416 et
2421 3347 2571 3415 ideo
2602 3370 2741 3416 non
2772 3355 3066 3438 oportet,
3099 3347 3284 3439 quod
3322 3351 3629 3440 potentia
3658 3370 3873 3442 gene-

2316 3455 2505 3523 randi
2543 3456 2991 3545 conjunctim,
3024 3465 3100 3524 ut
3139 3453 3397 3526 dictuin
3432 3466 3560 3541 est,
3593 3467 3870 3551 accepta

2312 3564 2396 3631 sit
2426 3564 2496 3631 in
2527 3563 2697 3634 Filio
2723 3573 2789 3633 et
2822 3563 3082 3655 Spiritu
3113 3573 3377 3634 sancte.

2395 3674 2502 3740 An
2547 3695 2613 3741 ιο
2656 3672 2840 3764 quod
2895 3671 3216 3763 objicitur
3270 3683 3510 3743 contra
3575 3674 3863 3743 solutio·

2311 3802 2468 3848 nem
2521 3780 2857 3850 dicentem
2897 3782 3278 3873 potentiam
3331 3781 3738 3874 dispositam
3799 3790 3869 3852 et

2311 3887 2687 3979 potentiam
2744 3887 3247 3979 indispositam,
3311 3888 3486 3959 bene
3562 3888 3863 3959 concedo

2313 3994 2494 4085 quod
2534 4002 2633 4062 est
2689 3994 2960 4063 incauta
3015 3994 3297 4076 soluti0,
3342 4004 3408 4065 et
3463 4018 3602 4065 non
3660 3994 3870 4065 habet

2311 4102 2516 4170 verba
2555 4101 2828 4193 propria
2855 4103 2924 4171 in
2954 4101 3203 4172 divinis
3240 4124 3257 4173 τ
3290 4112 3357 4174 et
3387 4104 3442 4172 si
3472 4112 3648 4174 esset
3673 4126 3862 4183 vera,

2311 4209 2533 4278 adhuc
2563 4219 2790 4280 tamen
2821 4233 2962 4280 non
2988 4211 3238 4281 faceret
3268 4212 3354 4281 ad
3381 4214 3814 4306 propositum
3843 4237 3861 4284 z

2312 4320 2469 4409 quia
2518 4319 2870 4410 dispositio
2931 4342 3070 4388 non
3110 4321 3271 4392 facit
3307 4323 3689 4414 potentiam
3718 4346 3866 4396 esse

2311 4424 2391 4492 de
2422 4424 2651 4516 aliquo
2682 4447 2956 4517 genere,
2982 4435 3060 4495 ut
3088 4427 3334 4518 probat
3363 4427 3682 4519 objectio.

2397 4534 2502 4599 An
2551 4555 2862 4601 annones
2927 4543 3157 4603 autem
3219 4535 3371 4604 illas
3442 4560 3593 4629 quae.
3657 4538 3867 4609 indu-

2309 4650 2557 4711 cuntur
2610 4642 2695 4709 ad
2734 4640 2866 4711 hoc
2910 4642 3095 4735 quod
3133 4646 3439 4735 potentia
3492 4646 3862 4737 generandi

2309 4752 2394 4818 sit
2425 4759 2709 4830 naturae,
2754 4752 3269 4822 concedendum
3329 4762 3431 4822 est
3456 4753 3591 4824 hoc
3654 4755 3861 4826 modo

2311 4880 2445 4947 quo
2478 4857 2732 4927 dictum
2765 4867 2889 4928 est.

2398 4968 2500 5033 An
2551 4991 2613 5034 m
2646 4969 2832 5059 quod
2889 4967 3138 5037 ultimo
3214 4969 3554 5058 objicitur·
3598 4994 3682 5041 ex
3730 4970 3863 5042 hoc

3984 2271 4067 2317 Ad
4094 2272 4141 2318 b.

3915 2323 3989 2370 Ad
4016 2324 4191 2383 object.

3912 3664 4184 3715 Adssot'e'·

3919 3718 4001 3772 Λα
4018 3717 4194 3780 om

3893 4523 3966 4570 Ad
3985 4523 4208 4583 obstem.

3929 4581 3972 4632 ²·
3998 4582 4026 4626 ⁸
4053 4584 4104 4626 οἱ
4127 4583 4172 4627 4.

3890 4956 3972 5004 Ad
3989 4956 4217 5017 obstetu-

2310 5074 2492 5163 quod
2530 5073 2691 5143 dicit
2719 5074 3069 5166 Magister,
3113 5076 3300 5168 quod
3319 5079 3621 5168 potentia
3649 5101 3864 5171 gene-

2310 5180 2498 5248 randi
2532 5190 2632 5249 est
2668 5181 2894 5272 aliqua
2923 5184 3253 5273 potentia,
3295 5182 3656 5254 dicendum
3678 5186 3858 5279 quod

2309 5285 2437 5356 hoc
2466 5312 2704 5356 verum
2736 5298 2838 5357 est
2870 5312 2885 5356 ε
2936 5290 3239 5381 aliquam
3270 5292 3455 5361 enim
3485 5295 3860 5384 potentiam

2309 5417 2455 5463 esse
2511 5404 2613 5464 est
2666 5419 3032 5466 commune
3107 5397 3195 5466 ad
3270 5398 3554 5492 aliquid,
3625 5409 3693 5470 et
3774 5401 3860 5470 ad
