4897 6388
1851 264 1946 331 IN
1993 264 2023 329 1
2074 261 2503 331 SENTENT.
2563 244 2784 374 nist).
2841 251 3031 345 xtv‘,
3086 268 3172 349 A,
3224 271 3423 339 ΛΒΤ.
3479 276 3543 343 2.

4198 267 4318 336 39¹

1097 445 1200 505 est
1263 438 1449 517 honi,
1511 433 1903 505 ‘secundum
1966 432 2143 522 quod
2198 431 2461 497 bonum
2558 436 2677 495 est*
2730 422 2896 521 'gor
2951 436 3242 506 insolitae
3309 444 3571 531 gratiae,
3636 444 3905 510 videtur
3942 441 4123 532 quod
4197 464 4324 529 ap-

1090 545 1488 613 diss'usivum
1519 544 1622 612 sui
1664 550 1730 610 et
1758 563 1904 608 esse
1934 562 2051 628 per
2080 546 2308 605 actum
2368 537 2656 602 creatio-
2763 544 3012 628 paritio
3072 555 3139 614 et
3197 551 3431 618 missio
3464 553 3598 620 sint
3629 554 3828 620 idem.

1088 655 1221 732 nis,
1276 651 1652 721 secundum
1705 670 1908 739 quem
1972 647 2250 712 modum
2311 651 2510 710 vocat
2576 664 2655 710 ea

2852 652 2913 716 2.
2956 652 3318 738 Praeterea,
3357 660 3512 725 Non
3540 662 3726 727 venit
3763 662 3890 726 nisi
3969 659 4083 749 qui
4158 660 4319 724 mit-

1082 784 1239 852 quae
1282 783 1420 828 non
1451 766 1608 826 sunt
1638 765 1986 847 tamquam
2030 776 2108 821 ea
2149 775 2302 842 quae
2348 759 2547 818 sunt:
2584 742 2653 817 et
2758 756 2925 825 titur
2991 762 3089 830 ad⁴
3146 788 3313 833 nos:
3385 769 3501 836 scd
3570 771 3684 859 qui
3742 776 4041 859 apparet,
4086 769 4310 834 venit:

1079 871 1176 937 sic
1213 868 1518 960 procedit
1547 871 1616 934 in
1657 867 1888 934 omnia
1926 864 2209 943 bonum,
2265 860 2641 929 secundum

1078 977 1266 1068 quod
1296 978 1562 1052 dicitur,
1612 976 1795 1043 Vidit
1835 977 2017 1042 Deus
2074 981 2315 1039 cuncta
2344 992 2497 1060 quae
2534 972 2641 1058 se-

1074 1095 1284 1162 cerat,
1319 1095 1381 1151 et
1403 1093 1596 1151 erant
1617 1082 1820 1150 valde
1849 1081 2025 1148 bona
2050 1082 2091 1144 ¹.
2129 1078 2211 1144 Et
2234 1076 2388 1144 licet
2414 1078 2635 1165 ipsum

1071 1194 1156 1260 sit
1213 1191 1568 1281 aequaliter
1641 1212 1713 1258 se
1745 1188 2001 1256 habens
2041 1186 2124 1253 ad
2172 1187 2428 1262 omnia,
2495 1206 2635 1249 non

1069 1311 1300 1370 tamen
1340 1299 1691 1389 aequaliter
1719 1319 1790 1364 se
1812 1295 2063 1364 habent
2093 1294 2224 1360 alia
2255 1294 2338 1359 ad
2364 1294 2626 1382 ipsum:

1067 1421 1133 1477 et
1171 1409 1321 1476 ideo
1350 1408 1527 1483 dicit
1557 1405 1954 1497 DionysiuS,
2008 1403 2188 1493 quod
2255 1401 2631 1491 participa-

1068 1525 1178 1582 tur
1216 1514 1401 1605 quod
1442 1522 1545 1582 est
1587 1509 2190 1603 imparticipabile:
2228 1510 2297 1574 in
2344 1529 2417 1574 se
2469 1508 2628 1595 qui·

1066 1623 1220 1690 dem
1315 1620 1908 1712 imparticipabile,
2003 1619 2162 1709 quia
2272 1615 2627 1706 aequaliter

1066 1730 1292 1797 adest:
1336 1729 1556 1797 sedin
1630 1727 1781 1796 aliis
1848 1748 1997 1817 quae
2053 1747 2192 1792 non
2270 1721 2626 1813 aequaliter

1065 1840 1191 1907 sibi
1242 1839 1510 1917 adsunt,
1555 1837 2080 1929 participatum:
2138 1836 2293 1926 quia
2362 1830 2622 1922 aliquid

1061 1948 1299 2037 recipit
1362 1945 1738 2015 secundum
1804 1967 1949 2013 esse
2003 1951 2314 2011 tantum:
2363 1938 2618 2032 aliquid

1058 2055 1433 2124 secundum
1489 2075 1659 2132 esse,
1722 2060 1788 2119 et
1852 2052 2065 2119 vitam
2123 2074 2141 2116 ε
2189 2048 2447 2141 aliquid
2518 2071 2621 2118 se·

1056 2160 1355 2229 cundum
1422 2182 1594 2242 esse,
1695 2160 1953 2242 vivere,
2010 2166 2076 2225 et
2153 2157 2403 2224 sentire
2469 2177 2484 2225 ε
2548 2164 2617 2224 et

1058 2270 1318 2362 aliquid
1345 2270 1720 2339 secundum
1768 2290 1939 2346 esse,
2010 2270 2263 2343 vivere,
2333 2267 2611 2347 sentire,

1057 2399 1360 2456 movere,
1429 2383 1497 2444 et
1550 2373 1970 2466 intelligere:
2014 2381 2079 2442 et
2139 2373 2234 2440 sic
2293 2371 2376 2440 de
2416 2371 2606 2440 aliis:

1057 2494 1124 2554 et
1189 2485 1348 2554 huic
1410 2485 1823 2577 processioni
1887 2506 2026 2551 non
2093 2491 2192 2551 est
2249 2483 2612 2571 conjuncta

1057 2594 1396 2685 processio
1447 2592 1742 2683 Spiritus
1805 2593 2013 2661 sancti
2047 2600 2122 2659 ut
2187 2592 2255 2658 in
2296 2612 2430 2682 qua
2472 2612 2613 2657 ma-

1055 2703 1429 2771 nifestetur.
1466 2701 1605 2770 Sed
1634 2709 1737 2769 est
1776 2702 2016 2769 iterum
2050 2699 2388 2791 processio
2445 2697 2609 2765 boni

1054 2811 1124 2878 in
1155 2808 1505 2879 effectibus
1542 2810 1775 2901 gratiae
1813 2819 2073 2900 gratam
2129 2806 2434 2874 facientis
2500 2827 2609 2872 ra-

1053 2918 1377 2988 tionalem
1416 2924 1760 3000 naturam,
1798 2916 1975 3010 sicut
2025 2922 2129 2984 est
2178 2912 2507 2990 charitas,
2543 2919 2611 2980 et

1050 3024 1446 3117 hujusmodi
1508 3032 1660 3093 :et
1714 3007 1890 3114 q'uia'
1944 3021 2105 3090 talia
2172 3019 2607 3088 manifestant

1050 3154 1356 3202 amorem
1393 3131 1766 3223 gratuitum
1796 3127 1881 3197 ad
1934 3150 2084 3209 nos,
2154 3127 2304 3197 ideo
2363 3128 2433 3196 in
2499 3124 2607 3193 his

1047 3241 1519 3310 manifestatur
1545 3237 1817 3307 collatio
1857 3236 2016 3306 doni
2051 3237 2293 3328 primi:
2340 3244 2411 3305 et
2473 3234 2606 3305 hoc

1050 3358 1151 3416 est
1179 3347 1473 3439 Spiritus
1521 3354 1837 3416 sanctus:
1880 3366 2042 3436 ergo
2102 3345 2170 3413 in
2238 3343 2342 3412 his
2376 3343 2603 3412 mani-

1047 3455 1330 3524 festatur
1367 3454 1710 3546 processio
1743 3452 2038 3543 Spiritus
2067 3453 2306 3520 sancti.

1507 3883 2006 3965 ARTICULI’S
2040 3895 2123 3963 ll.

1223 4111 1411 4195 Quid
1432 4110 1524 4176 si!
1561 4107 1961 4202 temporalis
1999 4109 2346 4199 apparitio
2370 4112 2407 4174 ζ’

1127 4434 1269 4502 lloc
1311 4433 1543 4501 habito
1575 4441 1840 4523 oportet
1880 4454 2205 4523 quaercre,
2268 4432 2444 4511 Quid
2506 4435 2589 4500 sit

1040 4541 1432 4634 tennporatis
1471 4544 1857 4633 apparitio?

1133 4652 1190 4719 Ι.
1223 4648 1401 4718 Dicit
1427 4657 1653 4716 autem
1684 4646 2044 4716 Cassianus
2072 4672 2086 4715 :
2120 4675 2151 4711 α
2178 4649 2592 4740 Apparuisse

1035 4758 1279 4827 dicitur
1307 4756 1492 4848 quod
1565 4755 1789 4825 subito
1856 4764 2269 4824 monstratur
2297 4763 2346 4825 ¹.
2382 4785 2416 4821 n
2478 4756 2586 4835 Εἰ,

1037 4863 1314 4938 ibidem,
1349 4863 1506 4931 dicit
1537 4885 1552 4930 :
1607 4888 1640 4927 α
1672 4862 2086 4953 Apparuisse
2116 4860 2363 4930 dicitur
2403 4863 2587 4955 quod

1035 4971 1309 5040 insolita
1361 4969 1574 5063 fulget
1643 4969 1970 5039 claritate.
2003 4998 2033 5035 a
2101 4970 2275 5039 Cum
2356 4980 2585 5040 autem

1031 5081 1099 5146 in
1167 5079 1352 5147 omni
1409 5078 1840 5169 processione
1870 5075 2227 5169 temporali
2295 5078 2380 5144 sit
2446 5078 2585 5146 ful-

1100 5365 1118 5401 ¹
1150 5364 1360 5419 Genes.
1392 5378 1432 5429 1,
1458 5362 1546 5418 31.

1096 5453 1121 5489 ἲ
1148 5454 1476 5518 missuum,
1509 5451 1633 5508 Lib.
1664 5455 1713 5507 11
1744 5450 1817 5507 de
1850 5452 2266 5509 iucarnatione
2312 5453 2443 5509 Pitii
2476 5454 2579 5511 Dei

1026 5549 1235 5602 contra
1259 5542 1618 5599 Nestorium.

1094 5633 1119 5669 ³
1146 5635 1315 5704 Item,
1345 5631 1420 5688 ad
1447 5632 1664 5698 Titum,
1685 5647 1771 5699 m,
1797 5632 1832 5685 4
1857 5647 1872 5686 ε
1916 5631 2048 5687 Cum
2104 5638 2284 5688 autem
2325 5634 2580 5705 1»εηίρηί-

2754 888 2917 958 ergo
2962 874 3255 942 mittitur
3294 878 3377 942 ad
3410 900 3558 945 nos.

2844 983 2906 1046 3.
2948 978 3310 1063 Praeterea,
3354 986 3496 1053 Hoc
3526 986 3791 1053 videtur
3829 1009 3946 1076 per
4005 984 4068 1050 id
4135 985 4316 1075 quod

2746 1086 3063 1171 habetur,
3093 1090 3178 1156 ad
3197 1091 3452 1168 Titum,
3488 1116 3560 1166 ιι,
3611 1095 3679 1158 il
3720 1103 3784 1158 et
3825 1094 3899 1158 1⁴2
3927 1115 3939 1156 τ
3968 1094 4317 1182 Apparuit

2739 1199 2979 1284 qratia
3034 1199 3183 1277 Dei,
3254 1201 3625 1267 salvatoris
3682 1202 3917 1274 nostri,
3998 1199 4318 1266 omnibus

2737 1302 3163 1386 hominibus,
3208 1308 3525 1374 erudiens
3554 1331 3700 1390 νιος,
3764 1316 3839 1374 ul
3896 1306 4308 1396 abtieyatzles

2738 1408 3190 1498 impietatem,
3235 1421 3364 1481 etc.
3403 1413 3449 1479 ³.
3484 1413 3658 1504 Ergo
3700 1415 4034 1504 apparitio
4068 1423 4167 1481 est
4224 1415 4307 1480 ad

2736 1516 3294 1586 sanctificandam
3332 1531 3738 1590 creaturam.
3775 1522 3943 1589 Cum
4013 1545 4172 1612 ergo
4231 1532 4305 1589 ut

2735 1622 2848 1692 hic
2873 1625 3142 1705 dicitur,
3180 1630 3265 1695 ad
3323 1631 3504 1698 idem
3561 1632 3646 1699 sit
3712 1634 3970 1714 missio,
4039 1633 4304 1700 videtur

2732 1736 3019 1822 appario
3055 1736 3232 1804 idem
3269 1762 3416 1807 esse
3450 1741 3633 1830 quod
3667 1742 3923 1809 missi0.

2824 1840 2963 1910 Sssn
3048 1868 3305 1914 cox‘rnA
3339 1869 3353 1915 ε
3416 1850 3883 1940 Augustinus:
3941 1878 3972 1915 α
4010 1852 4293 1921 Temere
4326 1894 4415 1940 ω,
4443 1903 4625 1943 eontra.

2728 1969 2869 2017 non
2901 1949 3212 2021 dicamus
3253 1978 3566 2045 quaenam
3616 1981 3701 2026 ex
3762 1958 4084 2027 Trinitate
4139 1983 4296 2049 per-

2721 2078 2895 2125 sona
2943 2058 3225 2128 cuilibet
3286 2061 3565 2130 Patrum
3630 2063 3738 2131 vet
3800 2064 4292 2155 Prophetarum

2722 2165 2793 2231 in
2825 2164 3059 2257 aliquo
3101 2191 3388 2259 corpore
3422 2171 3527 2240 vel
3559 2172 4003 2240 similitudine
4047 2198 4294 2265 corpo-

2722 2270 2818 2338 ris
2874 2277 3297 2363 apparuerit‚
3369 2278 3499 2343 nisi
3548 2300 3701 2346 cum
3746 2279 4160 2348 continentia
4193 2280 4292 2348 le-

2719 2382 2971 2451 ctionis
3001 2385 3234 2477 aliqua
3269 2388 3646 2478 probabilia
3687 2392 4138 2481 circumponit
4183 2394 4290 2460 in-

2717 2489 2918 2560 dicia.
2958 2492 3114 2584 Ipsa
3181 2498 3363 2563 enim
3443 2506 3682 2565 natura
3744 2499 3847 2566 vel
3909 2499 4287 2570 substantia

2716 2597 2826 2666 vel
2876 2603 3201 2682 essentia,
3253 2603 3362 2670 vel
3432 2604 3736 2695 quolibet
3809 2606 3942 2674 alio
4010 2611 4286 2676 nomine

2714 2707 3206 2797 appellandum
3249 2722 3350 2779 est
3389 2711 3682 2803 idipsum
3724 2714 3904 2805 quod
3949 2715 4126 2782 Deus
4157 2727 4282 2795 est,

2715 2815 3049 2907 quidquid
3077 2817 3240 2885 illud
3274 2827 3399 2897 cst,
3434 2820 3875 2911 corporaliter
3902 2823 4109 2890 videri
4147 2848 4282 2893 non

2713 2932 2963 3014 potest.
2991 2923 3125 2992 Per
3143 2924 3516 3014 subjectam
3539 2950 3700 2995 vero
3722 2938 4125 3006 creaturam,
4144 2956 4279 2999 non

2712 3031 2941 3099 solum
2975 3027 3253 3116 Filium,
3281 3032 3388 3100 vel
3424 3033 3753 3125 Spiritum
3793 3046 4126 3116 sanctum,
4162 3041 4279 3108 scd

2711 3140 2916 3207 etiam
2953 3138 3228 3210 Patrem
3260 3142 3591 3233 corporali
3625 3146 3846 3234 specie
3878 3145 3979 3212 vel
4030 3147 4277 3215 simili-

2709 3246 2948 3316 tudine
3016 3249 3422 3317 mortalibus
3479 3251 3788 3319 sensibus
3834 3256 4278 3342 significatio-

2710 3377 2867 3423 nem
2910 3356 3016 3422 sui
3048 3355 3208 3424 dare
3240 3359 3542 3448 potuisse
3580 3359 3985 3428 credendum
4027 3372 4123 3429 est
4155 3385 4199 3431 ὁ.
4238 3391 4270 3429 »

2711 3462 2811 3530 Ex
2842 3460 2973 3532 hoc
3013 3468 3371 3555 accipitur,
3415 3467 3596 3559 quod
3636 3470 3964 3560 apparitio
4011 3481 4126 3538 aut
4176 3482 4273 3540 est

2703 3572 3016 3641 essentiae
3075 3574 3323 3642 divina!
3395 3599 3516 3667 per
3572 3576 3941 3667 subjectam
4012 3592 4274 3649 crs-atu-

2705 3704 2895 3751 ram:
2966 3691 3081 3751 aut
3149 3685 3204 3750 si
3250 3685 3567 3753 convenit
3609 3710 3939 3777 persuum,
3975 3687 4101 3756 boc
4144 3692 4273 3757 crit

2701 3791 2925 3878 gratia
2964 3792 3277 3857 essentia·
3307 3798 3372 3857 et
3405 3814 3543 3859 non
3572 3816 3905 3885 personoe.
3942 3793 4044 3861 Ad
4086 3795 4268 3885 quod

2702 3894 3252 3965 confirmandum
3287 3898 3582 3990 plurima
3615 3900 3835 3968 induci
3872 3913 4150 3993 possunt
4184 3928 4264 3972 ex

2700 4001 2946 4071 eodem
2977 4002 3154 4072 libro
3184 4006 3486 4073 secundo
3526 4008 3608 4074 ‹b-
3645 4009 3991 4079 Trinitate.
4028 4010 4142 4077 sed
4184 4012 4264 4078 ad

2700 4106 2832 4178 hoc
2875 4134 3090 4179 unum
3123 4113 3438 4182 sufficiat.

2793 4322 3114 4394 Somno.
3144 4323 3474 4402 Dicimus,
3509 4327 3691 4417 quod
3711 4332 4039 4420 apparitio
4062 4344 4258 4423 prout

2699 4428 2952 4496 dicitur
3023 4431 3105 4497 de
3174 4433 3834 4503 manifestationibus
3895 4437 4020 4505 illis
4112 4466 4261 4532 quae

2699 4532 2891 4602 factm
2950 4543 3111 4604 sunt
3178 4536 3494 4605 Patribus
3558 4542 3804 4608 veteris
3852 4549 4260 4626 testamenti,

2698 4639 2953 4709 scilicet
2986 4641 3334 4710 Abrabam
3367 4653 3434 4713 et
3475 4644 3594 4713 Lot
3642 4657 3702 4713 et
3734 4647 3947 4716 Jacob
3988 4661 4052 4719 vt
4082 4654 4257 4735 aliis,

2697 4750 2971 4838 proprie
3006 4750 3237 4818 fuitad
3280 4753 3890 4823 manifestationem
3951 4763 4257 4829 essentia¹

2694 4854 2803 4921 vel
2839 4856 2907 4922 in
2955 4880 3054 4936 se,
3098 4858 3205 4926 vel
3239 4860 3614 4927 secundum
3646 4862 3825 4952 qnod
3859 4873 3951 4930 est
3990 4866 4054 4931 in
4100 4890 4257 4956 pcr-

2693 4963 2882 5029 sonis
2938 4986 3079 5031 una
3124 4988 3416 5033 numero
3464 4968 3780 5047 existenS,
3837 4980 3900 5037 et
3967 4995 4255 5061 persona

2695 5092 2964 5139 uniens).

2690 5368 2776 5418 tas
2798 5368 2851 5417 et
2882 5361 3206 5417 humanitas
3235 5366 3503 5434 apparuit
3555 5363 3847 5419 salvatoris
3901 5367 4078 5420 nostri
4135 5368 4249 5442 Dei,

2687 5457 2804 5509 etc,

2758 5543 2781 5578 ⁴
2812 5542 2870 5601 S.
2904 5546 3290 5611 Aucusuxcs,
3325 5542 3445 5600 Lib.
3478 5545 3525 5599 ΙΙ
3556 5543 3629 5601 de
3648 5545 3955 5614 Trinitate,
3985 5563 4116 5619 cap.
4157 5551 4243 5605 ¹8.

4364 4372 4557 4420 §Olafi-⁸.
