4897 6388
1780 555 1871 621 m
1922 554 1944 620 l
2000 529 2428 622 SENTENT.
2483 541 2712 611 nlsr.
2765 541 3024 619 xxiv,
3079 534 3402 621 amir.
3446 537 3509 600 4.

1452 1063 1532 1136 C.
1584 1059 1793 1151 Quid
1814 1083 1963 1158 per
1990 1079 2233 1131 unum
2263 1050 2770 1152 siqnificetzcr,
2796 1073 2971 1124 cum
3013 1047 3328 1139 dicitur,
3366 1068 3570 1126 unus
3601 1042 3810 1115 Deus
3833 1044 3873 1123 ζ)

1146 1368 1337 1441 Cum
1397 1365 1604 1439 enim
1674 1362 1979 1454 dieitur,
2033 1382 2232 1433 mms
2271 1357 2515 1450 Deus,
2577 1352 2987 1430 multitudo
3051 1330 3375 1427 deorum
3418 1348 3871 1430 excluditur,
3930 1367 4069 1419 nec
4128 1365 4264 1415 nu-

1053 1502 1241 1577 meri
1296 1500 1691 1599 quantitas
1739 1497 1813 1570 in
1853 1494 2252 1569 divinitate
2285 1493 2602 1591 ponitur
2668 1515 2684 1564 :

2753 1501 3147 1587 tamquam
3194 1486 3604 1574 diceretur,
3652 1484 3861 1556 Deus
3918 1489 4059 1574 est,
4121 1499 4261 1554 nec

1055 1638 1278 1712 multi
1314 1647 1494 1711 sunt
1532 1635 1652 1709 vel
1691 1633 1949 1732 plures
1990 1629 2118 1704 dii.
2160 1628 2380 1703 Unde
2412 1624 2870 1701 Ambrosius
2921 1625 2995 1697 in
3044 1622 3239 1698 libro
3301 1622 3395 1696 de
3451 1620 3823 1694 Trinitale
3862 1616 3967 1691 ait
4009 1639 4026 1689 ε
4070 1615 4259 1689 Cum

1056 1799 1296 1849 unum
1332 1772 1662 1847 dicimus
1700 1769 1977 1862 Deum,
2017 1765 2272 1841 unitas
2311 1761 2652 1838 excludit
2693 1783 3106 1834 numerum
3142 1759 3459 1833 deorum
3510 1780 3526 1830 t
3573 1778 3713 1829 nee
3762 1751 4260 1852 quantitatem

1055 1911 1130 1983 in
1178 1910 1336 1986 Deo
1370 1905 1613 2009 ponit,
1650 1902 1832 2002 quia
1871 1925 2011 1978 nee
2043 1923 2419 1976 numerus
2454 1920 2597 1972 nee
2628 1895 3021 1993 quantitas
3053 1893 3158 1968 ibi
3201 1892 3386 1968 est¹.

1484 2540 1987 2612 AnthtJLtJS
2038 2540 2157 2611 lv.

1054 2762 1302 2828 Utrum
1335 2757 1610 2826 termini
1633 2753 2019 2823 numerales
2049 2755 2118 2821 in
2150 2754 2406 2822 divinis
2428 2780 2606 2846 pra*-

1207 2866 1432 2933 diceu!
1470 2865 1828 2932 essentiam
1869 2861 1975 2929 vel
2000 2885 2366 2953 personam
2393 2860 2435 2929 :⁷

1139 3192 1401 3262 Deinde
1447 3190 1771 3283 quaeritur
1823 3185 1906 3255 de
1955 3184 2085 3257 hoc
2123 3184 2309 3278 quod
2364 3183 2529 3254 dicit
2579 3210 2596 3257 ε

1050 3331 1084 3367 ι
1141 3302 1315 3371 Cum
1365 3300 1547 3369 enim
1593 3296 1872 3376 dicitur,
1931 3317 2112 3362 unus
2160 3293 2365 3376 Deus,
2410 3294 2602 3362 mul-

1046 3408 1272 3477 titudo
1312 3405 1597 3474 deorum
1626 3401 2043 3471 excluditur.
2080 3429 2114 3463 »ι
2543 3472 2547 3476 ,

1138 3517 1268 3585 llic
1336 3513 1644 3583 incidunt
1693 3522 1829 3582 tres
1867 3511 2301 3602 quaestiones,
2345 3511 2603 3580 scilieet

1050 3635 1281 3693 utrum
1320 3621 1592 3692 termini
1634 3618 2012 3688 numerales
2043 3616 2112 3685 in
2140 3616 2390 3685 divinis
2431 3641 2604 3708 pra!-

1051 3734 1274 3801 dicent
1305 3731 1607 3798 divinam
1638 3728 1997 3796 essentiam
2029 3724 2137 3794 vel
2179 3748 2542 3816 personam
2567 3727 2603 3793 ⁶?

1060 3840 1400 3917 Secunda,
1436 3838 1681 3905 Utrum
1722 3837 2005 3902 univoce
2036 3833 2490 3925 praedicentur
2518 3833 2600 3900 de

1054 3948 1346 4016 essentia
1393 3956 1458 4015 et
1509 3968 1795 4037 persona
1845 3951 1910 4011 et
1966 3942 2301 4011 notione?
2344 3941 2597 4023 'Pet-tia,

1052 4057 1294 4124 Utrum
1348 4053 1551 4121 Pater
1610 4060 1674 4119 et
1723 4050 1924 4117 Filius
1973 4059 2038 4117 et
2088 4048 2384 4139 Spiritus
2437 4071 2603 4115 san·

1053 4173 1204 4230 etus
1242 4162 1475 4253 aliquo
1509 4158 1714 4228 modo
1755 4157 2009 4246 possint
2049 4156 2179 4226 diei
2211 4159 2444 4226 metes?

1148 4381 1250 4446 An
1300 4400 1579 4459 vanum,
1614 4374 1996 4465 proceditur
2024 4374 2121 4440 sie
2153 4394 2168 4441 τ

1153 4485 1443 4576 LSupra
1474 4481 1496 4516 ⁸
1521 4481 1824 4550 habitum
1859 4489 1959 4547 est
1979 4502 2101 4570 pro
2126 4478 2386 4570 regula,
2420 4478 2607 4569 quod

1063 4618 1267 4663 mnne
1326 4616 1578 4662 nonien
1647 4614 1782 4659 nnn
1840 4590 2115 4657 relative
2172 4590 2457 4665 dietum.
2540 4591 2604 4656 in

1066 4702 1206 4770 Deo
1238 4701 1558 4792 pra-dicat
1594 4699 1953 4767 essentiam
1992 4721 2006 4766 ε
2042 4699 2312 4766 termini
2356 4722 2608 4766 nume-

1059 4810 1231 4879 rales
1274 4832 1408 4877 nun
1471 4817 1626 4875 sunt
1670 4806 1942 4875 relative
1983 4806 2140 4874 dicti
2178 4830 2193 4875 τ
2229 4830 2392 4894 ergo
2435 4830 2609 4897 prm-

1056 4919 1284 4986 dieant
1323 4918 1711 4984 essentiam.

1155 5029 1221 5092 2.
1270 5023 1464 5100 item.
1536 5022 1811 5090 Boetius
1889 5044 1904 5089 ε

1064 5143 1292 5203 menta
1344 5134 1409 5199 in
1449 5130 1840 5200 substantia),
1891 5140 2247 5199 vertuntur
2286 5130 2610 5221 pra-dica-

1063 5246 1317 5310 tionem
1379 5249 1620 5330 praeter
1677 5239 2069 5307 relationem
2135 5262 2151 5306 ε
2214 5238 2608 5327 hujusmodi

1063 5359 1293 5418 autem
1361 5348 1631 5417 termini
1699 5348 1925 5416 dicunt
1991 5371 2110 5415 ens
2151 5348 2218 5415 in
2278 5347 2612 5437 praediva-

1068 5467 1299 5526 mento
1349 5457 1744 5548 quantitatis
1808 5481 1824 5525 ε
1885 5478 2048 5544 erge
2097 5456 2164 5523 in
2213 5456 2611 5523 substantia}

1063 5575 1422 5634 vertuntur
1461 5564 2031 5656 praedicationem,

1983 5021 2231 5088 Omnia
2292 5020 2611 5111 predica-

1133 5817 1152 5852 ¹
1186 5814 1244 5869 S.
1281 5818 1622 5879 Anaaosrcs,
1673 5814 1790 5870 Lib.
1853 5815 1875 5869 1
1923 5814 1996 5870 de
2041 5814 2351 5884 Trinitate‚
2403 5815 2493 5869 vel
2543 5814 2616 5871 de

1059 5902 1201 5959 Pide
1233 5902 1306 5959 ad
1339 5907 1599 5970 Petrum,
1633 5920 1762 5975 cap.
1793 5908 1842 5963 2.

2808 2230 2874 2295 3.
2912 2226 3110 2304 Item,
3160 2224 3417 2292 Eadem
3455 2232 3557 2294 est
3601 2222 3771 2294 ratio
3815 2221 3911 2292 rei
3958 2228 4025 2294 et
4068 2220 4270 2288 unius

2719 2333 2843 2412 rei,
2922 2339 2989 2400 et
3065 2329 3303 2402 eadem
3370 2326 3756 2418 praedicatio
3823 2324 4130 2394 essentiae
4204 2328 4271 2388 et

2717 2440 2923 2508 unius
2962 2438 3271 2507 essentiae
3307 2458 3323 2505 z
3356 2457 3520 2526 ergo
3560 2456 3715 2502 eum
3748 2432 4040 2500 essentia
4085 2452 4269 2522 prae-

2717 2551 2896 2621 dieat
2943 2560 3259 2619 naturam
3306 2555 3375 2617 et
3410 2545 3884 2623 substantiam,
3919 2544 3985 2609 in
4021 2541 4268 2610 divinis

2717 2680 2932 2726 unum
2970 2665 3039 2726 et
3076 2655 3213 2724 duo
3265 2663 3334 2724 et
3375 2650 3766 2743 hujusmodi
3813 2648 4268 2742 praedicabunt

2716 2768 3111 2835 essentiam.

2806 2877 2871 2943 4.
2908 2874 3105 2956 Item,
3143 2873 3372 2942 Unum
3412 2871 3828 2940 convertitur
3874 2892 4029 2938 eum
4058 2874 4209 2937 ente
4243 2887 4261 2937 ε

2714 3004 2879 3073 ergo
2925 2980 3245 3071 praedieat
3295 2976 3428 3047 hoc
3470 2975 3652 3069 quod
3682 2976 4000 3066 praedieat
4037 2998 4156 3047 ens
4193 2973 4263 3038 in

2714 3089 2968 3160 divinis
3011 3110 3028 3157 ε
3072 3086 3192 3158 sed
3230 3109 3353 3158 ens
3401 3085 3714 3175 praedieat
3763 3083 4210 3156 substantiam
4246 3105 4263 3152 ε

2715 3219 2881 3290 ergo
2913 3205 2982 3268 et
3020 3218 3225 3266 unus.

2802 3306 2870 3371 5.
2933 3302 3131 3383 Item,
3182 3300 3789 3392 Consigniticatum
3849 3320 3988 3368 non
4052 3296 4270 3367 variat

2713 3415 3051 3483 rationem
3080 3410 3472 3501 significati,
3507 3407 3686 3481 idem
3717 3407 3900 3477 enim
3930 3404 4267 3496 significat

2711 3519 2937 3599 albus.
2991 3517 3171 3597 alba,
3214 3515 3447 3586 album
3501 3538 3518 3586 τ
3568 3537 3732 3606 ergo
3790 3514 3994 3585 etiam
4051 3534 4265 3582 unum

2712 3628 3053 3719 significat
3100 3646 3307 3708 nnus,
3350 3644 3511 3703 una,
3546 3644 3756 3692 unum
3820 3643 3837 3691 ε
3897 3619 4016 3690 sed
4051 3641 4264 3688 unum

2715 3737 2781 3804 in
2850 3732 3102 3802 divinis
3168 3729 3494 3821 praedicat
3545 3727 3992 3796 substantiam
4039 3751 4055 3795 ε
4099 3747 4261 3816 ergo

2714 3868 2892 3913 unus
2931 3851 2998 3910 et
3029 3834 3190 3910 una.

2810 3951 2945 4019 San
2989 3972 3241 4018 cosma
3282 3973 3301 4017 z

2809 4055 3156 4148 Quidquid
3213 4054 3579 4123 essentiam
3619 4052 3976 4143 signifieat,
4020 4050 4103 4117 de
4153 4050 4266 4115 tri-

2715 4166 2846 4236 bus
2899 4163 3340 4257 singulariter
3375 4163 3622 4233 dicitur
3659 4163 3730 4229 in
3768 4182 4035 4229 summa
4080 4166 4144 4224 et
4183 4155 4265 4225 de

2717 4298 2858 4343 uno
2896 4299 2911 4344 ε
2947 4298 3111 4364 ergo
3143 4274 3200 4341 si
3254 4295 3431 4340 unus
3470 4280 3535 4340 et
3569 4271 3792 4360 plures
3822 4268 3925 4336 vel
3970 4268 4108 4336 duo
4159 4266 4264 4333 vel

2719 4395 2854 4452 tres
2903 4381 3266 4450 essentiam
3313 4378 3704 4471 praedicant,
3751 4397 4109 4467 possumus
4174 4371 4270 4440 di-

2716 4515 2895 4568 cere,
2944 4490 3146 4563 Pater
3193 4499 3296 4557 est
3332 4487 3497 4568 due,
3530 4496 3596 4555 et
3642 4485 3839 4553 Pater
3875 4493 3975 4554 est
4016 4482 4263 4573 plures,

2718 4609 2782 4667 et
2819 4598 3022 4667 Pater
3075 4606 3141 4665 et
3193 4596 3404 4665 Filius
3452 4605 3611 4663 sunt
3659 4618 3833 4662 unus
3867 4618 3883 4662 :
3917 4616 4065 4687 quae
4111 4613 4265 4660 cum

2720 4705 2889 4775 falsa
2927 4708 3090 4783 sint,
3126 4711 3307 4794 patet
3346 4701 3532 4795 quod
3571 4703 3695 4769 ista
3737 4725 3871 4769 uon
3913 4700 4270 4792 praedieent

2716 4816 3106 4924 essegitiani.

2813 5029 3123 5097 Senum».
3169 5026 3576 5102 Dicendum,
3629 5024 3812 5115 quod
3844 5025 3911 5091 in
3961 5023 4268 5094 maseuli·
4346 5056 4549 5104 somno.

2720 5159 2984 5206 nonen
3033 5134 3401 5227 praedicant
3445 5134 3805 5204 essentiam
3852 5132 3976 5200 nisi
4017 5154 4098 5200 ex
4147 5130 4270 5199 ad-

2711 5245 2956 5335 juncto
3014 5243 3470 5320 substantive,
3532 5243 3707 5310 circa
3764 5241 3948 5333 quod
4013 5250 4271 5332 ponunt

2726 5374 2868 5419 rem
2919 5375 3142 5428 suam,
3204 5359 3271 5420 et
3322 5352 3660 5443 accipiunt
3709 5350 4152 5417 substantiam
4187 5347 4271 5416 ab

2727 5464 2874 5551 ipso
2920 5483 2938 5529 ε
2981 5469 3050 5526 ut
3104 5460 3161 5526 si
3211 5459 3460 5541 dicam,
3506 5458 3708 5526 Pater
3745 5466 3810 5525 et
3862 5457 4065 5524 Filius
4119 5462 4278 5523 sunt

2722 5592 2903 5636 unus
2933 5568 3144 5646 Deus,
3186 5565 3296 5635 vel
3336 5566 3516 5635 alind
3551 5566 3937 5656 hujusmodi
3985 5586 4001 5634 ε
4042 5576 4108 5633 et
4148 5565 4277 5634 lioc

2800 5814 2928 5872 ὈΕ
2960 5813 3172 5885 Supra,
3207 5812 3355 5869 nist.
3380 5812 3549 5867 Xth.

4290 3957 4386 4003 Sed
4417 3961 4607 4003 eontra.
