4897 6388
751 4336 1077 4439 Quantulumc-

1719 315 1760 373 χ
1888 293 1984 358 IN
2034 291 2063 357 1
2116 286 2545 355 SENTENT.
2589 242 2829 367 ms‘r.
2875 285 3071 370 ·1,·B,
3121 284 3321 352 ART.
3371 285 3473 353 13.

1083 482 1312 531 amare
1352 488 1486 543 me,
1534 446 1647 531 'vel
1688 475 1991 529 amorem
2027 484 2279 538 mcum,
2359 459 2446 527 Et
2502 456 2635 526 hoc
2679 452 2683 455 ”

1082 573 1362 661 quidem
1419 571 1618 638 multi
1683 571 1965 639 dicunt:
2063 571 2181 639 sed
2248 569 2443 636 multi
2492 589 2633 634 non

1081 679 1494 767 intelligunt.
1532 677 1755 745 Causa
1784 687 2012 747 autem
2051 678 2254 767 hujus
2286 684 2387 743 est
2420 699 2434 742 :
2474 674 2634 764 quia

1082 809 1238 854 cum
1270 785 1443 866 dico,
1492 786 1807 879 Intelligo
1838 787 2217 865 hominem,
2252 784 2494 852 transit
2531 781 2634 848 vis

1083 893 1496 961 intellectiva
1533 896 1607 962 in
1662 894 2012 963 hominem
2062 915 2183 982 per
2227 900 2454 959 actum
2528 890 2636 956 in·

1083 998 1430 1091 telligendi
1462 1004 1578 1092 qui
1618 1011 1720 1070 est
1757 1001 1841 1068 ab
1873 999 2218 1068 intellectu
2261 1021 2276 1064 :
2340 1020 2504 1087 ergo
2538 1018 2638 1063 se·

1084 1102 1386 1177 cundum
1414 1111 1751 1177 rationem
1791 1109 1978 1200 prius
2031 1117 2132 1174 est
2186 1109 2252 1173 in
2305 1115 2460 1174 actu
2518 1126 2638 1172 ea-

1086 1216 1241 1285 dem
1302 1218 1430 1296 vis,
1479 1225 1545 1285 et
1593 1217 1894 1308 acceptio
1958 1218 2214 1307 ipsius:
2276 1223 2344 1283 et
2398 1214 2496 1280 sic
2554 1235 2638 1280 ex

1085 1334 1275 1416 parte
1304 1326 1720 1394 motivarum
1760 1349 1916 1395 cum
1946 1325 2122 1403 dico,
2159 1324 2335 1390 Amo
2365 1323 2589 1389 Deum
2616 1342 2632 1392 ε

1088 1436 1331 1503 transit
1401 1437 1586 1502 enim
1660 1437 1766 1504 vis
1823 1435 2076 1526 amoris
2130 1434 2203 1500 in
2258 1432 2483 1500 Deum
2523 1452 2644 1521 per

1088 1551 1315 1611 actum
1356 1544 1636 1625 amoris,
1702 1551 1768 1612 et
1813 1544 1911 1611 sic
1973 1541 2383 1631 relinquitur
2432 1528 2645 1630 ¹quod

1090 1650 1327 1720 eadem
1356 1655 1462 1719 vis
1500 1660 1657 1720 actu
1686 1654 1927 1720 transit
1954 1653 2025 1719 in
2052 1651 2424 1741 objectum.
2471 1649 2644 1717 Cum

1093 1760 1300 1851 igitur
1328 1783 1468 1829 non
1498 1761 1587 1829 sit
1622 1760 1931 1829 diversus
1974 1783 2193 1841 amor,
2236 1768 2421 1851 patet
2458 1758 2646 1850 quod

1091 1889 1234 1935 non
1260 1867 1489 1938 abitur
1524 1869 1600 1936 in
1645 1868 2012 1938 infinitum.

1494 2295 2003 2365 ARTICULUS
2045 2296 2235 2365 Xlll.

1124 2510 1233 2577 An
1256 2509 1491 2599 prima
1520 2508 1859 2600 diffinitio
1906 2508 2092 2577 verbi
2117 2510 2223 2576 uti
2247 2510 2337 2577 sit
2367 2508 2545 2577 bona
2570 2508 2613 2577 P

1177 2831 1440 2901 Deinde
1470 2831 1805 2925 quaeritur
1840 2833 1925 2903 de
1990 2831 2125 2902 hoc
2189 2831 2376 2924 quod
2427 2832 2644 2902 dicit:

1091 2965 1128 3005 ι
1174 2942 1294 3009 Uti
1321 2963 1474 3010 vero
1505 2941 1714 3009 estid
1740 2941 1932 3032 quod
1984 2942 2058 3010 in
2123 2963 2325 3009 usum
2393 2942 2652 3010 venerit

1089 3050 1373 3132 reterre,
1423 3056 1553 3116 etc.
1590 3072 1624 3114 ι

1185 3158 1242 3225 1.
1268 3154 1556 3225 Videtur
1582 3158 1769 3226 enirn
1797 3179 2074 3249 peccare
2113 3155 2510 3226 diffiniendo
2544 3156 2652 3228 uti

1095 3291 1215 3360 per
1250 3290 1505 3336 usum:
1559 3291 1719 3337 cum
1773 3268 1957 3337 idem
2015 3268 2423 3361 significent,
2495 3267 2655 3338 licet

1094 3375 1231 3443 alio
1298 3375 1534 3446 modo.
1597 3373 1675 3443 Si
1729 3398 1895 3445 vero
1947 3375 2234 3458 dicatur,
2303 3377 2492 3468 quod
2536 3376 2652 3446 ille

1098 3480 1344 3549 modus
1394 3482 1916 3573 significationis
1952 3482 2110 3552 facit
2138 3482 2223 3551 ad
2257 3484 2657 3554 manifesta-

1096 3590 1357 3658 tionem
1386 3589 1684 3672 diffiniti,
1725 3588 2041 3660 Com-aa:
2102 3590 2316 3659 Actus
2356 3613 2657 3682 praeam-

1098 3696 1241 3770 huli
1267 3705 1428 3765 sunt
1458 3699 1779 3788 potentiis
1817 3696 2190 3767 secundum
2249 3699 2588 3768 rationem
2633 3725 2649 3768 ε

1098 3828 1264 3895 crgo
1302 3814 1370 3872 et
1397 3803 1769 3874 habitibus.
1804 3804 1978 3876 Cum
2026 3827 2189 3896 ergo
2245 3828 2411 3873 usus
2477 3805 2661 3875 dicat

1100 3910 1439 3992 habitum,
1471 3913 1571 3981 uti
1600 3922 1831 3982 autem
1871 3920 2123 3992 actum,
2178 3914 2407 4003 potius
2473 3913 2659 3983 disli-

1101 4022 1392 4091 niendus
1423 4033 1526 4092 est
1555 4045 1720 4090 usus
1758 4046 1882 4114 per
1935 4024 2061 4108 uti,
2121 4045 2330 4114 quam
2397 4046 2435 4093 e
2494 4047 2658 4094 con·

1101 4150 1327 4197 verso,

1198 4341 1532 4412 Uaramus
1559 4342 1882 4432 objicitur
1907 4343 1991 4412 de
2030 4341 2161 4413 hoc
2191 4345 2378 4435 quod
2436 4344 2597 4414 dicit
2637 4369 2652 4415 ε

1115 4481 1148 4513 α
1186 4453 1490 4541 Referre,
1533 4449 1631 4518 ad
1662 4449 2131 4530 obtinendum,
2176 4461 2303 4520 ctc.
2349 4476 2383 4518 ι

1195 4558 1298 4627 Ex
1326 4556 1458 4627 hoc
1486 4559 1671 4627 enim
1700 4556 1992 4640 videtur,
2026 4558 2210 4651 quod
2252 4582 2459 4629 omne
2491 4560 2660 4629 illud

1109 4664 1294 4755 quod
1331 4662 1666 4732 rescribile
1698 4672 1798 4732 cst
1827 4663 2074 4733 referre
2140 4664 2510 4734 debeamus
2578 4666 2660 4735 ad

1108 4794 1252 4839 rem
1306 4770 1650 4838 fruibilem
1695 4792 1712 4838 ε
1775 4770 1894 4838 sed
1949 4794 2150 4840 omne
2203 4772 2391 4863 quod
2444 4781 2542 4843 cst
2593 4775 2663 4842 in

1107 4878 1462 4947 voluntate
1526 4886 1772 4969 praeter
1861 4887 2238 4970 peccatum,
2328 4880 2663 4953 referibile

1110 4995 1210 5055 est
1242 5003 1260 5055 ε
1296 5008 1460 5076 crgo
1493 5007 1698 5054 omne
1726 4984 2191 5055 voluntarium
2241 4996 2485 5079 praeter
2511 5013 2665 5082 pec·

1110 5102 1339 5161 catum
1381 5093 1811 5161 referendum
1842 5103 1967 5163 est.
2014 5093 2172 5162 Ixos
2220 5094 2506 5165 ulterius
2564 5121 2670 5167 ar-

1111 5201 1345 5292 guitur
1366 5201 1464 5268 sic
1499 5223 1515 5268 z
1553 5201 1776 5269 Omne
1805 5202 1988 5292 quod
2055 5202 2367 5290 refertur,
2420 5206 2669 5298 accipit

1114 5310 1450 5378 rationem
1518 5311 1741 5378 meriti
1798 5333 1838 5377 a
1903 5310 2096 5380 line:
2168 5336 2332 5406 ergo
2398 5314 2670 5385 videtur

1115 5418 1301 5508 quod
1329 5421 1399 5486 in
1443 5416 1764 5487 omnibus
1813 5419 2131 5509 operibus
2195 5423 2446 5491 nostris
2496 5422 2668 5492 nihil

1196 5652 1212 5686 ¹
1249 5650 1364 5706 lad
1394 5649 1663 5707 Corinth.
1696 5667 1755 5722 x,
1782 5651 1871 5707 3¹.

4211 284 4290 351 31

3852 344 3891 375 ,Α

2739 442 2836 525 ‘sit
2872 456 3265 525 indifferens
3301 476 3316 520 :
3372 454 3531 543 quia
3560 450 3947 520 indifferens
3977 459 4081 520 est
4111 450 4296 543 quod

2751 587 2874 631 nec
2906 563 3188 647 malum,
3233 585 3359 630 nec
3415 562 3672 629 bonum
3725 568 3850 628 est.
3918 557 4068 627 Hoc
4112 559 4295 627 idem

2747 671 3018 737 videtur
3055 671 3267 759 accipi
3323 669 3404 735 ab
3471 668 3800 759 Apostolo
3867 690 4022 734 cum
4079 666 4291 733 dicit:

2748 783 2908 850 Sive
2954 780 3417 858 manducati-5,
3502 781 3640 846 sive
3669 777 4008 859 bibitis‚...
4063 777 4295 843 omnia

2748 889 2825 954 in
2849 886 3159 978 qloriam
3196 889 3327 955 Dei
3353 888 3567 977 facite
3606 891 3648 952 ¹.

2842 1108 3173 1177 Uaramus
3210 1106 3531 1196 quaeritur
3567 1105 3647 1173 de
3677 1105 3806 1173 hoc
3852 1106 4035 1197 quod
4073 1105 4279 1176 dicits
4315 1147 4641 1245 ‘'¹⁰⁸5'‘15ucu‘

4439 1212 4469 1245 8
4517 1231 4532 1248 ι

2756 1241 2791 1278 «
2822 1215 3024 1283 Alias
3054 1214 3250 1281 abuti
3277 1224 3396 1292 est,
3439 1236 3573 1279 non
3603 1214 3729 1292 uti,
3775 1220 3899 1280 etc.
3938 1238 3971 1277 w

2845 1320 3190 1400 Quaeritur
3244 1320 3425 1388 enim
3459 1340 3476 1387 ε
3547 1317 3767 1398 Quare
3848 1343 3987 1388 non
4053 1321 4294 1391 dicitur

2754 1428 3119 1518 abfructus
3149 1450 3304 1495 cum
3334 1426 3579 1494 fruitur
3616 1427 3767 1517 quis
3818 1449 3952 1518 quo
3995 1451 4136 1496 non
4167 1439 4292 1516 est,

2751 1538 3144 1621 fruendum,
3177 1539 3352 1606 sicut
3380 1536 3621 1629 dicitur
3650 1536 3923 1617 abusu-9,
3959 1561 4117 1607 cum
4147 1540 4298 1629 quis

2755 1651 2973 1718 utitur
3000 1673 3083 1719 eo
3133 1673 3269 1741 quo
3316 1672 3457 1717 non
3504 1657 3604 1716 est
3638 1648 3969 1737 utendum
3998 1650 4033 1717 ⁴?

2851 1862 3165 1936 Sonus-10.
3207 1866 3511 1937 Dicimus
3560 1867 3644 1937 ad
3673 1869 3967 1959 primum
4021 1866 4298 1957 triplici-

2757 1984 2918 2045 ter:
2978 1973 3258 2058 scilicet‚
3313 1975 3425 2044 vel
3487 1974 3671 2065 quod
3741 1982 3962 2044 totum
4025 1973 4160 2044 hoc
4227 1974 4296 2043 id

2759 2080 2945 2173 quod
2974 2082 3046 2149 in
3075 2091 3276 2148 usum
3311 2083 3596 2160 venerit,
3656 2081 3745 2149 sit
3795 2083 3900 2148 vis
3952 2082 4156 2149 unius
4194 2080 4297 2148 di-

2758 2189 3000 2259 ctionis
3064 2188 3416 2278 simpliciS,
3474 2198 3541 2256 et
3602 2188 3689 2256 sit
3785 2187 4298 2257 circumlocutio

2759 2296 2946 2365 utilis
2979 2317 2997 2363 ε
3032 2303 3099 2364 et
3127 2297 3225 2364 sic
3253 2294 3429 2364 bona
3457 2304 3559 2363 est
3594 2295 3933 2375 diffinitio,
3967 2296 4128 2387 quia
4182 2294 4302 2363 ha·

2760 2402 2943 2472 bitus
2973 2409 3260 2472 etactus
3288 2402 3458 2471 bene
3511 2400 3938 2470 diffiniuntur
4006 2425 4129 2493 per
4183 2400 4305 2471 oh-

2750 2513 2956 2603 jecta.
2989 2510 3122 2581 Vel
3151 2513 3354 2581 etiam
3393 2510 3576 2601 quod
3603 2510 3675 2603 ly
3704 2534 3905 2580 usum
3930 2510 4297 2593 diffiniens,

2756 2642 2900 2689 nou
2937 2620 3026 2688 sit
3062 2618 3370 2688 absolute
3418 2627 3793 2709 acceptum,
3827 2618 3943 2688 sed
3972 2618 4056 2688 ad
4092 2618 4302 2689 finem

2757 2727 3078 2808 relatum,
3119 2736 3187 2796 et
3222 2728 3319 2795 sic
3364 2726 3651 2796 eflicitur
3713 2727 4121 2819 principium
4181 2750 4305 2796 co-

2756 2837 3132 2930 gnoscendi
3171 2838 3317 2927 ejus
3362 2836 3543 2928 quod
3592 2845 3693 2906 est
3748 2838 3845 2905 uti
3907 2837 4308 2930 simpliciter

2759 2946 3038 3038 accepti.
3081 2944 3211 3014 Vel
3249 2946 3452 3014 etiam
3509 2946 3730 3025 tertio,
3783 2944 3968 3036 quod
4021 2970 4185 3015 usus
4232 2947 4303 3015 in

2758 3052 3166 3122 diffinitione
3192 3053 3480 3144 positus,
3513 3054 3824 3144 superius
3853 3061 3952 3123 est
3990 3062 4060 3123 et
4085 3077 4301 3146 genus

2760 3159 2846 3229 ad
2876 3183 3079 3229 suum
3108 3160 3498 3241 diffinitum,
3531 3170 3596 3229 et
3633 3161 3729 3230 sic
3769 3168 3932 3231 tunc
3976 3162 4305 3254 accipitur

2759 3268 3136 3338 secundum
3176 3268 3648 3338 diffinitionem
3686 3268 4020 3339 Victorini
4071 3270 4307 3340 dicen-

2763 3376 2872 3455 tis,
2907 3374 3092 3467 quod
3126 3403 3162 3442 α
3229 3399 3392 3443 usus
3457 3384 3556 3443 est
3612 3386 3799 3445 actus
3853 3377 4115 3447 elicitus
4170 3378 4301 3448 fro·

2766 3512 2799 3547 κ
2843 3488 3132 3575 quenter
3177 3481 3259 3551 de
3308 3482 3632 3575 potentia,
3684 3509 3716 3548 ι
3784 3485 3959 3554 sicut
4019 3484 4308 3555 dicimus

2763 3590 3041 3683 quaudo
3080 3590 3323 3682 aliquis
3364 3592 3502 3682 agit
3542 3589 3841 3683 aliquod,
3884 3593 4068 3684 quod
4095 3594 4312 3664 utitur

2764 3719 2846 3766 eo
2890 3719 2907 3765 ε
2942 3698 3039 3766 sic
3076 3697 3262 3765 enim
3292 3706 3391 3765 est
3421 3697 3728 3789 superius
3765 3698 3850 3765 ad
3879 3699 4003 3777 uti,
4037 3699 4309 3792 quando

2763 3805 2996 3896 aliquo
3053 3804 3152 3873 sic
3206 3804 3500 3896 agimus.
3546 3812 3618 3871 ut
3672 3804 3756 3872 ad
3814 3805 3999 3873 aliud
4061 3806 4313 3878 refera-

2764 3937 2944 3984 mus.
2986 3911 3319 4011 =Interiora
3379 3923 3605 3982 autem
3634 3936 3904 4003 persua
3960 3915 4313 4007 superiora

2765 4019 3017 4091 dehent
3055 4020 3360 4090 diffiniri.

2856 4243 2963 4309 An
3025 4264 3228 4335 annuo
3324 4240 3504 4332 quod
3595 4240 3877 4310 ulterius
3959 4243 4308 4334 quaeritur,

2767 4460 2915 4527 sine
2956 4456 3374 4550 praejudicio,
3409 4457 3589 4547 quod
3627 4456 3995 4527 voluntatis
4056 4457 4317 4527 delibe-

2768 4570 3004 4637 rativae
3042 4575 3121 4635 ut
3166 4565 3603 4634 deliberativa
3668 4575 3769 4635 cst
3823 4590 4106 4636 suorum
4157 4590 4317 4659 ope·

2770 4699 2923 4746 rum
2964 4673 3135 4743 nihil
3166 4681 3267 4743 est
3297 4673 3682 4742 indifferens
3701 4674 4071 4743 secundum
4101 4674 4319 4746 Theo-

2769 4784 3054 4875 logiam.
3090 4779 3265 4861 Quia
3316 4781 3371 4848 si
3412 4803 3548 4848 non
3598 4781 3838 4850 referat
3884 4806 3964 4851 ea
4006 4805 4158 4875 quae
4206 4806 4319 4852 re-

2770 4891 2927 4960 ferri
2958 4897 3270 4982 possunt,
3309 4911 3488 4958 vana
3515 4899 3671 4959 sunt
3706 4913 3723 4959 ε
3755 4913 3837 4959 eo
3877 4893 4057 4959 enim
4134 4891 4317 4984 quod

2775 4996 3141 5068 releribilia
3186 5004 3370 5077 sunt,
3424 5006 3580 5088 apta
3625 5006 3782 5067 nata
3843 5007 4000 5067 sunt
4063 4997 4316 5069 hahere

2774 5108 2982 5175 linem
3019 5127 3036 5173 ε
3106 5114 3173 5174 et
3228 5107 3283 5174 si
3357 5127 3496 5173 non
3567 5104 3843 5199 liabent,
3900 5130 4064 5199 ergo
4139 5130 4316 5177 vana

2774 5222 2933 5284 sunt
2968 5235 2984 5281 ε
3029 5215 3191 5305 quia
3216 5235 3469 5280 vanum
3501 5222 3597 5280 est
3628 5215 3728 5301 (ut
3782 5213 3942 5283 dicit
3998 5213 4318 5285 Philoso-

2775 5321 2978 5413 phus)
3011 5318 3196 5411 quod
3233 5328 3336 5387 est
3377 5318 3460 5387 ad
3508 5319 3799 5411 aliquem
3849 5321 4052 5390 linem
4110 5344 4315 5414 quem

2775 5452 2916 5497 non
2956 5427 3262 5495 includit.
3299 5426 3384 5493 Et
3419 5425 3545 5495 hoc
3588 5436 3870 5496 vocatur
3922 5430 4212 5497 otiosum
4245 5430 4315 5497 in

4384 1918 4582 1968 solutio.

2768 4358 2999 4419 utrum
3040 4348 3294 4439 aliquid
3326 4350 3412 4416 sit
3460 4348 3844 4418 indifferens
3870 4353 3906 4419 ⁸?
3932 4350 4311 4421 Dicendum
4341 4303 4638 4405 »effi-{⁸231}
