<?xml version="1.0" encoding="UTF-8"?>
<!DOCTYPE html PUBLIC "-//W3C//DTD XHTML 1.0 Transitional//EN"
    "http://www.w3.org/TR/xhtml1/DTD/xhtml1-transitional.dtd">
<html xmlns="http://www.w3.org/1999/xhtml" xml:lang="en" lang="en">
 <head>
  <title>
</title>
<meta http-equiv="Content-Type" content="text/html;charset=utf-8" />
  <meta name='ocr-system' content='tesseract 3.04.00' />
  <meta name='ocr-capabilities' content='ocr_page ocr_carea ocr_par ocr_line ocrx_word'/>
</head>
<body>
  <div class='ocr_page' id='page_1' title='image "balbertimagnira03chgoog_0464.png"; bbox 0 0 4897 6388; ppageno 0'>
   <div class='ocr_carea' id='block_1_1' title="bbox 364 896 515 946">
    <p class='ocr_par' dir='ltr' id='par_1_1' title="bbox 364 896 515 946">
     <span class='ocr_line' id='line_1_1' title="bbox 364 896 515 946; baseline 0.02 -3"><span class='ocrx_word' id='word_1_1' title='bbox 364 896 445 943; x_wconf 77' lang='lat' dir='ltr'><strong>Ad</strong></span> <span class='ocrx_word' id='word_1_2' title='bbox 472 898 515 946; x_wconf 80' lang='lat'><strong>2.</strong></span> 
     </span>
    </p>
   </div>
   <div class='ocr_carea' id='block_1_2' title="bbox 361 2105 506 2161">
    <p class='ocr_par' dir='ltr' id='par_1_2' title="bbox 361 2105 506 2161">
     <span class='ocr_line' id='line_1_2' title="bbox 361 2105 506 2161; baseline 0 -10"><span class='ocrx_word' id='word_1_3' title='bbox 361 2105 435 2152; x_wconf 72' lang='lat' dir='ltr'><strong>Ad</strong></span> <span class='ocrx_word' id='word_1_4' title='bbox 462 2105 506 2161; x_wconf 74' lang='lat'><strong>³,</strong></span> 
     </span>
    </p>
   </div>
   <div class='ocr_carea' id='block_1_3' title="bbox 640 384 1278 466">
    <p class='ocr_par' dir='ltr' id='par_1_3' title="bbox 640 384 1278 466">
     <span class='ocr_line' id='line_1_3' title="bbox 640 384 1278 466; baseline -0.005 -15"><span class='ocrx_word' id='word_1_5' title='bbox 640 384 769 452; x_wconf 80' lang='lat'><strong>438</strong></span> <span class='ocrx_word' id='word_1_6' title='bbox 1239 442 1278 466; x_wconf 69' lang='grc'><strong>,,</strong></span> 
     </span>
    </p>
   </div>
   <div class='ocr_carea' id='block_1_4' title="bbox 638 541 2187 646">
    <p class='ocr_par' dir='ltr' id='par_1_4' title="bbox 638 541 2187 646">
     <span class='ocr_line' id='line_1_4' title="bbox 638 541 2187 646; baseline -0.006 -26"><span class='ocrx_word' id='word_1_7' title='bbox 638 553 801 644; x_wconf 89' lang='lat' dir='ltr'><strong>quid</strong></span> <span class='ocrx_word' id='word_1_8' title='bbox 846 545 1245 646; x_wconf 80' lang='lat' dir='ltr'><strong>accipimus,</strong></span> <span class='ocrx_word' id='word_1_9' title='bbox 1290 541 2187 644; x_wconf 49' lang='lat' dir='ltr'><strong>cognoscimus&#39;aliqualiter</strong></span> 
     </span>
    </p>
   </div>
   <div class='ocr_carea' id='block_1_5' title="bbox 563 654 2185 752">
    <p class='ocr_par' dir='ltr' id='par_1_5' title="bbox 563 654 2185 752">
     <span class='ocr_line' id='line_1_5' title="bbox 563 654 2185 752; baseline -0.007 -23"><span class='ocrx_word' id='word_1_10' title='bbox 563 664 570 670; x_wconf 77' lang='grc'>’</span> <span class='ocrx_word' id='word_1_11' title='bbox 638 662 1033 752; x_wconf 84' lang='lat' dir='ltr'><strong>attingendo</strong></span> <span class='ocrx_word' id='word_1_12' title='bbox 1102 661 1426 751; x_wconf 90' lang='lat' dir='ltr'><strong>speciem,</strong></span> <span class='ocrx_word' id='word_1_13' title='bbox 1501 666 1569 727; x_wconf 87' lang='lat' dir='ltr'><strong>et</strong></span> <span class='ocrx_word' id='word_1_14' title='bbox 1627 654 2081 725; x_wconf 78' lang='lat' dir='ltr'>abstrahimur</span> <span class='ocrx_word' id='word_1_15' title='bbox 2145 674 2185 718; x_wconf 88' lang='lat' dir='ltr'><strong>a</strong></span> 
     </span>
    </p>
   </div>
   <div class='ocr_carea' id='block_1_6' title="bbox 615 761 2187 3773">
    <p class='ocr_par' dir='ltr' id='par_1_6' title="bbox 637 761 1635 856">
     <span class='ocr_line' id='line_1_6' title="bbox 637 761 1635 856; baseline -0.004 -23"><span class='ocrx_word' id='word_1_16' title='bbox 637 767 1105 835; x_wconf 80' lang='lat' dir='ltr'><strong>materialibus</strong></span> <span class='ocrx_word' id='word_1_17' title='bbox 1137 764 1341 856; x_wconf 89' lang='lat' dir='ltr'><strong>hujus</strong></span> <span class='ocrx_word' id='word_1_18' title='bbox 1370 761 1635 831; x_wconf 87' lang='lat' dir='ltr'><strong>mundi.</strong></span> 
     </span>
    </p>

    <p class='ocr_par' dir='ltr' id='par_1_7' title="bbox 627 869 2187 2042">
     <span class='ocr_line' id='line_1_7' title="bbox 723 869 2183 961; baseline -0.008 -20"><span class='ocrx_word' id='word_1_19' title='bbox 723 875 827 942; x_wconf 83' lang='lat' dir='ltr'><strong>An</strong></span> <span class='ocrx_word' id='word_1_20' title='bbox 864 898 1065 943; x_wconf 62' lang='lat' dir='ltr'><strong>amun</strong></span> <span class='ocrx_word' id='word_1_21' title='bbox 1097 872 1487 950; x_wconf 91' lang='lat' dir='ltr'><strong>dicendum,</strong></span> <span class='ocrx_word' id='word_1_22' title='bbox 1524 870 1710 961; x_wconf 89' lang='lat' dir='ltr'><strong>quod</strong></span> <span class='ocrx_word' id='word_1_23' title='bbox 1762 869 1893 936; x_wconf 87' lang='lat' dir='ltr'><strong>hoc</strong></span> <span class='ocrx_word' id='word_1_24' title='bbox 1947 887 2183 933; x_wconf 83' lang='lat' dir='ltr'><strong>verum</strong></span> 
     </span>
     <span class='ocr_line' id='line_1_8' title="bbox 636 980 2187 1075; baseline -0.006 -24"><span class='ocrx_word' id='word_1_25' title='bbox 636 989 758 1062; x_wconf 87' lang='lat' dir='ltr'><strong>est,</strong></span> <span class='ocrx_word' id='word_1_26' title='bbox 797 985 983 1075; x_wconf 92' lang='lat' dir='ltr'><strong>quod</strong></span> <span class='ocrx_word' id='word_1_27' title='bbox 1022 984 1253 1050; x_wconf 88' lang='lat' dir='ltr'><strong>anima</strong></span> <span class='ocrx_word' id='word_1_28' title='bbox 1291 1004 1434 1049; x_wconf 93' lang='lat' dir='ltr'><strong>non</strong></span> <span class='ocrx_word' id='word_1_29' title='bbox 1464 989 1568 1049; x_wconf 87' lang='lat' dir='ltr'><strong>est</strong></span> <span class='ocrx_word' id='word_1_30' title='bbox 1607 981 1674 1046; x_wconf 91' lang='lat' dir='ltr'><strong>in</strong></span> <span class='ocrx_word' id='word_1_31' title='bbox 1695 980 1844 1047; x_wconf 89' lang='lat' dir='ltr'><strong>loco</strong></span> <span class='ocrx_word' id='word_1_32' title='bbox 1876 997 2187 1066; x_wconf 88' lang='lat' dir='ltr'><strong>corpora-</strong></span> 
     </span>
     <span class='ocr_line' id='line_1_9' title="bbox 631 1082 2183 1182; baseline -0.007 -22"><span class='ocrx_word' id='word_1_33' title='bbox 631 1091 849 1160; x_wconf 83' lang='lat' dir='ltr'><strong>linisi</strong></span> <span class='ocrx_word' id='word_1_34' title='bbox 886 1113 1010 1182; x_wconf 88' lang='lat' dir='ltr'><strong>per</strong></span> <span class='ocrx_word' id='word_1_35' title='bbox 1065 1090 1427 1158; x_wconf 85' lang='lat' dir='ltr'><strong>accidens:</strong></span> <span class='ocrx_word' id='word_1_36' title='bbox 1501 1088 1613 1155; x_wconf 92' lang='lat' dir='ltr'><strong>sed</strong></span> <span class='ocrx_word' id='word_1_37' title='bbox 1668 1087 1832 1154; x_wconf 89' lang='lat' dir='ltr'><strong>illud</strong></span> <span class='ocrx_word' id='word_1_38' title='bbox 1878 1082 2183 1152; x_wconf 87' lang='lat' dir='ltr'><strong>accidens</strong></span> 
     </span>
     <span class='ocr_line' id='line_1_10' title="bbox 632 1195 2184 1288; baseline -0.005 -24"><span class='ocrx_word' id='word_1_39' title='bbox 632 1206 734 1265; x_wconf 86' lang='lat' dir='ltr'><strong>est</strong></span> <span class='ocrx_word' id='word_1_40' title='bbox 792 1200 853 1266; x_wconf 92' lang='lat' dir='ltr'><strong>ei</strong></span> <span class='ocrx_word' id='word_1_41' title='bbox 919 1195 1362 1288; x_wconf 84' lang='lat' dir='ltr'><strong>conjunctum</strong></span> <span class='ocrx_word' id='word_1_42' title='bbox 1433 1218 1559 1287; x_wconf 90' lang='lat' dir='ltr'><strong>per</strong></span> <span class='ocrx_word' id='word_1_43' title='bbox 1631 1204 1943 1263; x_wconf 88' lang='lat' dir='ltr'><strong>naturam</strong></span> <span class='ocrx_word' id='word_1_44' title='bbox 1988 1215 2004 1260; x_wconf 90' lang='lat'>:</span> <span class='ocrx_word' id='word_1_45' title='bbox 2065 1214 2184 1282; x_wconf 86' lang='lat' dir='ltr'><strong>per</strong></span> 
     </span>
     <span class='ocr_line' id='line_1_11' title="bbox 630 1298 2184 1394; baseline -0.006 -21"><span class='ocrx_word' id='word_1_46' title='bbox 630 1326 878 1394; x_wconf 87' lang='lat' dir='ltr'><strong>corpus</strong></span> <span class='ocrx_word' id='word_1_47' title='bbox 909 1306 1094 1372; x_wconf 90' lang='lat' dir='ltr'><strong>enim</strong></span> <span class='ocrx_word' id='word_1_48' title='bbox 1128 1309 1231 1372; x_wconf 87' lang='lat' dir='ltr'><strong>est</strong></span> <span class='ocrx_word' id='word_1_49' title='bbox 1262 1305 1335 1370; x_wconf 94' lang='lat' dir='ltr'><strong>in</strong></span> <span class='ocrx_word' id='word_1_50' title='bbox 1365 1303 1547 1382; x_wconf 82' lang='lat' dir='ltr'><strong>loce,</strong></span> <span class='ocrx_word' id='word_1_51' title='bbox 1592 1310 1658 1369; x_wconf 89' lang='lat' dir='ltr'><strong>et</strong></span> <span class='ocrx_word' id='word_1_52' title='bbox 1695 1302 1823 1368; x_wconf 90' lang='lat' dir='ltr'><strong>nisi</strong></span> <span class='ocrx_word' id='word_1_53' title='bbox 1855 1298 2184 1368; x_wconf 87' lang='lat' dir='ltr'><strong>essentia-</strong></span> 
     </span>
     <span class='ocr_line' id='line_1_12' title="bbox 630 1402 2182 1500; baseline -0.006 -22"><span class='ocrx_word' id='word_1_54' title='bbox 630 1412 783 1478; x_wconf 89' lang='lat' dir='ltr'><strong>liter</strong></span> <span class='ocrx_word' id='word_1_55' title='bbox 813 1419 988 1479; x_wconf 85' lang='lat' dir='ltr'><strong>esset</strong></span> <span class='ocrx_word' id='word_1_56' title='bbox 1017 1411 1089 1478; x_wconf 93' lang='lat' dir='ltr'><strong>in</strong></span> <span class='ocrx_word' id='word_1_57' title='bbox 1129 1402 1439 1500; x_wconf 88' lang='lat' dir='ltr'><strong>corpore,</strong></span> <span class='ocrx_word' id='word_1_58' title='bbox 1485 1430 1625 1476; x_wconf 89' lang='lat' dir='ltr'><strong>non</strong></span> <span class='ocrx_word' id='word_1_59' title='bbox 1685 1415 1858 1476; x_wconf 86' lang='lat' dir='ltr'><strong>esset</strong></span> <span class='ocrx_word' id='word_1_60' title='bbox 1927 1408 1994 1472; x_wconf 92' lang='lat' dir='ltr'><strong>in</strong></span> <span class='ocrx_word' id='word_1_61' title='bbox 2035 1404 2182 1472; x_wconf 86' lang='lat' dir='ltr'><strong>loco</strong></span> 
     </span>
     <span class='ocr_line' id='line_1_13' title="bbox 629 1513 2185 1609; baseline -0.006 -23"><span class='ocrx_word' id='word_1_62' title='bbox 629 1517 933 1609; x_wconf 90' lang='lat' dir='ltr'><strong>corporis</strong></span> <span class='ocrx_word' id='word_1_63' title='bbox 969 1540 984 1586; x_wconf 76' lang='grc' dir='ltr'>ε</span> <span class='ocrx_word' id='word_1_64' title='bbox 1029 1522 1096 1586; x_wconf 91' lang='lat' dir='ltr'><strong>et</strong></span> <span class='ocrx_word' id='word_1_65' title='bbox 1153 1517 1330 1585; x_wconf 84' lang='lat' dir='ltr'><strong>ideo&#39;</strong></span> <span class='ocrx_word' id='word_1_66' title='bbox 1363 1538 1487 1607; x_wconf 88' lang='lat' dir='ltr'><strong>per</strong></span> <span class='ocrx_word' id='word_1_67' title='bbox 1526 1513 1695 1582; x_wconf 90' lang='lat' dir='ltr'><strong>illud</strong></span> <span class='ocrx_word' id='word_1_68' title='bbox 1754 1517 1819 1582; x_wconf 90' lang='lat' dir='ltr'><strong>in</strong></span> <span class='ocrx_word' id='word_1_69' title='bbox 1862 1534 1995 1604; x_wconf 92' lang='lat' dir='ltr'><strong>quo</strong></span> <span class='ocrx_word' id='word_1_70' title='bbox 2041 1513 2185 1601; x_wconf 89' lang='lat' dir='ltr'><strong>ipsa</strong></span> 
     </span>
     <span class='ocr_line' id='line_1_14' title="bbox 629 1618 2183 1712; baseline -0.006 -19"><span class='ocrx_word' id='word_1_71' title='bbox 629 1649 770 1693; x_wconf 93' lang='lat' dir='ltr'><strong>non</strong></span> <span class='ocrx_word' id='word_1_72' title='bbox 810 1634 913 1693; x_wconf 91' lang='lat' dir='ltr'><strong>est</strong></span> <span class='ocrx_word' id='word_1_73' title='bbox 942 1624 1423 1703; x_wconf 79' lang='lat' dir='ltr'><strong>essentialiter,</strong></span> <span class='ocrx_word' id='word_1_74' title='bbox 1456 1623 1577 1691; x_wconf 90' lang='lat' dir='ltr'><strong>sed</strong></span> <span class='ocrx_word' id='word_1_75' title='bbox 1614 1623 1840 1712; x_wconf 87' lang='lat' dir='ltr'><strong>potius</strong></span> <span class='ocrx_word' id='word_1_76' title='bbox 1870 1618 2036 1685; x_wconf 91' lang='lat' dir='ltr'><strong>illud</strong></span> <span class='ocrx_word' id='word_1_77' title='bbox 2082 1624 2183 1685; x_wconf 90' lang='lat' dir='ltr'><strong>est</strong></span> 
     </span>
     <span class='ocr_line' id='line_1_15' title="bbox 628 1725 2177 1823; baseline -0.007 -22"><span class='ocrx_word' id='word_1_78' title='bbox 628 1736 698 1801; x_wconf 93' lang='lat' dir='ltr'><strong>in</strong></span> <span class='ocrx_word' id='word_1_79' title='bbox 726 1734 875 1823; x_wconf 90' lang='lat' dir='ltr'><strong>ipsa</strong></span> <span class='ocrx_word' id='word_1_80' title='bbox 921 1754 1043 1823; x_wconf 88' lang='lat' dir='ltr'><strong>per</strong></span> <span class='ocrx_word' id='word_1_81' title='bbox 1081 1727 1450 1799; x_wconf 79' lang='lat' dir='ltr'><strong>essentiam</strong></span> <span class='ocrx_word' id='word_1_82' title='bbox 1518 1738 1585 1797; x_wconf 89' lang='lat' dir='ltr'><strong>et</strong></span> <span class='ocrx_word' id='word_1_83' title='bbox 1641 1725 2177 1805; x_wconf 88' lang='lat' dir='ltr'><strong>similitudinem,</strong></span> 
     </span>
     <span class='ocr_line' id='line_1_16' title="bbox 627 1836 2182 1929; baseline -0.005 -20"><span class='ocrx_word' id='word_1_84' title='bbox 627 1864 766 1909; x_wconf 89' lang='lat' dir='ltr'><strong>non</strong></span> <span class='ocrx_word' id='word_1_85' title='bbox 797 1839 1007 1909; x_wconf 89' lang='lat' dir='ltr'><strong>habet</strong></span> <span class='ocrx_word' id='word_1_86' title='bbox 1032 1839 1265 1908; x_wconf 90' lang='lat' dir='ltr'><strong>locum</strong></span> <span class='ocrx_word' id='word_1_87' title='bbox 1306 1836 1608 1929; x_wconf 82' lang='lat' dir='ltr'><strong>aliquem</strong></span> <span class='ocrx_word' id='word_1_88' title='bbox 1649 1859 1773 1905; x_wconf 86' lang='lat' dir='ltr'><strong>nec</strong></span> <span class='ocrx_word' id='word_1_89' title='bbox 1803 1857 1922 1926; x_wconf 88' lang='lat' dir='ltr'><strong>per</strong></span> <span class='ocrx_word' id='word_1_90' title='bbox 1957 1856 2027 1901; x_wconf 91' lang='lat' dir='ltr'><strong>se</strong></span> <span class='ocrx_word' id='word_1_91' title='bbox 2058 1855 2182 1901; x_wconf 87' lang='lat' dir='ltr'><strong>nec</strong></span> 
     </span>
     <span class='ocr_line' id='line_1_17' title="bbox 628 1941 1115 2042; baseline -0.004 -23"><span class='ocrx_word' id='word_1_92' title='bbox 628 1973 751 2042; x_wconf 90' lang='lat' dir='ltr'><strong>per</strong></span> <span class='ocrx_word' id='word_1_93' title='bbox 778 1941 1115 2019; x_wconf 83' lang='lat' dir='ltr'><strong>accidens.</strong></span> 
     </span>
    </p>

    <p class='ocr_par' dir='ltr' id='par_1_8' title="bbox 615 2050 2181 3773">
     <span class='ocr_line' id='line_1_18' title="bbox 717 2050 2181 2145; baseline -0.005 -21"><span class='ocrx_word' id='word_1_94' title='bbox 717 2058 824 2124; x_wconf 77' lang='lat' dir='ltr'><strong>&#39;An</strong></span> <span class='ocrx_word' id='word_1_95' title='bbox 875 2078 1078 2127; x_wconf 67' lang='lat' dir='ltr'><strong>Auno</strong></span> <span class='ocrx_word' id='word_1_96' title='bbox 1144 2050 1536 2136; x_wconf 88' lang='lat' dir='ltr'><strong>dicendum,</strong></span> <span class='ocrx_word' id='word_1_97' title='bbox 1581 2050 1765 2145; x_wconf 88' lang='lat' dir='ltr'><strong>quod</strong></span> <span class='ocrx_word' id='word_1_98' title='bbox 1821 2051 2039 2120; x_wconf 60' lang='lat' dir='ltr'><strong>&#39;forma</strong></span> <span class='ocrx_word' id='word_1_99' title='bbox 2061 2072 2181 2141; x_wconf 87' lang='lat' dir='ltr'><strong>per</strong></span> 
     </span>
     <span class='ocr_line' id='line_1_19' title="bbox 630 2151 2177 2250; baseline -0.005 -16"><span class='ocrx_word' id='word_1_100' title='bbox 630 2189 729 2247; x_wconf 88' lang='lat' dir='ltr'><strong>se,</strong></span> <span class='ocrx_word' id='word_1_101' title='bbox 762 2164 832 2233; x_wconf 91' lang='lat' dir='ltr'><strong>id</strong></span> <span class='ocrx_word' id='word_1_102' title='bbox 862 2171 990 2250; x_wconf 87' lang='lat' dir='ltr'><strong>est,</strong></span> <span class='ocrx_word' id='word_1_103' title='bbox 1023 2151 1182 2232; x_wconf 76' lang='lat' dir='ltr'><strong>sine&#39;</strong></span> <span class='ocrx_word' id='word_1_104' title='bbox 1212 2160 1524 2246; x_wconf 90' lang='lat' dir='ltr'><strong>materia,</strong></span> <span class='ocrx_word' id='word_1_105' title='bbox 1555 2175 1716 2230; x_wconf 71' lang='lat' dir='ltr'><strong>&#39;non</strong></span> <span class='ocrx_word' id='word_1_106' title='bbox 1774 2160 2177 2232; x_wconf 87' lang='lat' dir='ltr'><strong>determinat</strong></span> 
     </span>
     <span class='ocr_line' id='line_1_20' title="bbox 626 2265 2177 2366; baseline -0.004 -23"><span class='ocrx_word' id='word_1_107' title='bbox 626 2275 757 2343; x_wconf 85' lang='lat' dir='ltr'><strong>sibi</strong></span> <span class='ocrx_word' id='word_1_108' title='bbox 785 2265 1042 2354; x_wconf 84' lang='lat' dir='ltr'><strong>locum,</strong></span> <span class='ocrx_word' id='word_1_109' title='bbox 1087 2271 1250 2366; x_wconf 81' lang='lat' dir='ltr'><strong>quia</strong></span> <span class='ocrx_word' id='word_1_110' title='bbox 1287 2272 1385 2341; x_wconf 89' lang='lat' dir='ltr'><strong>sic</strong></span> <span class='ocrx_word' id='word_1_111' title='bbox 1415 2280 1518 2341; x_wconf 89' lang='lat' dir='ltr'><strong>est</strong></span> <span class='ocrx_word' id='word_1_112' title='bbox 1545 2269 1831 2363; x_wconf 80' lang='lat' dir='ltr'><strong>simplex</strong></span> <span class='ocrx_word' id='word_1_113' title='bbox 1868 2293 1883 2339; x_wconf 76' lang='grc' dir='ltr'>ε</span> <span class='ocrx_word' id='word_1_114' title='bbox 1926 2268 2044 2338; x_wconf 90' lang='lat' dir='ltr'><strong>sed</strong></span> <span class='ocrx_word' id='word_1_115' title='bbox 2081 2269 2177 2337; x_wconf 88' lang='lat' dir='ltr'><strong>sic</strong></span> 
     </span>
     <span class='ocr_line' id='line_1_21' title="bbox 625 2371 2178 2486; baseline -0.004 -34"><span class='ocrx_word' id='word_1_116' title='bbox 625 2406 765 2452; x_wconf 90' lang='lat' dir='ltr'><strong>non</strong></span> <span class='ocrx_word' id='word_1_117' title='bbox 799 2371 1093 2486; x_wconf 44' lang='lat' dir='ltr'><strong>&#39;est‘nisi</strong></span> <span class='ocrx_word' id='word_1_118' title='bbox 1147 2404 1272 2475; x_wconf 90' lang='lat' dir='ltr'><strong>per</strong></span> <span class='ocrx_word' id='word_1_119' title='bbox 1310 2380 1814 2451; x_wconf 86' lang='lat' dir='ltr'><strong>intentionem:</strong></span> <span class='ocrx_word' id='word_1_120' title='bbox 1873 2379 1992 2447; x_wconf 88' lang='lat' dir='ltr'><strong>sed</strong></span> <span class='ocrx_word' id='word_1_121' title='bbox 2056 2400 2178 2471; x_wconf 90' lang='lat' dir='ltr'><strong>per</strong></span> 
     </span>
     <span class='ocr_line' id='line_1_22' title="bbox 623 2486 2175 2586; baseline -0.001 -27"><span class='ocrx_word' id='word_1_122' title='bbox 623 2514 769 2559; x_wconf 89' lang='lat' dir='ltr'><strong>esse</strong></span> <span class='ocrx_word' id='word_1_123' title='bbox 798 2515 1003 2560; x_wconf 90' lang='lat' dir='ltr'><strong>suum</strong></span> <span class='ocrx_word' id='word_1_124' title='bbox 1031 2490 1104 2559; x_wconf 89' lang='lat' dir='ltr'><strong>in</strong></span> <span class='ocrx_word' id='word_1_125' title='bbox 1134 2490 1420 2559; x_wconf 90' lang='lat' dir='ltr'><strong>materia</strong></span> <span class='ocrx_word' id='word_1_126' title='bbox 1459 2486 1863 2586; x_wconf 81' lang='lat' dir='ltr'><strong>determinat</strong></span> <span class='ocrx_word' id='word_1_127' title='bbox 1900 2487 2026 2559; x_wconf 89' lang='lat' dir='ltr'><strong>sibi</strong></span> <span class='ocrx_word' id='word_1_128' title='bbox 2067 2487 2175 2557; x_wconf 90' lang='lat' dir='ltr'><strong>lo-</strong></span> 
     </span>
     <span class='ocr_line' id='line_1_23' title="bbox 621 2596 2169 2690; baseline -0.002 -23"><span class='ocrx_word' id='word_1_129' title='bbox 621 2620 777 2667; x_wconf 92' lang='lat' dir='ltr'><strong>cum</strong></span> <span class='ocrx_word' id='word_1_130' title='bbox 812 2620 828 2667; x_wconf 86' lang='lat'><strong>:</strong></span> <span class='ocrx_word' id='word_1_131' title='bbox 865 2598 961 2666; x_wconf 87' lang='lat' dir='ltr'><strong>ita</strong></span> <span class='ocrx_word' id='word_1_132' title='bbox 989 2597 1225 2682; x_wconf 87' lang='lat' dir='ltr'><strong>etiam,</strong></span> <span class='ocrx_word' id='word_1_133' title='bbox 1268 2596 1456 2690; x_wconf 89' lang='lat' dir='ltr'><strong>quod</strong></span> <span class='ocrx_word' id='word_1_134' title='bbox 1485 2606 1762 2666; x_wconf 83' lang='lat' dir='ltr'><strong>moveat</strong></span> <span class='ocrx_word' id='word_1_135' title='bbox 1799 2597 1884 2665; x_wconf 87' lang='lat' dir='ltr'><strong>ad</strong></span> <span class='ocrx_word' id='word_1_136' title='bbox 1945 2596 2169 2666; x_wconf 89' lang='lat' dir='ltr'><strong>locum</strong></span> 
     </span>
     <span class='ocr_line' id='line_1_24' title="bbox 620 2701 2174 2796; baseline 0 -24"><span class='ocrx_word' id='word_1_137' title='bbox 620 2704 842 2784; x_wconf 92' lang='lat' dir='ltr'><strong>illum,</strong></span> <span class='ocrx_word' id='word_1_138' title='bbox 885 2703 1016 2773; x_wconf 89' lang='lat' dir='ltr'><strong>nisi</strong></span> <span class='ocrx_word' id='word_1_139' title='bbox 1047 2701 1516 2796; x_wconf 88' lang='lat' dir='ltr'><strong>prohibeatur,</strong></span> <span class='ocrx_word' id='word_1_140' title='bbox 1550 2707 1625 2771; x_wconf 92' lang='lat' dir='ltr'><strong>ut</strong></span> <span class='ocrx_word' id='word_1_141' title='bbox 1661 2701 1823 2773; x_wconf 90' lang='lat' dir='ltr'><strong>dicit</strong></span> <span class='ocrx_word' id='word_1_142' title='bbox 1857 2702 2174 2772; x_wconf 80' lang='lat' dir='ltr'><strong>Philoso-</strong></span> 
     </span>
     <span class='ocr_line' id='line_1_25' title="bbox 615 2807 2169 2903; baseline 0 -25"><span class='ocrx_word' id='word_1_143' title='bbox 615 2807 819 2903; x_wconf 85' lang='lat' dir='ltr'><strong>phus.</strong></span> <span class='ocrx_word' id='word_1_144' title='bbox 875 2808 1042 2879; x_wconf 85' lang='lat' dir='ltr'><strong>Esse</strong></span> <span class='ocrx_word' id='word_1_145' title='bbox 1098 2818 1331 2879; x_wconf 90' lang='lat' dir='ltr'><strong>autem</strong></span> <span class='ocrx_word' id='word_1_146' title='bbox 1397 2811 1490 2880; x_wconf 86' lang='lat' dir='ltr'><strong>ita</strong></span> <span class='ocrx_word' id='word_1_147' title='bbox 1552 2833 1693 2880; x_wconf 90' lang='lat' dir='ltr'><strong>non</strong></span> <span class='ocrx_word' id='word_1_148' title='bbox 1766 2807 2169 2880; x_wconf 85' lang='lat' dir='ltr'><strong>accidentale</strong></span> 
     </span>
     <span class='ocr_line' id='line_1_26' title="bbox 619 2912 2169 3010; baseline 0 -25"><span class='ocrx_word' id='word_1_149' title='bbox 619 2924 744 2998; x_wconf 88' lang='lat' dir='ltr'><strong>est,</strong></span> <span class='ocrx_word' id='word_1_150' title='bbox 777 2917 955 2986; x_wconf 88' lang='lat' dir='ltr'><strong>sicut</strong></span> <span class='ocrx_word' id='word_1_151' title='bbox 990 2912 1408 2987; x_wconf 82' lang='lat' dir='ltr'><strong>accidentale</strong></span> <span class='ocrx_word' id='word_1_152' title='bbox 1439 2923 1541 2986; x_wconf 90' lang='lat' dir='ltr'><strong>est</strong></span> <span class='ocrx_word' id='word_1_153' title='bbox 1605 2915 1789 3010; x_wconf 87' lang='lat' dir='ltr'><strong>quod</strong></span> <span class='ocrx_word' id='word_1_154' title='bbox 1839 2915 2169 3008; x_wconf 82' lang='lat' dir='ltr'><strong>contingit</strong></span> 
     </span>
     <span class='ocr_line' id='line_1_27' title="bbox 619 3021 2169 3096; baseline -0.001 -1"><span class='ocrx_word' id='word_1_155' title='bbox 619 3025 842 3095; x_wconf 90' lang='lat' dir='ltr'><strong>eidem</strong></span> <span class='ocrx_word' id='word_1_156' title='bbox 890 3021 1128 3096; x_wconf 77' lang='lat' dir='ltr'><strong>adesse</strong></span> <span class='ocrx_word' id='word_1_157' title='bbox 1175 3033 1244 3094; x_wconf 85' lang='lat' dir='ltr'><strong>et</strong></span> <span class='ocrx_word' id='word_1_158' title='bbox 1289 3024 1529 3095; x_wconf 84' lang='lat' dir='ltr'><strong>abesse</strong></span> <span class='ocrx_word' id='word_1_159' title='bbox 1577 3026 1648 3095; x_wconf 90' lang='lat' dir='ltr'><strong>in</strong></span> <span class='ocrx_word' id='word_1_160' title='bbox 1703 3033 1946 3095; x_wconf 87' lang='lat' dir='ltr'><strong>natura</strong></span> <span class='ocrx_word' id='word_1_161' title='bbox 2016 3048 2169 3094; x_wconf 87' lang='lat' dir='ltr'><strong>ma-</strong></span> 
     </span>
     <span class='ocr_line' id='line_1_28' title="bbox 623 3125 2168 3229; baseline -0.001 -24"><span class='ocrx_word' id='word_1_162' title='bbox 623 3134 808 3205; x_wconf 80' lang='lat' dir='ltr'><strong>nenti</strong></span> <span class='ocrx_word' id='word_1_163' title='bbox 869 3156 888 3204; x_wconf 89' lang='lat'><strong>:</strong></span> <span class='ocrx_word' id='word_1_164' title='bbox 958 3131 1080 3205; x_wconf 88' lang='lat' dir='ltr'><strong>sed</strong></span> <span class='ocrx_word' id='word_1_165' title='bbox 1133 3125 1254 3205; x_wconf 82' lang='lat' dir='ltr'><strong>est</strong></span> <span class='ocrx_word' id='word_1_166' title='bbox 1301 3132 1748 3225; x_wconf 82' lang='lat' dir='ltr'><strong>accidentale,</strong></span> <span class='ocrx_word' id='word_1_167' title='bbox 1824 3137 1996 3205; x_wconf 79' lang='lat' dir='ltr'><strong>sicut</strong></span> <span class='ocrx_word' id='word_1_168' title='bbox 2053 3159 2168 3229; x_wconf 82' lang='lat' dir='ltr'><strong>per</strong></span> 
     </span>
     <span class='ocr_line' id='line_1_29' title="bbox 619 3242 2166 3340; baseline 0.001 -27"><span class='ocrx_word' id='word_1_169' title='bbox 619 3242 807 3314; x_wconf 89' lang='lat' dir='ltr'><strong>aliud</strong></span> <span class='ocrx_word' id='word_1_170' title='bbox 834 3244 1275 3325; x_wconf 82' lang='lat' dir='ltr'><strong>conveniens,</strong></span> <span class='ocrx_word' id='word_1_171' title='bbox 1318 3243 1579 3315; x_wconf 86' lang='lat' dir='ltr'><strong>scilicet</strong></span> <span class='ocrx_word' id='word_1_172' title='bbox 1615 3269 1739 3338; x_wconf 88' lang='lat' dir='ltr'><strong>per</strong></span> <span class='ocrx_word' id='word_1_173' title='bbox 1800 3244 1932 3315; x_wconf 85' lang='lat' dir='ltr'><strong>boc</strong></span> <span class='ocrx_word' id='word_1_174' title='bbox 1985 3243 2166 3340; x_wconf 91' lang='lat' dir='ltr'><strong>quod</strong></span> 
     </span>
     <span class='ocr_line' id='line_1_30' title="bbox 619 3351 2165 3435; baseline 0.002 -14"><span class='ocrx_word' id='word_1_175' title='bbox 619 3353 822 3421; x_wconf 90' lang='lat' dir='ltr'><strong>estin</strong></span> <span class='ocrx_word' id='word_1_176' title='bbox 854 3351 1139 3422; x_wconf 83' lang='lat' dir='ltr'><strong>materia</strong></span> <span class='ocrx_word' id='word_1_177' title='bbox 1171 3374 1189 3423; x_wconf 73' lang='grc' dir='ltr'><strong><em>ε</em></strong></span> <span class='ocrx_word' id='word_1_178' title='bbox 1226 3358 1294 3423; x_wconf 90' lang='lat' dir='ltr'><strong>et</strong></span> <span class='ocrx_word' id='word_1_179' title='bbox 1329 3351 1467 3423; x_wconf 90' lang='lat' dir='ltr'><strong>hoc</strong></span> <span class='ocrx_word' id='word_1_180' title='bbox 1493 3361 1596 3424; x_wconf 90' lang='lat' dir='ltr'><strong>est</strong></span> <span class='ocrx_word' id='word_1_181' title='bbox 1638 3354 1965 3435; x_wconf 85' lang='lat' dir='ltr'><strong>naturale,</strong></span> <span class='ocrx_word' id='word_1_182' title='bbox 2027 3377 2165 3424; x_wconf 88' lang='lat' dir='ltr'><strong>non</strong></span> 
     </span>
     <span class='ocr_line' id='line_1_31' title="bbox 619 3455 2164 3555; baseline 0.002 -26"><span class='ocrx_word' id='word_1_183' title='bbox 619 3456 1033 3529; x_wconf 87' lang='lat' dir='ltr'><strong>accidentale</strong></span> <span class='ocrx_word' id='word_1_184' title='bbox 1096 3455 1361 3541; x_wconf 65' lang='lat' dir='ltr'><strong>formae,</strong></span> <span class='ocrx_word' id='word_1_185' title='bbox 1432 3460 1490 3529; x_wconf 93' lang='lat' dir='ltr'><strong>si</strong></span> <span class='ocrx_word' id='word_1_186' title='bbox 1546 3461 1856 3531; x_wconf 83' lang='lat' dir='ltr'><strong>accidens</strong></span> <span class='ocrx_word' id='word_1_187' title='bbox 1895 3462 2164 3555; x_wconf 87' lang='lat' dir='ltr'><strong>proprie</strong></span> 
     </span>
     <span class='ocr_line' id='line_1_32' title="bbox 616 3572 2161 3666; baseline 0.001 -25"><span class='ocrx_word' id='word_1_188' title='bbox 616 3572 995 3641; x_wconf 89' lang='lat' dir='ltr'><strong>secundum</strong></span> <span class='ocrx_word' id='word_1_189' title='bbox 1025 3580 1343 3644; x_wconf 86' lang='lat' dir='ltr'><strong>naturam</strong></span> <span class='ocrx_word' id='word_1_190' title='bbox 1373 3572 1741 3644; x_wconf 83' lang='lat' dir='ltr'><strong>accidentis</strong></span> <span class='ocrx_word' id='word_1_191' title='bbox 1778 3574 2161 3666; x_wconf 83' lang='lat' dir='ltr'><strong>accipiatur.</strong></span> 
     </span>
     <span class='ocr_line' id='line_1_33' title="bbox 621 3679 2165 3773; baseline 0.002 -24"><span class='ocrx_word' id='word_1_192' title='bbox 621 3679 817 3750; x_wconf 86' lang='lat' dir='ltr'><strong>Unde</strong></span> <span class='ocrx_word' id='word_1_193' title='bbox 846 3680 1141 3752; x_wconf 72' lang='lat' dir='ltr'><strong>formam</strong></span> <span class='ocrx_word' id='word_1_194' title='bbox 1173 3679 1529 3773; x_wconf 75' lang='lat' dir='ltr'><strong>tripliciter</strong></span> <span class='ocrx_word' id='word_1_195' title='bbox 1558 3691 1660 3752; x_wconf 84' lang='lat' dir='ltr'><strong>est</strong></span> <span class='ocrx_word' id='word_1_196' title='bbox 1708 3681 2165 3772; x_wconf 83' lang='lat' dir='ltr'><strong>considerare,</strong></span> 
     </span>
    </p>
   </div>
   <div class='ocr_carea' id='block_1_7' title="bbox 1637 341 2882 451">
    <p class='ocr_par' dir='ltr' id='par_1_9' title="bbox 1637 341 2882 451">
     <span class='ocr_line' id='line_1_34' title="bbox 1637 341 2882 451; baseline -0.014 -6"><span class='ocrx_word' id='word_1_197' title='bbox 1637 341 1760 448; x_wconf 74' lang='grc' dir='ltr'><strong>ὀ.</strong></span> <span class='ocrx_word' id='word_1_198' title='bbox 1811 373 2009 444; x_wconf 81' lang='lat' dir='ltr'><strong>ALB.</strong></span> <span class='ocrx_word' id='word_1_199' title='bbox 2058 344 2273 438; x_wconf 73' lang='lat' dir='ltr'><strong>MAs.</strong></span> <span class='ocrx_word' id='word_1_200' title='bbox 2327 363 2535 451; x_wconf 76' lang='lat' dir='ltr'><strong>ean.</strong></span> <span class='ocrx_word' id='word_1_201' title='bbox 2587 360 2882 430; x_wconf 83' lang='lat' dir='ltr'><strong>PRAED.</strong></span> 
     </span>
    </p>
   </div>
   <div class='ocr_carea' id='block_1_8' title="bbox 2294 525 3843 1162">
    <p class='ocr_par' dir='ltr' id='par_1_10' title="bbox 2294 525 3843 1162">
     <span class='ocr_line' id='line_1_35' title="bbox 2294 525 3843 618; baseline -0.01 -8"><span class='ocrx_word' id='word_1_202' title='bbox 2294 525 2651 610; x_wconf 52' lang='lat' dir='ltr'><strong>scilicet&#39;ut</strong></span> <span class='ocrx_word' id='word_1_203' title='bbox 2680 548 2782 607; x_wconf 89' lang='lat' dir='ltr'><strong>est</strong></span> <span class='ocrx_word' id='word_1_204' title='bbox 2809 535 3173 612; x_wconf 88' lang='lat' dir='ltr'><strong>intellecta,</strong></span> <span class='ocrx_word' id='word_1_205' title='bbox 3212 540 3278 600; x_wconf 92' lang='lat' dir='ltr'><strong>et</strong></span> <span class='ocrx_word' id='word_1_206' title='bbox 3308 532 3406 599; x_wconf 89' lang='lat' dir='ltr'><strong>sic</strong></span> <span class='ocrx_word' id='word_1_207' title='bbox 3437 537 3536 598; x_wconf 90' lang='lat' dir='ltr'><strong>est</strong></span> <span class='ocrx_word' id='word_1_208' title='bbox 3586 528 3843 618; x_wconf 89' lang='lat' dir='ltr'><strong>species</strong></span> 
     </span>
     <span class='ocr_line' id='line_1_36' title="bbox 2294 641 3840 738; baseline -0.01 -20"><span class='ocrx_word' id='word_1_209' title='bbox 2294 652 2364 718; x_wconf 88' lang='lat' dir='ltr'><strong>in</strong></span> <span class='ocrx_word' id='word_1_210' title='bbox 2399 650 2628 718; x_wconf 89' lang='lat' dir='ltr'><strong>anima</strong></span> <span class='ocrx_word' id='word_1_211' title='bbox 2658 646 3119 738; x_wconf 85' lang='lat' dir='ltr'><strong>intelligentis,</strong></span> <span class='ocrx_word' id='word_1_212' title='bbox 3158 651 3223 711; x_wconf 89' lang='lat' dir='ltr'><strong>et</strong></span> <span class='ocrx_word' id='word_1_213' title='bbox 3260 641 3519 731; x_wconf 90' lang='lat' dir='ltr'><strong>species</strong></span> <span class='ocrx_word' id='word_1_214' title='bbox 3555 659 3707 728; x_wconf 87' lang='lat' dir='ltr'><strong>quae</strong></span> <span class='ocrx_word' id='word_1_215' title='bbox 3740 644 3840 703; x_wconf 89' lang='lat' dir='ltr'><strong>est</strong></span> 
     </span>
     <span class='ocr_line' id='line_1_37' title="bbox 2294 749 3842 839; baseline -0.009 -17"><span class='ocrx_word' id='word_1_216' title='bbox 2294 758 2364 823; x_wconf 87' lang='lat' dir='ltr'><strong>in</strong></span> <span class='ocrx_word' id='word_1_217' title='bbox 2394 759 2623 824; x_wconf 87' lang='lat' dir='ltr'><strong>anima</strong></span> <span class='ocrx_word' id='word_1_218' title='bbox 2682 756 2879 821; x_wconf 87' lang='lat' dir='ltr'><strong>unius</strong></span> <span class='ocrx_word' id='word_1_219' title='bbox 2914 776 3051 820; x_wconf 90' lang='lat' dir='ltr'><strong>non</strong></span> <span class='ocrx_word' id='word_1_220' title='bbox 3092 761 3192 819; x_wconf 91' lang='lat' dir='ltr'><strong>est</strong></span> <span class='ocrx_word' id='word_1_221' title='bbox 3254 749 3510 839; x_wconf 89' lang='lat' dir='ltr'><strong>species</strong></span> <span class='ocrx_word' id='word_1_222' title='bbox 3551 766 3705 835; x_wconf 84' lang='lat' dir='ltr'><strong>quae</strong></span> <span class='ocrx_word' id='word_1_223' title='bbox 3741 750 3842 810; x_wconf 88' lang='lat' dir='ltr'><strong>est</strong></span> 
     </span>
     <span class='ocr_line' id='line_1_38' title="bbox 2294 856 3836 930; baseline -0.009 -1"><span class='ocrx_word' id='word_1_224' title='bbox 2294 864 2362 929; x_wconf 89' lang='lat' dir='ltr'><strong>in</strong></span> <span class='ocrx_word' id='word_1_225' title='bbox 2418 866 2645 930; x_wconf 89' lang='lat' dir='ltr'><strong>anima</strong></span> <span class='ocrx_word' id='word_1_226' title='bbox 2686 862 2956 928; x_wconf 88' lang='lat' dir='ltr'><strong>alterius</strong></span> <span class='ocrx_word' id='word_1_227' title='bbox 3018 883 3031 925; x_wconf 91' lang='lat'><strong>:</strong></span> <span class='ocrx_word' id='word_1_228' title='bbox 3079 859 3184 925; x_wconf 82' lang='lat' dir='ltr'><strong>vel</strong></span> <span class='ocrx_word' id='word_1_229' title='bbox 3225 866 3298 924; x_wconf 91' lang='lat' dir='ltr'><strong>ut</strong></span> <span class='ocrx_word' id='word_1_230' title='bbox 3358 856 3527 923; x_wconf 86' lang='lat' dir='ltr'><strong>ratio</strong></span> <span class='ocrx_word' id='word_1_231' title='bbox 3577 860 3836 919; x_wconf 63' lang='lat' dir='ltr'><strong>naturae</strong></span> 
     </span>
     <span class='ocr_line' id='line_1_39' title="bbox 2294 961 3837 1053; baseline -0.01 -15"><span class='ocrx_word' id='word_1_232' title='bbox 2294 971 2701 1050; x_wconf 78' lang='lat' dir='ltr'><strong>communiS,</strong></span> <span class='ocrx_word' id='word_1_233' title='bbox 2745 964 3139 1035; x_wconf 86' lang='lat' dir='ltr'><strong>abstrahens</strong></span> <span class='ocrx_word' id='word_1_234' title='bbox 3171 987 3210 1030; x_wconf 89' lang='lat' dir='ltr'><strong>a</strong></span> <span class='ocrx_word' id='word_1_235' title='bbox 3257 961 3563 1053; x_wconf 86' lang='lat' dir='ltr'><strong>quolibet</strong></span> <span class='ocrx_word' id='word_1_236' title='bbox 3622 961 3837 1049; x_wconf 85' lang='lat' dir='ltr'><strong>parti-</strong></span> 
     </span>
     <span class='ocr_line' id='line_1_40' title="bbox 2296 1068 3839 1162; baseline -0.008 -17"><span class='ocrx_word' id='word_1_237' title='bbox 2296 1078 2531 1156; x_wconf 86' lang='lat' dir='ltr'><strong>culari,</strong></span> <span class='ocrx_word' id='word_1_238' title='bbox 2567 1085 2632 1144; x_wconf 89' lang='lat' dir='ltr'><strong>et</strong></span> <span class='ocrx_word' id='word_1_239' title='bbox 2669 1077 2763 1143; x_wconf 87' lang='lat' dir='ltr'><strong>sic</strong></span> <span class='ocrx_word' id='word_1_240' title='bbox 2794 1082 2893 1143; x_wconf 88' lang='lat' dir='ltr'><strong>est</strong></span> <span class='ocrx_word' id='word_1_241' title='bbox 2921 1075 2988 1139; x_wconf 92' lang='lat' dir='ltr'><strong>in</strong></span> <span class='ocrx_word' id='word_1_242' title='bbox 3022 1071 3324 1162; x_wconf 87' lang='lat' dir='ltr'><strong>quolibet</strong></span> <span class='ocrx_word' id='word_1_243' title='bbox 3353 1092 3476 1136; x_wconf 91' lang='lat' dir='ltr'><strong>suo</strong></span> <span class='ocrx_word' id='word_1_244' title='bbox 3535 1068 3839 1157; x_wconf 86' lang='lat' dir='ltr'><strong>particu-</strong></span> 
     </span>
    </p>
   </div>
   <div class='ocr_carea' id='block_1_9' title="bbox 2296 1172 3931 1273">
    <p class='ocr_par' dir='ltr' id='par_1_11' title="bbox 2296 1172 3931 1273">
     <span class='ocr_line' id='line_1_41' title="bbox 2296 1172 3931 1273; baseline -0.009 -20"><span class='ocrx_word' id='word_1_245' title='bbox 2296 1185 2418 1253; x_wconf 87' lang='lat' dir='ltr'><strong>lari</strong></span> <span class='ocrx_word' id='word_1_246' title='bbox 2451 1192 2516 1252; x_wconf 87' lang='lat' dir='ltr'><strong>et</strong></span> <span class='ocrx_word' id='word_1_247' title='bbox 2553 1204 2865 1273; x_wconf 87' lang='lat' dir='ltr'><strong>semper:</strong></span> <span class='ocrx_word' id='word_1_248' title='bbox 2901 1180 3007 1249; x_wconf 84' lang='lat' dir='ltr'><strong>vel</strong></span> <span class='ocrx_word' id='word_1_249' title='bbox 3047 1175 3420 1247; x_wconf 84' lang='lat' dir='ltr'><strong>secundum</strong></span> <span class='ocrx_word' id='word_1_250' title='bbox 3462 1197 3607 1242; x_wconf 91' lang='lat' dir='ltr'><strong>esse</strong></span> <span class='ocrx_word' id='word_1_251' title='bbox 3654 1172 3837 1263; x_wconf 89' lang='lat' dir='ltr'><strong>quod</strong></span> <span class='ocrx_word' id='word_1_252' title='bbox 3925 1203 3931 1209; x_wconf 90' lang='lat'><strong>·</strong></span> 
     </span>
    </p>
   </div>
   <div class='ocr_carea' id='block_1_10' title="bbox 2285 1284 3838 2333">
    <p class='ocr_par' dir='ltr' id='par_1_12' title="bbox 2285 1284 3838 2333">
     <span class='ocr_line' id='line_1_42' title="bbox 2292 1284 3835 1376; baseline -0.008 -14"><span class='ocrx_word' id='word_1_253' title='bbox 2292 1295 2496 1363; x_wconf 87' lang='lat' dir='ltr'><strong>habet</strong></span> <span class='ocrx_word' id='word_1_254' title='bbox 2527 1296 2594 1362; x_wconf 90' lang='lat' dir='ltr'><strong>in</strong></span> <span class='ocrx_word' id='word_1_255' title='bbox 2627 1302 2887 1369; x_wconf 84' lang='lat' dir='ltr'><strong>natura,</strong></span> <span class='ocrx_word' id='word_1_256' title='bbox 2934 1299 2999 1359; x_wconf 89' lang='lat' dir='ltr'><strong>et</strong></span> <span class='ocrx_word' id='word_1_257' title='bbox 3027 1292 3124 1358; x_wconf 87' lang='lat' dir='ltr'><strong>sic</strong></span> <span class='ocrx_word' id='word_1_258' title='bbox 3163 1296 3262 1356; x_wconf 89' lang='lat' dir='ltr'><strong>est</strong></span> <span class='ocrx_word' id='word_1_259' title='bbox 3300 1290 3382 1354; x_wconf 90' lang='lat' dir='ltr'><strong>in·</strong></span> <span class='ocrx_word' id='word_1_260' title='bbox 3401 1309 3481 1354; x_wconf 92' lang='lat' dir='ltr'><strong>eo</strong></span> <span class='ocrx_word' id='word_1_261' title='bbox 3514 1284 3697 1376; x_wconf 91' lang='lat' dir='ltr'><strong>quod</strong></span> <span class='ocrx_word' id='word_1_262' title='bbox 3736 1291 3835 1350; x_wconf 87' lang='lat' dir='ltr'><strong>est</strong></span> 
     </span>
     <span class='ocr_line' id='line_1_43' title="bbox 2293 1393 3838 1493; baseline -0.008 -23"><span class='ocrx_word' id='word_1_263' title='bbox 2293 1403 2421 1472; x_wconf 90' lang='lat' dir='ltr'><strong>hoc</strong></span> <span class='ocrx_word' id='word_1_264' title='bbox 2454 1402 2707 1493; x_wconf 89' lang='lat' dir='ltr'><strong>aliquid</strong></span> <span class='ocrx_word' id='word_1_265' title='bbox 2742 1422 2758 1471; x_wconf 72' lang='grc' dir='ltr'>ε</span> <span class='ocrx_word' id='word_1_266' title='bbox 2795 1410 2861 1469; x_wconf 93' lang='lat' dir='ltr'><strong>et</strong></span> <span class='ocrx_word' id='word_1_267' title='bbox 2892 1422 3026 1467; x_wconf 89' lang='lat' dir='ltr'><strong>non</strong></span> <span class='ocrx_word' id='word_1_268' title='bbox 3058 1422 3178 1489; x_wconf 87' lang='lat' dir='ltr'><strong>per</strong></span> <span class='ocrx_word' id='word_1_269' title='bbox 3203 1397 3538 1475; x_wconf 75' lang='lat' dir='ltr'><strong>accidenS,</strong></span> <span class='ocrx_word' id='word_1_270' title='bbox 3572 1393 3690 1462; x_wconf 90' lang='lat' dir='ltr'><strong>sed</strong></span> <span class='ocrx_word' id='word_1_271' title='bbox 3720 1415 3838 1459; x_wconf 91' lang='lat' dir='ltr'><strong>na—</strong></span> 
     </span>
     <span class='ocr_line' id='line_1_44' title="bbox 2296 1500 3832 1584; baseline -0.006 -6"><span class='ocrx_word' id='word_1_272' title='bbox 2296 1511 2597 1579; x_wconf 89' lang='lat' dir='ltr'><strong>turaliter</strong></span> <span class='ocrx_word' id='word_1_273' title='bbox 2654 1533 2670 1576; x_wconf 88' lang='lat'>:</span> <span class='ocrx_word' id='word_1_274' title='bbox 2743 1507 3109 1576; x_wconf 87' lang='lat' dir='ltr'><strong>absurdum</strong></span> <span class='ocrx_word' id='word_1_275' title='bbox 3168 1507 3350 1574; x_wconf 81' lang='lat' dir='ltr'><strong>enim</strong></span> <span class='ocrx_word' id='word_1_276' title='bbox 3429 1511 3531 1571; x_wconf 90' lang='lat' dir='ltr'><strong>est</strong></span> <span class='ocrx_word' id='word_1_277' title='bbox 3585 1500 3832 1584; x_wconf 82' lang='lat' dir='ltr'><strong>dicere,</strong></span> 
     </span>
     <span class='ocr_line' id='line_1_45' title="bbox 2292 1610 3836 1710; baseline -0.008 -24"><span class='ocrx_word' id='word_1_278' title='bbox 2292 1618 2476 1710; x_wconf 90' lang='lat' dir='ltr'><strong>quod</strong></span> <span class='ocrx_word' id='word_1_279' title='bbox 2505 1619 2722 1686; x_wconf 87' lang='lat' dir='ltr'><strong>forma</strong></span> <span class='ocrx_word' id='word_1_280' title='bbox 2761 1612 3264 1684; x_wconf 81' lang='lat' dir='ltr'><strong>accidentaliter</strong></span> <span class='ocrx_word' id='word_1_281' title='bbox 3292 1611 3538 1679; x_wconf 87' lang='lat' dir='ltr'><strong>habeat</strong></span> <span class='ocrx_word' id='word_1_282' title='bbox 3570 1631 3715 1677; x_wconf 89' lang='lat' dir='ltr'><strong>esse</strong></span> <span class='ocrx_word' id='word_1_283' title='bbox 3764 1610 3836 1674; x_wconf 89' lang='lat' dir='ltr'><strong>in</strong></span> 
     </span>
     <span class='ocr_line' id='line_1_46' title="bbox 2290 1716 3833 1808; baseline -0.008 -14"><span class='ocrx_word' id='word_1_284' title='bbox 2290 1727 2596 1804; x_wconf 89' lang='lat' dir='ltr'><strong>materia,</strong></span> <span class='ocrx_word' id='word_1_285' title='bbox 2631 1724 2758 1792; x_wconf 89' lang='lat' dir='ltr'><strong>nisi</strong></span> <span class='ocrx_word' id='word_1_286' title='bbox 2793 1723 2923 1791; x_wconf 84' lang='lat' dir='ltr'><strong>hoc</strong></span> <span class='ocrx_word' id='word_1_287' title='bbox 2950 1721 3155 1789; x_wconf 89' lang='lat' dir='ltr'><strong>modo</strong></span> <span class='ocrx_word' id='word_1_288' title='bbox 3190 1725 3462 1808; x_wconf 89' lang='lat' dir='ltr'><strong>sumpto</strong></span> <span class='ocrx_word' id='word_1_289' title='bbox 3490 1716 3833 1784; x_wconf 88' lang='lat' dir='ltr'><strong>accidente</strong></span> 
     </span>
     <span class='ocr_line' id='line_1_47' title="bbox 2291 1823 3835 1926; baseline -0.008 -23"><span class='ocrx_word' id='word_1_290' title='bbox 2291 1834 2475 1926; x_wconf 89' lang='lat' dir='ltr'><strong>quod</strong></span> <span class='ocrx_word' id='word_1_291' title='bbox 2532 1843 2630 1902; x_wconf 88' lang='lat' dir='ltr'><strong>est</strong></span> <span class='ocrx_word' id='word_1_292' title='bbox 2690 1856 2810 1924; x_wconf 86' lang='lat' dir='ltr'><strong>per</strong></span> <span class='ocrx_word' id='word_1_293' title='bbox 2863 1830 3047 1899; x_wconf 90' lang='lat' dir='ltr'><strong>aliud</strong></span> <span class='ocrx_word' id='word_1_294' title='bbox 3107 1827 3469 1897; x_wconf 89' lang='lat' dir='ltr'><strong>convenire</strong></span> <span class='ocrx_word' id='word_1_295' title='bbox 3506 1848 3522 1893; x_wconf 90' lang='lat'>:</span> <span class='ocrx_word' id='word_1_296' title='bbox 3555 1824 3675 1893; x_wconf 89' lang='lat' dir='ltr'><strong>sed</strong></span> <span class='ocrx_word' id='word_1_297' title='bbox 3705 1823 3835 1892; x_wconf 90' lang='lat' dir='ltr'><strong>hoc</strong></span> 
     </span>
     <span class='ocr_line' id='line_1_48' title="bbox 2287 1931 3833 2028; baseline -0.008 -18"><span class='ocrx_word' id='word_1_298' title='bbox 2287 1941 2597 2010; x_wconf 82' lang='lat' dir='ltr'><strong>accidens</strong></span> <span class='ocrx_word' id='word_1_299' title='bbox 2665 1962 2802 2008; x_wconf 88' lang='lat' dir='ltr'><strong>non</strong></span> <span class='ocrx_word' id='word_1_300' title='bbox 2869 1944 3203 2028; x_wconf 83' lang='lat' dir='ltr'><strong>repugnat</strong></span> <span class='ocrx_word' id='word_1_301' title='bbox 3276 1931 3703 2003; x_wconf 86' lang='lat' dir='ltr'><strong>substantiali</strong></span> <span class='ocrx_word' id='word_1_302' title='bbox 3768 1938 3833 1998; x_wconf 88' lang='lat' dir='ltr'><strong>et</strong></span> 
     </span>
     <span class='ocr_line' id='line_1_49' title="bbox 2287 2038 3831 2137; baseline -0.008 -19"><span class='ocrx_word' id='word_1_303' title='bbox 2287 2048 2576 2118; x_wconf 89' lang='lat' dir='ltr'><strong>naturali</strong></span> <span class='ocrx_word' id='word_1_304' title='bbox 2610 2070 2626 2117; x_wconf 72' lang='grc' dir='ltr'>ε</span> <span class='ocrx_word' id='word_1_305' title='bbox 2661 2048 2835 2116; x_wconf 88' lang='lat' dir='ltr'><strong>sicut</strong></span> <span class='ocrx_word' id='word_1_306' title='bbox 2862 2052 3069 2137; x_wconf 84' lang='lat' dir='ltr'><strong>patet,</strong></span> <span class='ocrx_word' id='word_1_307' title='bbox 3104 2042 3288 2135; x_wconf 86' lang='lat' dir='ltr'><strong>quod</strong></span> <span class='ocrx_word' id='word_1_308' title='bbox 3318 2039 3450 2109; x_wconf 88' lang='lat' dir='ltr'><strong>hoc</strong></span> <span class='ocrx_word' id='word_1_309' title='bbox 3487 2038 3831 2109; x_wconf 84' lang='lat' dir='ltr'><strong>accidente</strong></span> 
     </span>
     <span class='ocr_line' id='line_1_50' title="bbox 2289 2145 3832 2246; baseline -0.008 -21"><span class='ocrx_word' id='word_1_310' title='bbox 2289 2155 2601 2225; x_wconf 80' lang='lat' dir='ltr'><strong>Socrates</strong></span> <span class='ocrx_word' id='word_1_311' title='bbox 2636 2176 2761 2246; x_wconf 89' lang='lat' dir='ltr'><strong>per</strong></span> <span class='ocrx_word' id='word_1_312' title='bbox 2796 2152 3103 2222; x_wconf 80' lang='lat' dir='ltr'><strong>accidens</strong></span> <span class='ocrx_word' id='word_1_313' title='bbox 3129 2159 3229 2219; x_wconf 90' lang='lat' dir='ltr'><strong>est</strong></span> <span class='ocrx_word' id='word_1_314' title='bbox 3267 2145 3545 2228; x_wconf 90' lang='lat' dir='ltr'><strong>animal,</strong></span> <span class='ocrx_word' id='word_1_315' title='bbox 3619 2156 3687 2216; x_wconf 87' lang='lat' dir='ltr'><strong>et</strong></span> <span class='ocrx_word' id='word_1_316' title='bbox 3724 2153 3832 2214; x_wconf 85' lang='lat' dir='ltr'><strong>ta-</strong></span> 
     </span>
     <span class='ocr_line' id='line_1_51' title="bbox 2285 2257 3828 2333; baseline -0.008 0"><span class='ocrx_word' id='word_1_317' title='bbox 2285 2286 2441 2333; x_wconf 90' lang='lat' dir='ltr'><strong>men</strong></span> <span class='ocrx_word' id='word_1_318' title='bbox 2482 2286 2625 2331; x_wconf 88' lang='lat' dir='ltr'><strong>esse</strong></span> <span class='ocrx_word' id='word_1_319' title='bbox 2654 2260 2904 2331; x_wconf 89' lang='lat' dir='ltr'><strong>animal</strong></span> <span class='ocrx_word' id='word_1_320' title='bbox 2944 2257 3476 2328; x_wconf 87' lang='lat' dir='ltr'><strong>substantialiter</strong></span> <span class='ocrx_word' id='word_1_321' title='bbox 3501 2262 3568 2325; x_wconf 94' lang='lat' dir='ltr'><strong>et</strong></span> <span class='ocrx_word' id='word_1_322' title='bbox 3623 2262 3828 2322; x_wconf 88' lang='lat' dir='ltr'><strong>natu-</strong></span> 
     </span>
    </p>
   </div>
   <div class='ocr_carea' id='block_1_11' title="bbox 2284 2368 3258 2451">
    <p class='ocr_par' dir='ltr' id='par_1_13' title="bbox 2284 2368 3258 2451">
     <span class='ocr_line' id='line_1_52' title="bbox 2284 2368 3258 2451; baseline -0.005 -9"><span class='ocrx_word' id='word_1_323' title='bbox 2284 2372 2510 2442; x_wconf 89' lang='lat' dir='ltr'><strong>raliter</strong></span> <span class='ocrx_word' id='word_1_324' title='bbox 2536 2370 2854 2440; x_wconf 82' lang='lat' dir='ltr'><strong>convenit</strong></span> <span class='ocrx_word' id='word_1_325' title='bbox 2894 2368 3181 2437; x_wconf 86' lang='lat' dir='ltr'><strong>Socrati.</strong></span> <span class='ocrx_word' id='word_1_326' title='bbox 3244 2434 3258 2451; x_wconf 80' lang='grc'><em>,</em></span> 
     </span>
    </p>
   </div>
   <div class='ocr_carea' id='block_1_12' title="bbox 2274 2482 3821 3775">
    <p class='ocr_par' dir='ltr' id='par_1_14' title="bbox 2274 2482 3819 3341">
     <span class='ocr_line' id='line_1_53' title="bbox 2369 2482 3819 2579; baseline -0.008 -20"><span class='ocrx_word' id='word_1_327' title='bbox 2369 2493 2473 2559; x_wconf 83' lang='lat' dir='ltr'><strong>An</strong></span> <span class='ocrx_word' id='word_1_328' title='bbox 2519 2513 2715 2559; x_wconf 69' lang='grc' dir='ltr'><strong>Λιιυι)</strong></span> <span class='ocrx_word' id='word_1_329' title='bbox 2743 2487 3127 2570; x_wconf 88' lang='lat' dir='ltr'><strong>dicendum,</strong></span> <span class='ocrx_word' id='word_1_330' title='bbox 3163 2483 3345 2579; x_wconf 89' lang='lat' dir='ltr'><strong>quod</strong></span> <span class='ocrx_word' id='word_1_331' title='bbox 3392 2482 3819 2574; x_wconf 83' lang='lat' dir='ltr'><strong>Augustinus</strong></span> 
     </span>
     <span class='ocr_line' id='line_1_54' title="bbox 2280 2595 3818 2675; baseline -0.005 -9"><span class='ocrx_word' id='word_1_332' title='bbox 2280 2608 2479 2668; x_wconf 80' lang='lat' dir='ltr'><strong>vocat</strong></span> <span class='ocrx_word' id='word_1_333' title='bbox 2513 2600 2740 2667; x_wconf 80' lang='lat' dir='ltr'><strong>verius</strong></span> <span class='ocrx_word' id='word_1_334' title='bbox 2785 2620 2954 2675; x_wconf 91' lang='lat' dir='ltr'><strong>esse,</strong></span> <span class='ocrx_word' id='word_1_335' title='bbox 3006 2595 3303 2664; x_wconf 86' lang='lat' dir='ltr'><strong>nobilius</strong></span> <span class='ocrx_word' id='word_1_336' title='bbox 3360 2615 3529 2671; x_wconf 90' lang='lat' dir='ltr'><strong>esse,</strong></span> <span class='ocrx_word' id='word_1_337' title='bbox 3583 2598 3651 2661; x_wconf 87' lang='lat' dir='ltr'><strong>et</strong></span> <span class='ocrx_word' id='word_1_338' title='bbox 3680 2614 3818 2660; x_wconf 89' lang='lat' dir='ltr'><strong>non</strong></span> 
     </span>
     <span class='ocr_line' id='line_1_55' title="bbox 2278 2697 3819 2795; baseline -0.006 -19"><span class='ocrx_word' id='word_1_339' title='bbox 2278 2708 2505 2776; x_wconf 77' lang='lat' dir='ltr'><strong>verius</strong></span> <span class='ocrx_word' id='word_1_340' title='bbox 2536 2709 2604 2775; x_wconf 92' lang='lat' dir='ltr'><strong>in</strong></span> <span class='ocrx_word' id='word_1_341' title='bbox 2635 2713 2872 2774; x_wconf 88' lang='lat' dir='ltr'><strong>natura</strong></span> <span class='ocrx_word' id='word_1_342' title='bbox 2900 2728 2914 2772; x_wconf 92' lang='lat'>:</span> <span class='ocrx_word' id='word_1_343' title='bbox 2952 2705 3111 2795; x_wconf 87' lang='lat' dir='ltr'><strong>quia</strong></span> <span class='ocrx_word' id='word_1_344' title='bbox 3141 2703 3369 2771; x_wconf 90' lang='lat' dir='ltr'><strong>anima</strong></span> <span class='ocrx_word' id='word_1_345' title='bbox 3400 2709 3468 2769; x_wconf 88' lang='lat' dir='ltr'><strong>et</strong></span> <span class='ocrx_word' id='word_1_346' title='bbox 3497 2697 3819 2791; x_wconf 63' lang='lat' dir='ltr'><strong>quaslibet</strong></span> 
     </span>
     <span class='ocr_line' id='line_1_56' title="bbox 2279 2803 3816 2883; baseline -0.007 0"><span class='ocrx_word' id='word_1_347' title='bbox 2279 2815 2494 2883; x_wconf 76' lang='lat' dir='ltr'><strong>forma</strong></span> <span class='ocrx_word' id='word_1_348' title='bbox 2562 2810 2858 2882; x_wconf 86' lang='lat' dir='ltr'><strong>nobilius</strong></span> <span class='ocrx_word' id='word_1_349' title='bbox 2914 2835 3058 2879; x_wconf 87' lang='lat' dir='ltr'><strong>esse</strong></span> <span class='ocrx_word' id='word_1_350' title='bbox 3119 2805 3324 2877; x_wconf 76' lang='lat' dir='ltr'><strong>habet</strong></span> <span class='ocrx_word' id='word_1_351' title='bbox 3381 2807 3452 2875; x_wconf 89' lang='lat' dir='ltr'><strong>in</strong></span> <span class='ocrx_word' id='word_1_352' title='bbox 3501 2803 3816 2874; x_wconf 90' lang='lat' dir='ltr'><strong>nobiliori</strong></span> 
     </span>
     <span class='ocr_line' id='line_1_57' title="bbox 2277 2915 3817 3014; baseline -0.007 -23"><span class='ocrx_word' id='word_1_353' title='bbox 2277 2945 2503 3002; x_wconf 89' lang='lat' dir='ltr'><strong>causa,</strong></span> <span class='ocrx_word' id='word_1_354' title='bbox 2546 2944 2751 3014; x_wconf 89' lang='lat' dir='ltr'><strong>quam</strong></span> <span class='ocrx_word' id='word_1_355' title='bbox 2785 2921 2852 2989; x_wconf 88' lang='lat' dir='ltr'><strong>in</strong></span> <span class='ocrx_word' id='word_1_356' title='bbox 2891 2941 2960 2987; x_wconf 89' lang='lat' dir='ltr'><strong>se</strong></span> <span class='ocrx_word' id='word_1_357' title='bbox 2996 2942 3012 2986; x_wconf 73' lang='grc' dir='ltr'><strong><em>ε</em></strong></span> <span class='ocrx_word' id='word_1_358' title='bbox 3059 2919 3216 3009; x_wconf 91' lang='lat' dir='ltr'><strong>quia</strong></span> <span class='ocrx_word' id='word_1_359' title='bbox 3255 2917 3326 2984; x_wconf 91' lang='lat' dir='ltr'><strong>in</strong></span> <span class='ocrx_word' id='word_1_360' title='bbox 3365 2937 3570 2984; x_wconf 78' lang='lat' dir='ltr'><strong>causa</strong></span> <span class='ocrx_word' id='word_1_361' title='bbox 3599 2915 3817 3006; x_wconf 87' lang='lat' dir='ltr'><strong>prima</strong></span> 
     </span>
     <span class='ocr_line' id='line_1_58' title="bbox 2277 3026 3819 3122; baseline -0.007 -21"><span class='ocrx_word' id='word_1_362' title='bbox 2277 3054 2422 3102; x_wconf 89' lang='lat' dir='ltr'><strong>non</strong></span> <span class='ocrx_word' id='word_1_363' title='bbox 2474 3030 2884 3101; x_wconf 85' lang='lat' dir='ltr'><strong>admiscetur</strong></span> <span class='ocrx_word' id='word_1_364' title='bbox 2932 3026 3427 3122; x_wconf 78' lang='lat' dir='ltr'><strong>privationibus</strong></span> <span class='ocrx_word' id='word_1_365' title='bbox 3491 3032 3559 3093; x_wconf 86' lang='lat' dir='ltr'><strong>et</strong></span> <span class='ocrx_word' id='word_1_366' title='bbox 3598 3030 3819 3092; x_wconf 82' lang='lat' dir='ltr'><strong>mate·</strong></span> 
     </span>
     <span class='ocr_line' id='line_1_59' title="bbox 2277 3127 3815 3233; baseline -0.007 -23"><span class='ocrx_word' id='word_1_367' title='bbox 2277 3138 2578 3219; x_wconf 73' lang='lat' dir='ltr'><strong>rialibuS,</strong></span> <span class='ocrx_word' id='word_1_368' title='bbox 2612 3136 3192 3233; x_wconf 84' lang='lat' dir='ltr'><strong>quemadmodum</strong></span> <span class='ocrx_word' id='word_1_369' title='bbox 3231 3135 3300 3205; x_wconf 88' lang='lat' dir='ltr'><strong>in</strong></span> <span class='ocrx_word' id='word_1_370' title='bbox 3336 3132 3559 3227; x_wconf 85' lang='lat' dir='ltr'><strong>seipsa</strong></span> <span class='ocrx_word' id='word_1_371' title='bbox 3585 3127 3694 3201; x_wconf 78' lang='lat' dir='ltr'><strong>vel</strong></span> <span class='ocrx_word' id='word_1_372' title='bbox 3746 3131 3815 3199; x_wconf 90' lang='lat' dir='ltr'><strong>in</strong></span> 
     </span>
     <span class='ocr_line' id='line_1_60' title="bbox 2274 3231 3623 3341; baseline -0.007 -22"><span class='ocrx_word' id='word_1_373' title='bbox 2274 3272 2578 3341; x_wconf 86' lang='lat' dir='ltr'><strong>corpore.</strong></span> <span class='ocrx_word' id='word_1_374' title='bbox 3617 3231 3623 3238; x_wconf 68' lang='grc'><strong>’</strong></span> 
     </span>
    </p>

    <p class='ocr_par' dir='ltr' id='par_1_15' title="bbox 2277 3353 3821 3775">
     <span class='ocr_line' id='line_1_61' title="bbox 2360 3353 3813 3446; baseline -0.005 -21"><span class='ocrx_word' id='word_1_375' title='bbox 2360 3359 2467 3425; x_wconf 77' lang='lat' dir='ltr'><strong>An</strong></span> <span class='ocrx_word' id='word_1_376' title='bbox 2495 3380 2690 3425; x_wconf 78' lang='grc' dir='ltr'>Λιιυι)</span> <span class='ocrx_word' id='word_1_377' title='bbox 2719 3354 3104 3440; x_wconf 88' lang='lat' dir='ltr'><strong>dicendum,</strong></span> <span class='ocrx_word' id='word_1_378' title='bbox 3149 3353 3336 3446; x_wconf 89' lang='lat' dir='ltr'><strong>quod</strong></span> <span class='ocrx_word' id='word_1_379' title='bbox 3363 3354 3613 3420; x_wconf 81' lang='lat' dir='ltr'><strong>virtute</strong></span> <span class='ocrx_word' id='word_1_380' title='bbox 3651 3372 3813 3419; x_wconf 88' lang='lat' dir='ltr'><strong>ora-</strong></span> 
     </span>
     <span class='ocr_line' id='line_1_62' title="bbox 2277 3455 3813 3536; baseline -0.007 0"><span class='ocrx_word' id='word_1_381' title='bbox 2277 3466 2480 3536; x_wconf 90' lang='lat' dir='ltr'><strong>tionis</strong></span> <span class='ocrx_word' id='word_1_382' title='bbox 2517 3461 2919 3534; x_wconf 82' lang='lat' dir='ltr'><strong>attrahimus</strong></span> <span class='ocrx_word' id='word_1_383' title='bbox 2949 3486 3075 3533; x_wconf 87' lang='lat' dir='ltr'><strong>nos</strong></span> <span class='ocrx_word' id='word_1_384' title='bbox 3113 3464 3182 3531; x_wconf 91' lang='lat' dir='ltr'><strong>in</strong></span> <span class='ocrx_word' id='word_1_385' title='bbox 3218 3461 3434 3531; x_wconf 84' lang='lat' dir='ltr'><strong>Deum</strong></span> <span class='ocrx_word' id='word_1_386' title='bbox 3469 3484 3485 3529; x_wconf 91' lang='lat'>:</span> <span class='ocrx_word' id='word_1_387' title='bbox 3531 3483 3669 3529; x_wconf 89' lang='lat' dir='ltr'><strong>non</strong></span> <span class='ocrx_word' id='word_1_388' title='bbox 3700 3455 3813 3527; x_wconf 91' lang='lat' dir='ltr'><strong>lo-</strong></span> 
     </span>
     <span class='ocr_line' id='line_1_63' title="bbox 2277 3569 3821 3655; baseline -0.005 -13"><span class='ocrx_word' id='word_1_389' title='bbox 2277 3598 2381 3655; x_wconf 79' lang='lat' dir='ltr'><strong>co,</strong></span> <span class='ocrx_word' id='word_1_390' title='bbox 2424 3576 2539 3643; x_wconf 86' lang='lat' dir='ltr'><strong>sed</strong></span> <span class='ocrx_word' id='word_1_391' title='bbox 2583 3576 2850 3653; x_wconf 87' lang='lat' dir='ltr'><strong>merito,</strong></span> <span class='ocrx_word' id='word_1_392' title='bbox 2894 3582 2965 3642; x_wconf 94' lang='lat' dir='ltr'><strong>ut</strong></span> <span class='ocrx_word' id='word_1_393' title='bbox 3005 3572 3257 3640; x_wconf 87' lang='lat' dir='ltr'><strong>scilicet</strong></span> <span class='ocrx_word' id='word_1_394' title='bbox 3286 3571 3481 3641; x_wconf 87' lang='lat' dir='ltr'><strong>aliter</strong></span> <span class='ocrx_word' id='word_1_395' title='bbox 3520 3569 3821 3638; x_wconf 85' lang='lat' dir='ltr'><strong>adsimus</strong></span> 
     </span>
     <span class='ocr_line' id='line_1_64' title="bbox 2278 3682 3166 3775; baseline -0.006 -23"><span class='ocrx_word' id='word_1_396' title='bbox 2278 3686 2337 3753; x_wconf 90' lang='lat' dir='ltr'><strong>ei</strong></span> <span class='ocrx_word' id='word_1_397' title='bbox 2369 3707 2574 3775; x_wconf 88' lang='lat' dir='ltr'><strong>quam</strong></span> <span class='ocrx_word' id='word_1_398' title='bbox 2609 3684 2791 3773; x_wconf 81' lang='lat' dir='ltr'><strong>prius</strong></span> <span class='ocrx_word' id='word_1_399' title='bbox 2822 3682 3166 3749; x_wconf 80' lang='lat' dir='ltr'><strong>affuimus.</strong></span> 
     </span>
    </p>
   </div>
   <div class='ocr_carea' id='block_1_13' title="bbox 1186 4156 3275 4257">
    <p class='ocr_par' dir='ltr' id='par_1_16' title="bbox 1186 4156 3275 4257">
     <span class='ocr_line' id='line_1_65' title="bbox 1186 4156 3275 4257; baseline -0.001 -25"><span class='ocrx_word' id='word_1_400' title='bbox 1186 4157 1282 4232; x_wconf 77' lang='lat' dir='ltr'><strong>N.</strong></span> <span class='ocrx_word' id='word_1_401' title='bbox 1346 4156 1511 4231; x_wconf 82' lang='lat' dir='ltr'><strong>Cur</strong></span> <span class='ocrx_word' id='word_1_402' title='bbox 1546 4157 1787 4232; x_wconf 76' lang='lat' dir='ltr'><strong>Pater</strong></span> <span class='ocrx_word' id='word_1_403' title='bbox 1825 4184 1974 4231; x_wconf 83' lang='lat' dir='ltr'><strong>mm</strong></span> <span class='ocrx_word' id='word_1_404' title='bbox 2017 4158 2304 4233; x_wconf 66' lang='lat' dir='ltr'><strong>(licitur</strong></span> <span class='ocrx_word' id='word_1_405' title='bbox 2340 4159 2636 4236; x_wconf 53' lang='lat' dir='ltr'><strong>nea-esus.</strong></span> <span class='ocrx_word' id='word_1_406' title='bbox 2669 4183 2839 4233; x_wconf 73' lang='lat' dir='ltr'><strong>cum</strong></span> <span class='ocrx_word' id='word_1_407' title='bbox 2880 4158 2973 4232; x_wconf 77' lang='lat' dir='ltr'><strong>ab</strong></span> <span class='ocrx_word' id='word_1_408' title='bbox 3014 4158 3275 4257; x_wconf 74' lang='lat' dir='ltr'><strong>aliquo</strong></span> 
     </span>
    </p>
   </div>
   <div class='ocr_carea' id='block_1_14' title="bbox 1771 4295 2699 4392">
    <p class='ocr_par' dir='ltr' id='par_1_17' title="bbox 1771 4295 2699 4392">
     <span class='ocr_line' id='line_1_66' title="bbox 1771 4295 2699 4392; baseline 0.002 -26"><span class='ocrx_word' id='word_1_409' title='bbox 1771 4295 2248 4392; x_wconf 63' lang='lat' dir='ltr'><strong>‹fofflmscitur</strong></span> <span class='ocrx_word' id='word_1_410' title='bbox 2277 4301 2360 4371; x_wconf 77' lang='lat' dir='ltr'><strong>ul</strong></span> <span class='ocrx_word' id='word_1_411' title='bbox 2389 4296 2699 4374; x_wconf 69' lang='lat' dir='ltr'><strong>Filius?</strong></span> 
     </span>
    </p>
   </div>
   <div class='ocr_carea' id='block_1_15' title="bbox 609 4628 3815 5275">
    <p class='ocr_par' dir='ltr' id='par_1_18' title="bbox 609 4628 3815 5275">
     <span class='ocr_line' id='line_1_67' title="bbox 720 4628 3815 4734; baseline 0.001 -29"><span class='ocrx_word' id='word_1_412' title='bbox 720 4628 862 4705; x_wconf 86' lang='lat' dir='ltr'><strong>llic</strong></span> <span class='ocrx_word' id='word_1_413' title='bbox 902 4629 1310 4729; x_wconf 75' lang='lat' dir='ltr'><strong>quwritur,</strong></span> <span class='ocrx_word' id='word_1_414' title='bbox 1341 4630 1499 4706; x_wconf 90' lang='lat' dir='ltr'><strong>Cur</strong></span> <span class='ocrx_word' id='word_1_415' title='bbox 1528 4632 1939 4708; x_wconf 74' lang='lat' dir='ltr'><strong>Paternum</strong></span> <span class='ocrx_word' id='word_1_416' title='bbox 1975 4631 2252 4707; x_wconf 75' lang='lat' dir='ltr'><strong>(licitur</strong></span> <span class='ocrx_word' id='word_1_417' title='bbox 2282 4631 2584 4718; x_wconf 77' lang='lat' dir='ltr'><strong>missus,</strong></span> <span class='ocrx_word' id='word_1_418' title='bbox 2617 4657 2788 4706; x_wconf 72' lang='lat' dir='ltr'><strong>rum</strong></span> <span class='ocrx_word' id='word_1_419' title='bbox 2821 4654 2911 4707; x_wconf 83' lang='lat' dir='ltr'><strong>ex</strong></span> <span class='ocrx_word' id='word_1_420' title='bbox 2956 4642 3297 4733; x_wconf 79' lang='lat' dir='ltr'><strong>tempore</strong></span> <span class='ocrx_word' id='word_1_421' title='bbox 3338 4659 3382 4709; x_wconf 92' lang='lat' dir='ltr'><strong>a</strong></span> <span class='ocrx_word' id='word_1_422' title='bbox 3423 4657 3815 4734; x_wconf 86' lang='lat' dir='ltr'><strong>quoquam</strong></span> 
     </span>
     <span class='ocr_line' id='line_1_68' title="bbox 619 4765 3815 4869; baseline 0 -28"><span class='ocrx_word' id='word_1_423' title='bbox 619 4766 1141 4863; x_wconf 84' lang='lat' dir='ltr'><strong>cognoscitur,</strong></span> <span class='ocrx_word' id='word_1_424' title='bbox 1187 4765 1388 4842; x_wconf 89' lang='lat' dir='ltr'><strong>sicut</strong></span> <span class='ocrx_word' id='word_1_425' title='bbox 1421 4766 1722 4843; x_wconf 82' lang='lat' dir='ltr'><strong>Filius?</strong></span> <span class='ocrx_word' id='word_1_426' title='bbox 1758 4768 1867 4844; x_wconf 79' lang='lat' dir='ltr'><strong>Ad</strong></span> <span class='ocrx_word' id='word_1_427' title='bbox 1910 4769 2111 4866; x_wconf 69' lang='lat' dir='ltr'><strong>quenl</strong></span> <span class='ocrx_word' id='word_1_428' title='bbox 2146 4768 2499 4861; x_wconf 73' lang='lat' dir='ltr'><strong>(lichnus,</strong></span> <span class='ocrx_word' id='word_1_429' title='bbox 2544 4768 2724 4865; x_wconf 83' lang='lat' dir='ltr'><strong>quia</strong></span> <span class='ocrx_word' id='word_1_430' title='bbox 2760 4769 2832 4842; x_wconf 85' lang='lat' dir='ltr'><strong>iu</strong></span> <span class='ocrx_word' id='word_1_431' title='bbox 2884 4794 2975 4844; x_wconf 84' lang='lat' dir='ltr'><strong>eo</strong></span> <span class='ocrx_word' id='word_1_432' title='bbox 3017 4780 3128 4844; x_wconf 82' lang='lat' dir='ltr'><strong>est</strong></span> <span class='ocrx_word' id='word_1_433' title='bbox 3163 4770 3517 4869; x_wconf 81' lang='lat' dir='ltr'><strong>principii</strong></span> <span class='ocrx_word' id='word_1_434' title='bbox 3551 4782 3815 4846; x_wconf 80' lang='lat' dir='ltr'><strong>aucto-</strong></span> 
     </span>
     <span class='ocr_line' id='line_1_69' title="bbox 617 4901 3814 5002; baseline 0.002 -28"><span class='ocrx_word' id='word_1_435' title='bbox 617 4901 830 4997; x_wconf 84' lang='lat' dir='ltr'><strong>ritas,</strong></span> <span class='ocrx_word' id='word_1_436' title='bbox 873 4924 1053 5000; x_wconf 77' lang='lat' dir='ltr'><strong>quae</strong></span> <span class='ocrx_word' id='word_1_437' title='bbox 1094 4925 1248 4975; x_wconf 85' lang='lat' dir='ltr'><strong>non</strong></span> <span class='ocrx_word' id='word_1_438' title='bbox 1295 4902 1530 4977; x_wconf 85' lang='lat' dir='ltr'><strong>babet</strong></span> <span class='ocrx_word' id='word_1_439' title='bbox 1567 4901 1661 4976; x_wconf 86' lang='lat' dir='ltr'><strong>de</strong></span> <span class='ocrx_word' id='word_1_440' title='bbox 1714 4927 1868 5000; x_wconf 78' lang='lat' dir='ltr'><strong>qun</strong></span> <span class='ocrx_word' id='word_1_441' title='bbox 1907 4902 2030 4995; x_wconf 85' lang='lat' dir='ltr'><strong>sit,</strong></span> <span class='ocrx_word' id='word_1_442' title='bbox 2072 4926 2117 4976; x_wconf 89' lang='lat' dir='ltr'><strong>a</strong></span> <span class='ocrx_word' id='word_1_443' title='bbox 2172 4927 2327 5000; x_wconf 77' lang='lat' dir='ltr'><strong>qun</strong></span> <span class='ocrx_word' id='word_1_444' title='bbox 2385 4901 2623 4976; x_wconf 84' lang='lat' dir='ltr'><strong>Filius</strong></span> <span class='ocrx_word' id='word_1_445' title='bbox 2672 4912 2745 4977; x_wconf 88' lang='lat' dir='ltr'><strong>et</strong></span> <span class='ocrx_word' id='word_1_446' title='bbox 2783 4904 3116 5002; x_wconf 78' lang='lat' dir='ltr'><strong>Spiritus</strong></span> <span class='ocrx_word' id='word_1_447' title='bbox 3178 4914 3518 4979; x_wconf 84' lang='lat' dir='ltr'><strong>sanctus.</strong></span> <span class='ocrx_word' id='word_1_448' title='bbox 3591 4906 3814 4981; x_wconf 83' lang='lat' dir='ltr'><strong>Pater</strong></span> 
     </span>
     <span class='ocr_line' id='line_1_70' title="bbox 613 5036 3805 5139; baseline 0.004 -28"><span class='ocrx_word' id='word_1_449' title='bbox 613 5037 818 5112; x_wconf 89' lang='lat' dir='ltr'><strong>enim</strong></span> <span class='ocrx_word' id='word_1_450' title='bbox 863 5046 979 5113; x_wconf 90' lang='lat' dir='ltr'><strong>est</strong></span> <span class='ocrx_word' id='word_1_451' title='bbox 1011 5042 1129 5132; x_wconf 89' lang='lat' dir='ltr'><strong>(ut</strong></span> <span class='ocrx_word' id='word_1_452' title='bbox 1166 5036 1271 5112; x_wconf 89' lang='lat' dir='ltr'><strong>ait</strong></span> <span class='ocrx_word' id='word_1_453' title='bbox 1301 5038 1786 5135; x_wconf 75' lang='lat' dir='ltr'><strong>Augustinus</strong></span> <span class='ocrx_word' id='word_1_454' title='bbox 1819 5039 1893 5112; x_wconf 87' lang='lat' dir='ltr'><strong>in</strong></span> <span class='ocrx_word' id='word_1_455' title='bbox 1936 5038 2200 5112; x_wconf 84' lang='lat' dir='ltr'><strong>eodem</strong></span> <span class='ocrx_word' id='word_1_456' title='bbox 2237 5039 2427 5112; x_wconf 84' lang='lat' dir='ltr'><strong>libro</strong></span> <span class='ocrx_word' id='word_1_457' title='bbox 2471 5044 2521 5132; x_wconf 82' lang='grc'><strong>·)</strong></span> <span class='ocrx_word' id='word_1_458' title='bbox 2564 5039 3022 5139; x_wconf 84' lang='lat' dir='ltr'><strong>principium</strong></span> <span class='ocrx_word' id='word_1_459' title='bbox 3062 5042 3293 5115; x_wconf 82' lang='lat' dir='ltr'><strong>totius</strong></span> <span class='ocrx_word' id='word_1_460' title='bbox 3324 5042 3745 5120; x_wconf 80' lang='lat' dir='ltr'><strong>divinitatis</strong></span> <span class='ocrx_word' id='word_1_461' title='bbox 3788 5072 3805 5124; x_wconf 73' lang='grc' dir='ltr'>ε</span> 
     </span>
     <span class='ocr_line' id='line_1_71' title="bbox 609 5171 3803 5275; baseline 0.004 -30"><span class='ocrx_word' id='word_1_462' title='bbox 609 5173 762 5265; x_wconf 80' lang='lat' dir='ltr'><strong>vel,</strong></span> <span class='ocrx_word' id='word_1_463' title='bbox 807 5171 869 5246; x_wconf 87' lang='lat' dir='ltr'><strong>si</strong></span> <span class='ocrx_word' id='word_1_464' title='bbox 904 5171 1184 5248; x_wconf 86' lang='lat' dir='ltr'><strong>melius</strong></span> <span class='ocrx_word' id='word_1_465' title='bbox 1224 5171 1535 5268; x_wconf 89' lang='lat' dir='ltr'><strong>dicitur,</strong></span> <span class='ocrx_word' id='word_1_466' title='bbox 1570 5173 1873 5251; x_wconf 84' lang='lat' dir='ltr'><strong>deitatis</strong></span> <span class='ocrx_word' id='word_1_467' title='bbox 1917 5198 1933 5249; x_wconf 90' lang='lat'>:</span> <span class='ocrx_word' id='word_1_468' title='bbox 1980 5173 2159 5272; x_wconf 90' lang='lat' dir='ltr'><strong>quia</strong></span> <span class='ocrx_word' id='word_1_469' title='bbox 2191 5173 2649 5272; x_wconf 76' lang='lat' dir='ltr'><strong>principium</strong></span> <span class='ocrx_word' id='word_1_470' title='bbox 2685 5186 2799 5249; x_wconf 87' lang='lat' dir='ltr'><strong>est</strong></span> <span class='ocrx_word' id='word_1_471' title='bbox 2856 5175 3021 5250; x_wconf 83' lang='lat' dir='ltr'><strong>Filii</strong></span> <span class='ocrx_word' id='word_1_472' title='bbox 3066 5187 3140 5251; x_wconf 86' lang='lat' dir='ltr'><strong>et</strong></span> <span class='ocrx_word' id='word_1_473' title='bbox 3172 5176 3505 5275; x_wconf 79' lang='lat' dir='ltr'><strong>Spiritus</strong></span> <span class='ocrx_word' id='word_1_474' title='bbox 3534 5183 3803 5260; x_wconf 78' lang='lat' dir='ltr'><strong>saneti.</strong></span> 
     </span>
    </p>
   </div>
   <div class='ocr_carea' id='block_1_16' title="bbox 609 5300 3809 5418">
    <p class='ocr_par' dir='ltr' id='par_1_19' title="bbox 609 5300 3809 5418">
     <span class='ocr_line' id='line_1_72' title="bbox 609 5300 3809 5418; baseline 0.005 -35"><span class='ocrx_word' id='word_1_475' title='bbox 609 5300 836 5402; x_wconf 77' lang='lat' dir='ltr'><strong>Nam,</strong></span> <span class='ocrx_word' id='word_1_476' title='bbox 867 5318 948 5382; x_wconf 89' lang='lat' dir='ltr'><strong>ut</strong></span> <span class='ocrx_word' id='word_1_477' title='bbox 975 5308 1687 5402; x_wconf 68' lang='lat' dir='ltr'><strong>aitAugustinusiu</strong></span> <span class='ocrx_word' id='word_1_478' title='bbox 1720 5310 1985 5383; x_wconf 82' lang='lat' dir='ltr'><strong>eodem</strong></span> <span class='ocrx_word' id='word_1_479' title='bbox 2014 5307 2036 5340; x_wconf 72' lang='lat'><strong>³</strong></span> <span class='ocrx_word' id='word_1_480' title='bbox 2068 5309 2192 5384; x_wconf 84' lang='lat' dir='ltr'><strong>:Si</strong></span> <span class='ocrx_word' id='word_1_481' title='bbox 2220 5310 2589 5387; x_wconf 78' lang='lat' dir='ltr'><strong>voluisset</strong></span> <span class='ocrx_word' id='word_1_482' title='bbox 2619 5311 2847 5384; x_wconf 85' lang='lat' dir='ltr'><strong>etiam</strong></span> <span class='ocrx_word' id='word_1_483' title='bbox 2873 5313 3080 5389; x_wconf 83' lang='lat' dir='ltr'><strong>Deus</strong></span> <span class='ocrx_word' id='word_1_484' title='bbox 3114 5313 3366 5408; x_wconf 79' lang='lat' dir='ltr'><strong>Pater,</strong></span> <span class='ocrx_word' id='word_1_485' title='bbox 3396 5341 3531 5415; x_wconf 76' lang='lat' dir='ltr'><strong>pei·</strong></span> <span class='ocrx_word' id='word_1_486' title='bbox 3559 5321 3809 5418; x_wconf 83' lang='lat' dir='ltr'><strong>subje-</strong></span> 
     </span>
    </p>
   </div>
   <div class='ocr_carea' id='block_1_17' title="bbox 676 5624 2150 5791">
    <p class='ocr_par' dir='ltr' id='par_1_20' title="bbox 676 5624 2150 5791">
     <span class='ocr_line' id='line_1_73' title="bbox 677 5624 2150 5705; baseline 0.005 -24"><span class='ocrx_word' id='word_1_487' title='bbox 677 5626 694 5660; x_wconf 95' lang='lat'>¹</span> <span class='ocrx_word' id='word_1_488' title='bbox 728 5624 785 5681; x_wconf 91' lang='lat' dir='ltr'><strong>S.</strong></span> <span class='ocrx_word' id='word_1_489' title='bbox 818 5626 1191 5698; x_wconf 75' lang='lat' dir='ltr'><strong>Accusrrxus,</strong></span> <span class='ocrx_word' id='word_1_490' title='bbox 1216 5628 1341 5685; x_wconf 81' lang='lat' dir='ltr'><strong>Lib.</strong></span> <span class='ocrx_word' id='word_1_491' title='bbox 1372 5627 1442 5685; x_wconf 80' lang='lat' dir='ltr'><strong>IV</strong></span> <span class='ocrx_word' id='word_1_492' title='bbox 1463 5627 1538 5685; x_wconf 89' lang='lat' dir='ltr'><strong>de</strong></span> <span class='ocrx_word' id='word_1_493' title='bbox 1567 5630 1872 5700; x_wconf 84' lang='lat' dir='ltr'><strong>Trinitate,</strong></span> <span class='ocrx_word' id='word_1_494' title='bbox 1902 5646 2031 5705; x_wconf 82' lang='lat' dir='ltr'><strong>cap.</strong></span> <span class='ocrx_word' id='word_1_495' title='bbox 2057 5631 2150 5688; x_wconf 81' lang='lat'><strong>20.</strong></span> 
     </span>
     <span class='ocr_line' id='line_1_74' title="bbox 676 5713 1943 5791; baseline 0.004 -21"><span class='ocrx_word' id='word_1_496' title='bbox 676 5714 700 5750; x_wconf 81' lang='lat'><strong>²</strong></span> <span class='ocrx_word' id='word_1_497' title='bbox 726 5715 881 5786; x_wconf 68' lang='lat' dir='ltr'><strong>loen,</strong></span> <span class='ocrx_word' id='word_1_498' title='bbox 917 5713 1315 5791; x_wconf 84' lang='lat' dir='ltr'><strong>lbi‹lem,cap.</strong></span> <span class='ocrx_word' id='word_1_499' title='bbox 1347 5719 1408 5773; x_wconf 75' lang='lat'><strong>2¹</strong></span> <span class='ocrx_word' id='word_1_500' title='bbox 1449 5717 1511 5774; x_wconf 92' lang='lat' dir='ltr'><strong>in</strong></span> <span class='ocrx_word' id='word_1_501' title='bbox 1543 5719 1662 5775; x_wconf 77' lang='lat' dir='ltr'><strong>ssne</strong></span> <span class='ocrx_word' id='word_1_502' title='bbox 1693 5718 1823 5775; x_wconf 81' lang='lat' dir='ltr'><strong>libri</strong></span> <span class='ocrx_word' id='word_1_503' title='bbox 1857 5721 1943 5776; x_wconf 65' lang='lat' dir='ltr'><strong>lv.</strong></span> 
     </span>
    </p>
   </div>
   <div class='ocr_carea' id='block_1_18' title="bbox 3929 2529 4076 2579">
    <p class='ocr_par' dir='ltr' id='par_1_21' title="bbox 3929 2529 4076 2579">
     <span class='ocr_line' id='line_1_75' title="bbox 3929 2529 4076 2579; baseline 0.027 -5"><span class='ocrx_word' id='word_1_504' title='bbox 3929 2529 4005 2576; x_wconf 74' lang='lat' dir='ltr'><strong>Ad</strong></span> <span class='ocrx_word' id='word_1_505' title='bbox 4034 2532 4076 2579; x_wconf 70' lang='lat'><strong>⁴.</strong></span> 
     </span>
    </p>
   </div>
   <div class='ocr_carea' id='block_1_19' title="bbox 3931 3374 4107 3443">
    <p class='ocr_par' dir='ltr' id='par_1_22' title="bbox 3931 3374 4107 3443">
     <span class='ocr_line' id='line_1_76' title="bbox 3931 3374 4107 3443; baseline 0.006 -2"><span class='ocrx_word' id='word_1_506' title='bbox 3931 3374 4107 3443; x_wconf 51' lang='grc' dir='ltr'><strong>ηιξ</strong></span> 
     </span>
    </p>
   </div>
  </div>
 </body>
</html>
