4897 6388
717 4809 889 4867 Qua-t
913 4811 957 4859 2.

1769 309 1864 377 IN
1911 310 1940 377 Ι
1991 310 2418 406 SENTENT.
2468 309 2696 410 DIST.
2748 312 2972 391 XXV,
3026 310 3103 391 C,
3154 310 3357 377 ART.
3408 312 3503 377 1..

1023 479 1208 546 tione
1247 479 1719 558 accidentium,
1747 490 1905 574 sunt
1931 481 2081 548 loco
2150 483 2572 552 differentia-

1022 610 1171 654 rum
1204 589 1734 677 specificantium
1776 590 2082 658 accidens
2117 614 2131 658 :
2178 601 2244 659 et
2281 616 2360 660 ea
2414 614 2568 683 quae

1021 694 1091 759 in
1124 703 1329 776 rect0,
1364 704 1521 762 sunt
1549 693 1697 761 loco
1719 717 2044 784 generum
2086 720 2100 763 :
2165 708 2230 766 et
2277 698 2408 766 hoc
2454 722 2574 790 pa·

1021 807 1162 883 tet:
1201 823 1358 868 cum
1410 801 1592 868 enim
1659 802 1918 869 simitas
1975 802 2217 872 dicitur
2272 807 2569 874 curvitas

1021 909 1192 990 nasi,
1236 931 1357 997 per
1384 906 1452 998 ly
1480 909 1779 976 curvitas
1809 933 1947 978 non
1978 910 2203 981 differt
2240 916 2496 981 simum
2530 937 2569 981 a

1020 1015 1288 1097 claud0,
1325 1016 1486 1106 quia
1514 1025 1880 1110 utrumque
1916 1023 2210 1090 curvitas
2260 1031 2386 1108 est,
2448 1022 2569 1090 sed

1021 1146 1143 1212 per
1170 1122 1238 1212 ly
1274 1125 1429 1191 nasi
1461 1146 1477 1190 :
1525 1147 1685 1215 ergo
1732 1126 1802 1193 id
1833 1128 2014 1217 quod
2054 1127 2232 1196 cadit
2262 1131 2332 1196 in
2399 1128 2571 1197 obli-

1021 1253 1156 1321 quo
1196 1232 1265 1297 in
1306 1231 1550 1300 talibus
1590 1233 2130 1321 diffinitionibus,
2187 1246 2289 1306 est
2334 1237 2570 1327 subje-

1021 1346 1204 1405 ctum
1246 1340 1421 1407 circa
1461 1341 1642 1431 quod
1682 1351 1781 1410 est
1819 1366 1938 1434 per
1973 1366 2045 1411 se
2075 1347 2368 1414 essentia
2397 1348 2569 1413 acci-

1022 1445 1243 1515 dentis
1283 1447 1573 1516 diffiniti.
1640 1448 1712 1516 Si
1762 1474 1923 1542 ergo
1972 1452 2191 1521 simile
2243 1454 2570 1544 estquod

1022 1549 1386 1619 adductum
1419 1561 1519 1620 est
1554 1576 1676 1642 pro
1707 1555 1939 1638 simili,
1993 1557 2412 1625 rationabilis
2452 1581 2572 1625 na-

1019 1666 1190 1726 turae
1231 1659 1497 1728 notabit
1558 1660 1939 1750 subjectum
1984 1665 2162 1734 circa
2225 1666 2410 1757 quod
2469 1673 2570 1734 est

1024 1789 1337 1855 persona,
1368 1755 1376 1762 ’
1407 1769 1592 1859 quod
1655 1769 1899 1839 salsum
1965 1781 2087 1841 est.
2349 1761 2356 1767 ⁵

1115 1875 1178 1944 3.
1216 1873 1412 1961 ltem,
1461 1877 1603 1945 Aut
1646 1878 1992 1947 rationalis
2049 1889 2293 1949 natura
2340 1891 2441 1950 est
2484 1881 2568 1949 de

1022 1981 1404 2053 substantia
1442 1985 1800 2074 cujuslibet
1849 2010 2179 2078 personae,
2220 1998 2339 2058 aut
2394 2012 2559 2057 non.

1024 2088 1100 2158 Si
1130 2099 1229 2159 est
1259 2091 1341 2161 de
1378 2093 1805 2165 substantia:
1841 2105 2003 2166 tunc
2054 2097 2323 2166 videtur
2367 2097 2568 2188 obje-

1021 2201 1154 2269 ctio
1196 2202 1581 2292 procedere.
1628 2202 1920 2276 Sinon:
1955 2214 2114 2276 tunc
2178 2207 2567 2277 accidenta-

1022 2310 1177 2378 liter
1211 2334 1283 2380 se
1314 2311 1517 2381 habet
1545 2313 1630 2382 ad
1662 2313 1873 2394 illam,
1916 2316 2099 2406 quod
2146 2319 2391 2386 iterum
2432 2317 2567 2385 fal-

1023 2442 1174 2487 sum
1205 2430 1330 2491 est.

1113 2528 1176 2595 4.
1222 2527 1419 2612 Item,
1460 2529 1740 2600 Boetius
1785 2534 2148 2625 quaerendo
2206 2534 2565 2604 diffinitio-

1023 2656 1178 2701 nem
1234 2657 1567 2726 personae,
1625 2638 1864 2709 dividit
1940 2640 2384 2710 substantiam
2440 2664 2566 2733 per

1026 2742 1424 2812 rationalem
1453 2753 1520 2812 et
1556 2745 2039 2835 irrationalem,
2102 2758 2168 2818 et
2221 2751 2564 2818 universa·

1025 2846 1160 2916 lem
1192 2857 1257 2917 et
1283 2851 1752 2940 particularem
1797 2877 1814 2923 :
1860 2878 2022 2947 ergo
2079 2855 2150 2947 ly
2195 2856 2568 2926 rationalis

1021 2966 1276 3025 natura
1309 2957 1379 3026 in
1416 2958 1817 3031 diffinitione
1843 2962 2205 3045 contrahit,
2241 2965 2418 3033 sicut
2444 2964 2570 3033 dif-

1025 3064 1305 3133 ferentia
1343 3068 1758 3138 constituens
1792 3092 1808 3137 :
1841 3077 1910 3138 et
1947 3073 2045 3139 sic
2074 3073 2199 3139 erit
2227 3070 2311 3140 de
2371 3071 2569 3140 intel-

1024 3171 1203 3241 lectu
1232 3197 1565 3265 personae.

1113 3281 1179 3348 5.
1215 3279 1412 3362 Item,
1456 3274 1831 3353 Rationalis
1873 3295 2109 3355 natura
2163 3287 2571 3377 praedicatur

1026 3386 1096 3453 in
1129 3394 1309 3455 recto
1366 3386 1449 3455 de
1496 3388 1797 3479 qualibet
1850 3414 2140 3482 persona
2183 3414 2200 3461 :
2254 3391 2570 3462 Socrates

1024 3492 1207 3561 enim
1263 3502 1366 3562 est
1421 3494 1767 3564 rationalis
1830 3506 2095 3578 natura,
2171 3507 2240 3568 et
2295 3498 2568 3569 Gabriel

1025 3609 1126 3669 est
1165 3600 1513 3670 rationalis
1537 3613 1813 3685 natura,
1847 3613 1913 3674 et
1956 3614 2148 3698 pater
2200 3615 2303 3676 est
2352 3607 2572 3675 ratio-

1028 3712 1199 3781 nalis
1255 3722 1558 3785 natura:
1617 3729 1737 3783 aut
1807 3739 1969 3809 ergo
2045 3717 2450 3809 proedicatur
2496 3726 2573 3785 ut

1029 3819 1366 3901 accidens,
1424 3829 1541 3889 aut
1569 3830 1642 3889 ut
1674 3822 2052 3893 substantia
2083 3846 2100 3893 :
2135 3847 2274 3894 non
2341 3835 2414 3895 ut
2454 3847 2573 3895 ac-

1024 3926 1254 3996 cidens
1283 3928 1454 3996 sicut
1512 3938 1691 4022 patet
1742 3932 2015 4001 cuilibet
2056 3955 2074 4001 :
2108 3956 2270 4025 ergo
2312 3942 2381 4002 ut
2414 3934 2575 4002 sub-

1027 4034 1338 4104 stantiale
1393 4036 1873 4128 praedicatum:
1934 4063 2095 4133 ergo
2161 4051 2264 4110 est
2328 4040 2411 4110 de
2462 4044 2574 4109 in-

1029 4141 1297 4211 tellectu
1329 4152 1395 4212 et
1427 4145 1684 4215 ratione
1712 4146 1994 4237 subjecti
2028 4170 2045 4216 :
2089 4156 2154 4216 et
2183 4147 2315 4217 hoc
2378 4158 2575 4241 puta-

1029 4245 1186 4316 bam
1256 4253 1600 4321 neminem
1656 4252 2015 4324 dubitare:
2075 4277 2239 4347 ergo
2304 4256 2576 4325 videtur

1028 4358 1223 4448 sequi
1254 4358 1427 4428 ratio
1466 4362 1706 4455 prima,
1769 4364 1928 4455 quia
1973 4386 2264 4455 persona
2305 4365 2578 4434 videtur

1028 4488 1174 4535 esse
1209 4467 1484 4557 majoris
1522 4472 2036 4563 compositionis
2079 4496 2284 4564 quam
2333 4483 2576 4544 natura

1032 4574 1410 4646 rationalis.

1125 4773 1451 4844 Uaramus
1489 4777 1814 4870 quaeritur
1858 4779 1940 4848 de
2006 4776 2139 4850 hoc
2177 4783 2360 4875 quod
2415 4784 2577 4853 dicit

1029 4879 1419 4951 substaulia
1448 4902 1472 4951 :
1504 4890 1621 4952 aut
1657 4886 1839 4953 enim
1871 4884 2248 4958 substantia
2282 4891 2579 4959 sumitur

1034 4990 1125 5058 ibi
1173 5013 1298 5081 pro
1348 4993 1662 5071 essentia,
1712 5001 1828 5063 aut
1879 5018 2003 5086 pro
2058 4993 2435 5089 hypostasi.
2500 4998 2578 5067 Si

1033 5122 1154 5190 pro
1185 5099 1476 5168 essentia
1507 5120 1713 5192 :ergo
1744 5104 2031 5172 essentia
2052 5113 2151 5173 est
2181 5106 2572 5177 individua:

1029 5206 1147 5275 sed
1223 5207 1649 5276 individuum
1757 5218 1947 5280 notat
2040 5211 2573 5300 distinctionem,

1029 5338 1235 5405 quam
1292 5316 1509 5407 ponit,
1578 5317 1761 5399 circa,
1821 5319 2327 5390 substantiam:
2408 5347 2575 5415 ergo

1028 5421 1175 5491 haec
1212 5422 1555 5494 distinctio
1590 5430 1863 5516 ponitur
1908 5429 2085 5498 circa
2152 5432 2515 5533 essentiam
2550 5453 2569 5503 :

1027 5553 1189 5621 ergo
1231 5533 1522 5600 essentia
1577 5533 2037 5627 distinguitur,
2096 5540 2280 5631 quod
2327 5540 2573 5610 falsum

1028 5646 1152 5711 est.

1305 5790 1434 5830 'XXV

2770 482 2968 560 Item,
3008 481 3081 549 Si
3120 505 3418 573 persona
3447 491 3547 551 est
3585 482 4237 551 substantiaindivi-

2679 589 2839 667 dua,
2894 599 3029 657 tres
3078 614 3387 680 porsonae
3438 600 3596 658 sunt
3661 600 3794 658 tres
3844 590 4234 659 substantia:

2681 698 3048 766 individuae
3085 723 3099 766 :
3180 702 3341 789 quia
3403 699 3849 790 multiplicato
3919 699 4232 779 diffinito,

2681 804 3247 897 multiplicabitur
3292 815 3361 875 et
3428 808 3740 875 diffinitio
3801 807 4227 875 necessario:

2678 914 2735 979 si
2769 936 2933 1004 ergo
2996 937 3292 1004 persona
3358 915 3521 982 dicit
3585 916 3949 983 essentiam
3983 938 3999 982 :
4072 938 4231 1005 ergo

2680 1028 2817 1088 tres
2846 1044 3160 1110 persona».
3194 1030 3397 1089 erunt
3426 1031 3559 1089 tres
3599 1021 3963 1090 individuae
4003 1044 4235 1090 essen-

2678 1129 2815 1212 tiae,
2859 1137 3016 1208 etc.,
3054 1129 3242 1220 quod
3281 1138 3383 1197 est
3412 1128 3714 1198 haeresis.

2768 1235 2967 1319 Item,
3006 1235 3078 1303 Si
3112 1237 3294 1305 dicat
3324 1236 3746 1329 hypostasim
3782 1260 3798 1308 :
3850 1246 4012 1307 tunc
4041 1238 4234 1306 vide-

2678 1353 2787 1413 tur
2824 1345 3245 1436 superssuere
3285 1345 3355 1412 id
3395 1347 3578 1436 quod
3643 1346 3933 1427 additur,
3986 1347 4233 1414 indivi-

2678 1454 2822 1522 dua
2858 1452 3280 1524 substantia.
3313 1452 3422 1519 Ad
3453 1451 3584 1521 hoc
3614 1455 3817 1522 etiam
3857 1461 4081 1545 potest
4111 1453 4234 1521 ad-

2678 1559 2834 1627 duci
2876 1557 3060 1650 quod
3099 1558 3381 1627 Boetius
3410 1559 3725 1627 venando
3755 1557 3934 1626 hanc
3989 1558 4233 1627 diffini-

2674 1667 2960 1749 tionem,
3005 1663 3250 1734 dividit
3284 1664 3735 1734 substantiam
3767 1667 3836 1733 in
3883 1668 4233 1735 universa·

2673 1771 2810 1841 lem
2852 1782 2918 1841 et
2945 1771 3458 1864 particularem,
3493 1782 3559 1843 et
3589 1772 3926 1842 contrahit
3960 1797 4084 1866 per
4101 1772 4231 1843 hoc

2675 1880 2861 1972 quod
2899 1878 3088 1948 addit
3118 1879 3501 1966 individua,
3543 1904 3623 1949 eo
3679 1880 3863 1972 quod
3908 1881 4231 1950 substan-

2672 1988 2769 2054 tia
2798 1985 3206 2055 universalis
3245 2009 3386 2054 non
3424 1995 3526 2055 est
3555 2009 3846 2078 persona
3877 2009 3893 2054 :
3930 2010 4092 2080 ergo
4124 1989 4233 2056 vi-

2674 2094 2894 2176 detur,
2930 2094 3117 2186 quod
3156 2094 3539 2164 substantia
3588 2099 3818 2165 stetin
3873 2098 4026 2167 loco
4081 2101 4228 2190 ejus

2672 2202 2859 2292 quod
2923 2209 3026 2270 est
3081 2211 3158 2270 ut
3222 2201 3521 2270 secunda
3596 2204 3974 2274 substantia
4011 2228 4029 2274 :
4081 2205 4229 2276 haec

2673 2320 2901 2378 autem
2943 2332 3086 2378 non
3114 2319 3217 2378 est
3246 2307 3635 2402 hypostasis
3669 2334 3684 2381 :
3717 2336 3881 2405 ergo
3919 2315 4229 2384 substan·

2670 2418 2767 2484 tia
2797 2439 2936 2484 non
2965 2425 3070 2485 est
3106 2416 3291 2484 idem
3332 2417 3519 2508 quod
3546 2416 3956 2510 hypostasiS.

2764 2525 2962 2612 Item,
3007 2525 3292 2595 Boetius
3344 2526 3531 2610 dicit,
3583 2528 3767 2619 quod
3813 2529 4022 2599 Groeci
4087 2555 4224 2601 non

2672 2644 2923 2705 vorant
2957 2640 3283 2722 ὑπόστασιν,
3337 2636 3465 2703 nisi
3534 2637 3960 2708 individuum
4026 2644 4226 2711 ratio-

2676 2743 2850 2813 nalis
2887 2751 3201 2812 naturae:
3255 2766 3419 2835 ergo
3468 2741 3852 2837 hypostasis
3884 2747 4059 2818 idem
4124 2760 4228 2819 est

2674 2874 2831 2920 cum
2870 2872 3164 2942 persona
3200 2874 3217 2919 :
3253 2860 3321 2920 et
3350 2852 3405 2919 si
3438 2851 3815 2923 substantia
3842 2868 4018 2925 esset
4047 2857 4225 2928 idem

2676 2957 2861 3050 quod
2890 2956 3309 3050 hypostasis,
3343 2959 3609 3029 caderet
3642 2961 3818 3031 idem
3878 2963 3944 3031 in
3976 2964 4232 3034 diffini-

2673 3070 2862 3139 tione
2897 3069 3248 3161 suiipsius.

2772 3280 2846 3349 Si
2877 3280 3050 3351 forte
3090 3281 3304 3368 dicas,
3337 3284 3520 3375 quod
3552 3285 3926 3356 substantia
3964 3290 4226 3382 signiti-

2676 3397 2785 3457 cat
2821 3391 3217 3471 essentiam,
3276 3391 3398 3460 sed
3444 3395 3764 3485 supponit
3816 3419 4225 3487 personam:

2677 3504 2746 3564 et
2776 3492 2907 3564 hoc
2954 3497 3141 3588 quod
3197 3497 3350 3568 dico
3418 3499 3803 3584 individua,
3867 3505 4137 3575 additur
4170 3510 4232 3577 ei

2680 3598 2764 3667 ad
2806 3598 3362 3691 explanationem
3404 3608 3763 3695 suppositi,
3824 3609 4008 3699 quod
4036 3621 4132 3679 est
4168 3612 4233 3680 in

2686 3707 2806 3775 illo
2871 3708 3252 3800 implicite:
3314 3713 3488 3780 sicut
3530 3736 3685 3782 cum
3735 3713 4003 3795 dicitur,
4058 3717 4237 3788 Deus

2682 3813 2889 3883 Pater
2914 3825 3223 3909 generat,
3276 3816 3346 3910 ly
3394 3821 3582 3888 Deus
3635 3823 3969 3913 significat
4016 3850 4242 3897 essen·

2681 3924 2873 4004 tiam,
2909 3933 2976 3993 et
3013 3926 3337 4016 supponit
3382 3950 3744 4019 personam
3790 3930 4009 4001 l‘atris
4075 3959 4238 4028 pro-

2679 4040 2833 4123 pter
2870 4032 2941 4125 ly
2964 4045 3252 4125 qeneml
3282 4058 3305 4102 :
3363 4038 3525 4129 quia
3571 4038 3696 4106 soli
3746 4039 3926 4128 lfatri
3984 4066 4240 4113 conve-

2682 4139 2784 4207 nit
2825 4148 2944 4208 :et
3001 4150 3229 4209 tamen
3290 4165 3429 4211 non
3482 4147 3823 4236 superflue
3873 4149 4142 4219 additur
4170 4151 4238 4245 ly

2682 4249 2895 4316 Pater
2924 4271 2948 4315 .·
2981 4248 3142 4340 quia
3207 4249 3496 4342 explicat
3548 4256 4002 4345 suppositum,
4054 4259 4234 4350 quod

2683 4353 3009 4445 implicite
3041 4355 3165 4423 fuit
3198 4358 3267 4424 in
3308 4356 3377 4450 ly
3411 4360 3614 4428 Deus.
3662 4360 3761 4435 Si.
3798 4365 4101 4455 inquam,
4142 4369 4236 4438 sic

2683 4461 2891 4530 dicas.
2929 4460 3201 4531 CosraA
3238 4486 3255 4532 :
3640 4528 3643 4531 .

2785 4569 2843 4639 l.
2888 4567 3286 4639 Secundum
3354 4568 3484 4642 boc
3522 4575 3707 4644 enim
3747 4575 3815 4669 ly
3849 4577 4237 4651 substantia

2683 4679 3011 4769 supponit
3058 4702 3426 4770 personam
3474 4682 4017 4771 indeterminate,
4056 4700 4121 4760 et
4148 4695 4239 4761 si·

2682 4784 2966 4876 gnificat
3003 4786 3371 4856 essentiam
3406 4809 3423 4858 :
3467 4798 3532 4857 et
3564 4798 3724 4860 tunc
3763 4815 4023 4885 qua²ro,
4058 4797 4237 4878 Quid

2682 4894 2841 4962 facit
2906 4895 3132 4987 ipsum
3191 4898 3291 4966 sic
3345 4903 3786 4990 supponere?
3839 4926 3995 4973 cum
4053 4911 4236 4978 enim

2681 5000 2929 5070 dicitur
2966 5003 3151 5071 Deus
3181 5003 3518 5087 absolute,
3564 5030 3701 5076 non
3732 5015 4055 5102 supponit
4087 5039 4241 5107 per·

2682 5132 2951 5188 sonam,
2996 5110 3111 5179 sed
3154 5112 3494 5204 significat
3522 5123 3591 5184 et
3627 5121 3946 5210 supponit
4005 5146 4229 5194 ossen·

2683 5218 2849 5287 tiam
2883 5241 2899 5289 :
2936 5219 3055 5288 sed
3094 5229 3321 5311 potest
3350 5221 3527 5292 trabi
3586 5249 3671 5295 ex
3726 5226 4046 5317 adjuncto
4111 5256 4240 5302 uo-

2683 5324 2923 5394 tionali
2955 5336 3234 5418 propter
3262 5330 3544 5399 modum
3596 5334 4048 5424 significandi.
4082 5344 4241 5431 quia

2682 5435 3023 5527 significat
3048 5439 3434 5509 concretive
3455 5441 3540 5510 ad
3565 5446 4085 5535 supponendum
4115 5474 4239 5542 pro

2683 5565 3001 5635 persona.

2777 5654 2842 5721 2.
2889 5652 2962 5720 Si
3018 5653 3229 5738 dicas,
3273 5657 3458 5747 quod
3512 5659 3581 5751 ly
3633 5661 3993 5732 indit-idua
4057 5671 4239 5759 cogit

3914 5800 3983 5854 40

4109 313 4240 408 ⁶25.
