4897 6388
1903 305 1910 312 ’
2027 329 2115 394 ιΝ
2166 328 2193 394 1
2245 318 2669 394 sssurnwr.
2722 258 2948 393 uis'r.
3001 316 3195 400 xxi,
3248 322 3331 389 A.
4085 311 4102 354 -·
4154 308 4280 384 555·

2169 1024 2867 1125 DISTtNCTIO
2937 1026 3179 1117 XXI.

1501 1323 1880 1407 Qualiter
1935 1322 2347 1386 dictiones
2390 1319 2839 1382 exclusiva·
2884 1318 3340 1398 capiuntur
3377 1320 3456 1379 in
3517 1312 3818 1376 «livinis
3848 1295 3909 1371 ?'

1073 1615 1161 1685 A.
1232 1609 1652 1703 Quaeritur,
1699 1609 2069 1710 quomodo
2098 1615 2357 1708 posset
2392 1605 2553 1682 dici
2585 1605 2795 1680 solus
2834 1606 3100 1700 Pater,
3135 1603 3264 1680 vel
3310 1600 3519 1694 solus
3557 1595 3838 1692 Filius,
3903 1596 4029 1673 vel
4074 1596 4284 1672 solus

1768 1742 2108 1841 Spiritus
2169 1747 2502 1832 sanctim,
2546 1764 2721 1814 cnm
2771 1740 2928 1814 sint
2975 1734 3597 1836 inseparabiles?

1167 2240 1228 2314 H
1248 2239 1316 2314 ic
1356 2239 1605 2314 oritur
1642 2239 1968 2337 quaestio
2009 2239 2323 2312 trahens
2352 2225 2731 2334 originem
2773 2259 2866 2311 ex
2899 2234 3314 2335 praulietis.
3374 2234 3678 2308 Dictum
3736 2244 3852 2308 est
3891 2232 4097 2307 onitu
4143 2257 4277 2306 su—

1065 2397 1232 2473 pra,
1275 2372 1484 2471 quod
1526 2383 1785 2448 tantus
1826 2382 1940 2447 est
1996 2373 2207 2447 solus
2248 2371 2497 2464 Pater,
2530 2372 2650 2445 vol
2693 2370 2908 2444 solus
2950 2369 3217 2462 Filius,
3255 2370 3373 2443 vel
3417 2371 3630 2443 solus
3698 2367 4040 2466 Spiritus
4108 2392 4283 2440 sau-

1067 2521 1267 2605 ctus,
1303 2518 1684 2607 quantuni
1716 2506 2075 2582 sitnulilli
2120 2517 2271 2582 tres
2303 2516 2420 2581 :ot
2450 2505 2655 2605 quod
2698 2504 2876 2580 dua}
2920 2507 3034 2579 vel
3075 2514 3184 2580 tro
3206 2527 3604 2604 sporsouoe
3638 2503 3871 2578 simut
3906 2525 4060 2577 nou
4105 2512 4284 2576 suut

1071 2645 1322 2743 majus
1352 2643 1675 2743 aliquid,
1720 2661 1952 2741 quatu
1983 2659 2137 2717 unu
2173 2662 2505 2741 persona
2530 2642 2722 2716 sota.
2772 2639 2951 2715 ideo
2991 2640 3274 2738 quierit
3313 2639 3797 2736 Augustinus
3831 2638 3906 2712 in
3947 2637 4143 2712 libri.»
4182 2637 4276 2710 vt

1063 2780 1160 2856 «le
1210 2777 1617 2875 Trim‘lale,
1684 2778 2083 2867 Quomodo
2125 2777 2293 2852 hmo
2358 2798 2543 2852 sane
2587 2774 2737 2850 dici
2784 2774 3109 2875 possint,
3182 2799 3357 2850 cuin
3430 2798 3570 2850 nec
3613 2774 3841 2849 Pater
3878 2773 3978 2847 sit
4031 2772 4272 2867 solus,

1069 2939 1211 2991 noc
1257 2914 1523 3009 Filius,
1557 2937 1700 2990 nec
1741 2912 2071 3013 Spiritus
2120 2921 2485 2988 sanctus:
2531 2910 2664 2987 sed
2748 2934 3058 3010 sempor
3097 2922 3171 2986 et
3230 2909 3854 3010 inseparabiliter
3919 2919 3992 2984 et
4046 2909 4283 2985 Filius

1065 3075 1244 3126 cuni
1290 3050 1545 3144 Patre,
1579 3059 1654 3125 et
1683 3049 1908 3124 Pater
1944 3072 2124 3123 cum
2166 3047 2387 3141 Filio,
2431 3056 2506 3122 et
2542 3046 2880 3147 Spiritus
2917 3056 3236 3122 sanctus
3266 3071 3444 3121 cuni
3484 3056 3839 3144 utroque.
3889 3045 4282 3144 Insopara·

1073 3186 1268 3261 bites
1298 3183 1507 3261 enim
1538 3192 1722 3261 sunt
1751 3184 1872 3259 hm
1915 3191 2066 3259 tres
2112 3200 2464 3283 persona}
2508 3178 2555 3256 ¹.
2599 3180 2709 3257 Ad
2745 3181 2948 3281 quod
3022 3182 3128 3255 ita
3189 3180 3597 3280 respondet
3675 3157 4157 3276 Augustinus
4200 3179 4271 3254 iu

1066 3318 1337 3396 eodem
1379 3341 1395 3395 ε
1442 3319 1712 3395 Solum
1745 3318 1991 3395 Deum
2034 3318 2333 3393 Patroni
2400 3316 2758 3412 «ticinum,
2819 3341 2970 3391 nou
3039 3316 3223 3415 quia
3277 3323 3680 3417 separatur
3733 3340 3777 3389 a
3830 3315 4021 3390 Filio
4084 3315 4197 3388 vol
4233 3339 4277 3390 a

1062 3453 1350 3553 Spiritu
1384 3464 1700 3529 sancto:
1740 3454 1870 3528 sed
1926 3455 2071 3528 hoc
2104 3452 2444 3528 dicentes
2474 3450 3039 3547 significamus,
3071 3451 3254 3550 quia
3291 3451 3395 3526 itti
3456 3451 3684 3526 simul
3730 3476 3905 3526 cutu
3982 3476 4072 3524 ou
4116 3476 4268 3524 uon

1063 3597 1247 3664 sunt
1288 3589 1542 3663 Pater.
1586 3589 1816 3663 Solus
1865 3587 2070 3663 enim
2101 3588 2350 3674 Pater,
2394 3588 2622 3661 Putet·
2659 3597 2775 3662 est
2812 3611 2828 3663 :
2867 3587 3071 3685 quod
3103 3611 3254 3660 nou
3299 3586 3581 3662 «licitur
3620 3585 3804 3685 quia
3839 3586 4003 3684 ipsu
4032 3587 4122 3659 sit
4159 3613 4279 3657 so·

1071 3728 1220 3819 luS,
1266 3723 1518 3819 idest,
1561 3724 1731 3798 siue
1775 3723 1964 3798 Fitio
2004 3724 2123 3798 ve!
2164 3722 2451 3823 Spiritu
2512 3734 2812 3817 sancto,
2869 3725 3001 3795 sud
3060 3747 3196 3822 por
3242 3724 3383 3797 hoc
3437 3721 3673 3796 vitius
3748 3722 3869 3795 vol
3941 3720 4274 3821 Spiritus

1068 3866 1384 3931 sam-tus
1424 3880 1470 3930 a
1500 3854 1979 3956 paternitatis
2018 3855 2400 3931 consortio
2423 3855 2966 3930 excluduntur.
3006 3851 3112 3929 lta
3145 3863 3409 3930 otcuut
3444 3853 3748 3948 ‹iic-itur,
3784 3848 3999 3928 solus
4045 3854 4277 3928 Filius

1070 3990 1307 4065 Fitius
1337 4001 1482 4085 est,
1527 3992 1648 4065 vol
1693 3992 1904 4066 solus
1935 3990 2266 4091 Spiritus
2294 4002 2610 4065 sauctus
2649 4000 2760 4063 ost
2804 3991 3140 4090 Spiritus
3172 4002 3514 4083 saut-tuS,
3554 4015 3702 4064 uon
3748 3989 4118 4064 dividitur
4152 3991 4274 4064 Fi-

1059 4127 1210 4201 lius
1251 4151 1295 4200 a
1332 4125 1586 4218 Patre,
1624 4128 1740 4201 vel
1786 4126 2120 4225 Spiritus
2157 4137 2471 4201 sanctus
2517 4126 2614 4199 ub
2659 4136 3016 4224 utroque,
3077 4127 3209 4200 sed
3245 4152 3289 4200 a
3333 4125 3720 4200 cniusurtiu
3766 4126 4023 4200 tttiutis
4096 4152 4274 4224 pru-

1059 4261 1403 4359 priotatis
1443 4260 1960 4336 exctuduutur
1987 4260 2210 4335 Pater
2244 4270 2318 4334 et
2357 4260 2692 4359 Spiritus
2732 4272 3079 4354 saut-tus,
3134 4272 3210 4334 et
3246 4286 3290 4334 a
3331 4260 3718 4334 consortio
3752 4261 4274 4360 processibilis

1063 4393 1554 4495 proprietatis
1597 4395 1915 4470 pateret
1954 4390 2213 4469 Filius.
2252 4392 2440 4468 Cum
2483 4419 2667 4489 orgo
2707 4394 3018 4488 dicitur,
3053 4396 3345 4469 'stitutus
3377 4407 3488 4469 ost
3530 4396 3741 4469 sulus
3776 4396 4004 4469 Pater
4034 4420 4268 4492 quum·

1061 4541 1220 4605 tuin
1255 4529 1485 4604 simui
1524 4529 1629 4604 itti
1676 4537 1852 4623 tres,
1898 4554 2033 4629 por
2065 4531 2206 4603 hoc
2247 4531 2448 4629 quud
2478 4530 2761 4605 ‹liritur
2789 4529 3026 4611 solus.
3063 4554 3217 4605 unu
3251 4541 3658 4629 suparatur
3680 4532 3906 4606 Pau-1·
3935 4532 4263 4607 abutiis:

1052 4666 1182 4742 sed
1224 4666 1346 4741 uio
1378 4677 1496 4741 est
1535 4690 1839 4759 sonsttS‚
1884 4665 2115 4740 Solus
2157 4666 2408 4760 Pater,
2455 4666 2525 4740 id
2579 4676 2724 4760 est,
2784 4666 3013 4740 Pau-1·
3044 4667 3176 4764 qui
3253 4667 3354 4740 ita
3406 4667 3631 4741 Pater
3668 4679 3810 4761 ost,
3870 4668 4075 4765 quud
4129 4694 4266 4741 tw«-

1057 4801 1294 4875 Filius
1326 4819 1469 4875 nec
1500 4799 1834 4898 Spiritus
1862 4806 2202 4895 sanctus,
2242 4810 2500 4874 tantus
2541 4812 2686 4895 est,
2732 4810 2878 4876 otc.
2919 4802 3294 4877 Siiuititor
3335 4802 3678 4895 iuti-llige
3720 4825 3896 4875 ruiu
3959 4801 4266 4896 «Uritur,

1054 4936 1288 5011 Solus
1317 4941 1433 5011 est
1477 4926 1745 5030 Filius,
1788 4934 1907 5009 vel
1950 4936 2161 5009 solus
2192 4945 2305 5010 est
2335 4934 2668 5033 Spiritus
2700 4946 3043 5011 sanctus.
3085 4937 3317 5011 Solus
3350 4960 3534 5030 orgo
3576 4934 3803 5009 Pater
3833 4937 4143 5030 dicitur,
4195 4949 4265 5009 ut

1059 5069 1168 5145 ait
1209 5068 1696 5164 Augustinus
1743 5068 1814 5141 in
1851 5068 2146 5158 eodeni,
2193 5067 2373 5167 quia
2422 5093 2572 5143 uon
2639 5068 2784 5143 nisi
2832 5070 2992 5169 ipse
3037 5069 3136 5142 ibi
3192 5069 3415 5143 Pater
3455 5080 3565 5143 est
3604 5094 3620 5145 ;
3659 5070 3974 5145 etsolus
4003 5071 4266 5165 Filius,

1055 5204 1242 5301 quia
1306 5226 1463 5276 non
1499 5201 1653 5277 uisi
1688 5202 1847 5302 ipse
1905 5202 2007 5278 ibi
2071 5203 2312 5278 Filius
2376 5212 2535 5279 ost:
2595 5214 2666 5279 et
2709 5204 2924 5280 solus
2957 5204 3319 5302 Spiritus,
3356 5205 3541 5302 quia
3580 5205 3917 5280 nonnisi
3967 5206 4127 5303 ipso
4165 5205 4264 5279 ibi

1060 5336 1397 5437 Spiritus
1435 5346 1752 5412 sanctus
1790 5346 1928 5411 est.

1138 5668 1153 5702 ¹
1188 5663 1243 5719 S.
1279 5666 1652 5735 Acccsnscs,
1686 5666 1806 5733 Lib,
1833 5667 1899 5722 vt
1929 5669 2000 5723 de
2037 5660 2347 5746 ‘ft-initato,
2377 5686 2514 5743 cup.
2538 5670 2597 5727 7.
