4897 6388
729 2414 915 2468 Quo-t.
940 2419 976 2463 ι.

686 3814 784 3863 Sed
823 3823 1010 3860 contra.

709 5111 890 5164 Qum-t.
920 5110 962 5158 2.

1699 332 1710 344 ‚
1777 256 1870 322 IN
1919 255 1944 321 1
2002 253 2425 322 SENTENT.
2480 253 2704 321 DIST.
2757 252 2911 336 XV,
2964 253 3049 331 A,
3093 252 3295 322 ΛΒΤ.
3340 255 3410 320 5.

1060 427 1478 494 auctoritatis
1508 450 1520 493 :
1557 436 1616 493 et
1649 450 1733 493 ex
1761 427 1826 492 vi
1851 427 2100 492 amoris
2123 425 2327 492 mittit
2358 447 2428 489 se
2454 422 2605 510 Spi-

1059 533 1226 598 ritus
1249 543 1545 616 sanctuS,
1571 535 1743 599 sicut
1771 532 1972 598 etiam
2005 531 2115 597 dat
2147 554 2242 597 se.
2289 531 2595 595 Conna:

1061 637 1232 706 Dare
1275 640 1356 706 de
1397 663 1518 706 sua
1552 638 1920 704 intentione
1962 658 2095 703 non
2137 637 2295 703 dicit
2328 658 2598 723 compa-

1058 749 1389 815 rationem
1468 748 1550 814 ad
1646 748 2144 835 processionem
2241 755 2590 816 aeternam,

1054 880 1208 922 cum
1245 857 1414 923 infra
1446 855 1852 924 concedatur
1883 854 2045 930 haec,
2085 853 2283 921 Pater
2312 853 2426 920 dat
2475 876 2544 918 se
2581 876 2592 917 :

1053 966 1230 1030 mitti
1271 963 1497 1031 autem
1533 963 1857 1029 inclusam
1903 961 2105 1028 habet
2164 965 2230 1027 in
2289 985 2359 1027 se
2437 984 2598 1050 pro-

1052 1074 1472 1139 cessionem:
1543 1094 1701 1162 ergo
1760 1094 1898 1138 non
1966 1080 2065 1137 est
2129 1068 2391 1136 simile:
2439 1070 2597 1158 quia

1052 1203 1176 1246 nec
1207 1202 1286 1246 ex
1325 1181 1392 1244 vi
1428 1181 1699 1255 amoris,
1745 1200 1866 1245 nec
1905 1200 1989 1244 ex
2047 1179 2306 1245 ratione
2358 1187 2597 1244 aucto-

1054 1287 1270 1353 ritatis
1299 1285 1409 1353 vel
1437 1285 1720 1353 dominii
1754 1283 2047 1373 Spiritus
2080 1292 2354 1351 sanctus
2393 1282 2599 1349 habet

1052 1393 1236 1483 quod
1278 1393 1361 1458 sit
1392 1416 1431 1457 a
1470 1392 1731 1481 seipso:
1770 1413 1931 1480 ergo
1983 1390 2168 1457 nullo
2211 1389 2411 1456 modo
2446 1390 2599 1456 mit-

1051 1501 1131 1565 tit
1170 1523 1271 1581 se,
1324 1510 1396 1567 ut
1427 1500 1713 1568 videtur.

1141 1607 1213 1672 Si
1246 1605 1417 1673 forte
1450 1605 1655 1687 dicas,
1698 1605 1877 1696 quod
1909 1606 1976 1672 in
2018 1606 2297 1674 veritate
2333 1606 2455 1672 ista
2488 1603 2595 1669 lo-

1048 1713 1229 1779 cutio
1260 1712 1428 1780 falsa
1468 1721 1593 1790 est,
1619 1736 1741 1781 nec
1770 1736 1921 1781 eam
1956 1713 2144 1801 ponit
2171 1711 2595 1801 Augustinus

1047 1820 1164 1886 sed
1217 1820 1576 1911 Magister:
1613 1831 1676 1889 et
1732 1821 1913 1911 quod
1963 1820 2284 1910 Magister
2342 1821 2407 1886 in
2470 1817 2596 1886 lioc

1048 1927 1291 1996 falsum
1327 1927 1507 1997 dicit.
1574 1927 1880 1998 Cosrnaz
1927 1928 2345 2017 Augustinus
2391 1925 2591 1994 dicit:

1050 2061 1083 2099 α
1114 2035 1407 2124 Spiritus
1440 2036 1642 2105 mittit
1660 2059 1758 2117 se,
1782 2045 1846 2104 et
1869 2035 1981 2104 dat
2008 2060 2078 2105 se
2112 2038 2155 2107 ¹.
2194 2061 2227 2101 »
2255 2034 2432 2127 Ergo
2459 2057 2595 2102 non

1050 2150 1316 2211 tantum
1341 2142 1660 2234 Magister
1679 2141 1808 2211 hoc
1853 2142 2037 2227 dicit,
2061 2141 2181 2210 sed
2208 2152 2276 2213 et
2313 2143 2597 2231 Augus-

1054 2250 1264 2318 tinus.

1149 2462 1474 2531 limenius
1539 2463 1858 2554 quaeritur
1919 2464 2000 2532 de
2067 2467 2215 2541 ista,
2302 2462 2595 2554 Spiritus

1047 2580 1322 2639 sanctus
1362 2570 1651 2638 mittitur
1678 2593 1716 2637 a
1746 2593 1842 2638 se.

1147 2679 1201 2744 l.
1276 2677 1512 2748 Passio
1564 2678 1745 2746 enim
1801 2700 2067 2768 semper
2128 2685 2229 2745 est
2270 2677 2452 2746 illata
2506 2677 2593 2745 ab

1045 2785 1209 2865 alio,
1242 2787 1400 2856 licet
1437 2809 1574 2854 non
1604 2787 1777 2856 actio
1822 2808 1837 2852 :
1873 2809 2035 2877 ergo
2065 2787 2410 2876 passivum
2456 2811 2595 2855 ma-

1043 2896 1149 2984 gis
1188 2893 1348 2962 dicit
1378 2895 1707 2963 rationem
1752 2892 2015 2962 essendi
2062 2893 2146 2962 ab
2193 2892 2328 2963 alio
2380 2917 2587 2984 quam

1042 3003 1341 3072 activum
1398 3024 1414 3073 ε
1487 3026 1648 3094 ergo
1717 3002 2005 3086 videtur,
2072 3003 2255 3094 quod
2323 3005 2592 3094 passiva

1045 3111 1379 3201 majorem
1466 3108 1708 3179 habeat
1832 3111 2161 3180 rationem
2250 3110 2586 3196 falsitatis,

1043 3243 1251 3310 quani
1304 3221 1548 3288 activa.

1131 3332 1197 3398 2.
1243 3327 1442 3406 ltem,
1511 3328 1891 3399 Intellectus
1948 3353 2082 3398 non
2137 3332 2342 3421 capit.
2404 3330 2586 3420 quod

1043 3435 1223 3506 idem
1255 3447 1414 3528 agat
1451 3447 1512 3507 ot
1555 3439 1845 3528 patiatur
1885 3448 2183 3529 respectu
2225 3440 2528 3527 ejusdem
2566 3462 2583 3509 ε

1041 3568 1206 3633 ergo
1244 3568 1400 3612 cum
1435 3545 1563 3613 hoc
1600 3545 2014 3635 significetur
2051 3547 2175 3614 ista
2216 3545 2582 3624 locutione,

1044 3652 1340 3743 Spiritus
1406 3662 1677 3722 sanctus
1733 3654 2096 3722 mittitura
2159 3679 2257 3732 se,
2317 3654 2589 3722 videtur

1042 3781 1188 3826 esse
1228 3758 1419 3828 falsa.

1135 3867 1269 3933 San
1313 3889 1565 3934 comm
1597 3889 1614 3934 ε
1649 3867 2068 3957 Augustinus
2106 3867 2288 3938 dicit.
2326 3896 2361 3933 κ
2392 3869 2581 3937 'l'unc

1039 3974 1405 4064 unicuique
1448 3974 1760 4052 mittitur,
1801 3998 1955 4042 cum
1993 3998 2032 4041 a
2063 3998 2407 4067 quoquam
2460 4001 2580 4044 eo-

1032 4081 1383 4169 gnoscitur
1411 4088 1612 4170 atque
1657 4081 2041 4171 percipitur,
2092 4091 2419 4173 quantuni
2461 4108 2581 4151 eo-

1030 4188 1268 4275 gnos-ci
1316 4196 1381 4255 et
1429 4187 1675 4278 percipi
1712 4196 1930 4277 potest
1972 4186 2014 4253 2.
2066 4215 2099 4254 ι
2147 4188 2227 4257 Ei
2275 4188 2417 4257 lnee
2462 4214 2580 4258 au·

1027 4296 1309 4362 ctoritas
1350 4293 1520 4361 infra
1571 4295 1635 4361 in
1675 4292 1798 4362 hac
1850 4295 2086 4364 eadem
2142 4296 2577 4366 distinctione

1030 4407 1310 4493 ponitur
1350 4405 1419 4472 in
1476 4405 1755 4473 Littera.
1812 4405 1946 4475 Sed
1988 4405 2190 4476 taleni
2238 4410 2581 4498 cognitio-

1028 4534 1188 4580 nem
1218 4513 1375 4581 facit
1417 4514 1483 4580 in
1540 4512 1736 4581 nobis
1775 4514 2066 4604 Spiritus
2121 4524 2391 4584 sanctus
2434 4538 2450 4582 ;
2513 4526 2579 4585 et

1028 4642 1189 4688 vere
1255 4619 1528 4698 dicitur,
1588 4620 1769 4711 quod
1826 4619 1968 4690 haec
2022 4623 2320 4711 cognitio
2392 4634 2496 4693 est
2540 4648 2580 4693 a

1035 4728 1294 4819 Spiritu
1335 4738 1570 4798 sancto
1607 4738 1672 4797 et
1730 4730 2018 4799 mittitur
2067 4731 2153 4798 ab
2194 4755 2275 4801 eo
2333 4754 2350 4800 ε
2411 4757 2576 4823 ergo

1033 4836 1325 4914 videtur,
1371 4837 1425 4905 si
1458 4836 1584 4905 hoe
1615 4847 1712 4904 est
1753 4862 1906 4906 eum
1951 4839 2148 4920 mitti,
2191 4839 2376 4931 quod
2421 4865 2578 4911 vere

1039 4946 1349 5012 mittatur
1376 4968 1412 5011 a
1441 4946 1689 5035 seipso.

1131 5158 1459 5227 Fucinus
1526 5160 1845 5250 quaeritur
1897 5160 1979 5227 (le
2057 5161 2206 5242 istu,
2286 5163 2579 5252 Spiritus

1036 5276 1312 5335 sanctus
1353 5265 1648 5356 procedit
1686 5290 1724 5335 a
1753 5290 1847 5336 se.
1883 5267 2045 5337 lloec
2088 5269 2269 5337 enim
2312 5270 2582 5340 videtur

1115 5613 1132 5647 ¹
1178 5609 1236 5665 S.
1289 5612 1665 5679 Anauniscs,
1703 5608 1826 5666 Lib.
1850 5610 1893 5664 V
1920 5607 1992 5667 de
2026 5611 2327 5670 Trinitate.

4145 247 4274 322 415

2708 413 2881 487 falsa
2936 442 2951 487 2
3007 444 3087 487 eo
3129 422 3318 511 quod
3371 420 3749 488 secundum
3807 439 4013 508 supra
4068 405 4273 499 dicta,

2707 531 3070 620 procedere
3101 555 3239 598 non
3283 533 3481 622 ponit
3518 530 4101 619 comparationem
4144 526 4271 592 nisi

2706 640 2787 705 ad
2845 640 3251 730 principium
3310 664 3350 707 a
3396 663 3533 729 quo
3600 661 3613 705 ε
3688 662 3842 705 cum
3909 659 4071 725 ergo
4133 634 4277 722 ipse

2709 744 3001 833 Spiritus
3050 757 3324 813 sanctus
3367 769 3507 811 non
3566 747 3654 811 sit
3686 743 4093 833 principium
4140 739 4272 816 sui,

2703 849 2971 916 videtur
3000 850 3184 939 quod
3217 850 3409 916 nullo
3463 849 3668 916 modo
3716 872 3756 915 a
3804 872 3872 914 se
3923 844 4269 937 procedat.

2797 955 2869 1022 Si
2911 958 3195 1036 dicatur,
3267 957 3455 1046 quod
3514 980 3653 1023 non
3722 954 4043 1044 procedat
4091 974 4133 1018 a
4198 974 4269 1018 se

2704 1063 3121 1152 simpliciter,
3167 1065 3285 1133 sed
3317 1063 3626 1153 procedit
3679 1086 3716 1128 a
3756 1085 3827 1129 se
3877 1061 3944 1127 in
4002 1068 4276 1128 creatu-

2716 1196 2885 1239 ram.

2802 1278 3071 1348 CONTRA
3117 1304 3132 1347 :

2803 1391 2858 1455 l.
2934 1389 3285 1458 Processio
3358 1391 3428 1456 in
3499 1399 3880 1456 creaturam
3965 1384 4313 1478 ostendit,

2704 1505 3057 1573 aeternam,
3092 1506 3159 1564 et
3198 1496 3373 1565 nihil
3412 1496 3599 1564 aliud
3638 1493 4029 1584 superaddit
4081 1517 4097 1560 :
4159 1516 4273 1561 er-

2706 1627 2794 1695 go
2824 1605 2878 1670 si
2919 1606 3296 1672 secundum
3339 1613 3671 1673 aeternam
3722 1626 3859 1672 non
3898 1601 4200 1693 procedit
4232 1626 4272 1670 a

2705 1737 2801 1794 se,
2843 1714 3218 1782 secundum
3260 1715 3711 1804 temporalem
3754 1737 3892 1781 non
3920 1710 4121 1781 debet
4150 1734 4271 1778 os-

2704 1823 2885 1890 tendi
2918 1823 3284 1912 procedere
3343 1847 3384 1892 a
3438 1845 3509 1890 se
3571 1845 3587 1889 ι
3659 1844 3820 1912 orgo
3862 1819 4271 1912 relinquitur

2702 1927 2924 1996 adhuc
2977 1927 3124 1998 haec
3180 1951 3328 2000 esse
3388 1927 3582 2011 falsa,
3656 1927 3947 2019 Spiritus
3997 1933 4271 1994 sanctus

2703 2034 3005 2125 procedit
3043 2035 3523 2126 temporaliter
3562 2057 3600 2101 a
3630 2057 3727 2102 se.

2792 2146 2856 2210 2.
2901 2142 3099 2222 Item,
3133 2145 3189 2212 A
3227 2165 3670 2234 quocumque
3699 2149 3989 2235 negatur
4018 2160 4265 2234 genus,

2702 2249 3021 2341 quaelibet
3068 2252 3329 2342 species
3370 2249 3555 2319 illius
3602 2250 3870 2342 generis
3912 2255 4202 2340 negatur
4246 2269 4263 2316 ε

2699 2357 2818 2428 sed
2860 2358 3157 2449 Spiritus
3189 2381 3333 2427 non
3376 2356 3682 2449 procedit
3710 2380 3750 2424 a
3778 2379 3849 2424 se
3894 2374 3911 2425 ε
3947 2377 4111 2447 ergo
4141 2376 4271 2422 nec

2704 2465 3061 2555 temporali
3109 2467 3573 2558 processione,
3637 2486 3761 2532 nec
3802 2473 4056 2533 aeterna
4115 2485 4270 2553 pro-

2701 2574 2878 2643 cedit
2917 2598 2957 2643 a
2984 2598 3085 2644 se.
4232 2565 4237 2568 ’

2792 2684 2858 2755 3.
2902 2683 3101 2771 ltem,
3137 2685 3196 2750 A
3245 2704 3690 2775 quocumque
3742 2688 4031 2772 negatur
4076 2687 4268 2747 actus

2701 2800 2986 2877 naturae,
3031 2801 3322 2883 negatur
3360 2791 3570 2862 etiam
3629 2789 3873 2859 modus
3930 2786 4113 2858 illius
4150 2808 4271 2856 ac·

2700 2911 2809 2972 tus
2851 2924 2867 2970 :
2910 2902 3030 2971 sed
3069 2903 3419 2994 processio
3461 2924 3501 2970 a
3538 2924 3611 2970 se
3649 2910 3940 2993 negatur
3984 2898 4069 2967 de
4118 2896 4273 2990 Spi-

2701 3013 2829 3080 ritu
2861 3020 3099 3081 sancto
3137 3033 3152 3077 :
3188 3033 3355 3103 ergo
3388 3019 3458 3080 et
3486 3009 3735 3081 modus
3765 3008 3964 3078 debet
4000 3006 4263 3098 negari,

2697 3116 2950 3185 scilicet
2997 3115 3183 3209 quod
3220 3115 3531 3209 procedit
3567 3137 3607 3182 a
3654 3138 3726 3182 se
3773 3111 4262 3206 temporaliter.

2786 3225 2851 3293 4.
2898 3224 3095 3305 Item,
3140 3223 3320 3305 Quia
3361 3222 3571 3292 Pater
3617 3245 3756 3291 non
3806 3230 3907 3289 est
3953 3219 4040 3289 ab
4096 3218 4260 3302 alio,

2699 3333 2848 3401 ideo
2881 3355 3021 3401 non
3050 3333 3374 3401 convenit
3411 3330 3475 3400 ei
3525 3338 3599 3400 ut
3637 3328 4038 3398 ostendatur
4083 3335 4267 3395 tem-

2695 3439 3022 3530 poraliter
3047 3439 3135 3508 ab
3165 3448 3320 3511 actu
3353 3461 3503 3508 esse
3536 3458 3554 3509 ε
3591 3460 3754 3529 ergo
3777 3458 3815 3504 a
3846 3433 4080 3515 simili,
4102 3434 4265 3527 quia

2696 3548 2996 3640 Spiritus
3045 3558 3326 3620 sanctus
3377 3570 3518 3617 non
3566 3555 3666 3614 est
3699 3569 3739 3614 a
3777 3570 3875 3628 se,
3917 3543 4071 3612 ideo
4120 3564 4261 3612 non

2691 3656 3010 3726 convenit
3042 3658 3103 3725 ei
3144 3664 3220 3724 ut
3252 3652 3721 3746 temporaliter
3763 3677 3798 3723 a
3848 3675 3923 3721 se
3961 3674 4109 3721 esse
4138 3673 4262 3718 os-

2692 3764 3009 3836 tendatur
3067 3787 3083 3834 :
3150 3764 3270 3834 sed
3324 3763 3736 3847 ostenditur,
3796 3784 3953 3833 cum
4011 3759 4261 3829 dieitur

2692 3873 3116 3965 procederea
3154 3897 3226 3940 se
3261 3895 3473 3963 :ergo
3505 3870 3758 3940 locutio
3792 3870 3906 3939 illa
3933 3867 4101 3938 falsa
4122 3876 4248 3939 est.

2780 4087 3089 4155 Somno.
3136 4086 3331 4153 Sicut
3370 4084 3671 4155 diximus
3697 4087 3765 4153 in
3793 4084 4126 4177 principio
4154 4084 4248 4152 is·

2691 4195 2823 4263 tius
2880 4193 3366 4278 distinctionis,
3436 4216 3642 4285 super
3697 4191 4125 4287 expositione
4181 4201 4246 4262 et

2690 4302 2974 4370 veritate
3023 4312 3091 4373 et
3139 4303 3555 4395 proprietate
3615 4302 3895 4370 istarum
3957 4301 4256 4371 locutio-

2690 4430 2880 4488 num,
2913 4407 3175 4477 discors
3207 4407 3585 4478 Doctorum
3619 4410 3961 4477 invenitur
3989 4415 4257 4478 senten·

2690 4518 2807 4587 tia.
2844 4516 3021 4584 Sunt
3060 4517 3174 4608 qui
3237 4514 3622 4587 rationibus
3674 4539 3879 4608 supra
3935 4515 4254 4601 inductis,

2689 4625 2922 4694 dicunt
2965 4646 3208 4692 omnes
3259 4625 3425 4694 istas
3480 4646 3629 4695 esse
3676 4623 3905 4712 falsas,
3961 4623 4259 4718 Spiritus

2693 4736 2898 4804 mittit
2936 4757 3036 4820 se,
3080 4733 3384 4825 Spiritus
3416 4734 3710 4804 mittitur
3749 4757 3789 4802 a
3817 4758 3914 4815 se,
3960 4732 4258 4824 Spiritus

2691 4842 2996 4934 procedit
3033 4864 3073 4910 a
3100 4864 3175 4910 se
3212 4863 3227 4909 ε
3308 4849 3379 4910 et
3419 4838 3655 4910 dicunt
3697 4841 3881 4934 quod
3918 4842 3974 4910 si
4015 4842 4085 4909 in
4127 4863 4257 4909 au·

2690 4949 2998 5018 ctoritate
3029 4948 3923 5039 inveniantur-,exponendae
3945 4956 4101 5016 sunt
4125 4948 4247 5031 sic,

2692 5055 2987 5146 Spiritus
3045 5055 3252 5125 mittit
3309 5078 3413 5135 se,
3477 5053 3545 5121 id
3598 5062 3725 5132 est,
3776 5075 3816 5121 a
3856 5053 4117 5148 Spiritu
4149 5061 4252 5123 est

2691 5164 2968 5233 effectus
3011 5164 3079 5233 in
3111 5186 3247 5255 quo
3292 5163 3735 5251 cognoscitur
3792 5164 4059 5233 missus.
4118 5161 4256 5231 Sed

2691 5272 2850 5362 quia
2891 5272 2959 5340 in
3011 5269 3538 5340 auctoritatibus
3599 5268 4010 5343 Sanctorum
4070 5271 4257 5341 inve·

2769 5611 2792 5654 ³
2820 5614 2979 5683 ιυιιι,
3010 5611 3135 5679 Lib.
3165 5612 3240 5670 1v
3258 5612 3337 5670 a·
3363 5610 3681 5686 trinit-te,
3701 5630 3829 5690 cap.
3860 5617 3952 5676 20.

4345 4119 4547 4171 solnta
