4897 6388
1867 301 2010 398 ‚IN
2059 300 2088 366 1
2138 297 2563 366 SENTENT.
2624 296 2843 368 msT.
2896 296 3022 382 xl,
3071 298 3154 376 Α,
3198 298 3398 368 ART.
3459 262 3515 368 ι.

4191 310 4318 379 335

1106 479 1336 536 autem
1371 468 1503 534 illa
1542 466 1889 552 vet-bafia
1920 466 2478 531 determinamus.
2518 489 2551 526 »
2590 463 2666 529 In
2774 485 2934 554 ergo
3008 464 3289 545 videtur,
3356 467 3539 557 quod
3598 491 3733 535 non
3791 472 4151 537 conveniat
4209 473 4318 539 di·-

1106 582 1347 664 quarta
1367 583 1433 641 et
1462 574 1706 640 ultima
1734 571 2232 640 confessionem
2273 570 2665 638 Graecorum

1113 683 1376 751 reducit
1414 681 1500 749 ad
1538 689 1869 760 nostram,
1914 680 2031 760 ibi,
2083 679 2168 759 D,
2224 707 2259 744 «
2295 680 2664 748 Sciendum

2770 597 2970 642 vinis.

2859 686 2922 752 3.
2959 684 3155 766 Item,
3192 686 3431 754 Omnis
3462 692 3800 777 processio
3836 700 3934 757 est
3963 713 4047 756 ex
4077 690 4305 781 aliquo

1103 800 1205 857 est
1289 799 1544 867 tamen,
1613 789 1830 879 quod
1911 789 2131 858 Graeci
2222 789 2662 875 confitentur,
2768 793 2837 858 in
2859 791 3042 860 aliud
3081 817 3095 861 ε
3132 794 3319 862 nulla
3348 803 3575 864 autem
3620 821 3908 888 persona
3938 806 4037 866 est
4076 801 4171 867 sic
4227 823 4311 868 ex

1030 936 1037 943 ·
1101 904 1231 964 etc·
1281 922 1313 961 »
1393 929 1394 932 “
1443 917 1466 930 ’“

1154 1032 1162 1038 ·
1189 1002 1451 1067 Littera
1484 1008 1715 1069 autem
1742 1024 1865 1092 per
1891 1023 1962 1068 se
2003 1008 2211 1090 patet.

2045 1341 2134 1372 ·Ι.

1577 1653 2082 1723 ARTlCULUS
2134 1653 2189 1724 Ι.

1456 1811 1463 1966 .
1501 1867 1693 1974 Quid
1713 1868 1805 1934 sit
1827 1866 2186 1958 procedere
2213 1864 2254 1932 ?

1182 2180 1357 2248 Ante
1388 2182 1726 2249 Litteram
1757 2191 2121 2250 occurrunt
2142 2185 2443 2273 quinque
2469 2205 2650 2273 quae·

1087 2290 1707 2380 rendawquorum
1751 2293 2070 2382 primum
2131 2301 2255 2368 est,
2329 2291 2502 2371 Quid
2561 2294 2648 2360 sit

1083 2396 1453 2488 procedere
1480 2399 1538 2464 ⁴?'
1765 2413 1768 2418 ’
1831 2417 1836 2424 ’

1155 2505 1601 2587 Secundum,
1659 2507 1900 2575 Utrum
1977 2508 2343 2599 procedere
2399 2530 2645 2577 secun-

1091 2614 1255 2681 dum
1295 2638 1507 2682 unam
1569 2618 1902 2685 rationem
1953 2619 2317 2685 conveniat
2375 2618 2643 2707 utrique

1081 2748 1396 2816 personae
1428 2727 1848 2818 procedenti,
1883 2737 1950 2797 et
2005 2736 2172 2819 quot
2222 2727 2443 2796 modis
2473 2749 2644 2795 con-

1079 2832 1300 2923 tingat
1338 2834 1845 2923 processionem
1879 2834 2021 2901 lieri
2062 2835 2130 2901 in
2158 2832 2464 2902 divinis?

1167 2938 1498 3018 Tertium,
1572 2939 1816 3009 Utrum
1871 2939 2194 3031 procedat
2244 2941 2537 3032 Spiritus
2602 2964 2640 3008 a

1080 3045 1282 3114 Patre
1327 3049 1398 3115 'et
1464 3046 1640 3115 Filio
1697 3050 1767 3115 in
1834 3055 2164 3140 quantum
2206 3070 2418 3115 unum
2451 3056 2634 3131 sunt,

1081 3153 1192 3223 vel
1225 3154 1292 3222 in
1323 3163 1657 3246 quantum
1684 3154 1913 3247 plures
1935 3158 1972 3223 ⁴?

1169 3261 1537 3346 Quartum,
1583 3262 1658 3332 Si
1699 3264 2000 3354 procedit
2043 3263 2129 3332 ab
2175 3266 2273 3333 eis
2315 3267 2382 3333 in
2413 3288 2637 3356 quan-

1076 3377 1224 3437 tum
1265 3370 1482 3438 unu‘m
1514 3354 1698 3455 sunt,
1733 3381 1962 3440 utrum
1994 3373 2236 3440 uniens
2275 3374 2362 3441 sit
2400 3396 2638 3441 essen-

1074 3476 1170 3544 tia
1195 3477 1302 3545 vel
1343 3479 1530 3546 notio
1560 3479 1671 3547 vel
1700 3501 1990 3569 persona
2022 3481 2058 3547 ¹?
2135 3562 2141 3568 ⁴

1164 3583 1499 3663 Quintum
1530 3593 1598 3653 et
1626 3587 1972 3667 ultimum,
2033 3586 2135 3655 de>
2155 3590 2454 3678 potentia
2486 3590 2634 3680 spi-

1070 3693 1315 3769 rativa,
1353 3685 1649 3782 qualiter
1702 3694 1788 3761 sit
1845 3695 1913 3761 in
1972 3694 2172 3762 Patre
2214 3704 2278 3763 et
2338 3695 2533 3772 Filio,
2568 3705 2635 3764 et

1064 3806 1302 3866 utrum
1337 3822 1474 3867 una
1507 3801 1598 3869 sit
1629 3802 1694 3868 in
1726 3801 1997 3869 tribus?

1160 4014 1263 4081 Au
1295 4038 1552 4083 rammi
1585 4016 1974 4107 proceditur
2002 4017 2098 4085 sic
2142 4041 2156 4084 :

1165 4124 1224 4190 Ι.
1273 4122 1657 4192 l‘rocedere
1698 4125 1861 4192 dicit
1919 4126 2176 4193 exitum
2226 4125 2512 4215 alicujus
2541 4129 2626 4195 ab

1070 4229 1308 4322 aliquo
1356 4254 1372 4298 ε
1437 4254 1603 4324 ergo
1648 4234 1702 4300 si
1754 4236 2096 4325 processio
2133 4233 2214 4303 sit
2251 4237 2318 4302 iu
2350 4235 2623 4316 divinis,

1067 4340 1198 4408 erit
1257 4341 1353 4410 ibi
1401 4343 1627 4411 exitus
1694 4343 1780 4411 ab
1836 4343 2092 4436 aliquo.
2161 4345 2295 4412 St-:n
2322 4369 2617 4415 cosma:

1065 4448 1554 4519 indistantiam
1632 4475 1753 4544 per
1810 4452 2229 4523 identitatem
2290 4456 2474 4524 nulla
2522 4466 2621 4525 est

1066 4560 1359 4627 recessio
1391 4559 1804 4630 abinvicem
1850 4585 1865 4631 ε
1933 4563 2132 4632 Pater
2187 4574 2251 4633 et
2317 4566 2525 4635 Filius
2556 4576 2617 4634 et

1070 4665 1365 4758 Spiritus
1396 4678 1671 4738 sanctus
1701 4679 1858 4740 sunt
1881 4672 2278 4742 indistantes
2299 4676 2623 4767 periclen·

1065 4775 1328 4844 titatem
1398 4787 1706 4847 naturae:
1772 4804 1932 4869 ergo
1993 4782 2180 4851 nulla
2239 4795 2338 4853 est
2378 4810 2615 4854 eorum

1060 4886 1353 4954 recessio
1394 4886 1482 4954 ab
1515 4887 1810 4956 invicem
1844 4912 1860 4956 τ
1908 4891 2132 4957 omnis
2171 4900 2396 4960 autem
2464 4917 2616 4985 pro·

1061 4993 1278 5061 cessio
1310 5002 1412 5062 est
1480 4996 1770 5064 recessio
1820 4996 2137 5088 quaedam
2175 5022 2190 5067 ε
2234 5023 2395 5092 ergo
2454 5024 2616 5091 pro-

1058 5102 1275 5170 cessio
1310 5126 1449 5170 non
1490 5106 1809 5173 convenit
1853 5106 1920 5174 in
1953 5104 2226 5177 diviniS.

1147 5212 1211 5277 2.
1251 5209 1617 5294 Praeterea,
1665 5214 2016 5284 l‘rocessio
2058 5218 2352 5285 sumitur
2389 5243 2424 5285 a
2461 5241 2614 5286 mo-

1053 5327 1126 5386 tu
1159 5323 1587 5409 processivo:
1624 5323 1735 5392 ille
1776 5333 2003 5394 autem
2038 5336 2265 5395 motus
2295 5337 2613 5398 causatur

1055 5427 1140 5494 ab
1205 5429 1603 5521 indigentia,
1678 5442 1751 5501 ut
1818 5434 2050 5503 dicunt
2125 5436 2524 5529 Philosophi
2589 5462 2605 5507 ε

1119 5662 1132 5694 ¹
1169 5660 1220 5716 Sv
1248 5663 1707 5733 DiosrsnuS,Lib.
1728 5665 1799 5722 de
1831 5666 2058 5724 Divinis
2089 5668 2453 5738 nominibus,
2476 5686 2604 5743 cap.

2767 899 3019 991 aliquo,
3060 902 3369 991 quod'sit
3398 904 3469 969 in
3514 903 3721 984 aliud,
3792 907 3908 974 sed
3974 908 4198 998 potius
4239 920 4313 976 ut

2765 1008 2850 1074 sit
2878 1008 2949 1074 in
2978 1010 3199 1098 seipsa
3233 1032 3246 1078 :
3278 1033 3440 1100 ergo
3463 1017 3801 1101 processio
3826 1038 3961 1081 non
3993 1017 4312 1083 convenit

2765 1114 3034 1186 divinis,

2853 1229 2919 1296 4.
2964 1229 3325 1313 Praeterea,
3369 1232 3595 1301 Motus
3634 1235 4082 1323 processionis
4112 1234 4307 1302 clau-

2762 1336 2943 1404 ditur
2974 1339 3042 1405 in
3075 1340 3373 1429 quodam
3420 1341 3698 1424 circulo,
3742 1350 3816 1408 ut
3870 1342 4030 1411 dicit
4071 1343 4305 1412 Philo-

2760 1445 3015 1536 sophus
3045 1470 3060 1515 :
3096 1457 3413 1517 movetur
3434 1452 3614 1517 enim
3647 1452 3865 1540 primo
3898 1450 4302 1520 desiderium

2760 1576 2797 1619 a
2831 1553 3285 1636 desiderabili,
3331 1568 3397 1626 et
3426 1568 3661 1651 postea
3713 1561 4097 1628 desiderans
4134 1586 4305 1630 con-

2748 1661 3062 1753 jungitur
3101 1664 3526 1734 desiderabili
3560 1690 3681 1758 per
3722 1677 3983 1736 motum
4033 1693 4303 1760 proces-

2757 1770 3031 1838 sivum:
3079 1783 3144 1840 et
3194 1776 3289 1843 sic
3348 1776 3637 1844 circulus
3702 1777 4032 1845 clauditur
4096 1781 4166 1846 in
4232 1803 4300 1848 re

2757 1881 3077 1961 exterius,
3141 1885 3298 1972 quia
3356 1885 3798 1954 desiderabile
3855 1895 3956 1955 est
4018 1911 4299 1957 movens

2755 1989 3051 2078 primum
3085 2014 3169 2059 ex
3235 2016 3370 2083 quo
3428 2002 3528 2062 est
3567 2003 3817 2076 motUS‚
3880 2005 3945 2065 et
4001 1990 4073 2072 in‘
4119 1998 4301 2089 quod

2755 2097 3070 2166 ultimum
3103 2105 3383 2170 recurrit
3416 2112 3640 2172 motus
3670 2108 4114 2195 processivas.

2845 2202 2908 2271 4.
2953 2202 3148 2283 Item,
3203 2205 3627 2275 Desiderium
3707 2217 3934 2277 movet
3997 2211 4067 2276 in
4126 2233 4290 2290 rem,

2754 2317 2819 2396 et
2849 2319 3193 2401 acceptam
3231 2314 3487 2382 reducit
3562 2317 3626 2381 in
3696 2317 4021 2406 seipsum,
4084 2325 4149 2384 et
4204 2320 4299 2386 sic

2751 2418 3040 2487 circulus
3107 2421 3448 2491 clauditur
3504 2426 3572 2492 in
3629 2425 4099 2494 desiderante:
4142 2449 4299 2517 pos·

2750 2547 2990 2594 sumne
3084 2528 3330 2610 dicere,
3396 2532 3579 2621 quod
3647 2532 3726 2598 ad
3780 2533 4292 2601 similitudinem

2749 2632 2960 2722 ipsius
2983 2644 3211 2704 motus
3249 2638 3319 2704 in
3354 2638 3602 2705 divinis
3660 2650 3966 2708 sumatur
4015 2664 4293 2731 proces-

2743 2734 2848 2807 sio
2886 2744 2923 2808 ⁶?
2954 2741 3238 2811 Videtur
3276 2745 3456 2813 enim
3492 2747 3671 2837 quod
3716 2750 3810 2815 sic
3858 2772 3977 2838 per
4003 2749 4294 2817 Trisme-

2745 2849 2997 2939 gistum
3038 2853 3152 2944 qui
3185 2853 3369 2938 dicit,
3402 2856 3585 2945 quod
3617 2880 3855 2924 monas
3884 2859 4103 2949 giguit
4142 2882 4286 2927 mo-

2747 2956 3013 3055 nadem,
3048 2966 3112 3026 et
3158 2961 3224 3026 in
3265 2984 3337 3028 se
3380 2964 3658 3031 reflectit
3687 2965 4021 3032 ardorem.

2834 3067 2897 3133 6.
2933 3064 3127 3145 Item,
3196 3068 3321 3136 l‘er
3390 3070 3788 3161 Dionysium
3859 3076 3922 3140 in
3990 3072 4162 3142 libro
4203 3074 4286 3143 de

2743 3174 3016 3241 De‘m‘nis
3052 3177 3446 3246 nominibus
3477 3180 3519 3261 ¹,
3556 3180 3669 3248 uhi
3730 3183 3821 3249 sic
3856 3182 4011 3251 dicit
4047 3206 4061 3251 ε
4135 3184 4285 3252 Ati-

2743 3286 3015 3377 quando
3056 3288 3327 3379 quidem
3381 3291 3598 3382 ipsum
3647 3291 3921 3383 eloquia
3976 3316 4274 3361 amorem

2740 3400 2805 3461 et
2837 3393 3264 3464 dilectionem
3298 3397 3554 3480 dicunt,
3590 3399 3953 3491 aliquando
4021 3401 4279 3469 amabi·

2741 3501 2873 3570 lem
2915 3503 3425 3594 etdiligibilem.
3474 3506 3691 3596 llujus
3744 3509 3925 3576 enim
3983 3517 4080 3577 est
4118 3511 4275 3600 qui-

2740 3609 2891 3677 dem
2933 3633 3161 3692 causa,
3188 3621 3251 3680 et
3284 3615 3453 3681 sieut
3478 3617 3787 3698 emissor,
3823 3625 3886 3683 et
3926 3619 4097 3685 sicut
4126 3641 4280 3708 pro·

2737 3717 3054 3806 genitor:
3111 3718 3255 3786 hmc
3313 3729 3540 3788 autem
3611 3723 3749 3812 ipse
3808 3732 3930 3800 est,
4010 3733 4073 3791 et
4131 3723 4276 3793 haec

2738 3824 3012 3915 quidem
3070 3835 3434 3895 movetur:
3505 3828 3673 3896 illud
3731 3840 3958 3900 autem
4017 3844 4271 3916 movet,

2735 3939 2849 4000 aut
2897 3935 3223 4025 quoniam
3294 3937 3433 4027 ipse
3490 3941 3835 4029 suiipsius,
3897 3949 3959 4007 et
4017 3942 4271 4031 sibiipsi

2732 4050 2835 4109 est
2862 4042 3264 4111 adduc-tirus
3312 4055 3373 4112 et
3438 4049 3757 4116 motivas.
3822 4047 4079 4117 Sensus
4145 4060 4268 4124 est,

2733 4150 2915 4239 quod
2947 4150 3151 4219 Pater
3180 4152 3363 4219 Deus
3395 4177 3595 4221 causa
3640 4164 3702 4223 et
3735 4159 4139 4248 principium
4173 4167 4272 4225 est

2730 4260 2982 4327 amoris
3011 4269 3076 4327 et
3116 4259 3523 4338 dilectionis,
3558 4269 3619 4329 et
3669 4273 3766 4330 est
3801 4264 4113 4332 ultimum
4165 4266 4272 4333 ‹li-

2728 4363 2975 4433 lectum
3008 4375 3072 4434 et
3114 4377 3443 4450 amatum,
3480 4378 3543 4437 et
3595 4381 3821 4439 movet
3888 4397 4140 4450 amore,
4202 4383 4267 4442 et

2730 4481 3043 4539 movetur
3078 4483 3150 4541 ut
3193 4484 3501 4543 amatus:
3565 4501 3725 4566 ergo
3765 4478 4052 4563 videtur,
4088 4480 4267 4571 quod

2729 4581 2869 4669 ipse
2908 4581 3207 4672 seipsum
3244 4582 3311 4649 in
3351 4606 3583 4651 amore
3634 4586 3798 4653 sicut
3852 4585 4107 4677 sibiipsi
4142 4589 4268 4655 ml-

2726 4684 2924 4753 ‹lucat
2956 4694 3020 4755 et
3058 4688 3126 4755 in
3154 4690 3453 4780 seipsum
3493 4714 3506 4757 :
3542 4715 3702 4778 ergo
3751 4702 3849 4760 est
3917 4694 4005 4760 ibi
4075 4698 4265 4785 quasi

2725 4797 3064 4885 processio
3095 4796 3466 4865 circularis.

2812 4904 2877 4973 Ἰ.
2912 4903 3107 4985 Item,
3144 4905 3289 4973 lloc
3325 4905 3595 4974 videtur
3636 4932 3751 4998 per
3797 4911 4263 4979 auctoritatem

2723 5011 3115 5103 Hieronymi
3188 5014 3254 5080 in
3338 5016 3740 5104 pra-cedenti
3836 5017 4264 5088 distinctione

2722 5118 3049 5199 habitam,
3094 5144 3244 5212 quse
3276 5121 3459 5199 dicit,
3522 5125 3703 5213 quod
3757 5126 4046 5216 Spiritus
4104 5151 4264 5195 san-

2720 5238 2866 5296 ctus
2905 5239 3003 5297 est
3044 5229 3314 5298 dilectio
3347 5252 3482 5321 qua
3516 5230 3715 5300 l‘ater
3739 5234 3954 5325 diligit
3992 5235 4258 5314 Filium,

2719 5347 2784 5408 et
2823 5339 3030 5408 Filius
3071 5340 3366 5409 Patrem.
3418 5341 3552 5410 Sed
3573 5344 3626 5410 si
3660 5343 3787 5413 hoc
3813 5347 4257 5417 concedatur:

2716 5446 2985 5515 Cosrna
3035 5457 3133 5516 est
3168 5471 3181 5516 :
3222 5450 3379 5538 quia
3409 5452 3781 5534 secundum
3828 5452 3955 5522 hoc
4006 5454 4261 5546 aliquid

2716 5672 2768 5726 4.
