4897 6388
708 746 891 799 Qua-t
931 746 977 796 3.

681 2033 780 2081 sed
795 2042 980 2083 contra.

740 4217 941 4265 Solonio.

1658 335 1751 401 nx·
1798 331 1966 399 ms.
2020 329 2048 394 1
2101 321 2534 398 SENTENT.
2586 320 2815 393 mss.
2878 313 3061 408 vm,
3101 306 3188 406 ‘F‚
3236 291 3438 400 aar.
3493 334 3600 401 26.

1029 531 1192 601 ergo
1242 511 1474 577 anima
1524 505 1865 576 rationalis
1896 511 1998 571 est
2044 508 2233 568 actus
2280 495 2586 590 corporis

1032 614 1359 684 hominis,

1132 725 1458 793 Umsmus
1513 722 1860 813 quaeritur‚
1916 719 2158 788 Utrum
2223 717 2454 782 anima
2502 712 2588 777 sit

1036 835 1107 899 in
1146 854 1430 922 corpore
1459 833 1634 899 sicut
1672 832 1740 897 in
1799 827 2002 896 loco?

1130 942 1189 1007 1.
1260 939 1549 1008 Videtur
1618 937 1802 1029 quod
1849 937 1993 1004 sic:
2059 933 2219 1023 quia
2303 931 2372 997 in
2432 927 2586 998 loco

1031 1047 1390 1117 diffinitive
1481 1069 1629 1116 esse
1709 1054 1811 1113 est
1888 1044 1958 1110 in
2050 1040 2201 1108 loco
2289 1036 2584 1127 operari,

1028 1157 1203 1224 sicut
1286 1156 1448 1225 dicit
1532 1156 1994 1223 Damascenus
2045 1173 2059 1217 :
2134 1147 2253 1216 sed
2337 1146 2586 1214 animae

1029 1268 1463 1355 operationes
1508 1264 1776 1332 suntin
1832 1281 2159 1354 corpore:
2221 1278 2384 1345 ergo
2440 1256 2589 1345 ipsa

1027 1374 1203 1441 sicut
1241 1374 1310 1440 in
1340 1373 1491 1441 loco
1524 1381 1625 1441 est
1672 1373 1742 1439 in
1781 1392 2083 1461 corpore.

1117 1481 1184 1547 2.
1228 1479 1427 1565 Item,
1472 1478 1917 1546 Ambrosius:
1972 1473 2214 1543 Locale
2261 1481 2363 1544 est
2403 1470 2589 1563 quod

1024 1585 1179 1655 loco
1211 1586 1567 1669 diffinitur,
1608 1588 1702 1654 ita
1744 1584 1924 1676 quod
1982 1581 2093 1651 hic
2140 1590 2266 1660 est,
2323 1588 2391 1648 et
2444 1602 2587 1648 non

1025 1693 1232 1761 alibi:
1293 1696 1351 1762 si
1420 1703 1650 1763 autem
1700 1694 1929 1761 anima
1975 1699 2076 1760 est
2122 1691 2193 1764 in
2242 1709 2580 1778 corpore:

1026 1825 1190 1894 ergo
1223 1811 1324 1872 est
1355 1805 1603 1894 inipso
1647 1804 1821 1870 sicut
1857 1802 1930 1868 in
1985 1799 2136 1868 loco
2194 1805 2263 1867 et
2319 1796 2582 1881 localiS,

1028 1920 1105 1980 ut
1132 1912 1425 1982 videtur.

1125 2019 1259 2087 Ssn
1286 2043 1599 2108 comas:

1122 2130 1184 2197 1.
1218 2127 1395 2196 Dicit
1422 2125 1907 2217 Philosophus,
1939 2123 2123 2214 quod
2144 2123 2373 2190 anima
2400 2144 2590 2191 com-

1022 2244 1304 2327 paratur
1330 2237 1415 2304 ad
1445 2260 1693 2327 corpus
1713 2236 1886 2303 sicut
1920 2234 2276 2302 continens
2307 2229 2392 2299 ad
2413 2253 2588 2300 con-

1024 2351 1333 2413 tentum:
1367 2365 1531 2435 ergo
1562 2345 1791 2412 anima
1837 2350 1938 2411 est
1977 2339 2378 2410 continens:
2416 2361 2581 2429 ergo

1025 2454 1169 2543 ipsa
1234 2462 1335 2523 est
1370 2454 1596 2544 potius
1656 2452 1844 2521 locus
1912 2450 2241 2542 corporis,
2289 2469 2497 2540 quam
2544 2471 2581 2517 e

1019 2585 1391 2632 converso:
1448 2564 1608 2654 quia
1669 2562 1798 2630 loci
1854 2560 2126 2652 proprie
2191 2565 2294 2626 est
2352 2557 2582 2625 conti-

1018 2694 1202 2740 nere.

1104 2781 1168 2844 2.
1215 2777 1414 2862 Item,
1452 2775 1909 2867 Philosophus
1954 2776 2139 2851 dicit,
2188 2772 2377 2865 quod
2432 2795 2576 2841 non

1013 2894 1115 2953 est
1143 2885 1384 2955 eadem
1432 2884 1849 2953 continentia
1895 2883 2027 2951 loci
2076 2893 2143 2951 et
2198 2879 2507 2949 materia:
2554 2902 2571 2947 :

1013 3016 1168 3060 cum
1191 3015 1354 3084 ergo
1395 3015 1643 3083 corpus
1681 2991 1767 3059 sit
1809 2991 2089 3058 materia
2119 2988 2397 3067 animae,
2431 3009 2574 3058 non

1015 3100 1143 3169 erit
1180 3098 1372 3169 locus
1410 3100 1583 3188 ejuS.

1103 3215 1168 3280 3.
1200 3211 1399 3293 Item,
1423 3212 1641 3282 Locus
1664 3219 1730 3280 et
1758 3212 2053 3281 locatum
2073 3218 2231 3278 sunt
2255 3200 2586 3278 distincta

1013 3343 1132 3410 per
1177 3321 1584 3388 essentiam:
1638 3319 1864 3386 anima
1934 3325 2160 3385 autem
2219 3325 2287 3385 et
2322 3337 2575 3405 corpus

1012 3427 1244 3495 unita:
1282 3448 1445 3519 ergo
1478 3449 1693 3494 unum
1735 3447 1873 3493 non
1904 3432 2005 3492 est
2035 3423 2226 3493 locus
2263 3421 2568 3491 alterius.

1102 3536 1168 3603 4.
1201 3535 1399 3618 Item,
1453 3534 1674 3605 Omne
1722 3533 2020 3603 locatum
2083 3533 2152 3600 in
2210 3532 2450 3624 aliquo
2501 3538 2575 3599 ut

1015 3642 1085 3710 in
1126 3643 1306 3722 loco,
1334 3643 1587 3711 mobile
1628 3650 1730 3709 est
1758 3650 1947 3709 extra
1999 3639 2190 3718 illud,
2250 3648 2575 3708 manente

1013 3750 1321 3840 subjecto
1360 3759 1425 3820 et
1463 3751 1727 3818 ratione
1768 3749 1989 3817 idem:
2023 3750 2253 3816 anima
2293 3771 2434 3816 non
2473 3756 2578 3816 est

1019 3857 1293 3926 mobilis
1324 3866 1517 3926 extra
1545 3879 1794 3947 corpus
1831 3855 1969 3924 sic:
2013 3878 2179 3946 ergo
2232 3854 2375 3946 ipsa
2435 3878 2576 3924 non

1019 3974 1121 4034 est
1151 3969 1221 4034 in
1260 3990 1545 4057 corpore
1574 3967 1742 4034 sicut
1779 3966 1846 4033 in
1876 3963 2049 4032 loco.

1116 4181 1428 4251 Somno.
1473 4180 1769 4260 Quidam
1809 4180 2152 4260 dixerunt,
2186 4184 2373 4273 quod
2424 4183 2582 4248 ani-

1026 4316 1138 4361 ma
1161 4294 1394 4362 unitur
1421 4295 1688 4383 corpori
1715 4291 2011 4361 hominis
2029 4291 2277 4384 duplici
2303 4292 2531 4360 medio
2559 4314 2576 4358 :

1022 4426 1180 4473 cum
1236 4404 1419 4472 enim
1470 4425 1718 4493 corpus
1773 4402 1858 4469 sit
1906 4404 2361 4494 compositum
2422 4425 2584 4471 cor-

1024 4513 1257 4603 porale
1305 4534 1649 4605 grossum,
1708 4521 1772 4580 et
1811 4513 2038 4579 anima
2089 4512 2436 4581 rationalis
2485 4513 2587 4580 in·

910 4626 918 4633 '
1026 4642 1353 4711 corporea
1403 4618 1848 4710 incorporalis
1877 4620 2269 4710 spiritualis,
2331 4620 2587 4688 distant

1028 4729 1098 4795 in
1128 4727 1447 4796 omnibus
1486 4726 2011 4819 proprietatibus
2046 4750 2061 4796 :
2103 4751 2268 4819 ergo
2317 4734 2588 4819 oportet

1034 4837 1283 4907 babere
1313 4836 1565 4928 duplex
1597 4837 1923 4914 medium,
1959 4835 2214 4906 scilicet
2270 4839 2590 4929 incorpo-

1033 4969 1224 5014 reum
1263 4944 1614 5036 spirituale
1647 4954 1713 5014 et
1768 4945 2143 5035 corporale,
2177 4956 2245 5015 et
2279 4947 2588 5015 medium

1033 5076 1439 5145 corporeum
1472 5054 1823 5146 corporale
1861 5053 2077 5142 (alias,
2121 5054 2590 5147 corruptibile)

1035 5161 1428 5252 spirituale:
1464 5170 1530 5229 et
1596 5160 1727 5231 hoc
1791 5164 1860 5229 in
1938 5161 2205 5231 duobus
2266 5165 2588 5231 convenit

1035 5295 1190 5340 cum
1222 5294 1531 5362 corpore,
1584 5282 1650 5339 et
1699 5274 1769 5339 in
1799 5295 1935 5340 uno
1997 5296 2150 5340 cum
2205 5274 2479 5341 anima:
2524 5282 2590 5341 et

1037 5379 1130 5446 ita
1170 5378 1430 5460 dicunt,
1456 5379 1642 5470 quod
1673 5382 1899 5449 anima
1920 5379 2271 5449 rationalis
2302 5381 2371 5447 in
2421 5403 2596 5449 con-

1028 5487 1386 5576 junctione
1433 5487 1539 5554 sui
1580 5486 1666 5554 ad
1723 5510 1970 5579 corpus
2027 5485 2231 5556 habet
2286 5489 2594 5556 animam

1036 5593 1490 5686 vegetabilem
1522 5602 1589 5662 et
1604 5594 1993 5662 sensibilem
2023 5593 2175 5663 loco
2201 5595 2407 5686 primi
2438 5620 2595 5665 me-

1036 5701 1126 5768 dii
1158 5710 1267 5770 :et
1295 5700 1610 5792 spiritum
1649 5724 2049 5791 corporeum
2098 5725 2305 5792 quem
2356 5702 2590 5773 dicunt

4106 346 4233 417 359

2695 515 2842 560 esse
2875 494 2958 561 de
3000 504 3240 565 natura
3271 502 3489 589 quinti
3521 509 3821 595 corporis
3858 508 4060 580 habet
4091 537 4239 583 me-x

2695 599 2884 665 dium
2927 602 2995 666 in
3025 605 3319 673 secunda
3360 610 3619 679 ratione
3658 616 3883 686 medii.
3957 618 4058 685 Ex
4113 620 4238 692 hac

2694 715 2923 774 autem
2980 711 3318 798 positione
3385 719 3711 808 sequitur,
3773 725 3956 813 quod
4010 729 4237 798 anima
4354 794 4365 803 .

2693 816 3096 907 vegetabilis
3134 829 3202 890 et
3242 824 3578 900 sensibilis
3644 829 3713 900 in
3773 830 4047 908 homine
4106 839 4242 907 sint

2694 923 3175 1013 dispositiones
3242 930 3328 1002 ad
3412 936 3710 1009 animam
3796 944 4235 1018 rationalem:

2691 1244 3117 1318 Avicennam
3183 1252 3253 1327 in
3297 1254 3394 1328 VI
3483 1259 3969 1355 Philosophiae,
4059 1272 4241 1361 quod

2695 1355 2926 1423 anima
2982 1361 3382 1450 vegetabilis
3420 1374 3484 1436 et
3517 1371 3853 1442 sensibilis
3911 1399 4049 1449 non
4106 1380 4239 1450 sint

2693 1462 2765 1529 in
2796 1461 3077 1535 homine
3101 1478 3174 1537 ut
3200 1470 3617 1557 substantiae,
3651 1481 3769 1552 sed
3790 1492 3863 1551 nt
3890 1488 4236 1575 potentiae,

2691 1569 2764 1638 in
2796 1572 3046 1661 quibus
3067 1575 3390 1653 fundatur
3450 1585 3678 1655 anima
3747 1585 4132 1667 rationalis:
4174 1608 4243 1667 et

2692 1678 2785 1746 ita
2828 1682 3179 1754 rationalis
3201 1690 3430 1766 anima
3463 1701 3564 1762 est
3589 1703 3777 1766 actus
3826 1696 4119 1773 hominis
4165 1705 4237 1776 in

2692 1796 3027 1877 quantum
3071 1791 3325 1875 homo:
3369 1807 3436 1870 et
3480 1803 3796 1876 sensibile
3834 1818 3902 1878 et
3970 1822 4240 1903 vegeta·

2689 1892 2826 1964 bile
2863 1907 3022 1966 sunt
3055 1911 3282 1991 partes
3337 1907 3549 1997 ipsius
3605 1917 4026 2001 potentiales,
4087 1921 4235 1992 Hoc

2692 2012 2797 2080 est
2862 2007 3068 2079 etiam
3126 2020 3364 2082 contra
3417 2016 3851 2093 Aristotelem
3916 2029 3985 2095 in
4060 2029 4231 2099 libro

2692 2110 2852 2178 xv!
2875 2112 2957 2181 de
2991 2118 3458 2207 Animalibus,
3500 2126 3617 2195 ubi
3646 2130 3831 2213 dicit,
3858 2136 4039 2225 quod
4066 2140 4239 2207 sicut

2691 2239 2941 2309 corpus
2961 2232 3062 2290 est
3093 2248 3332 2307 unum,
3376 2233 3469 2299 ita
3497 2245 3564 2303 et
3582 2238 3809 2307 anima
3845 2259 4005 2311 una.
4049 2244 4238 2314 Prae-

2691 2335 2899 2412 terea,
2937 2352 3079 2399 uon
3109 2332 3192 2402 de
3237 2334 3415 2406 facili
3480 2342 3908 2431 probaretur,
3950 2351 4238 2442 qualiter

2688 2436 2968 2524 spiritus
2997 2439 3110 2508 ille
3139 2443 3227 2510 sit
3269 2443 3350 2513 de
3382 2456 3623 2519 natura
3661 2456 3876 2544 quinti
3908 2463 4229 2550 corporis,

2685 2564 2843 2612 cum
2868 2544 3270 2641 Philosophi
3291 2553 3526 2628 dicunt
3567 2561 3791 2651 ipsum
3839 2588 3984 2635 esse
4022 2591 4232 2640 aereae
4337 2633 4341 2638 .

2687 2663 2972 2732 naturae,
3051 2659 3161 2727 vel
3244 2665 3544 2738 medium
3635 2672 3809 2741 inter
3887 2677 4111 2766 ignem
4167 2689 4232 2748 et

2684 2784 2939 2833 aerem.

2774 2870 2860 2939 Et
2899 2873 3053 2944 ideo
3083 2878 3279 2948 aliter
3299 2884 3670 2957 sentientes
3707 2890 4017 2974 dicimus,
4052 2895 4235 2988 quod

2681 2982 2916 3051 anima
2944 2984 3411 3059 consideratur
3437 2993 3651 3064 trihus
3698 2999 3942 3081 modis,
3983 3003 4256 3074 scilicet*

2683 3097 2756 3157 ut
2779 3090 2996 3161 forma
3017 3097 3347 3184 corporiS,
3368 3104 3818 3173 etsecundum
3841 3113 4228 3200 essentiam,

2684 3205 2749 3267 et
2781 3206 2856 3267 ut
2886 3208 3115 3268 motor
3137 3205 3514 3276 secundum
3556 3212 3737 3301 quod
3786 3223 3887 3282 est
3934 3216 4231 3289 efficiens

2682 3306 2997 3376 omnium
3054 3331 3340 3399 operum
3398 3320 3702 3409 corporis
3766 3324 4073 3395 animati.
4156 3326 4232 3396 Si

2684 3415 2906 3506 primo
2963 3415 3168 3487 modo
3208 3420 3601 3511 accipiatur,
3635 3426 3784 3497 dico
3823 3431 4005 3522 quod
4036 3443 4134 3502 est
4164 3436 4233 3504 in

2683 3530 2829 3593 toto
2851 3530 3023 3606 tota,
3065 3533 3131 3592 et
3155 3529 3389 3598 unitur
3417 3532 3831 3621 immediate,
3884 3540 4010 3608 nisi
4060 3541 4229 3611 velis

2684 3632 2931 3710 dicere,
3005 3634 3188 3724 quod
3219 3636 3671 3729 dependentia
3690 3647 3892 3717 unius
3930 3650 4014 3718 ad
4054 3650 4227 3721 alte-

2688 3765 2840 3813 rum
2881 3742 3107 3812 media
3135 3744 3222 3815 sit
3263 3748 3425 3817 :sed
3454 3749 3569 3822 itta
3603 3757 3900 3844 potentia
3969 3759 4230 3852 impor-

2686 3861 2872 3924 tatur
2902 3855 2972 3923 in
3032 3857 3309 3925 nomine
3374 3858 3629 3941 sermm,
3699 3874 3764 3934 et
3839 3869 3906 3937 in
3966 3873 4239 3941 nomine

2690 3968 3018 4049 materia»,
3081 3991 3165 4037 eo
3231 3968 3417 4059 quod
3519 3994 3646 4041 nos
3710 3975 3996 4046 dicimus
4058 3981 4239 4071 quod

2691 4075 2922 4143 anima
2963 4085 3064 4145 est
3094 4075 3315 4145 forma
3344 4078 3807 4152 substantialis
3827 4085 3980 4155 talis
4008 4110 4245 4181 corpo·

2694 4184 2812 4262 ris,
2853 4184 3111 4252 scilicet
3132 4182 3394 4277 physici
3427 4193 3726 4278 potentia
3743 4193 3954 4264 vitam
3984 4193 4246 4266 haben-

2694 4291 2822 4359 tis:
2859 4299 2924 4358 ct
2953 4289 3086 4359 hoc
3127 4291 3334 4360 modo
3364 4291 3536 4364 bene
3575 4306 3766 4387 puto,
3800 4300 3982 4391 quod
4027 4312 4129 4371 est
4176 4306 4246 4373 in

2697 4407 2842 4466 toto
2889 4406 3056 4465 tota.
3094 4398 3488 4470 Secundum
3518 4404 3720 4474 aliam
3759 4409 4245 4480 consideratio·

2696 4529 2855 4574 nem
2876 4528 3020 4573 sua*
3052 4509 3388 4590 essentiae,
3420 4510 3574 4581 dico
3605 4515 3787 4605 quod
3851 4525 3952 4585 est
4008 4518 4250 4588 indivi-

2698 4612 2916 4681 sibilis
2945 4615 3263 4693 essentia,
3297 4624 3363 4684 et
3393 4617 3582 4686 adest
3599 4621 3875 4691 cuilibet
3899 4627 4070 4715 parti
4110 4649 4247 4695 suoe

2700 4727 2847 4789 tota
2884 4721 3179 4788 essentia
3235 4744 3386 4801 sua,
3438 4724 3692 4797 scilicet
3735 4728 4122 4811 intellectui,
4182 4741 4249 4801 et

2701 4827 2959 4908 sensui,
2995 4836 3061 4896 et
3103 4830 3200 4897 sic
3229 4828 3311 4898 de
3339 4830 3527 4899 aliis:
3573 4843 3637 4903 et
3667 4858 3822 4904 cum
3850 4861 3988 4906 suae
4016 4847 4250 4930 poten-

2701 4938 2815 5006 tiae
2849 4939 2985 5005 sint
3014 4935 3252 5006 divisae
3283 4963 3405 5029 per
3441 4964 3710 5033 corpus,
3752 4954 3818 5013 et
3855 4947 3997 5037 ipsa
4028 4969 4250 5018 essen-

2703 5044 2959 5113 tialiter
2996 5045 3188 5114 adest
3218 5047 3608 5144 unicuique,
3654 5054 3794 5143 ipsa
3840 5077 3962 5145 per
4019 5078 4254 5126 essen-

2705 5155 2872 5221 tiam
2906 5176 3103 5221 suam
3146 5162 3409 5223 tantum
3478 5168 3580 5227 est
3622 5160 3693 5227 in
3766 5170 3910 5230 toto
3959 5170 4123 5232 tota.
4177 5164 4252 5234 Si

2707 5271 2938 5365 autem
2969 5264 3438 5334 consideratur
3468 5276 3543 5335 ut
3574 5277 3798 5338 motor
3842 5279 3965 5354 est,
4021 5273 4118 5341 sic
4154 5281 4255 5341 est

2710 5372 3010 5440 efficiens
3051 5396 3362 5464 operum,
3404 5384 3472 5445 et
3500 5400 3636 5446 non
3660 5388 3759 5448 est
3778 5379 4071 5449 efficiens
4099 5405 4258 5472 ope-

2709 5506 2864 5550 rum
2887 5482 3015 5549 nisi
3050 5505 3171 5573 per
3216 5506 3457 5553 omnes
3484 5496 3708 5578 partes
3735 5511 3892 5558 suas
3920 5492 4259 5581 potentia-

2717 5593 2852 5660 les:
2889 5592 3072 5660 unde
3101 5593 3201 5661 sic
3239 5595 3383 5684 ipsa
3441 5600 3632 5688 quasi
3681 5602 4111 5668 constituitur
4173 5624 4260 5669 ex

2717 5699 2859 5766 suis
2903 5701 3225 5789 potentiis
3283 5709 3357 5769 ut
3406 5705 3732 5793 partibus,
3794 5714 3858 5775 et
3904 5708 3999 5775 sic
4050 5706 4260 5776 estin
