4897 6388
615 380 756 458 360
978 486 984 491 ⁸
1606 386 1687 455 1).
1738 383 1934 454 ALB.
1988 384 2204 454 MAG.
2258 384 2466 455 ORD.
2518 385 2816 455 PRAED.

3432 492 3469 514 Α

607 542 879 653 ῑιιιῖῐῐι,
908 529 1070 656 ὶιυῖ
1101 580 1194 632 ex
1266 547 1339 632 te
1380 581 1521 655 per
1551 557 2050 655 Unigenitum
2091 567 2332 632 tuum
2372 543 2518 651 est,
2561 580 3032 655 promerear.
3111 560 3308 635 Ecce
3341 535 3604 659 aperte
3676 562 3829 637 dici

636 696 1013 797 Spiritum
1054 704 1410 771 sanctum
1454 722 1499 769 a
1538 695 1765 770 Patre
1797 689 1933 794 per
1969 693 2251 770 Filium
2289 703 2364 770 et
2397 694 2615 789 mitti,
2661 704 2737 769 et
2776 717 2991 771 esse:
3030 695 3249 795 quod,
3276 720 3437 773 non
3479 708 3595 772 est
3634 697 3851 773 intel-

639 834 1040 932 ligendum
1073 832 1298 931 quasi
1338 855 1383 907 a
1423 833 1646 907 Patre
1701 855 1836 931 per
1881 832 2157 905 Filium
2215 830 2590 906 minorem
2636 831 2977 906 mittatur
3013 832 3136 906 vel
3188 833 3312 927 sit,
3363 834 3499 910 sed
3532 835 3718 933 quia
3756 859 3850 910 ex

636 973 864 1049 Patre
897 981 972 1046 et
1009 970 1203 1045 Filio
1237 978 1373 1056 est,
1416 978 1490 1043 et
1537 968 1858 1042 mittitur
1887 968 1980 1042 ab
2022 977 2346 1066 utroque
2383 991 2399 1042 :
2447 967 2581 1043 sed
2608 969 2752 1043 hoc
2782 968 3037 1067 ipsum
3079 970 3314 1046 habet
3352 971 3594 1046 Filius
3625 995 3670 1046 a
3710 972 3848 1046 Pa-

631 1116 779 1200 tre,
826 1116 908 1181 ut
948 1105 1045 1179 ab
1089 1104 1255 1203 ipso
1296 1114 1373 1177 et
1438 1103 1535 1176 sit
1598 1111 1675 1177 et
1713 1102 2053 1178 mittatur
2107 1101 2446 1201 Spiritus
2486 1113 2824 1178 sanctus.
2871 1100 3037 1178 Hoc
3075 1126 3259 1200 ergo
3289 1105 3539 1180 voluit
3569 1106 3856 1203 signifi-

633 1263 809 1317 care
843 1215 1217 1326 Hilarius,
1250 1236 1820 1313 distinctionem
1851 1237 2137 1312 faciens
2164 1237 2242 1311 in
2273 1238 2690 1332 locutione,
2732 1247 2814 1312 ut
2835 1237 3277 1314 ostenderet
3306 1239 3386 1315 in
3419 1239 3645 1316 Patre
3678 1264 3847 1316 esse

640 1373 1203 1452 auctoritatem.
1240 1372 1427 1447 Inde
1458 1383 1573 1447 est
1610 1373 1868 1467 etiam,
1895 1371 2098 1470 quod
2136 1371 2418 1447 veritas
2448 1373 2863 1448 ostendens
2904 1372 3210 1448 Patrem
3244 1397 3416 1450 esse
3444 1385 3843 1450 auctorem

636 1509 1161 1610 processionis
1201 1531 1356 1606 qua
1386 1506 1730 1605 procedit
1767 1504 2106 1605 Spiritus
2134 1531 2180 1580 a
2217 1505 2436 1601 Filio,
2510 1507 2700 1580 dixit
2764 1506 2845 1581 in
2886 1508 3337 1605 EvangeliO,
3407 1509 3533 1620 De
3568 1503 3838 1585 *Patre

620 1644 982 1745 procedit
1007 1645 1057 1738 ¹,
1093 1667 1270 1719 cum
1313 1653 1388 1718 et
1425 1643 1519 1718 de
1573 1644 1798 1719 Patre
1829 1651 1904 1717 et
1932 1642 2121 1717 Filio
2161 1642 2523 1741 procedat
2562 1642 2895 1743 Spiritus
2925 1654 3265 1720 sanctus.
3305 1644 3529 1721 Unde
3566 1649 3840 1744 Augu-

631 1781 883 1856 stinus
923 1779 1004 1854 in
1037 1778 1236 1854 libro
1276 1778 1415 1852 XV
1445 1779 1539 1853 de
1578 1776 1990 1853 Trinitate’
2028 1777 2331 1876 quaerit,
2377 1776 2458 1852 Si
2489 1777 2582 1853 de
2624 1778 2848 1854 Patre
2881 1788 2957 1854 et
2993 1779 3186 1854 Filio
3219 1781 3568 1879 procedit
3588 1781 3837 1880 Spiri-

625 1924 755 1991 tus
784 1922 1125 2000 sanctuS,
1167 1936 1309 1987 cur
1333 1912 1572 1987 Filius
1603 1894 1963 2006 dixit,'De
2003 1912 2226 1990 Patre
2253 1911 2599 2009 procedit
2631 1912 2674 1985 ‘?
2704 1913 2859 1986 Cur
2895 1922 3150 2013 putaS,
3185 1913 3336 1989 nisi
3394 1914 3585 2013 quia
3643 1916 3840 1991 solet

635 2050 734 2126 ad
764 2072 946 2126 eum
977 2049 1264 2125 referre
1305 2047 1536 2123 etiam
1566 2048 1772 2146 quod
1810 2046 2054 2147 ipsius
2093 2056 2233 2142 est,
2263 2046 2462 2123 sicut
2499 2056 2575 2124 et
2603 2047 2697 2123 de
2728 2071 2882 2147 quo
2915 2057 2991 2124 et
3030 2049 3195 2148 ipse
3236 2058 3353 2126 est
3387 2074 3404 2126 ε
3474 2050 3677 2126 sicut
3705 2051 3835 2145 ait,

630 2186 820 2261 Mea
848 2185 1205 2261 doctrina
1233 2207 1390 2259 non
1424 2193 1534 2259 est
1572 2206 1771 2279 mea,
1802 2183 1942 2260 scd
1974 2184 2140 2284 ejus
2177 2183 2314 2283 qui
2336 2183 2551 2258 misit
2576 2180 2771 2259 πῖθ’.
2818 2183 2900 2259 Si
2954 2207 3138 2281 ergo
3192 2184 3317 2260 hic
3382 2185 3844 2284 intelligitur
3893 2258 3899 2263 .

628 2319 801 2419 ejus
831 2319 1211 2415 doctrina,
1248 2342 1481 2420 quam
1520 2328 1779 2395 tamen
1811 2341 1964 2394 non
1992 2316 2181 2392 dixit
2207 2341 2455 2408 suam,
2501 2319 2635 2393 sed
2664 2318 2913 2394 Patris
2956 2343 2974 2394 z
3012 2329 3305 2418 quanto
3364 2320 3613 2418 magis
3678 2320 3835 2396 illic

624 2454 1183 2553 intelligendus
1222 2463 1339 2531 est
1376 2454 1712 2554 Spiritus
1741 2463 2052 2532 sanctus
2080 2453 2174 2529 dc
2214 2452 2378 2553 ipso
2417 2455 2861 2552 procedere,
2906 2454 3040 2532 uhi
3080 2455 3192 2531 sic
3250 2455 3384 2552 ait,
3428 2455 3542 2533 De
3602 2456 3828 2532 Patre

621 2589 972 2690 procedit
1015 2613 1033 2665 2
1074 2597 1334 2664 utnon
1362 2588 1674 2680 diceret,
1708 2588 1821 2664 De
1852 2611 1973 2665 me
2011 2611 2164 2664 non
2205 2588 2570 2687 procedit.
2616 2591 2676 2664 A
2709 2612 2864 2688 quo
2903 2598 3165 2666 autem
3197 2590 3433 2667 habet
3462 2590 3704 2667 Filius
3744 2599 3827 2665 ut

619 2727 721 2804 sit
758 2728 973 2804 Deus
1004 2732 1154 2821 (est
1178 2728 1388 2804 enirn
1426 2727 1637 2804 Deus
1675 2726 1768 2803 de
1797 2727 2018 2823 Deo),
2061 2727 2156 2803 ab
2195 2725 2326 2802 illo
2367 2726 2633 2826 utique
2674 2728 2904 2804 habet
2933 2738 3018 2804 ut
3047 2728 3277 2805 etiam
3318 2729 3415 2807 de
3484 2729 3614 2805 illo
3654 2753 3822 2828 pro-

617 2859 839 2937 cedat
884 2858 1224 2959 Spiritus
1252 2870 1595 2936 sanctuS.
1630 2862 1722 2936 Et
1762 2859 1931 2936 ideo
1971 2858 2302 2959 Spiritus
2331 2869 2646 2935 sanctus
2678 2869 2760 2935 ut
2787 2860 3017 2937 etiam
3058 2859 3153 2938 de
3192 2861 3387 2937 Filio
3426 2861 3819 2962 procedat,

614 2992 818 3070 sicut
849 2993 1198 3093 procedit
1234 2993 1329 3070 de
1357 2995 1612 3089 Patre,
1642 2993 1739 3070 ab
1779 2994 1945 3093 ipso
1975 2993 2205 3070 habet
2244 2993 2495 3070 Patre.
2541 2991 3025 3094 Quapropter
3062 2994 3194 3095 qui
3238 3004 3496 3096 potest
3536 2995 3826 3072 intelli-

613 3148 802 3225 gere
833 3127 912 3203 in
944 3150 1037 3206 eo
1069 3128 1275 3226 quod
1309 3127 1416 3203 ait
1440 3126 1707 3223 Filius,
1746 3126 1970 3204 Sicut
1993 3126 2234 3204 Pater
2258 3126 2484 3204 habet
2519 3128 2865 3205 vitantia
2887 3129 3326 3229 semetipse,
3367 3128 3482 3206 sic
3509 3128 3828 3207 dedicet

623 3261 840 3340 Filio
880 3263 1116 3339 vitam
1150 3261 1430 3338 habere
1469 3263 1548 3337 in
1575 3264 1979 3363 semetipso
2019 3268 2043 3304 ⁴
2084 3285 2101 3338 z
2147 3285 2300 3337 non
2333 3261 2501 3339 sine
2538 3262 2698 3338 vita
2734 3263 3088 3340 existenti
3118 3263 3284 3363 jam
3329 3263 3521 3339 Filio
3587 3264 3820 3341 vitam

618 3399 928 3475 Patrem
958 3397 1294 3492 dedisse,
1329 3398 1464 3475 sed
1505 3396 1610 3473 ita
1652 3420 1830 3474 eum
1887 3396 2054 3473 sine
2113 3406 2452 3495 tempore
2507 3398 2901 3496 genuisse,
2952 3407 3035 3475 ut
3087 3397 3249 3473 vita
3288 3421 3524 3498 quam
3594 3397 3824 3475 Pater

614 3531 810 3607 Filio
849 3531 1244 3630 gignendo
1283 3531 1517 3623 dedit,
1548 3541 1930 3608 cooeterna
1976 3530 2070 3605 sit
2118 3530 2296 3606 vitm
2357 3531 2607 3608 Patris
2663 3532 2794 3632 qui
2845 3531 3080 3609 (ledit.
3126 3531 3516 3630 Intelligat
3582 3532 3813 3610 etiam

610 3667 813 3742 sicut
852 3667 1085 3743 habet
1123 3666 1455 3743 Peterin
1496 3666 1779 3765 seips0,
1825 3681 1907 3743 ut
1934 3665 2027 3742 de
2057 3666 2188 3743 illo
2221 3667 2583 3765 procedat
2610 3667 2943 3767 Spiritus
2972 3678 3316 3753 sanctus,
3358 3667 3472 3743 sic
3511 3666 3814 3743 dedisse

615 3800 838 3897 Filio,
886 3811 970 3877 ut
998 3801 1230 3877 etiam
1280 3801 1373 3876 de
1417 3801 1561 3877 isto
1618 3801 1977 3902 procedat
2024 3800 2223 3876 idem
2262 3799 2596 3899 Spiritus
2632 3812 2976 3898 sanctus,
3019 3811 3097 3878 et
3161 3813 3581 3901 utrumque
3648 3801 3815 3876 sine

615 3946 989 4038 tempore.

640 4097 655 4115 ·
705 4071 817 4147 lta
856 4095 1042 4168 ergo
1083 4071 1374 4147 dictum
1413 4084 1528 4149 est
1567 4072 1936 4172 Spiritum
1976 4082 2325 4148 sanctum
2353 4072 2446 4148 de
2481 4073 2704 4148 Patre
2736 4071 3179 4172 procedere,
3218 4082 3302 4147 ut
3332 4070 3820 4169 intelligatur

599 4207 808 4307 quod
850 4206 1080 4284 etiam
1120 4207 1462 4307 procedit
1499 4208 1592 4283 ‹le
1626 4207 1841 4295 Filio,
1886 4208 1980 4284 de
2023 4208 2245 4284 Patre
2285 4231 2455 4285 csse
2493 4217 2570 4283 et
2601 4206 2819 4282 Filio.
2865 4205 2946 4282 Si
2989 4207 3198 4283 enim
3249 4206 3631 4307 quidquid
3676 4209 3819 4282 ha-

602 4344 757 4439 bet,
800 4342 896 4418 de
929 4343 1158 4419 Patre
1191 4342 1420 4417 habet
1452 4342 1717 4437 Filius,
1788 4343 1881 4418 de
1933 4342 2156 4417 Patre
2203 4341 2429 4418 habet
2471 4342 2736 4441 utique
2800 4352 2883 4417 ut
2941 4352 3018 4417 et
3088 4340 3185 4416 de
3251 4340 3387 4415 illo
3453 4340 3816 4440 procedat

602 4478 944 4579 Spiritus
981 4486 1338 4554 sanctus:
1371 4475 1504 4551 sed
1531 4477 1742 4552 nulla
1783 4476 1884 4550 ibi
1930 4484 2270 4574 tempora
2327 4474 2788 4573 cogitentur,
2851 4497 3030 4573 quoe
3080 4473 3418 4549 habeant
3466 4471 3685 4573 prius
3738 4483 3809 4544 et

605 4612 993 4713 posterius
1037 4636 1054 4688 ε
1091 4611 1278 4711 quia
1301 4611 1404 4687 ibi
1437 4609 1753 4686 omnino
1786 4610 1999 4684 nulla
2027 4618 2233 4684 sunt.

670 5022 688 5057 ¹
719 5022 890 5094 loan,
921 5040 1015 5095 xv,
1040 5027 1152 5082 2⁰:
1185 5028 1232 5082 Α
1263 5027 1431 5081 Patre
1451 5024 1725 5097 procedit.

667 5111 691 5148 ¹
720 5112 781 5170 S.
811 5116 1188 5185 Aucusmus,
1219 5115 1342 5172 Lib.
1367 5114 1460 5171 XV
1490 5115 1563 5170 de
1583 5113 1886 5184 Trinitate,
1915 5128 2043 5184 cap.
2067 5115 2156 5170 27.

667 5202 691 5237 ⁸
717 5202 888 5260 loan.
921 5219 1022 5273 vu,
1058 5208 1144 5262 ¹6.

667 5293 692 5327 ⁴
719 5292 887 5350 loan.
919 5310 973 5362 v,
1004 5295 1095 5352 20.
