4897 6388
460 1451 534 1497 Ad
576 1455 620 1498 5.

403 4132 666 4189 0⁰⁸⁸&st-

445 4546 641 4592 Sotutto.

726 266 857 332 572

728 435 890 505 nino
919 438 1068 532 sine
1095 437 1359 521 ordine,
1394 438 1762 529 probatum
1791 447 1893 507 est
1921 439 2124 509 etiam
2164 462 2279 528 su-

725 566 851 634 pra
878 541 898 577 ¹
933 554 949 612 ὲ
995 546 1154 636 quia
1185 546 1254 613 in
1282 549 1593 637 personis
1644 555 1745 614 est
1785 548 1951 616 ordo
1989 556 2272 616 naturae.

725 653 812 720 Et
840 675 961 742 per
987 651 1118 722 hoc
1146 661 1331 744 patet
1366 651 1619 721 solutio
1659 653 1747 721 ad
1777 657 1905 721 tria
1942 657 2183 744 prima.

814 763 919 828 An
986 783 1298 838 Qusnrtm
1357 760 1750 840 dicendum,
1814 761 1999 851 quod
2055 763 2278 829 unitas

726 891 866 936 non
925 874 1434 955 estnumerata
1505 889 1628 957 per
1681 867 1753 958 ly
1800 871 2056 936 trium:
2119 871 2279 960 quia

726 985 889 1044 tunc
944 974 1219 1043 deberet
1272 974 1494 1043 dicere
1551 982 1687 1043 tres
1754 977 2097 1045 unitates:
2159 976 2277 1044 sed

725 1103 1035 1171 personae
1066 1091 1440 1150 numeratae
1478 1089 1755 1159 sunt,et
1781 1082 2007 1150 unitas
2046 1090 2147 1150 est
2183 1082 2277 1149 ibi

727 1189 972 1257 cadens
1001 1196 1078 1256 ut
1118 1190 1361 1257 uniens
1391 1211 1471 1257 ea
1501 1211 1654 1280 quae
1706 1198 1868 1257 sunt
1921 1198 2277 1258 numerata

725 1296 858 1364 hoc
912 1295 1119 1363 modo
1184 1298 1456 1364 numeri
1486 1296 1708 1385 qualis
1749 1305 1851 1364 est
1889 1298 1960 1363 in
2000 1296 2270 1364 divinis,

813 1406 919 1472 An
955 1427 1153 1473 Amul>
1184 1404 1573 1484 dicendum,
1608 1406 1795 1496 quod
1823 1406 1956 1474 hoc
1993 1428 2273 1490 nomen,

722 1514 1051 1598 ‘Tr-inita,
1085 1521 1187 1581 est
1214 1513 1299 1581 ad
1328 1513 1540 1592 aliud,
1569 1521 1644 1581 ut
1671 1522 1902 1605 aperte
1927 1514 2088 1583 dicit
2105 1515 2279 1583 Boe-

721 1621 856 1689 tius
887 1623 954 1688 in
987 1621 1161 1688 libro
1193 1621 1276 1689 de
1319 1623 1679 1702 Trinitate,
1714 1623 1812 1690 sic
1845 1643 1861 1691 :
1898 1622 2052 1703 Quo
2095 1623 2168 1690 fit
2202 1633 2277 1692 ut

718 1727 853 1798 hoc
879 1730 1103 1821 ipsum
1133 1729 1426 1797 Trinitas
1466 1731 1674 1797 etiam
1723 1733 1809 1799 ad
1861 1730 2047 1801 aliud
2087 1733 2278 1801 dica-

718 1843 852 1907 tur.
890 1835 1027 1905 Sed
1062 1845 1167 1906 est
1196 1836 1557 1906 relativum
1602 1840 2010 1909 intrinsecus
2053 1863 2070 1909 ε
2114 1842 2276 1932 quia

715 1943 973 2013 claudit
1007 1945 1081 2012 in
1127 1966 1200 2013 se
1245 1968 1327 2014 ea
1382 1945 1470 2014 ad
1518 1968 1670 2035 quae
1736 1946 2275 2016 determinantur

715 2051 1084 2121 relationes
1123 2075 1402 2122 eorum.·
1687 2123 1692 2128 .
1873 2073 1886 2086 ·

800 2158 889 2227 Et
916 2161 971 2227 si
1004 2159 1311 2249 objicias,
1368 2160 1557 2251 quod
1592 2161 1889 2230 Trinitas
1927 2170 2028 2232 est
2065 2165 2271 2231 trium

710 2269 942 2336 unitas
979 2290 994 2336 :
1028 2268 1216 2336 etita
1254 2268 1519 2337 ratione
1568 2270 1729 2362 ejus
1767 2270 1960 2361 quod
2018 2273 2263 2349 unitas,

711 2375 1052 2467 significat
1073 2376 1433 2444 essentiam
1473 2398 1490 2440 ε
1525 2384 1594 2445 et
1620 2379 1888 2445 ratione
1918 2378 2065 2467 ejus
2087 2378 2273 2470 quod

714 2490 814 2550 est
846 2483 1080 2566 trium,
1114 2481 1453 2572 significat
1483 2482 1566 2551 ad
1595 2482 1855 2575 aliquid
1889 2506 1907 2554 ε
1950 2494 2017 2553 et
2055 2486 2147 2553 ita
2184 2488 2274 2554 si·

714 2587 1064 2679 gnificabit
1103 2583 1496 2668 essentiam,
1528 2592 1867 2682 praecipue
1915 2615 2071 2660 cum
2111 2593 2272 2660 uni-

714 2705 819 2765 tas
848 2696 1046 2765 cadat
1073 2697 1143 2765 in
1184 2705 1363 2766 recto
1397 2699 1469 2766 in
1513 2697 1923 2768 diffinitione
1987 2701 2159 2791 ejus,
2200 2701 2270 2794 ly

715 2804 930 2873 trium
960 2811 1191 2872 autem
1220 2804 1291 2871 in
1311 2803 1623 2896 oblique.
1656 2803 2065 2889 Dicendum,
2084 2808 2270 2900 quod

716 2910 848 2981 hoc
877 2932 1158 2993 nomen,
1206 2912 1534 2996 Trinitas,
1567 2914 1944 3005 imponitur
1962 2937 2004 2984 a
2026 2914 2273 2984 distin-

712 3021 939 3088 ctione
977 3040 1424 3109 personarum
1469 3017 1852 3101 collectiva,
1901 3032 1969 3091 et
2016 3045 2154 3091 non
2184 3022 2268 3091 ab

712 3129 972 3197 unitate
1014 3150 1031 3197 ε
1066 3135 1131 3196 et
1163 3124 1317 3197 ideo
1370 3125 1527 3199 licet
1570 3150 1694 3222 per
1733 3129 2015 3199 modum
2054 3132 2272 3225 signi-

714 3233 958 3302 ficandi
1000 3255 1122 3324 per
1167 3255 1421 3304 nomen
1454 3235 1641 3327 quod
1668 3235 2076 3308 abstractive
2108 3238 2273 3309 dici·

712 3351 852 3418 tur,
888 3344 1181 3411 essentia
1219 3343 1639 3436 significetur
1670 3346 1738 3413 in
1770 3353 1954 3415 recto
1990 3369 2007 3416 ε
2041 3355 2270 3417 tamen

714 3448 1089 3519 secundum
1122 3450 1454 3519 rationem
1496 3450 1957 3543 impositionis
2000 3463 2066 3522 et
2097 3478 2266 3539 rem,

715 3581 751 3626 e
781 3580 1114 3627 converso
1152 3567 1279 3638 est,
1320 3558 1577 3629 scilicet
1624 3559 1813 3651 quod
1842 3564 2133 3631 essentia
2175 3565 2272 3631 si-

715 3666 1078 3757 gnificatur
1124 3667 1194 3734 in
1249 3666 1560 3759 obliquo,
1593 3676 1662 3738 et
1706 3691 2014 3761 personae
2061 3670 2275 3741 colle-

715 3774 911 3842 ctivae
949 3773 1020 3841 in
1069 3781 1251 3842 recto
1285 3796 1302 3843 :
1337 3776 1499 3865 quia
1534 3774 1831 3845 Trinitas
1860 3780 2107 3868 exponi
2140 3777 2270 3849 ha-

717 3876 855 3956 bet,
881 3887 1014 3947 tres
1043 3879 1214 3948 uniti
1256 3881 1325 3948 in
1366 3903 1504 3949 una
1532 3883 1855 3953 essentia.

815 4090 888 4158 Si
919 4099 1144 4159 autem
1189 4114 1479 4182 quaeras,
1524 4092 1753 4175 Quare
1810 4107 2085 4190 propter
2147 4100 2272 4169 ab·

722 4196 1157 4266 stractionem
1191 4198 1408 4288 magis
1435 4199 1777 4290 significat
1813 4206 2176 4274 essentiam
2199 4207 2268 4275 in

723 4314 931 4383 recto,
990 4314 1058 4373 et
1100 4327 1425 4395 personas
1480 4308 1553 4375 in
1618 4308 1929 4402 obliquo,
1979 4335 2185 4403 quam
2232 4335 2270 4383 e

722 4433 1051 4481 converso
1078 4410 1116 4479 ’ἶ

812 4519 1008 4597 Dico,
1072 4519 1258 4610 quod
1313 4524 1668 4613 supposita
1731 4547 2109 4617 numquam
2160 4528 2276 4596 ab·

724 4634 969 4694 stracte
998 4635 1283 4716 possunt
1347 4627 1772 4714 significari:
1823 4631 1984 4721 quia
2040 4643 2275 4705 contra

725 4744 1039 4804 naturam
1086 4738 1416 4829 suppositi
1449 4736 1592 4820 est,
1653 4742 1839 4831 quod
1885 4745 1973 4811 sit
2011 4744 2279 4815 abstra-

722 4850 904 4908 ctum
948 4862 965 4909 :
1016 4840 1131 4910 sed
1193 4841 1410 4912 forma
1475 4842 1648 4914 bene
1704 4844 2168 4919 abstrahitur:
2211 4862 2279 4921 et

722 4946 877 5017 ideo
907 4971 1063 5017 cum
1090 4970 1399 5041 personae
1425 4952 1561 5021 sint
1588 4957 1991 5047 suppositas,
2027 4959 2096 5025 in
2125 4957 2278 5027 abs·

798 5185 815 5220 ¹
847 5184 933 5240 Cf.
965 5186 1176 5258 Supra,
1207 5187 1351 5243 Dist.
1384 5187 1500 5257 XX,
1529 5206 1663 5263 cap.
1694 5189 1803 5247 ult.
1835 5192 1902 5248 G.

1611 285 1618 292 ·
1676 297 1682 306 ·
1736 264 2075 342 nam.
2125 264 2343 333 MAG.
2397 265 2604 334 om).
2657 265 2955 333 PRAED.

2394 446 2607 509 tracto
2646 440 2927 509 nomine
2957 463 3095 509 non
3149 448 3437 540 possunt
3474 441 3822 531 importari
3860 442 3927 506 in

2392 556 2599 615 recto.

2485 758 2557 825 Si
2598 767 2826 826 autem
2859 782 3146 850 quaeraS,
3189 759 3412 838 Quare
3452 783 3611 851 ergo
3652 760 3933 827 nonfuit

2389 868 2788 956 impositum
2836 890 3085 936 nomen
3131 869 3539 947 concretive,
3599 867 3781 958 quod
3834 869 3930 935 si-

2390 972 2672 1062 gnisscet
2705 972 3092 1041 collectivas
3121 996 3445 1063 personas
3481 976 3551 1041 in
3583 976 3813 1043 recto?

2478 1083 2585 1150 Ad
2635 1082 2767 1152 hoc
2809 1093 2911 1151 est
2967 1083 3353 1169 dicendum,
3405 1085 3589 1174 quod
3642 1083 3772 1153 hoc
3828 1092 3929 1152 est

2388 1191 2807 1258 contrarium
2872 1191 3249 1260 collectioni
3288 1195 3366 1269 fet
3415 1192 3861 1260 nominationi
3905 1216 3919 1259 ε

2392 1297 2551 1388 quia
2590 1319 2844 1364 nomen
2875 1298 3021 1364 vult
3051 1299 3310 1387 imponi
3342 1298 3424 1364 ab
3456 1298 3683 1388 aliqua
3711 1298 3923 1366 forma

2390 1424 2527 1469 una
2560 1425 2575 1470 ε
2633 1411 2699 1470 et
2736 1425 2891 1471 cum
2923 1405 3271 1494 supposita
3310 1412 3386 1470 ut
3413 1406 3759 1494 supposita
3791 1426 3926 1472 non

2389 1509 2617 1578 dicant
2643 1533 2888 1590 unum,
2931 1534 3070 1579 non
3103 1520 3322 1602 potest
3365 1534 3508 1579 esse
3545 1534 3759 1579 unum
3799 1535 3928 1580 no-

2391 1641 2548 1686 men
2606 1641 2646 1686 a
2673 1621 3044 1709 suppositis
3099 1620 3495 1709 impositum
3537 1640 3551 1686 ε
3597 1620 3714 1686 sed
3745 1630 3928 1710 pote·

2386 1736 2491 1796 rat
2528 1749 2675 1796 esse
2721 1750 2974 1795 nomen
3003 1729 3336 1818 suppositi
3363 1729 3817 1818 simpositum‚
3860 1739 3927 1799 et

2386 1858 2427 1904 a
2453 1836 2674 1904 forma
2702 1835 2981 1904 uniente
3001 1859 3119 1926 per
3142 1836 3420 1905 modum
3460 1836 3876 1905 collectionis
3901 1855 3920 1906 ε

2387 1942 2653 2011 nullum
2709 1943 2893 2011 enim
2955 1965 3208 2011 nomen
3265 1944 3638 2035 imponitur
3689 1944 3818 2012 nisi
3885 1966 3924 2011 a

2380 2051 2626 2122 forma.

2472 2158 2833 2239 l‘raeterea,
2860 2158 3106 2228 Forma
3134 2158 3553 2229 collectionis
3573 2161 3748 2230 inter
3765 2184 3923 2230 om-

2379 2289 2501 2336 nes
2569 2266 2825 2336 formas
2872 2276 2973 2336 est
3044 2270 3267 2335 minus
3306 2271 3571 2348 unienS,
3642 2277 3708 2337 et
3773 2269 3921 2338 ideo

2379 2374 2549 2444 illud
2588 2377 2782 2466 cujus
2830 2383 2934 2444 est
2980 2374 3223 2456 forma,
3275 2399 3412 2444 non
3460 2384 3560 2444 est
3588 2378 3717 2443 nisi
3753 2377 3921 2445 obli·

2379 2504 2513 2574 que
2556 2505 2573 2550 ε
2619 2490 2692 2551 ut
2756 2482 3071 2563 dicimus,
3123 2505 3406 2551 acervus
3451 2483 3754 2573 lapidum
3805 2495 3922 2553 :et

2381 2611 2518 2657 non
2568 2589 2883 2668 dicimuS,
2937 2610 3217 2658 acervus
3280 2590 3537 2681 lapides
3588 2613 3606 2658 ε
3657 2601 3723 2659 et
3768 2593 3918 2661 ideo

2378 2716 2535 2762 cum
2563 2693 2858 2762 Trinitas
2886 2717 2926 2762 a
2948 2693 3064 2762 tali
3096 2694 3316 2763 forma
3337 2696 3758 2766 discretionis
3776 2696 3918 2766 col·

2379 2798 2625 2868 lectiva
2684 2801 3103 2892 imponatur,
3199 2804 3513 2893 respiciet
3595 2826 3917 2895 personas

2377 2906 2679 2999 oblique.

2470 3119 2578 3188 An
2634 3142 2831 3188 suun
2896 3120 3280 3203 dicendum,
3362 3121 3543 3214 quod
3628 3124 3918 3193 Trinitas

2377 3251 2828 3320 personarum
2894 3251 3033 3298 non
3112 3240 3438 3321 repugnat
3504 3232 3914 3323 simplicitati

2378 3336 2686 3405 essentiae
2745 3358 2763 3405 ε
2823 3337 2984 3427 quia
3046 3359 3349 3428 personae
3415 3361 3553 3407 non
3612 3339 3918 3410 dividunt

2379 3447 2770 3524 essentiam,
2805 3467 2931 3515 nec
2996 3448 3285 3515 essentia
3342 3452 3776 3540 componitur
3811 3449 3916 3520 vel

2378 3553 2704 3623 dividitur
2749 3554 2819 3623 in
2868 3553 2991 3623 eis.
3046 3554 3159 3624 Sic
3197 3565 3424 3625 autem
3467 3559 3638 3625 ratio
3676 3567 3774 3626 est
3837 3559 3920 3626 de

2380 3660 2598 3729 tribus
2638 3659 2790 3728 aliis
2845 3659 3128 3729 diversis
3179 3685 3193 3729 :
3256 3671 3322 3731 et
3384 3663 3534 3731 ideo
3601 3688 3921 3734 numerus

2379 3790 2826 3862 personarum
2863 3791 2998 3837 non
3029 3771 3220 3860 ponit
3260 3770 3746 3853 diversitatem,
3805 3774 3921 3843 sed

2379 3875 2885 3945 distinctionem
2911 3876 3253 3945 relationis
3292 3881 3665 3948 secundum
3703 3882 3920 3973 origi-

2379 4006 2536 4053 nem
2579 3991 2870 4063 tantum,
2931 4007 3081 4075 quae
3122 3986 3407 4054 minima
3462 3998 3562 4056 est
3609 3991 3917 4059 omnium

2379 4094 2891 4163 distinctionum
2930 4115 2946 4162 ε
2991 4104 3056 4162 et
3094 4102 3320 4164 tamen
3384 4099 3451 4164 in
3491 4097 3737 4166 divinis
3775 4101 3922 4168 sut-

2379 4200 2516 4267 ticit
2546 4198 2630 4267 ad
2652 4199 3199 4267 constituendum
3224 4224 3571 4291 personas,
3604 4202 3755 4273 licet
3784 4230 3919 4276 non

2380 4306 2598 4373 variet
2627 4305 3018 4373 essentiam.

2470 4418 2573 4484 An
2621 4438 2817 4484 Atreo
2846 4416 3236 4503 dicendum,
3287 4420 3468 4510 quod
3501 4422 3651 4490 licet
3693 4424 3760 4490 in
3799 4446 3921 4492 no·

2379 4523 2583 4593 minis
2615 4521 2818 4591 modo
2848 4523 3268 4615 significandi
3327 4526 3582 4619 aliquid
3641 4531 3726 4597 sit
3764 4540 3917 4599 ante

2381 4632 2798 4701 intellectum
2830 4631 3034 4724 hujus
3077 4636 3400 4714 nominis,
3454 4640 3772 4714 Trinitas.
3814 4650 3919 4708 ta-

2386 4763 2541 4808 men
2574 4741 2642 4807 in
2683 4762 2752 4808 re
2783 4738 3071 4809 nibilest
3100 4751 3297 4811 ante:
3332 4754 3395 4811 et
3448 4745 3596 4813 ideo
3645 4769 3785 4816 non
3825 4749 3922 4816 di·

2381 4846 2473 4914 cit
2494 4848 3091 4939 compositionem.

3987 815 4168 867 Queat.
4212 816 4255 862 2.

4008 1137 4210 1184 Solutio.

4033 3170 4102 3217 Ad
4129 3174 4173 3222 8.

4025 4461 4102 4510 Ad
4130 4468 4170 4510 7.
