4897 6388
126 387 130 391 ’
524 364 529 368 ’
582 365 585 366 ἢ
638 412 764 477 132
1544 443 1549 446 -
1624 406 1714 492 n.
1769 407 1966 476 Am.
2016 403 2229 474 ΜΑῦ.
2264 400 2487 469 om).
2540 397 2878 512 Paean.¹

955 960 1047 1037 Y.
1092 959 1480 1050 Quomodo
1512 980 1728 1032 mens
1746 980 1895 1056 per
1918 959 2063 1034 ista
2081 951 2396 1054 proficit
2431 953 2536 1030 ad
2562 946 3148 1047 intelliqendam
3186 944 3443 1019 Deum
3474 953 3506 1019 ?

730 1300 954 1374 Mens
994 1300 1253 1398 itaque
1296 1298 1693 1375 rationalis
1734 1297 2231 1374 considerans
2264 1295 2429 1370 hoec
2462 1292 2631 1386 tria,
2668 1302 2743 1367 et
2773 1290 3247 1366 illamunam
3294 1283 3706 1361 essentiam
3751 1279 3829 1355 in

635 1457 793 1533 qua
824 1435 971 1510 ista
1009 1444 1217 1528 sunt,
1264 1434 1604 1509 extendit
1632 1457 1715 1508 se
1747 1433 1842 1507 ad
1884 1429 2601 1528 contemplationem
2642 1422 3028 1501 Creatoris
3062 1446 3078 1497 z
3117 1431 3192 1497 et
3220 1420 3430 1496 videt
3462 1418 3834 1495 unitatem

635 1570 714 1643 in
753 1570 1146 1658 Trinitate,
1195 1580 1269 1643 et
1321 1569 1766 1642 Trinitatem
1811 1567 1889 1640 in
1950 1566 2262 1640 unitate.
2323 1561 2691 1660 Intelligit
2746 1560 2956 1637 enim
3028 1581 3272 1632 unum
3318 1557 3568 1631 Deum
3632 1575 3826 1640 esse,

636 1716 874 1779 unam
908 1702 1344 1789 essentiam,
1392 1725 1629 1777 unum
1661 1695 2157 1800 principium.
2205 1697 2571 1794 Intelligit
2599 1695 2835 1790 enim,
2870 1676 3059 1793 quia
3096 1692 3159 1768 si
3193 1692 3345 1767 duo
3378 1697 3666 1776 essent,
3709 1688 3829 1762 vel

640 1851 964 1940 uterque
1024 1838 1505 1914 insufficiens
1546 1847 1775 1927 esset,
1813 1838 1931 1912 vel
1975 1838 2164 1911 alter
2201 1831 2765 1933 superflueret:
2811 1829 3000 1928 quia
3052 1828 3118 1904 si
3176 1826 3470 1925 aliquid
3533 1825 3834 1900 deesset

639 1977 777 2051 uni
817 1977 1023 2075 quod
1058 1975 1375 2050 haberet
1413 1975 1631 2061 alter,
1692 1996 1849 2045 non
1893 1979 2094 2046 esset
2132 1970 2234 2044 ibi
2295 1991 2601 2043 summa
2638 1964 3032 2066 perfectio.
3078 1964 3160 2039 Si
3224 1985 3410 2038 vero
3470 1960 3662 2034 nihil
3701 1958 3833 2033 uni

639 2112 943 2186 deesset
971 2108 1178 2207 quod
1220 2108 1536 2183 haberet
1586 2108 1806 2202 alter,
1850 2129 2025 2181 cum
2066 2104 2143 2177 in
2203 2129 2355 2179 uno
2396 2111 2655 2179 essent
2693 2100 2986 2194 omnia,
3052 2100 3244 2174 alter
3291 2095 3831 2195 superflueret.

634 2243 1017 2321 Intellexit
1059 2266 1243 2341 ergo
1286 2265 1527 2317 unum
1566 2264 1735 2317 esse
1776 2239 2025 2315 Deum
2082 2237 2427 2313 omnium
2496 2247 2920 2332 auctorem,
2966 2244 3042 2310 et
3077 2231 3271 2308 vidit
3309 2229 3495 2329 quia
3544 2229 3837 2326 absque

538 2391 542 2396 ’
638 2380 1023 2480 sapientia
1053 2403 1210 2454 non
1244 2378 1368 2470 sit,
1401 2374 1625 2475 quasi
1656 2399 1782 2452 res
1821 2378 2071 2450 fatua:
2107 2382 2179 2449 et
2203 2372 2373 2449 ideo
2405 2371 2783 2448 intellexit
2811 2395 2992 2448 eum
3034 2368 3320 2446 habere
3351 2363 3837 2464 sapientiam,

637 2538 816 2613 quoe
857 2516 953 2591 ab
994 2514 1163 2613 ipso
1194 2512 1455 2612 genita
1493 2519 1662 2587 est:
1708 2519 1785 2586 et
1821 2508 2005 2608 quia
2058 2506 2514 2607 sapientiam
2572 2530 2792 2583 suam
2833 2504 3113 2603 diligit,
3157 2501 3533 2578 intellexit
3606 2499 3836 2576 etiam

638 2647 746 2723 ibi
778 2672 947 2728 esse
986 2670 1355 2724 amorem.

2288 3015 2390 3076 est
2430 3028 2447 3074 :
2499 3004 2619 3074 sed
2656 3003 2990 3095 sapientia
3017 3012 3122 3074 est
3149 3001 3487 3072 essentia:
3530 3021 3694 3091 ergo
3725 3021 3842 3067 es-

1045 3105 1439 3190 E3²11²0¹⁵ffi⁰
1476 3108 1781 3175 '1'01‘118-
2287 3113 2506 3183 sentia
2534 3114 2768 3206 genita
2807 3119 2934 3200 est,
2975 3110 3164 3205 quod
3199 3110 3446 3180 falsum
3480 3118 3606 3179 est.

734 3340 768 3381 «
801 3317 996 3383 Mens
1026 3316 1258 3407 ²⁹1⁰un
1277 3315 1663 3395 rationalis,
1698 3323 1827 3383 8¹0·
1863 3341 1895 3376 ”
2380 3323 2689 3393 Somno.
2722 3323 2852 3392 Hic
2877 3321 3176 3392 breviter
3194 3331 3465 3391 transeo
3507 3322 3691 3414 (quia
3728 3321 3840 3389 in·
3934 3363 4135 3411 sotuuo.

732 3421 860 3491 Hic
897 3423 1133 3512 incipit
1186 3445 1341 3514 pars
1395 3421 1512 3490 illa
1550 3423 1618 3490 in
1649 3444 1783 3513 qua
1815 3421 2178 3513 imaginem
2291 3432 2392 3501 fra
2422 3432 2505 3503 de
2533 3431 2664 3502 hoe
2693 3432 2821 3502 erit
2848 3432 3162 3524 quaestio)
3192 3430 3447 3508 dicens,
3495 3429 3679 3521 quod
3724 3453 3839 3498 sa-

640 3540 936 3600 creatam
970 3529 1263 3621 applicat
1293 3529 1377 3598 nd
1407 3528 1754 3621 exemplar
1780 3530 2179 3609 increatum,
2291 3540 2545 3633 pientia
2582 3541 2910 3632 accipitur
2931 3538 3046 3608 hic
3072 3548 3147 3608 ut
3197 3539 3710 3630 appropriatum
3768 3538 3839 3605 in

643 3647 713 3707 et
742 3638 1033 3706 ostendit
1064 3636 1228 3727 quid
1267 3635 1499 3706 haberi
1542 3640 1761 3729 possit
1797 3661 1918 3729 per
1959 3637 2186 3706 consi·
2293 3673 2429 3741 quo
2471 3648 2870 3739 intelligitur
2906 3648 3304 3740 proprium:
3343 3647 3503 3737 quia
3533 3646 3625 3714 ita
3655 3645 3841 3714 ducit

647 3745 1065 3815 demtionem
1095 3746 1331 3834 ipsius·
2293 3757 2523 3847 imago
2550 3755 2617 3823 in
2647 3755 3079 3847 sapientiam,
3114 3761 3180 3823 et
3211 3753 3362 3821 idco
3391 3753 3724 3844 sapientia
3744 3761 3846 3821 est

741 3850 1077 3936 objicitur
1114 3860 1341 3919 aulem
1369 3851 1451 3920 de
1484 3849 1613 3920 hoc
1642 3851 1829 3943 quod
1855 3852 1998 3943 ipse
2029 3852 2189 3922 dicit
2297 3863 2532 3944 Filius,
2574 3873 2641 3932 et
2678 3872 2780 3932 est
2808 3886 3078 3948 sensus,
3129 3861 3192 3930 id
3233 3871 3361 3941 est,
3405 3861 3617 3930 Filius
3654 3862 3849 3952 cujus

656 3987 692 4029 ι
723 3985 879 4032 eum
934 3961 1180 4030 habere
1230 3963 1640 4053 sapientiam
1695 3986 1850 4055 quae
1902 3962 1988 4032 ab
2045 3965 2188 4056 ipso
2298 3969 2814 4062 appropriatum
2845 3978 2948 4039 est
2975 3969 3333 4061 sapientia.

651 4071 887 4162 qenita
928 4080 1049 4148 est,
1114 4076 1241 4140 etc.
1278 4095 1311 4134 n
1349 4093 1367 4138 z
1401 4092 1562 4162 ergo
1591 4071 1921 4162 sapientia
1964 4073 2190 4163 genita

1488 4601 1563 4676 Z.
1605 4595 1761 4675 llic
1797 4597 1894 4680 de
1926 4623 2227 4681 summa
2270 4597 2670 4682 Trinitatis
2706 4603 3029 4682 unitate.

765 4934 1250 5035 Quapropter
1305 4937 1526 5035 juxta
1565 4937 1787 5013 istam
1828 4935 2548 5032 considerationem,
2594 4948 2676 5011 ut
2705 4938 2814 5012 ait
2854 4937 3339 5035 Augustinus
3378 4935 3457 5010 in
3517 4934 3713 5012 libro
3750 4936 3858 5012 lx

669 5069 764 5145 de
812 5069 1189 5147 Tre‘nilole
1231 5071 1280 5168 ¹,
1324 5074 1728 5149 credamus
1795 5073 2127 5167 Patrem,
2170 5081 2245 5149 et
2286 5072 2594 5159 Filium,
2647 5081 2723 5149 et
2778 5070 3153 5172 Spiritum
3204 5081 3556 5147 sanctum
3620 5096 3863 5149 unum

667 5227 837 5280 esse
868 5204 1147 5302 Deum,
1196 5206 1580 5284 universio
1621 5218 1995 5285 creaturoe
2049 5206 2522 5283 conditorem
2562 5216 2637 5284 et
2681 5217 3058 5285 rectorem
3105 5232 3122 5285 2
3159 5232 3304 5284 nec
3357 5208 3660 5286 Patrem
3696 5235 3864 5312 esse

668 5339 977 5432 Filium,
1015 5365 1156 5417 nec
1188 5342 1554 5442 Spiritum
1589 5355 1939 5421 sanctum
1979 5349 2100 5421 vel
2143 5343 2443 5419 Patrem
2474 5368 2672 5443 esse,
2714 5347 2837 5422 vel
2872 5345 3149 5421 Filium
3191 5369 3207 5421 ε
3245 5345 3380 5420 sed
3417 5346 3862 5424 Trinitatem

668 5476 1087 5552 relatarum
1130 5478 1224 5553 ad
1261 5478 1585 5557 invicem
1615 5504 2150 5581 personarum.
2200 5482 2297 5558 Ut
2324 5483 2530 5560 enim
2564 5482 2728 5584 ipse
2774 5482 3199 5559 aitinlibro
3238 5483 3333 5559 de
3355 5482 3556 5559 Fide
3583 5483 3688 5560 ad
3717 5482 3866 5560 Pe-

737 5757 759 5799 ¹
790 5755 849 5819 S.
880 5761 1255 5838 Aucusrmus,
1289 5762 1411 5823 Lib.
1441 5764 1515 5823 1x
1542 5765 1619 5823 de
1637 5765 1944 5841 Trinitate,
1973 5781 2104 5841 cap.
2134 5769 2185 5825 ¹.
