4897 6388
361 4848 440 4895 Ad
459 4861 565 4907 arg.
594 4852 636 4899 2.

726 326 855 393 586

1730 343 1808 414 D.
1862 333 2333 425 ALssqluAG.
2387 354 2595 472 ΟΠΞ).
2652 349 2945 431 PRAED.

723 496 885 584 quid
941 500 1093 582 tria,
1130 511 1195 570 et
1251 498 1474 580 dicere
1516 504 1658 583 tres⁴
1706 498 2117 591 substantias
2158 504 2280 593 aut
2313 581 2317 586 .
2390 497 2593 610 vinis,
2629 491 2780 597 ideo
2811 532 2992 610 dicit,
3037 536 3218 625 quod
3258 559 3395 603 non
3426 537 3611 605 aliud
3643 517 3927 605 dicimus

721 609 853 670 tres
882 628 1232 695 personaS,
1272 618 1475 686 nullae
1512 623 1740 712 moles'
1766 638 1883 694 aut
1913 630 2273 700 intervalla
2384 657 2525 702 uno
2568 637 2809 716 etalio,
2855 640 3008 708 lice-t
3055 641 3357 711 dicamus
3395 645 3663 714 diverso
3723 645 3924 711 modo
4034 643 4037 646 ’

717 715 1118 802 cogitentur,
1155 723 1342 793 nulla
1381 727 1697 800 distantia
1729 741 2271 827 quantulaecum-
2379 744 2830 833 significandi.
3081 757 3085 761 ’

716 840 846 907 que
906 822 1498 918 dissimilitudinis,
1557 849 1632 905 ut
1699 841 1788 909 ibi
1848 846 2268 939 intelligatur

713 926 898 995 aliud
943 932 1076 1000 alio
1135 936 1242 1005 vel
1299 943 1759 1032 paulominus,
1831 975 2264 1047 quocumque

712 1036 939 1142 modo‘
981 1044 1209 1111 minus
1268 1070 1413 1117 esse
1473 1052 1656 1122 aliud
1696 1058 1829 1126 alio
1899 1072 2144 1151 potest,
2188 1076 2262 1135 ut

709 1147 934 1234 neque
988 1151 1432 1237 personarum
1461 1164 1570 1228 'sit
1608 1168 1941 1247 confusio,
1986 1195 2111 1241 nec
2151 1183 2260 1243 ta-

708 1248 789 1317 lis
820 1252 1158 1326 distinctio
1191 1285 1325 1352 qua
1364 1268 1452 1335 sit
1506 1271 1724 1363 impar
1767 1277 2049 1368 aliquid.
2090 1311 2120 1345 »
2157 1284 2260 1367 Ex

707 1359 839 1428 hoc
902 1366 1252 1455 accipitur,
1298 1377 1483 1463 quod
1534 1380 1887 1469 pluralitas
1924 1395 2262 1478 personass

708 1489 858 1534 rum
887 1472 997 1539 vel
1028 1475 1589 1569 substantiarum,
1625 1486 1765 1559 no'n
1795 1504 2019 1583 potest
2047 1500 2257 1569 refer-

706 1575 761 1641 ri
809 1577 894 1644 ad
935 1579 1198 1672 aliquid
1236 1587 1625 1662 absolutum
1676 1601 2132 1691 significatum
2185 1612 2253 1677 in

705 1680 835 1750 hoc
871 1691 1177 1772 nomine,
1217 1718 1539 1785 persona,
1596 1707 1753 1795 quia
1802 1719 1960 1790 tunc
1999 1715 2254 1807 aliquid

703 1787 786 1857 de
824 1793 1200 1867 substantia
1239 1815 1416 1875 esset
1455 1802 1532 1875 in¹
1568 1807 1706 1881 una'
1738 1840 2031 1907 persona
2070 1815 2254 1916 quod

701 1918 840 2019 non
898 1911 1072 1971 esset
1127 1907 1195 1974 in
1235 1910 1368 1979 alia
1429 1937 1446 1980 ε
1495 1926 1562 1986 et
1599 1923 1695 2021 sic
1751 1926 2102 2017 imparitas
2169 1935 2253 2002 ad

700 2028 927 2105 minus
965 2022 1165 2094 esset,
1209 2008 1582 2112 quod‚d'uae
1621 2028 1950 2106 haberent
1987 2039 2140 2130 plus
2170 2042 2253 2111 de

699 2118 989 2185 essentia
1019 2144 1222 2212 quam
1261 2151 1395 2197 una
1426 2133 1597 2219 sola,
1632 2142 1815 2229 quod
1854 2143 2250 2221 haereticum

699 2228 800 2288 est
827 2221 1047 2294 dicere
1092 2250 1108 2295 :
1144 2240 1211 2300 et
1248 2233 1401 2305 ideo
1432 2238 1543 2310 hic
1572 2255 1767 2317 caute
1829 2250 2248 2345 loquendum

697 2339 820 2407 est,
855 2333 1110 2405 scilicet
1136 2348 1211 2408 ut
1240 2365 1533 2432 persona
1562 2351 1897 2445 significet
1926 2364 2252 2437 substan-

697 2436 857 2503 tiam
898 2447 1324 2533 suppositam
1369 2475 1526 2522 cum
1556 2460 1883 2553 singulari
1934 2474 2250 2564 proprie-

694 2550 830 2611 tate
867 2547 938 2614 in
969 2573 1103 2640 qua
1134 2559 1506 2629 secundum
1549 2570 1923 2643 existentiae
1963 2580 2244 2651 modum

695 2649 1089 2724 admittatur
1143 2683 1493 2750 numerus,
1528 2681 1595 2741 et
1656 2699 1794 2746 non
1849 2697 2248 2757 numeretur

694 2757 1073 2833 substantia
1103 2781 1416 2860 separata
1451 2799 1469 2846 ε
1503 2787 1569 2847 et
1598 2805 1754 2852 cum
1785 2789 2055 2880 dicitur,
2091 2798 2243 2868 duae

694 2873 849 2932 sunt
878 2892 1214 2965 personae,
1246 2880 1357 2948 vel
1390 2891 1524 2954 tres
1560 2901 1720 2961 sunt
1757 2918 2098 2999 personae,
2135 2907 2246 2976 vel

690 2973 918 3065 plures
939 2991 1098 3051 sunt
1126 3008 1459 3078 personae,
1491 2997 1778 3072 refertur
1806 3029 2131 3081 numerus
2159 3016 2246 3084 ad

689 3104 1047 3171 personam
1098 3098 1477 3170 secundum
1519 3108 1895 3183 existentia}
1936 3124 2242 3214 proprie-

691 3196 926 3273 tatem,
979 3205 1046 3264 et
1101 3221 1239 3270 non
1298 3211 1672 3283 secundum
1734 3220 2239 3300 multitudinem

692 3299 1086 3373 substantiae
1125 3311 1547 3400 significatae.

774 4807 874 4873 An
904 4832 1100 4880 Λιιυυ
1117 4815 1504 4905 dicendum,
1540 4833 1724 4920 quod
1754 4859 1905 4906 cum
1940 4840 2230 4914 dicimus

683 4935 1038 5002 personam
1076 4923 1319 5013 Patris,
1370 4934 1616 5007 dicitur
1659 4941 2038 5016 substantia
2076 4974 2231 5044 sup-

679 5025 897 5113 posita
926 5052 1076 5120 quae
1115 5045 1240 5117 est,
1285 5042 1437 5130 quis
1503 5055 1602 5112 est
1651 5049 1718 5115 in
1756 5050 2108 5134 Trinitate‚
2158 5060 2224 5127 in

679 5154 811 5221 qua
840 5141 1110 5229 proprie
1142 5141 1485 5235 loquendo
1518 5176 1654 5221 non
1688 5167 1788 5224 est
1846 5162 2028 5251 quod
2062 5174 2160 5233 est
2206 5192 2221 5235 ε

677 5261 830 5306 cum
863 5254 1087 5314 autem
1131 5250 1420 5323 dicimus
1477 5261 1927 5334 substantiam
1978 5268 2218 5352 l’atriS,

675 5344 960 5416 dicimus
1008 5378 1144 5445 quo
1202 5382 1218 5427 :
1280 5374 1346 5432 et
1409 5377 1485 5435 ut
1523 5369 1950 5463 Augustinus
2034 5390 2224 5448 notet

672 5458 1192 5542 indifferentiam
1232 5477 1388 5567 quis
1417 5483 1514 5541 es!
1559 5484 1626 5544 et
1669 5480 1833 5571 quo}
1860 5493 1956 5549 est
1995 5485 2065 5553 in
2113 5487 2223 5554 di·

744 5674 762 5710 ¹
794 5675 876 5733 Cf.
902 5678 980 5734 111
1008 5680 1276 5742 Sentent.
1308 5685 1457 5742 nist.
1493 5687 1588 5743 lx.

2468 853 2573 918 An
2610 874 2807 921 Amun
2838 856 3223 943 dicendum,
3266 861 3448 950 quod
3498 883 3785 950 persona
3815 861 3923 928 di-

2375 963 2553 1028 citur
2590 963 2687 1029 ad
2716 987 2786 1031 se
2843 966 3103 1034 ratione
3152 967 3542 1035 substantiae
3583 969 3920 1058 signitica-

2375 1077 2459 1136 tae
2496 1091 2511 1136 :
2544 1069 2661 1137 sed
2691 1078 2916 1139 tamen
2949 1072 3079 1140 hoc
3116 1097 3253 1142 non
3286 1084 3387 1143 est
3415 1084 3632 1142 totum
3665 1077 3915 1167 signiti-

2372 1185 2598 1252 catum
2631 1176 2833 1269 hujus
2864 1179 3202 1263 dictioniS,
3236 1205 3555 1272 persona,
3601 1185 3772 1250 sicut
3801 1207 3916 1274 pa-

2370 1294 2467 1353 tet
2497 1308 2577 1352 ex
2610 1286 2970 1376 praedictiS.

2458 1393 2562 1458 An
2593 1416 2790 1459 Amen
2820 1402 2883 1461 et
2923 1417 3211 1485 sequens
3242 1406 3307 1463 et
3340 1398 3582 1463 iterum
3624 1419 3913 1487 sequens

2367 1508 2553 1589 patet
2590 1502 2838 1570 solutio
2872 1526 2952 1569 ex
2974 1502 3328 1592 praedictis.

2454 1717 2559 1784 An
2590 1741 2653 1784 m
2694 1719 2874 1808 quod
2924 1719 3240 1807 objicitur
3283 1719 3364 1788 de
3404 1722 3753 1800 Anselmo‚
3806 1723 3907 1789 di-

2363 1823 2684 1903 cendum,
2755 1826 2935 1916 quod
3001 1850 3139 1894 non
3218 1829 3504 1897 intendit
3545 1829 3913 1898 Anselmus

2362 1930 2612 2012 dicere,
2655 1933 2837 2024 quod
2877 1957 3015 2002 non
3057 1935 3394 2026 significat
3429 1937 3906 2018 substantiam,

2360 2036 2481 2105 sed
2520 2038 2704 2132 quod
2741 2041 2810 2106 in
2858 2040 3105 2108 divinis
3145 2064 3282 2109 non
3337 2064 3416 2110 ea
3453 2046 3714 2112 ratione
3752 2044 3913 2113 dici-

2360 2153 2473 2213 tur
2510 2146 2694 2238 quod
2723 2148 3100 2218 substantia
3147 2159 3567 2231 numeretur,
3609 2152 3781 2219 sicut
3835 2153 3909 2219 tit

2361 2255 2429 2321 in
2462 2254 2896 2324 inferioribus
2931 2280 2946 2325 z
2981 2266 3046 2324 et
3085 2258 3268 2350 quod
3312 2258 3510 2326 saciat
3556 2261 3909 2350 composi-

2356 2362 2616 2430 tionem
2660 2366 3087 2454 proprietatis
3125 2365 3499 2456 personalis
3555 2388 3709 2435 cum
3751 2366 3909 2435 sub-

2356 2474 2610 2540 stantia
2636 2474 2985 2564 supposita
3026 2497 3231 2566 quam
3258 2476 3603 2566 importat.

2443 2578 2549 2658 An
2587 2602 2653 2645 m
2684 2578 2867 2669 quod
2930 2579 3249 2670 objicitur
3300 2580 3383 2648 de
3440 2580 3777 2650 llicliardo
3838 2590 3901 2648 et

2360 2685 2648 2778 {lugone
2676 2694 2860 2777 patet
2887 2686 3139 2756 solutio
3175 2710 3191 2754 :
3227 2689 3387 2779 quia
3427 2688 3556 2758 hoc
3585 2688 3667 2757 de
3697 2689 3898 2782 plano

2353 2793 2770 2865 conceditur.

2442 2902 2549 2973 An
2575 2926 2643 2972 ln
2690 2902 2874 2993 quod
2939 2903 3255 2993 objicitur
3316 2903 3399 2973 de
3501 2905 3904 2974 diffinitione

2357 3013 2609 3096 Boetii,
2683 3012 3042 3081 dicendum
3102 3012 3286 3105 quod
3340 3014 3526 3105 large
3613 3016 3903 3081 sumitur

2350 3120 2731 3190 substantia
2768 3121 3118 3190 individua
3171 3146 3295 3215 pro
3347 3124 3903 3193 incommunica-

2350 3229 2472 3299 bili
2534 3252 2969 3323 quocumque
3024 3232 3255 3316 modo,
3308 3234 3450 3302 sive
3524 3235 3897 3306 secundum

2350 3337 2800 3407 substantiam
2865 3340 2946 3407 sit
3016 3341 3684 3420 incommunicabile,
3754 3345 3897 3413 sive

2349 3446 2724 3515 secundum
2778 3446 3151 3516 existentiae
3220 3450 3698 3540 proprietatem
3779 3474 3900 3518 so-

2349 3555 2485 3624 lam
2523 3580 2540 3624 z
2593 3556 2688 3625 sic
2726 3558 2907 3625 enim
2963 3559 3287 3648 competit
3325 3558 3574 3628 divinis
3618 3581 3635 3626 ε
3695 3560 3897 3628 l‘ater

2217 3691 2236 3741 ς
2346 3663 2531 3731 enim
2562 3685 2718 3730 cum
2761 3662 2930 3730 Filio
2970 3666 3204 3732 omnia
3248 3663 3450 3733 habet
3495 3669 3890 3734 communia

2348 3771 2477 3838 nisi
2510 3770 2885 3839 existentia!
2916 3795 3052 3839 sum
3102 3772 3581 3864 proprietatem
3629 3795 3645 3842 t
3700 3782 3763 3841 et
3796 3776 3892 3842 sic

2344 3886 2446 3946 est
2485 3879 2692 3946 etiam
2723 3878 2791 3945 in
2823 3877 2972 3945 aliis
3010 3880 3317 3969 personis
3346 3879 3617 3947 divinis.

2407 3984 2540 4058 ,An
2578 4008 2644 4055 in
2681 3986 2864 4076 quod
2896 3983 3211 4076 objicitur
3245 3985 3329 4053 de
3369 3988 3728 4055 venatione
3757 3989 3888 4056 dis-

2344 4094 2674 4162 tinitionis
2711 4094 2882 4162 bene
2922 4094 3332 4163 conceditur.

2457 4202 2563 4270 An
2591 4225 2790 4271 Αιιιτιι
2844 4202 3234 4282 dicendum,
3303 4202 3483 4294 quod
3569 4213 3642 4271 ut
3725 4204 3886 4274 dicit

2344 4311 2648 4390 Boetius,
2684 4318 2748 4378 et
2778 4312 2980 4379 etiam
3014 4310 3337 4397 Magister
3364 4324 3408 4391 ¹,
3462 4311 3756 4379 Persona
3786 4314 3883 4380 di-

2216 4420 2229 4434 ‘
2339 4420 2517 4485 citur
2544 4442 2579 4486 a
2613 4442 2734 4510 per
2761 4443 2832 4485 se
2866 4418 3175 4485 sonando
3204 4420 3572 4487 secundum
3625 4431 3884 4511 etymo·

2339 4523 2593 4613 logiam
2631 4546 2647 4591 ε
2680 4522 2787 4591 vel
2821 4522 3068 4590 dicitur
3106 4547 3226 4613 per
3260 4548 3331 4590 se
3378 4548 3538 4604 una,
3593 4535 3666 4594 ut
3723 4526 3881 4595 dicit

2212 4684 2228 4712 ,
2339 4633 2586 4700 Simon
2614 4633 3088 4715 TornacensiS,
3135 4643 3200 4701 et
3243 4632 3309 4725 ty
3377 4657 3501 4725 per
3562 4659 3636 4702 se
3699 4646 3883 4704 notat

2336 4739 2712 4806 existentia·
2763 4740 3242 4829 proprietatem
3286 4741 3352 4807 in
3400 4738 3646 4807 divinis
3738 4741 3882 4809 l'na

2336 4856 2566 4913 autem
2608 4869 2746 4913 non
2809 4848 2966 4914 dicit
3007 4848 3315 4913 essentia·
3356 4846 3683 4914 unitatem
3728 4872 3880 4916 meo

2326 4952 2612 5041 judici0‚
2657 4963 2733 5020 ut
2770 4953 2881 5021 ille
2911 4954 3199 5027 dicebat.
3243 4953 3358 5022 sed
3391 4956 3615 5045 potius
3654 4959 3880 5024 unita-

2335 5067 2471 5127 tem
2513 5082 2818 5151 persona·
2877 5085 3025 5151 quoe
3092 5066 3530 5154 consequitur
3585 5087 3668 5131 ex
3718 5088 3879 5155 pro-

2333 5169 2638 5258 prietatis
2679 5168 3134 5242 dis-tinctione.
3173 5179 3241 5236 ut
3273 5193 3473 5260 supra
3505 5171 3803 5238 diximus
3825 5189 3873 5251 ν,

2331 5283 2396 5340 et
2437 5276 2683 5341 iterum
2724 5276 2792 5341 in
2833 5280 3139 5367 sequenti
3181 5276 3611 5345 distinctione
3651 5279 3876 5347 deter-

2328 5380 2724 5448 minabitur.
2762 5381 3061 5451 Persona
3103 5386 3285 5451 cnim
3327 5408 3446 5476 per
3492 5407 3562 5453 se
3603 5398 3701 5455 est
3742 5412 3875 5456 una

2326 5509 2450 5554 sua
2480 5489 2892 5577 proprietate
2920 5491 3289 5579 personali.

2394 5701 2418 5737 ⁸
2442 5700 2530 5757 Ct'.
2564 5702 2773 5776 Supra,
2809 5702 2950 5759 Dist.
2983 5704 3077 5759 lx.

3948 935 4026 980 Ad
4050 948 4151 993 arg.
4179 938 4225 985 ³.

3943 1473 4010 1515 Ad
4028 1472 4122 1516 ntia
4152 1483 4254 1528 arg.

4024 1793 4156 1840 adt.

4009 2654 4088 2700 Ad
4117 2656 4157 2701 ³.

4024 2952 4100 2997 Ad
4128 2955 4170 2998 4.

4011 4055 4086 4103 Ad
4113 4059 4155 4103 b.

3994 4274 4067 4316 Ad
4106 4276 4144 4317 C.
