4897 6388
523 301 654 367 244
1513 294 1596 359 D.
1648 292 1846 358 ALB.
1899 287 2372 354 MAG..ORD.
2427 285 2746 353 PRAED.-

522 448 1559 545 commutationemutabilia
1587 460 2014 550 facientem,
2060 464 2134 531 et
2162 432 2327 544 sirie
2368 457 2527 530 ullo
2580 480 2721 530 suo
2780 452 3210 550 temporati.
3252 435 3462 526 motu
3532 463 3730 544 tem-

520 601 820 703 poratia
847 611 1267 693 creantem,
1300 596 1581 673 intueri
1623 605 1699 671 et
1725 615 1982 685 nosse,
2016 590 2189 664 ticet
2226 590 2324 663 sit
2361 587 2696 682 difficile,
2732 594 3057 685 oportet.
3123 585 3325 661 Vere
3394 610 3579 683 ergo
3641 610 3730 661 ac

518 738 827 838 proprie
860 734 1514 811 incommutabilis
1554 741 1669 807 est
1694 731 1860 805 sola
1896 724 2312 799 divinitatis
2354 724 2727 798 essentia:
2805 746 2981 821 quae
3040 722 3209 796 sine
3269 723 3391 796 sui
3472 734 3731 797 muta-

521 874 730 947 tione
770 880 1089 947 cunctas
1129 868 1474 944 condidit
1509 875 1865 940 naturas.

1019 1456 1259 1500 mvtslo
1307 1451 1572 1498 TEthJS.

610 1673 643 1715 α
679 1649 810 1716 Dei
847 1648 1055 1713 etiam
1084 1644 1304 1711 solius
1330 1641 1617 1728 essentia
1642 1636 1928 1730 proprie
1956 1635 2059 1701 in·

513 1751 1031 1824 commutabilis
1071 1751 1353 1828 dicitur,
1397 1755 1525 1815 etc.
1576 1773 1607 1807 »

602 1860 734 1928 Hic
797 1857 1093 1927 ostendit
1172 1854 1497 1945 Magister
1547 1851 1673 1919 Dei
1745 1854 2059 1916 naturam

512 1970 731 2041 solam
788 1991 936 2038 esse
1010 1961 1640 2035 incommutabilem
1697 1982 1714 2026 :
1785 1968 1853 2027 et
1930 1955 2062 2024 boc

511 2076 805 2153 duobuS,
849 2074 1107 2143 scilicet
1173 2069 1360 2162 quod
1434 2090 1574 2136 non
1627 2074 1951 2150 mutatur,
1993 2069 2062 2129 et

506 2186 670 2276 quia
732 2183 986 2250 mutari
1040 2202 1180 2248 non
1250 2183 1494 2268 potest.
1548 2172 1792 2242 Omnis
1830 2179 2057 2238 autem

498 2299 743 2360 natura
816 2297 1043 2358 creata
1109 2286 1192 2354 de
1259 2290 1502 2352 natura
1528 2303 1665 2352 ,sua
1725 2282 2052 2354 mutatur,

491 2397 603 2466 vel
633 2396 886 2465 mutari
925 2401 1170 2485 potest.
1208 2391 1296 2459 Et
1333 2411 1415 2458 ex
1447 2388 1578 2457 hoc
1616 2389 1685 2455 in
1742 2384 1874 2453 hoc
1938 2404 2058 2451 ca-

497 2504 717 2596 pitulo
757 2501 1104 2573 concludit
1130 2498 1441 2574 ulteriuS,
1486 2493 1671 2586 quod
1725 2491 1873 2561 sola
1923 2513 2051 2558 na-

501 2623 655 2696 tura
681 2611 915 2696 divina
968 2615 1072 2678 est
1110 2602 1543 2688 immortaliS,
1583 2624 1665 2671 eo
1696 2597 1881 2692 quod
1927 2620 2047 2666 va-

504 2718 702 2787 riatio
733 2724 1061 2785 creaturae
1095 2720 1197 2781 est
1236 2703 1448 2810 mors}
1501 2707 1588 2776 Et
1638 2705 1913 2775 tandem
1978 2704 2048 2771 in

499 2825 635 2894 fine
688 2821 967 2915 capituli
1067 2815 1377 2899 infertur,
1446 2813 1631 2907 quod
1728 2811 2048 2904 praedica-

458 2940 730 3025 ‚menta
803 2928 1079 3024 quando
1147 2927 1219 2994 in
1277 2924 1509 2993 divina
1573 2920 2048 3014 praedic'atione

498 3042 906 3119 referuntur,
941 3035 1125 3129 quod
1163 3032 1474 3126 proprias
1528 3029 1854 3099 essentias
1909 3047 2047 3094 non

498 3146 899 3242 praedicant,
939 3142 1058 3213 sed
1113 3138 1590 3211 substantiam.
1632 3135 1718 3204 Et
1770 3132 1901 3204 hoc
1951 3140 2052 3203 est

503 3259 689 3355 quod
717 3258 880 3328 dicit
909 3257 980 3324 in
1020 3253 1152 3323 hoc
1177 3248 1501 3357 capitulo.

837 3743 840 3747 .
907 3688 1417 3762 ARTlCULUS
1473 3672 1662 3758 xvt.

503 3909 695 4000 Quid
714 3909 808 3977 sit
844 3901 1534 3979 incommutabilitas,
1565 3905 1629 3965 et
1657 3904 1889 3963 utrum
1918 3890 2049 3959 ali-

695 4040 838 4111 qua
874 4014 1171 4085 mutatio
1212 4009 1421 4079 cadat
1460 4009 1528 4076 in
1575 4008 1797 4075 Deum
1840 3999 1882 4069 P

586 4342 890 4411 Dubium
921 4347 1142 4431 potest
1175 4336 1286 4405 liic
1324 4356 1495 4413 esse,
1542 4328 1722 4410 Quid
1794 4330 1882 4396 sit
1947 4326 2047 4392 in·

500 4446 1107 4524 commutabilitas,
1149 4443 1231 4512 de
1257 4464 1395 4535 qua
1422 4438 1534 4508 hic
1582 4434 1935 4528 loquitur?
1962 4432 2045 4500 Et

498 4556 825 4641 secundo,
868 4553 1114 4623 Utrum
1152 4550 1382 4640 aliqua
1421 4546 1708 4615 mutatio
1736 4541 1929 4612 cadat
1975 4540 2043 4607 in

496 4665 746 4745 Deum,
778 4660 888 4732 vel
921 4684 1059 4730 non
1080 4662 1117 4728 ’ἶ

582 4772 689 4840 Ad
728 4770 1028 4862 primum
1057 4764 1449 4858 proceditur
1476 4760 1613 4828 sic:

586 4881 647 4947 l.
691 4876 792 4944 Ex
837 4876 1102 4944 Littera
1142 4868 1460 4947 trabitur,
1520 4863 1705 4957 quod
1776 4864 2043 4929 incom-

493 4981 914 5052 mutabilitas
953 4988 1056 5049 est
1084 5000 1366 5047 servans
1398 4977 1621 5066 ipsum
1652 4992 1823 5052 esse,
1858 4967 2040 5058 quod

493 5097 594 5158 est
656 5111 742 5158 ex
797 5110 879 5156 eo
956 5084 1144 5177 quod
1192 5080 1380 5150 aliud
1435 5102 1574 5148 asc
1605 5098 1742 5144 non
1781 5074 2035 5163 recipit.

495 5194 633 5264 Sed
661 5193 955 5271 videtur,
989 5190 1172 5283 quod
1205 5188 1337 5256 hoc
1367 5209 1505 5254 non
1535 5182 1727 5252 tollat
1764 5201 2039 5247 omnem

491 5301 775 5371 modum
844 5296 1244 5366 mutationis
1301 5316 1315 5360 :
1389 5292 1551 5383 quia
1617 5287 1875 5357 babens
1925 5283 2043 5351 ha-

488 5410 740 5492 bitum,
772 5416 842 5476 et
896 5402 1253 5497 egrediens
1304 5402 1387 5469 de
1454 5400 1594 5467 otio
1652 5396 1719 5461 in
1787 5401 2037 5471 actum,

562 5654 578 5689 ¹
612 5649 877 5725 Sapient.
909 5665 1010 5718 vu,
1040 5648 1148 5702 24:
1180 5646 1440 5704 Omnibus
1469 5644 1757 5701 mobilibus
1786 5642 2040 5698 mobilior

2169 1219 2392 1279 servat
2419 1213 2643 1302 ipsum
2676 1232 2821 1278 esse
2863 1211 3049 1301 quod
3092 1219 3215 1292 est,
3269 1234 3394 1278 nec
3425 1211 3723 1278 alienum

2170 1343 2209 1386 a
2248 1342 2317 1387 se
2350 1320 2621 1409 recipit:
2659 1326 2721 1386 et
2763 1327 2989 1387 tamen
3022 1319 3253 1410 aliquo
3289 1320 3493 1387 modo
3567 1343 3726 1386 mu-

2167 1427 2444 1494 tationis
2521 1435 2821 1493 mutatur
2878 1449 2895 1491 :
2958 1449 3123 1517 ergo
3193 1426 3490 1506 videtur,
3538 1426 3722 1515 quod

2169 1532 2299 1601 hoc
2328 1555 2466 1601 non
2505 1533 2794 1601 sufficiat
2847 1532 2934 1601 ad
3007 1532 3484 1623 probationem
3543 1555 3721 1600 verae

2170 1641 2895 1709 incommutabilitatis.

2258 1754 2321 1822 2.
2354 1735 2713 1838 Praetereffi
2747 1752 2889 1820 Nos
2953 1753 3268 1821 videmus
3307 1754 3377 1819 in
3453 1764 3723 1821 creatu-

2170 1859 2260 1926 ris
2290 1856 2542 1926 multos
2580 1859 2821 1927 modos
2865 1859 3266 1927 mutationis
3321 1881 3444 1949 per
3499 1883 3594 1936 se,
3655 1869 3722 1927 ct

2166 1986 2288 2054 per
2337 1964 2690 2033 accidens:
2761 1987 2881 2054 per
2952 1987 3052 2042 se,
3121 1973 3238 2032 aut
3305 1964 3392 2032 ad
3423 1965 3718 2032 formam

2165 2071 2702 2149 substantialem,
2737 2080 2854 2140 aut
2890 2072 3196 2163 abipsa:
3267 2081 3386 2140 aut
3441 2073 3525 2140 ad
3577 2073 3722 2141 for-

2167 2203 2349 2248 mam
2378 2179 2886 2263 accidentalem,
2921 2190 3041 2248 aut
3077 2181 3163 2248 ad
3228 2181 3716 2271 perfectionem

2167 2290 2586 2380 quantitatis,
2627 2297 2745 2358 aut
2772 2287 2858 2356 ab
2901 2290 3045 2379 ipsa
3080 2310 3095 2357 :
3141 2289 3318 2356 sicut
3346 2297 3448 2357 est
3504 2312 3718 2381 gene-

2169 2400 2366 2478 rati0,
2408 2401 2778 2490 corrupti0,
2821 2398 3156 2478 alterati0‚
3214 2402 3713 2489 augmentatiO,

2158 2505 2564 2576 diminutio:
2599 2515 2667 2574 et
2701 2515 2804 2574 est
2843 2506 3134 2574 mutatio
3186 2504 3271 2572 ad
3336 2507 3545 2573 situm
3604 2505 3715 2574 vel

2157 2614 2425 2682 locum:
2463 2636 2614 2705 quae
2663 2613 2831 2682 nihil
2899 2623 3120 2682 mutat
3159 2615 3227 2680 in
3268 2613 3536 2699 mobili,
3594 2612 3713 2682 sed

2157 2724 2379 2814 ipsum
2455 2721 2634 2813 quod
2724 2730 3040 2791 movetur
3140 2721 3546 2789 transfertur
3628 2720 3714 2789 ad

2155 2827 2364 2896 alium
2431 2827 2658 2897 locum
2705 2850 2721 2896 :
2784 2851 2948 2920 ergo
3022 2827 3319 2906 videtur,
3371 2828 3553 2920 quod
3598 2828 3709 2894 illa

2155 2934 2393 3003 ultima
2432 2937 2720 3003 mutatio
2759 2936 2973 3026 possit
3005 2936 3226 3003 inesse
3293 2934 3439 3002 Deo
3473 2957 3487 3001 :
3552 2936 3711 3026 quia

2156 3038 2415 3107 nullam
2441 3041 2892 3109 variationem
2944 3041 3139 3130 ponit
3192 3041 3262 3106 in
3330 3040 3712 3108 substantia

2156 3148 2301 3235 ejus
2329 3147 2515 3238 quod
2545 3155 2878 3216 movetur.
2913 3146 3085 3216 Etsi
3115 3156 3190 3215 tu
3247 3144 3457 3231 dicas,
3525 3146 3709 3239 quod

2158 3254 2298 3324 haec
2327 3278 2467 3323 non
2504 3264 2725 3346 potest
2786 3255 2846 3323 ei
2911 3256 3304 3339 convenire,
3374 3278 3457 3324 eo
3524 3255 3708 3347 quod

2158 3362 2409 3455 ubique
2474 3372 2641 3432 cst:
2713 3373 2778 3431 et
2845 3362 3031 3454 quod
3102 3363 3357 3455 ubique
3424 3373 3550 3444 est,
3622 3363 3705 3431 ad

2157 3469 2419 3537 nullum
2473 3466 2698 3539 locum
2764 3479 2986 3562 potest
3055 3471 3403 3539 transferri
3469 3493 3484 3538 :
3547 3481 3708 3539 tunc

2155 3576 2447 3654 videtur,
2491 3576 2674 3669 quod
2704 3576 2863 3645 huic
2893 3578 3109 3646 motui
3166 3599 3307 3646 non
3373 3586 3706 3668 repugnet

2156 3694 2412 3752 naturae
2489 3682 3210 3752 incommutabilitas:
3294 3683 3415 3753 sed
3478 3685 3708 3775 potius

2155 3791 2313 3860 huic
2366 3790 2755 3860 attribuitur
2816 3791 3001 3883 quod
3075 3800 3177 3859 est
3228 3793 3701 3862 immensitas:

2157 3900 2313 3992 quia
2353 3897 2441 3966 ibi
2483 3897 2635 3968 loco
2669 3922 2805 3967 non
2847 3898 3255 3967 includitur:
3291 3909 3358 3969 et
3417 3899 3547 3969 hoc
3606 3913 3702 3969 est

2154 4014 2385 4075 contra
2424 4010 2751 4076 Litteram
2794 4030 2945 4098 qua³
2975 4008 3148 4086 vult,
3210 4008 3392 4100 quod
3443 4033 3528 4078 ex
3583 4034 3709 4078 na-

2152 4123 2310 4182 tura
2333 4136 2474 4183 non
2502 4116 2712 4205 possit
2741 4115 2869 4182 sibi
2909 4114 3214 4184 accidere
3255 4125 3508 4184 motus.

2243 4226 2305 4291 3.
2352 4223 2713 4302 l’raeterea',
2777 4222 2873 4293 De
2932 4224 3193 4315 Spiritu
3250 4235 3486 4293 sancto
3536 4227 3707 4294 dici-

2157 4341 2286 4411 tur,
2321 4331 2504 4423 quod
2543 4340 2644 4399 est
2692 4331 3007 4399 mobilis:
3050 4340 3113 4398 et
3190 4331 3272 4399 de
3339 4334 3701 4421 sapientia,

2153 4435 2334 4528 quod
2363 4435 2677 4505 omnibus
2716 4435 3087 4504 recube'libus
3135 4435 3462 4504 mobilior
3514 4449 3613 4507 est
3638 4440 3698 4507 ⁸:

2152 4568 2314 4637 ergo
2377 4544 2670 4630 videtur,
2722 4545 2906 4636 quod
2972 4568 3112 4613 non
3182 4557 3516 4638 repugnet
3579 4571 3705 4616 na-

2152 4663 2318 4723 turae
2347 4678 2486 4724 suoe
2526 4655 2942 4723 mutabilitas
2971 4656 3222 4723 omniS.

2242 4765 2305 4831 i.
2357 4763 2714 4841 Proeterea,
2804 4762 2945 4832 Nos
2999 4763 3317 4831 videmus
3373 4766 3702 4832 artificem

2153 4872 2397 4936 mutari
2430 4893 2551 4959 per
2588 4868 3110 4959 applicationem
3168 4869 3550 4958 specierum
3619 4869 3703 4936 ad

2152 4978 2529 5056 materiam,
2563 4984 2628 5042 ct
2653 4977 3152 5066 carpentarium
3185 4975 3301 5065 qui
3326 4976 3697 5065 operandO,

2149 5081 2399 5149 formas
2438 5091 2797 5173 conceptas
2830 5091 3056 5149 mente
3084 5081 3310 5149 educit
3362 5082 3430 5148 in
3487 5081 3696 5173 ligna,

2151 5194 2368 5283 primo
2447 5193 2650 5262 modo
2706 5216 2943 5271 unam,
3011 5202 3251 5282 postea
3315 5189 3564 5261 aliam}
3636 5203 3702 5261 et

2148 5301 2439 5381 videtur,
2484 5300 2666 5391 quod
2697 5298 3088 5390 hujusmodi
3118 5294 3698 5368 commutabilitas

2148 5409 2506 5476 conveniat
2539 5407 2680 5474 Deo
2710 5431 2724 5474 :
2761 5408 2918 5497 quia
2949 5405 3110 5473 dicit
3142 5407 3569 5496 Augustinus
3629 5410 3696 5473 in

2148 5647 2223 5697 est
2252 5641 2549 5712 sapientia.
