4897 6388
400 956 470 1001 Ad
503 956 538 1000 t.

404 3023 475 3069 Ad
502 3025 546 3068 2.

415 4529 484 4574 Ad
513 4527 557 4578 2.

424 5174 495 5220 Ad
523 5177 565 5220 4.

653 330 784 396 404

653 488 850 580 mita,
893 471 1132 582 datum
1165 505 1395 565 autern
1427 495 1514 562 ad
1545 491 1882 560 naturalia
1917 512 1933 553 ε
1968 496 2033 556 et
2073 509 2205 553 me·

652 610 825 678 liora
864 617 1023 677 sunt
1051 608 1351 700 gratuita
1391 602 1817 672 naturalibus
1852 623 1866 666 :
1940 607 2005 666 et
2057 596 2205 663 ideo

655 719 825 786 ratio
858 718 1019 786 doni
1048 717 1266 806 magis
1297 713 1622 803 competit
1669 711 1929 799 optimo
1988 705 2206 772 dono·

657 849 806 894 rum
851 826 1192 907 omnium
1234 844 1439 915 quam
1471 821 1644 902 ratio
1684 816 1850 900 dati..

744 935 1094 1001 omas-num
1135 951 1295 1018 ergo
1339 927 1423 993 ad
1455 927 1778 1015 primum,
1842 918 2025 1009 quod
2081 917 2209 983 do-
2245 973 2248 976 .

657 1063 823 1109 num
864 1046 930 1107 et
958 1038 1192 1104 datum
1236 1057 1373 1102 non
1424 1039 1692 1098 tantum
1733 1026 2052 1094 disserunt
2089 1046 2208 1113 per

655 1147 1030 1239 potentiam
1063 1152 1128 1229 et
1157 1150 1412 1226 aetum,
1443 1136 1561 1224 sed.
1590 1137 1799 1220 etiam
1833 1129 2206 1212 rationibus

654 1245 873 1323 (lictis.
912 1241 917 1245 ¹

743 1362 1106 1436 Praeterea,
1151 1356 1276 1424 Illa
1303 1354 1610 1445 potentia
1652 1372 1804 1441 quoe
1845 1355 1944 1416 est
1984 1348 2050 1412 in
2091 1344 2208 1412 do-

654 1492 769 1545 no,
804 1467 978 1535 sicut
1017 1466 1180 1534 dicit
1209 1462 1557 1551 Magister,
1593 1480 1732 1525 non
1765 1464 1867 1524 est
1908 1453 2209 1544 potentia

657 1584 964 1667 respectu
1007 1573 1195 1650 doni,
1240 1571 1371 1639 hoc
1412 1578 1535 1649 est,
1573 1566 1756 1658 quod
1812 1561 2071 1654 aliquid
2123 1561 2210 1627 sit

654 1686 976 1755 deficiens
1027 1683 1109 1751 de
1166 1680 1580 1774 perfectione
1647 1675 1834 1753 doni,
1897 1671 2014 1739 sed
2110 1676 2243 1737 est.

653 1803 917 1862 tantum
986 1796 1294 1881 respectu
1351 1794 1541 1855 actus
1601 1782 1686 1850 ad
1752 1781 2063 1855 alterum,
2139 1776 2205 1844 id

653 1910 776 1982 est,
851 1901 936 1969 ad
994 1898 1433 1990 recipientem
1495 1895 1692 1961 istam
1759 1885 2205 1978 comparatio·

654 2033 812 2080 nem
848 2030 865 2077 ε
911 2017 977 2077 et
1017 2005 1168 2074 ideo
1210 2004 1322 2072 ille
1363 2009 1553 2070 actus
1611 2000 1725 2090 qui
1793 1994 2211 2087 significatur

655 2122 725 2188 in
790 2117 1010 2197 dato,
1049 2137 1188 2183 non
1243 2119 1344 2181 est
1397 2118 1474 2178 ut
1528 2107 1656 2176 sibi
1698 2103 2093 2181 adveniens,
2136 2103 2209 2168 in

655 2249 793 2318 quo
824 2223 1079 2293 scilicet
1119 2224 1345 2313 ipsum
1395 2218 1655 2286 donum
1706 2212 2036 2282 etticiatur
2099 2208 2207 2276 vel

658 2333 1050 2426 perficiatur
1107 2330 1175 2398 in
1242 2337 1446 2396 actu:
1526 2323 1645 2393 sed
1701 2322 1930 2413 potius
1968 2319 2039 2386 in
2069 2338 2204 2408 quo

661 2465 783 2535 per
835 2442 1059 2532 ipsum
1117 2437 1378 2505 donum
1433 2432 1824 2523 perficiatur
1880 2426 2207 2516 recipiens

660 2553 909 2642 ipsum.
960 2546 1156 2617 Unde
1204 2544 1321 2612 ina
1375 2540 1668 2630 objectio
1726 2559 1863 2605 non
1902 2532 2208 2626 procedit

656 2658 785 2727 nisi
825 2657 908 2726 de
950 2653 1273 2747 potentiis
1329 2646 1754 2718 naturalibus
1820 2666 1974 2736 quae
2013 2640 2210 2732 perti-

657 2768 931 2835 ciuntur
965 2763 1109 2832 suis
1148 2758 1408 2829 actibus
1466 2751 1987 2824 advenientibus
2051 2746 2204 2826 sibi,

663 2876 750 2946 ad
795 2895 970 2967 quos
1001 2869 1210 2941 etiam
1251 2866 1703 2935 diffiniuntur.

756 2983 857 3050 Ao
912 3001 1112 3048 auco
1150 2974 1541 3049 dicendum,
1603 2968 1790 3062 quod
1844 2973 2034 3036 actus
2094 2966 2208 3056 qui

662 3101 762 3162 est
793 3091 1026 3158 tormoe
1055 3083 1400 3179 perfectio,
1445 3079 1743 3150 nobilior
1780 3085 1880 3145 est
1910 3073 2211 3165 potentia

663 3209 727 3270 et
801 3193 1202 3269 habitudine
1258 3190 1408 3260 tatis
1464 3187 1808 3280 potentia»,
1903 3190 1968 3252 et
2058 3178 2212 3249 talis

664 3317 852 3376 actus
881 3325 1021 3371 non
1051 3323 1126 3370 se
1155 3296 1411 3367 habent
1458 3294 1717 3364 donum
1788 3298 1855 3359 et
1912 3289 2146 3357 datum
2187 3306 2204 3354 ε

662 3415 781 3485 sed
807 3412 1037 3505 potius
1065 3409 1327 3479 donum
1385 3410 1488 3474 est
1544 3402 1691 3493 ipsa
1729 3420 2000 3486 summa
2056 3418 2214 3486 per-

665 3523 890 3601 fectio,
924 3527 990 3590 et
1020 3525 1212 3588 actus
1240 3512 1446 3583 dandi
1474 3511 1591 3603 qui
1621 3514 2073 3600 exspectatur,
2113 3509 2215 3571 est

661 3738 1090 3832 suscipientis
1127 3736 1350 3826 ipsum
1399 3730 1657 3799 donum
1726 3724 1810 3792 ad
1850 3722 1952 3790 sui
1994 3720 2216 3812 perse-

663 3850 958 3920 ctionem
1009 3867 1026 3913 t
1088 3843 1144 3911 si
1206 3841 1389 3909 enim
1457 3834 1806 3904 adveniret
1860 3830 1973 3898 itte
2025 3836 2214 3896 actus

665 3957 846 4025 dono
887 3961 959 4022 ut
992 3948 1342 4043 potentiae‚
1378 3947 1721 4035 oporteret
1751 3936 1935 4031 quod
1989 3942 2215 4004 muta-

667 4074 766 4135 ret
802 4060 1058 4155 aliquid
1100 4060 1171 4128 in
1211 4056 1352 4134 ilto,
1414 4051 1599 4146 quod
1657 4057 1755 4117 est
1815 4044 2207 4115 absurdum.

668 4168 860 4242 l’nde
898 4192 1022 4263 per
1086 4166 1312 4260 ipsum
1353 4161 1574 4252 magis
1619 4156 1894 4227 advenit
1957 4153 2211 4221 donum

664 4280 749 4349 ad
779 4278 1286 4369 suscipientem,
1330 4280 1393 4338 et
1427 4274 1642 4337 mutat
1686 4267 1907 4356 ipsum
1953 4262 2021 4329 in
2068 4283 2214 4328 me-

665 4389 820 4458 lius.

762 4494 867 4563 Αυ
903 4513 1102 4561 mvn
1139 4485 1527 4561 dicendum,
1564 4479 1747 4574 quod
1777 4479 1932 4548 licet
1991 4479 2058 4544 in
2100 4498 2218 4543 no-

671 4604 775 4672 bis
813 4601 1321 4694 distinguantur
1355 4593 1651 4686 gratuita
1680 4613 1720 4656 a
1766 4582 2212 4666 naturatibus,

668 4724 896 4783 tamen
925 4709 997 4777 in
1030 4702 1172 4776 Deo
1227 4703 1429 4772 dante
1461 4721 1597 4768 non
1636 4703 1737 4765 est
1776 4694 1873 4763 sic
1910 4715 1925 4761 ε
1985 4693 2215 4759 omnia

671 4821 853 4888 enim
886 4816 1001 4884 dat
1031 4814 1102 4882 in
1131 4834 1272 4880 uno
1302 4809 1485 4877 dono
1517 4805 1813 4899 gratuito
1866 4799 2048 4892 quod
2117 4808 2215 4866 est

676 4927 973 5020 Spiritus
1003 4930 1306 4996 sanctus,
1348 4916 1520 4986 sicut
1550 4912 1752 4983 etiam
1782 4910 2014 4978 omnia
2064 4907 2214 4974 tacit

678 5060 816 5106 uno
855 5033 1067 5103 verbo
1098 5028 1284 5139 quod
1309 5035 1410 5096 est
1440 5023 1672 5091 Filius.

769 5147 874 5213 An
901 5163 1099 5212 Auen
1162 5134 1551 5211 dicendum,
1603 5127 1786 5221 quod
1842 5126 2025 5194 datio
2082 5146 2217 5193 non

679 5254 854 5325 cadit
884 5255 951 5321 in
992 5248 1396 5319 diffinitione
1426 5239 1587 5309 doni
1617 5234 1985 5305 secundum
2038 5233 2219 5325 quod

676 5360 1096 5434 convertitur
1118 5378 1274 5424 cum
1307 5352 1493 5430 dato,
1526 5352 1729 5438 prout
1760 5341 1867 5410 hic
1898 5344 2221 5433 accipitur

678 5495 715 5539 a
747 5469 1124 5560 Magistro:
1179 5460 1294 5530 sed
1336 5465 1534 5551 prout
1592 5461 1687 5521 est
1761 5473 2006 5519 nomen
2075 5451 2222 5517 uni-

675 5576 961 5657 versale,
1003 5581 1072 5643 et
1110 5564 1438 5640 abstrahit
1490 5587 1528 5630 a
1598 5563 1855 5628 ratione
1920 5557 2106 5642 doni,
2158 5569 2224 5629 et

674 5686 811 5755 dati
856 5706 873 5754 z
908 5690 975 5751 et
1012 5682 1109 5749 sic
1141 5698 1275 5746 non
1308 5671 1640 5763 sequitur,
1676 5667 1856 5758 quod
1885 5668 2118 5756 datum
2148 5679 2220 5737 ut

1691 321 1777 388 n.
1827 318 2024 405 ahu.
2079 312 2294 388 MAG.
2349 310 2554 388 om).
2608 309 2903 389 PRAED.

2289 480 2424 548 thic
2461 481 2942 572 significatum,
2995 480 3179 568 prius
3217 479 3577 545 conveniat
3637 479 3855 568 Spiri-

2314 591 2407 655 tui
2459 597 2689 672 sancto
2732 610 2936 678 quam
2970 586 3253 654 donum.

2739 1037 3240 1107 Att't‘tctJLUs
3294 1041 3411 1108 111.

2312 1246 2418 1310 An
2467 1246 2831 1335 proprium
2916 1247 3006 1312 sil
3070 1247 3376 1337 Spiritui
3436 1257 3668 1314 sanclo
3723 1269 3858 1313 esse

2925 1353 3245 1421 domem?

2400 1679 2657 1748 Deinde
2699 1679 3019 1767 objicitur
3047 1704 3248 1771 super
3307 1682 3605 1771 primum
3663 1685 3853 1772 prin-

2311 1787 2560 1876 cipium
2594 1790 2813 1878 quarti
2839 1788 3113 1878 capituli
3139 1789 3222 1870 D,
3250 1790 3364 1867 ibi,
3395 1818 3428 1853 «
3456 1793 3638 1875 Quia
3654 1792 3857 1881 spiri-

2311 1903 2420 1961 tus
2455 1905 2730 1963 sanctus
2758 1907 2821 1963 el
2851 1896 3106 1963 donum
3165 1897 3444 1972 dicitnr,
3481 1910 3546 1965 e!
3613 1899 3854 1965 (latum

2308 2006 2447 2073 sive
2476 2006 2832 2086 donatum,
2867 2014 2993 2075 etc.
3041 2033 3074 2072 ιι

2404 2115 2463 2179 1.
2498 2112 2596 2180 Ex
2620 2112 2747 2183 hoc
2767 2116 2950 2182 enim
2983 2116 3251 2184 videtur
3293 2116 3624 2209 Magister
3650 2119 3850 2196 velle,

2311 2220 2496 2311 quod
2538 2224 2887 2312 proprium
2929 2226 3017 2291 sit
3074 2222 3356 2314 Spiritui
3398 2237 3633 2295 sancto
3674 2227 3850 2317 quod

2311 2327 2566 2395 donum
2600 2339 2721 2397 est.
2761 2329 2894 2397 Seu
2922 2353 3176 2398 cosma
3220 2356 3235 2399 :
3294 2332 3492 2402 Ratio
3543 2334 3703 2403 doni
3757 2336 3852 2399 vi·

2309 2435 2507 2502 detur
2543 2460 2687 2504 esse
2718 2460 3139 2529 consequens
3170 2442 3504 2509 rationem
3557 2442 3703 2530 ejus
3733 2443 3847 2533 qui

2309 2547 2658 2633 processit.
2696 2544 3058 2614 l'nonmo.
3092 2547 3194 2614 Ex
3238 2571 3319 2617 eo
3382 2548 3581 2618 babet
3652 2551 3850 2618 ratio·

2311 2673 2465 2718 nem
2498 2650 2682 2731 doni,
2717 2655 2877 2743 quia
2917 2656 3242 2744 processit
3281 2664 3350 2724 ut
3389 2680 3586 2726 amor
3629 2680 3644 2725 ε
3687 2680 3847 2748 ergo

2313 2761 2599 2841 videtur,
2634 2763 2813 2854 quod
2857 2764 2943 2831 sit
3007 2788 3372 2834 commune
3431 2789 3850 2858 consequens

2311 2869 2535 2958 potius
2565 2892 2768 2959 quam
2799 2894 2944 2939 esse
2983 2873 3356 2963 proprium.

2398 2978 2462 3042 2.
2502 2976 2572 3043 Si
2603 2976 2810 3055 dicas,
2855 2977 3043 3069 quod
3097 2989 3197 3048 est
3244 3003 3693 3074 consequens,
3737 2982 3850 3050 scd

2316 3084 2688 3174 proprium,
2726 3109 2864 3153 non
2893 3109 3278 3156 commune.
3304 3089 3569 3158 Conna
3603 3112 3619 3156 ε
3650 3090 3852 3158 Filius

2312 3193 2516 3261 etiam
2574 3194 2900 3284 processit
2952 3203 3027 3263 ut
3067 3197 3179 3287 qui
3221 3198 3361 3265 dari
3404 3200 3641 3289 possit,
3684 3201 3850 3268 sicut

2313 3300 2559 3369 dicitur
2596 3304 2662 3369 in
2704 3305 2963 3371 Littera
3014 3305 3081 3372 in
3138 3304 3264 3374 hac
3311 3305 3545 3375 eadem
3608 3307 3891 3375 distin--

2314 3408 2536 3476 ctione
2597 3430 2615 3475 :
2673 3431 2837 3500 ergo
2897 3410 3070 3478 ratio
3125 3411 3282 3479 doni
3342 3421 3443 3482 est
3488 3436 3852 3483 commune

2315 3536 2761 3605 consequens,
2792 3525 2857 3584 et
2897 3539 3036 3585 non
3066 3520 3440 3609 proprium.

2405 3621 2470 3687 3.
2525 3620 2717 3703 ltem,
2767 3621 2859 3690 Ea
2897 3646 3050 3714 quae
3109 3627 3380 3718 propria
3426 3636 3585 3695 sunt
3629 3650 3856 3718 perso·

2317 3750 2557 3796 narum
2590 3730 2653 3795 in
2686 3730 2948 3798 actibus
2973 3731 3443 3822 personatibus
3472 3734 3855 3825 signitiran·

2317 3847 2452 3915 tur,
2509 3844 2581 3903 ut
2634 3860 2789 3905 cum
2831 3838 3101 3918 dicitur,
3161 3840 3362 3909 Pater
3408 3851 3683 3932 generat
3746 3841 3856 3908 Fi-

2318 3941 2512 4021 lium,
2540 3956 2821 4033 qeueml
2849 3948 3313 4039 consignificat
3356 3950 3851 4040 paternitatem,

2317 4060 2381 4118 et
2448 4075 2771 4142 generare
2812 4054 3212 4124 filiationem
3269 4080 3284 4124 :
3344 4080 3507 4149 ergo
3562 4058 3852 4137 videtur,

2317 4160 2501 4249 quod
2528 4162 2749 4227 siesse
2780 4162 3036 4230 donum
3072 4165 3415 4255 proprium
3448 4165 3534 4232 sit
3566 4165 3856 4258 Spiritus

2324 4269 2565 4337 sancti.
2634 4269 2815 4359 quod
2895 4272 3150 4361 possim
3219 4271 3464 4351 dicere,
3536 4271 3738 4340 Pater
3792 4281 3855 4339 et

2323 4370 2528 4438 Filius
2584 4373 2667 4440 ab
2706 4384 2959 4443 :eterno
2998 4377 3252 4445 donant
3314 4377 3641 4470 Spiritum
3699 4401 3858 4445 san-

2320 4488 2503 4548 ctum
2568 4504 2582 4548 :
2654 4491 2765 4552 aut
2829 4508 2993 4575 ergo
3059 4485 3312 4554 donant
3380 4486 3507 4554 sibi
3567 4487 3854 4555 invicem

2323 4586 2678 4677 Spiritum,
2731 4599 2845 4659 aut
2904 4592 3055 4659 atiis
3109 4616 3126 4661 ε
3170 4615 3304 4661 uon
3355 4592 3480 4661 sibi
3543 4593 3856 4671 invicem,

2321 4695 2482 4786 quia
2523 4694 2652 4765 hoc
2683 4710 2970 4788 negatur
2997 4698 3104 4768 hic
3137 4702 3203 4769 in
3247 4704 3532 4786 Littera,
3574 4710 3637 4769 et
3675 4701 3860 4769 indi-

2323 4804 2622 4893 gentiam
2654 4805 3062 4898 signiticaret
3098 4832 3112 4874 τ
3150 4833 3272 4877 nec
3310 4809 3459 4876 aliis
3490 4807 3744 4876 donant
3775 4809 3859 4875 ab

2320 4922 2599 4994 aeterno,
2643 4918 2801 5007 quia
2840 4918 2952 4985 atii
2993 4942 3130 4986 non
3161 4925 3316 4987 sunt
3357 4940 3372 4987 ε
3430 4940 3593 5010 ergo
3644 4919 3862 5009 Spiri-

2324 5028 2432 5087 tus
2463 5042 2597 5089 non
2639 5030 2740 5088 est
2791 5020 3046 5089 donum
3096 5021 3391 5113 proprie,
3440 5021 3559 5091 sed
3612 5045 3861 5113 appro-

2322 5129 2562 5217 priate,
2605 5136 2679 5197 ut
2714 5129 3004 5199 videtur.

2423 5242 2487 5310 t.
2521 5239 2713 5320 Item,
2756 5238 2973 5306 Video
3026 5240 3092 5305 in
3137 5238 3286 5306 aliis
3328 5240 3641 5329 propriis,
3685 5236 3864 5329 quod

2328 5373 2464 5416 non
2489 5355 2747 5416 tantum
2782 5369 2915 5413 non
2941 5347 3351 5413 conveniunt
3381 5345 3492 5413 alii
3528 5369 3860 5437 person&

2326 5457 2440 5527 sed
2474 5459 2673 5525 etiam
2718 5454 2899 5546 quod
2941 5477 3312 5546 numquam
3373 5465 3653 5546 possunt
3695 5479 3866 5524 con-

2327 5565 2556 5633 venire
2602 5586 2616 5628 ;
2654 5562 2864 5630 Filius
2902 5563 3083 5631 enim
3143 5584 3264 5631 nec
3319 5572 3420 5631 est
3476 5562 3702 5647 Pater,
3746 5584 3867 5630 nec

2327 5681 2552 5765 potest
2605 5693 2931 5763 umquam
2984 5692 3130 5739 esse
3182 5670 3408 5751 Pater,
3456 5693 3584 5740 nec
3620 5693 3658 5740 e
3709 5692 3866 5739 con-
