4897 6388
683 417 1012 507 competit
1076 414 1433 504 aequivoco
1478 431 1704 500 :sergo
1769 405 2243 497 ipsumaequi-

662 508 857 592 nvoce
897 522 1145 591 dicitur
1173 521 1257 589 de
1280 510 1450 586 illis.
1526 514 1540 526 ’
2003 514 2007 520 ’

781 634 916 703 SED
945 656 1249 702 CONTRA:
1292 631 1453 697 Etsi
1504 633 1666 692 sunt
1725 621 1852 718 qui
1919 619 2241 685 dicantur.

687 744 795 812 dii
831 768 857 813 .·
890 730 1134 817 Glossa
1175 736 1399 829 addit,
1424 727 1952 822 'participatione
1989 725 2236 791 divini-

680 853 865 921 tatis.

658 932 665 941 ’
773 961 832 1024 1.
884 955 1351 1037 Quaeeumque
1423 952 1651 1011 autem
1715 962 1932 1007 unum
1981 936 2236 1006 habent

662 1050 934 1132 ⁴nomen
1000 1054 1526 1150 participatione
1602 1050 1908 1140 ejusdem
1975 1055 2231 1114 naturae

674 1169 1089 1250 communis,
1123 1173 1287 1234 sunt
1315 1163 1610 1229 univoca
1653 1182 1668 1226 ε
1702 1180 1864 1247 ergo
1894 1156 2080 1223 Deus
2130 1161 2230 1220 est

670 1279 1046 1345 univocum
1076 1273 1164 1342 ad
1195 1273 1417 1339 Deum
1449 1265 1894 1342 substantive,
1930 1268 1996 1329 et
2022 1260 2229 1349 adop-

660 1384 834 1465 tive,
877 1395 945 1455 et
974 1379 1440 1470 nuncupative
1470 1375 1749 1442 dictum.

760 1497 826 1562 2.
860 1494 1061 1570 Item,
1095 1488 1562 1577 AEquivocum
1594 1503 1732 1547 non
1770 1478 1965 1569 ponit
1996 1498 2227 1566 respe—

662 1592 855 1671 ¹ctum
897 1599 1331 1668 diversorum
1371 1590 1456 1658 ad
1486 1612 1696 1657 unam
1736 1595 2048 1661 naturam
2106 1607 2224 1674 per

609 1691 615 1696 ’
663 1708 1120 1797 intentionem
1181 1700 1483 1771 nominis
1527 1721 1542 1764 :
1589 1698 1702 1787 qui
1774 1694 1955 1762 enim
2003 1691 2224 1759 nomi-

272 3428 277 3432 ’
322 3526 336 3547 “
369 3450 573 3502 soi-ao.

666 1817 861 1887 navit
890 1837 1133 1886 canem
1174 1812 1363 1880 sidus
1394 1805 1690 1886 coeleste,
1742 1825 1880 1870 non
1927 1801 2223 1892 respexit

666 1924 751 1991 ad
792 1923 1096 2012 aliquam
1145 1915 1634 2007 proprietatem
1668 1918 1924 1976 naturae
1977 1905 2163 1974 canis
2197 1926 2213 1972 :

665 2041 734 2099 et
797 2027 1114 2111 similiter
1190 2024 1308 2114 qui
1375 2016 1760 2087 nominavit
1811 2015 2068 2105 piscem
2098 2034 2218 2080 ca-

670 2138 883 2207 nem:
919 2156 1083 2226 ergo
1126 2130 1418 2200 intentio
1458 2122 1870 2194 instituentis
1908 2121 2218 2211 aequivo-

665 2267 824 2315 eum
864 2263 1002 2312 non
1033 2237 1330 2330 respexit
1373 2234 1554 2302 idem
1584 2228 1751 2299 illud
1805 2250 1960 2298 cum
2021 2227 2219 2295 insti-

661 2352 793 2421 tuit
867 2346 1272 2423 secundum,
1338 2340 1425 2409 ad
1488 2337 1673 2431 quod
1728 2336 2011 2427 respexit
2058 2355 2213 2402 cum

662 2457 959 2527 instituit
988 2462 1064 2522 ut
1090 2459 1348 2521 nomen
1389 2455 1567 2518 esset
1592 2444 1839 2536 prioris
1880 2466 1896 2511 :
1959 2450 2022 2509 et
2063 2440 2213 2509 ideo

657 2563 945 2632 Boetius
1004 2566 1206 2628 vocat
1272 2555 1434 2623 talia
1487 2552 1833 2643 aequivoca
1869 2572 1913 2617 a
1951 2570 2115 2617 casu
2153 2558 2216 2615 et

661 2674 956 2764 fortuna
997 2691 1021 2736 .·
1050 2665 1170 2735 sed
1202 2666 1565 2755 imponens
1594 2681 1846 2728 nomen
1874 2655 2056 2726 idolo
2095 2654 2215 2724 ha-

658 2777 774 2847 bet
806 2785 1190 2867 respectum
1229 2769 1315 2840 ad
1347 2791 1563 2838 unum
1603 2766 1788 2858 quod
1815 2772 1918 2834 est
1977 2766 2215 2856 provi-

661 2884 821 2953 dere
860 2891 928 2951 et
983 2880 1361 2961 continere,
1405 2899 1445 2944 a
1502 2896 1637 2966 qua
1675 2873 1934 2941 ratione
2009 2873 2212 2940 etiam

659 2990 848 3060 Deus
879 2987 1307 3057 substantive
1338 2982 1588 3051 dicitur
1621 2979 1806 3048 Deus
1846 2999 1863 3046 z
1909 2999 2071 3070 ergo
2101 2977 2213 3044 vi-

661 3099 885 3179 detur,
928 3095 1114 3189 quod
1142 3093 1330 3162 Deus
1357 3113 1495 3159 non
1525 3090 1871 3181 aequivoce
1898 3087 2086 3157 Deus
2112 3085 2213 3154 di-

661 3217 815 3279 catu
826 3230 879 3276 r.

755 3419 1067 3489 Sonmio.
1137 3414 1552 3492 Dicendum,
1621 3410 1805 3503 quod
1878 3409 2016 3478 duo
2054 3417 2214 3477 suut

661 3524 1074 3596 attendenda
1135 3524 1209 3593 in
1264 3522 1571 3599 nomine,
1649 3518 1904 3588 scilicet
1991 3515 2210 3585 forma

647 3634 805 3703 'sive
839 3633 1013 3702 ratio
1050 3655 1090 3701 a
1120 3653 1258 3725 qua
1288 3628 1666 3720 imponitur
1699 3649 1715 3694 ε
1772 3634 1841 3695 et
1896 3622 2063 3692 illud
2099 3624 2208 3692 cui

657 3740 1037 3832 imponitur
1080 3762 1097 3808 ε
1136 3748 1202 3808 et
1240 3736 1390 3805 haec
1427 3742 1762 3804 vocantur
1813 3754 1852 3800 a
1925 3730 2206 3823 quibus·

655 3850 814 3920 dam
870 3846 1361 3940 significatum,
1431 3851 1498 3912 et
1557 3841 1987 3933 suppositum
2059 3861 2076 3906 ε
2169 3860 2209 3906 a

634 3956 1137 4030 'Grammaticis
1190 3964 1422 4023 autem
1491 3960 1824 4021 vocantur
1886 3947 2201 4040 qualitas,

650 4077 717 4138 et
753 4063 1137 4135 substantia
1179 4084 1196 4130 :
1232 4061 1384 4130 etsi
1415 4057 1847 4128 attendamus
1884 4056 1951 4125 id
1983 4080 2022 4125 a
2064 4079 2202 4147 quo

649 4175 1055 4268 imponitur,
1096 4169 1230 4240 hoc
1268 4177 1396 4249 est,
1428 4165 1855 4250 attributum,
1897 4164 2005 4234 vel
2061 4164 2201 4233 for-

650 4308 837 4356 mam
867 4286 970 4372 (ut
996 4280 1091 4349 ita
1119 4278 1321 4349 liceat
1351 4277 1569 4370 loqui,
1602 4277 1762 4368 quia
1793 4278 1861 4344 in
1891 4274 2037 4344 Deo
2057 4273 2203 4343 sor-

649 4415 766 4461 ma
792 4411 935 4459 non
972 4387 1099 4477 est)
1129 4395 1295 4454 tunc
1332 4393 1435 4453 est
1474 4407 1727 4453 nomen
1759 4382 2196 4475 operationis.

651 4500 727 4570 Si
757 4507 989 4568 autem
1028 4492 1467 4564 attendamus
1522 4493 1977 4584 suppositum,
2018 4490 2203 4560 scili·

617 4601 778 4691 ”cet,
810 4606 917 4675 cui
950 4603 1329 4693 imponitur
1357 4608 1425 4667 et
1462 4599 1646 4691 quod
1693 4598 2040 4690 supponit,
2099 4608 2200 4665 est

646 4733 901 4784 nomen
943 4719 1202 4779 naturae
1264 4728 1281 4775 ε
1344 4715 1411 4774 ct
1449 4708 1545 4774 sic
1583 4713 1764 4799 patet
1820 4703 2071 4773 solutio
2115 4703 2197 4771 ad

643 4830 939 4916 quatuor
986 4817 1426 4887 auctoritates
1504 4812 1959 4882 Sanctorum:
2038 4813 2198 4903 quia

611 4904 1053 4998 ²Ambrosius
1084 4922 1392 5014 loquitur
1429 4921 1655 5013 quoad
1715 4920 1843 4989 hoc
1900 4921 2004 4988 cui
2066 4920 2200 4987 im-

582 5077 587 5082 ·
642 5038 981 5132 ponitur:
1034 5032 1148 5101 alii
1206 5038 1614 5099 autem'tres
1652 5029 1879 5121 quoad
1935 5028 2101 5097 illud
2158 5051 2198 5096 a

344 5299 562 5353 mmm·
618 5369 1042 5458 'imponatur
1100 5355 1187 5427 ab
1246 5357 1670 5452 operatione,
1738 5357 1912 5423 sicut
1967 5362 2031 5421 et
2064 5351 2194 5420 alia

645 5170 781 5240 quo
824 5142 1225 5235 imponitur.

735 5256 1070 5324 Sinonem
1110 5249 1465 5342 quaeritur,
1510 5247 1681 5316 Cum
1725 5246 1903 5315 istud
1946 5268 2193 5314 nomen

643 5470 984 5567 quaedam,
1027 5487 1237 5558 quare
1281 5463 1463 5531 istud
1518 5465 1744 5553 potius
1783 5461 2029 5530 dicitur
2065 5483 2197 5529 no-

643 5601 800 5651 men
839 5583 1103 5646 naturae
1144 5593 1354 5664 quam
1395 5568 1554 5654 alia,
1596 5592 1752 5639 cum
1791 5569 1921 5638 alia
1989 5568 2190 5639 ctiam

1367 188 1373 196 ⁵
1476 289 1523 349 .·
1682 185 1777 304 n}
1814 226 2039 345 ΑΙΑΒ..Δ
2069 186 2310 331 MAG„

2339 186 2543 303 onn.
2593 183 2889 303 PRAEn.
2985 284 2997 295 ,

2340 406 2780 493 imponantur
2808 412 3066 473 naturae
3103 402 3257 483 Dei,
3301 400 3475 470 sicut
3531 406 3598 466 et
3629 399 3885 481 istud?

2326 504 2742 590 Dicendum,
2789 508 2986 599 'quod
3045 511 3221 578 istud
3298 531 3578 584 nomen,
3665 500 3875 585 Deus,

2340 611 2713 700 imponitur
2749 612 2833 679 ab
2874 608 3193 702 operibus
3242 637 3396 704 quae
3452 634 3573 703 per
3630 632 3700 677 se
3740 633 3876 677 non

2339 722 2754 786 conveniunt
2784 721 2912 785 nisi
2955 719 3147 785 Deo:
3220 722 3393 788 sieut
3445 727 3605 786 sunt
3674 741 3878 807 opera

2336 827 2733 897 universalis
2781 826 3246 918 providentiae,
3291 837 3359 896 et
3414 829 3871 903 continentiae,

2335 946 2404 1005 et
2433 936 2841 1027 impletionis
2874 959 3096 1004 rerum
3132 958 3147 1002 t
3185 943 3252 1004 et
3282 937 3443 1026 quia
3473 937 3602 1002 ista
3641 958 3875 1003 secun-

2332 1045 2493 1113 dum
2526 1069 2596 1112 se
2643 1070 2781 1113 non
2821 1046 3239 1115 conveniunt
3308 1044 3437 1111 nisi
3501 1043 3673 1120 De0,
3722 1044 3868 1110 ideo

2332 1172 2450 1239 per
2487 1152 2664 1219 istud
2700 1155 2924 1243 potius
2963 1154 3358 1221 nominatur
3393 1158 3639 1219 natura
3697 1150 3868 1216 divi-

2328 1278 2440 1337 na,
2485 1279 2687 1347 quam
2719 1280 2837 1348 per
2865 1257 3017 1325 alia.

2415 1367 2518 1432 An
2565 1389 2759 1434 Αιιυι)
2799 1366 3185 1449 dicendum,
3228 1366 3594 1459 quodlicet
3635 1366 3864 1434 nomi-

2327 1497 2565 1543 nemus
2597 1477 2817 1566 ipsum
2848 1475 2931 1542 ab
2971 1476 3502 1566 operationibuS,
3560 1499 3700 1543 non
3756 1484 3863 1542 ta-

2325 1606 2483 1651 men
2513 1592 2669 1652 sunt
2697 1583 3000 1673 ejusdem
3040 1586 3322 1653 rationis
3379 1585 3806 1674 operationes
3841 1606 3856 1652 ε

2323 1691 2482 1779 quia
2558 1690 2868 1780 quaedam
2934 1714 3058 1781 per
3112 1713 3183 1759 se
3252 1713 3390 1758 non
3446 1691 3863 1759 conveniunt

2321 1797 2450 1864 nisi
2485 1797 2609 1864 sibi
2654 1820 2669 1865 :
2724 1796 3037 1889 quaedam
3084 1805 3312 1866 autem
3359 1820 3478 1889 per
3521 1820 3593 1866 se
3645 1807 3710 1865 et
3747 1821 3865 1865 na-

2320 1905 2623 1973 turaliter
2647 1908 2850 1974 etiam
2880 1908 3296 1975 conveniunt
3326 1915 3677 1987 creaturae,
3712 1905 3865 1974 licet

2319 2034 2440 2102 per
2475 2016 2835 2103 posterius,
2880 2017 3037 2105 quia
3087 2014 3173 2083 ab
3215 2016 3362 2106 ipso
3409 2024 3477 2083 et
3513 2015 3599 2083 ad
3639 2017 3860 2105 ipsum

2320 2128 2477 2188 sunt
2518 2143 2534 2187 ε
2568 2122 2742 2190 sicut
2768 2122 2933 2203 vita,
2967 2122 3323 2213 sapientia.

2404 2334 2510 2401 An
2541 2357 2602 2400 m
2633 2334 2815 2425 quod
2860 2333 3143 2403 ulterius
3207 2335 3560 2425 quaeritur,
3607 2334 3851 2404 Utrum
3882 2377 3960 2424 Ad
3988 2386 4145 2436 queat
4169 2384 4208 2430 ‚‚

2318 2440 2635 2509 divinitas
2666 2444 2751 2510 sit
2780 2442 3177 2510 attributum
3218 2443 3785 2511 communicabile
3821 2445 3854 2510 ⁶?

2315 2546 2720 2627 Dicendum,
2756 2547 2938 2640 quod
2967 2550 3021 2616 si
3079 2550 3449 2641 accipiatur
3486 2550 3855 2640 providen-

2319 2658 2437 2736 tia,
2472 2667 2537 2724 et
2573 2659 3012 2738 continentia,
3056 2667 3120 2725 et
3174 2658 3482 2726 circuitio
3552 2669 3854 2748 respectu

2318 2765 2642 2850 universi,
2678 2766 2747 2833 in
2783 2763 2899 2833 illa
2928 2766 3189 2834 ratione
3219 2788 3359 2833 non
3389 2766 3517 2834 erit
3555 2789 3858 2834 commu-

2318 2873 2606 2942 nicabile
2649 2896 2666 2941 ε
2710 2874 2865 2943 licet
2901 2875 3082 2942 enim
3134 2875 3640 2966 praeexistcntes
3681 2876 3853 2954 aliis„

2318 2980 2428 3049 vel
2460 2983 2525 3049 in
2555 2982 2765 3073 gradu
2798 2982 3170 3075 dignitatis,
3205 2982 3313 3051 vel
3370 2985 3672 3074 potentia
3739 2986 3861 3052 mi-

2320 3090 2732 3175 raculorum,
2766 3092 2873 3161 vel
2911 3095 3151 3162 merito
3182 3095 3336 3161 vitae
3394 3091 3689 3161 habeant
3742 3095 3861 3161 ali-

2318 3223 2523 3291 quam
2606 3201 3102 3293 providentiam
3211 3211 3279 3270 et
3369 3204 3854 3271 continentiam

2319 3318 2623 3399 respectu
2687 3308 3002 3392 aliorum,
3072 3319 3301 3378 tamen
3383 3310 3703 3379 deficiunt
3787 3314 3855 3380 in

2316 3413 2583 3483 duobus
2638 3415 2722 3483 ad
2789 3417 3041 3495 minus,
3102 3415 3357 3485 scilicet
3412 3417 3478 3484 in
3529 3417 3855 3484 univcrsi-

2316 3532 2478 3602 tate,
2520 3533 2587 3592 et
2623 3526 2691 3592 in
2733 3524 2863 3594 hoc
2916 3526 3101 3616 quod
3168 3548 3308 3594 non
3374 3535 3732 3616 penetrant
3789 3536 3853 3593 ct

2316 3631 2598 3724 implent
2628 3633 2948 3702 interiora
2978 3633 3103 3712 rei,
3134 3633 3252 3701 sed
3283 3643 3441 3701 sunt
3485 3636 3677 3725 quasi
3731 3658 3854 3701 ex-

2314 3743 2600 3811 trinseca
2636 3764 2653 3808 :
2683 3752 2747 3810 et
2788 3742 2940 3811 ideo
2969 3741 3198 3835 quoad
3245 3741 3377 3811 hoe
3436 3750 3538 3810 est
3590 3745 3853 3811 incom-

2313 3847 2719 3916 municabile
2755 3872 2771 3918 :
2807 3848 2924 3918 sed
2954 3849 3179 3940 quoad
3231 3860 3420 3919 aetus
3478 3851 3547 3917 in
3606 3873 3851 3941 genere

2312 3965 2413 4023 est
2441 3956 3008 4026 communicabile
3052 3980 3068 4026 :
3102 3967 3167 4026 et
3200 3965 3366 4026 tunc
3403 3958 3651 4027 dicitur
3689 3982 3849 4049 par-

2312 4063 2679 4156 ticipative,
2710 4066 2884 4134 sicut
2911 4064 3072 4134 dicit
3112 4065 3355 4133 Glossa
3384 4075 3728 4156 praetacta.

2396 4281 2500 4349 An
2538 4304 2602 4349 m
2630 4278 2812 4371 quod
2844 4278 3126 4348 ulterius
3173 4279 3524 4370 quaeritur,
3585 4282 3643 4348 A
3712 4305 3846 4374 quo
3873 4289 3946 4336 Ad
3972 4298 4131 4348 qum
4154 4289 4202 4339 ²·

2309 4387 2616 4458 trahatur
2653 4410 2978 4457 uumerus
3029 4387 3534 4456 derivationum
3602 4413 3848 4458 secun-

2308 4497 2470 4566 dum
2541 4497 3096 4565 Damascenum?
3159 4493 3570 4579 Dicendum,
3667 4498 3845 4587 quod

2307 4602 2677 4672 secundum
2710 4602 3018 4671 ordinem
3041 4601 3127 4670 ad
3159 4610 3505 4671 creaturas
3536 4604 3663 4671 tria
3693 4615 3849 4671 sunt

2309 4712 2377 4778 in
2410 4711 2578 4793 Deo,
2620 4711 2873 4779 scilieet
2900 4712 3257 4803 sapientia,
3292 4712 3624 4802 potentia,
3659 4712 3848 4779 boni·

2307 4827 2433 4895 tas,
2479 4821 2618 4888 sive
2659 4821 2838 4888 bona
2885 4819 3254 4888 voluntas:
3307 4829 3372 4885 et
3420 4819 3574 4888 ticet
3621 4833 3850 4911 poten-

2307 4926 2400 4994 tia
2428 4929 2512 4995 sit
2545 4929 2761 5019 prima
2799 4927 3173 4996 secundum
3229 4929 3560 4996 rationem
3605 4929 3847 4995 inu-ni-

2306 5035 2536 5126 gendi,
2591 5038 2645 5103 si
2708 5037 2836 5104 ista
2893 5036 3018 5104 tria
3058 5036 3476 5125 accipiantur
3540 5036 3844 5102 absolute

2306 5141 2451 5208 sine
2525 5142 2758 5210 ordine
2816 5140 2900 5210 ad
2963 5150 3306 5208 creaturas
3352 5151 3502 5209 actu
3544 5144 3845 5210 existen-

2305 5253 2430 5324 tes,
2477 5257 2700 5315 tamen
2767 5245 3139 5314 secundum
3207 5245 3391 5337 quod
3449 5248 3532 5315 ad
3591 5246 3844 5338 guber-

2307 5357 2651 5425 nationem
2685 5357 2779 5424 rei
2809 5356 2997 5424 iactae
3029 5355 3435 5433 referuntur,
3505 5358 3692 5446 prius
3746 5366 3846 5425 cst

2308 5472 2496 5532 actus
2527 5466 2874 5555 sapientiae
2912 5463 3232 5543 videntiS,
3274 5471 3342 5531 et
3406 5466 3706 5533 secundo
3746 5476 3847 5534 est

2307 5580 2496 5641 actus
2527 5573 2841 5663 potentiae
2898 5570 3282 5662 circuientis
3338 5579 3404 5640 et
3436 5573 3846 5642 continentis

3981 1390 4093 1436 Ad.
