4897 6388
766 1475 948 1529 Quoest.
985 1480 1021 1520 1.

762 1906 942 1959 Quoest.
964 1910 1008 1957 2.

722 2977 818 3024 Sed
853 2988 1042 3031 eontra.

780 4500 961 4543 solutio

2073 338 2168 404 IN
2215 338 2244 404 l
2295 336 2720 405 SENTENT.
2771 332 3024 434 DIST4
3058 329 3219 420 XV,
3265 328 3340 394 F.
3982 322 3987 328 ’
4048 369 4107 446 ·.“

1092 502 1276 570 bitur
1315 505 1653 571 mentibus
1695 505 2037 572 fidelium:
2083 530 2237 572 cum
2288 529 2447 595 ergo
2498 528 2636 572 non

1091 613 1411 680 illabatur
1441 615 1568 680 nisi
1601 614 1926 713 immissa,
1961 615 2228 681 videtur
2267 615 2447 705 quod
2489 618 2633 703 ipsa

1095 722 1304 789 mittit
1338 745 1435 789 se.
1989 809 1992 810 7

1180 830 1243 893 2.
1300 828 1654 906 Praeterea,
1717 828 1951 919 Imago
1999 831 2340 898 Trinitatis
2398 838 2497 897 est
2561 832 2631 896 in

1089 938 1363 1005 anima:
1415 960 1576 1028 ergo
1643 939 1928 1016 videtur,
2001 940 2182 1029 quod
2232 927 2521 1006 Trinitas
2561 941 2631 1007 in

1088 1045 1205 1111 illa
1241 1047 1725 1135 cognoscitur:
1775 1056 1841 1114 et
1896 1049 2214 1137 cognosci
2272 1048 2342 1115 in
2390 1048 2630 1115 effectu

1089 1163 1322 1223 causat
1372 1157 1816 1224 missionem:
1877 1181 2038 1244 ergo
2096 1159 2385 1244 videtur,
2446 1159 2631 1249 quod

1089 1262 1380 1330 Trinitas
1412 1267 1635 1331 mittat
1671 1287 1766 1331 se.
2221 1271 2224 1274 ’

1185 1475 1508 1544 Uurssmus
1548 1498 1802 1571 quaero,
1866 1475 1938 1544 Si
2003 1477 2293 1545 Trinitas
2332 1477 2445 1545 dat
2496 1499 2569 1545 se
2597 1481 2629 1545 ’ἓ

1182 1581 1492 1665 Videtur,
1537 1584 1720 1672 quod
1770 1607 1953 1651 non:
2024 1586 2184 1675 quia
2242 1607 2377 1652 non
2425 1584 2630 1652 habet

1091 1688 1390 1780 aliquam
1430 1693 1895 1779 auctoritatem
1930 1702 2234 1783 respectu
2267 1695 2397 1761 sui.

1178 1899 1543 1980 Qua-:airon
1579 1902 1887 1988 ulterius,
1943 1902 2014 1970 Si
2062 1904 2262 1971 Pater
2313 1906 2519 1971 mittit
2556 1927 2628 1972 se

1083 2022 1153 2079 et
1191 2011 1519 2100 Spiritum
1550 2021 1885 2105 sanctum,
1919 2023 1984 2082 et
2031 2012 2328 2105 Spiritus
2354 2025 2626 2084 sanctus

1081 2120 1380 2187 mittitse
1403 2127 1470 2187 et
1501 2119 1744 2187 Filium
1773 2121 2144 2189 secundum
2176 2123 2616 2213 supradicta:

1079 2234 1309 2293 utrum
1362 2226 1712 2317 pluraliter
1764 2251 2040 2319 possum
2097 2229 2394 2298 inferre:
2460 2253 2622 2321 ergo

1084 2329 1286 2399 Pater
1314 2342 1382 2400 et
1396 2332 1605 2400 Filius
1635 2343 1701 2401 et
1730 2332 2023 2425 Spiritus
2050 2345 2324 2404 sanctus
2346 2336 2621 2403 mittunt

1080 2437 1326 2506 Filium
1357 2448 1424 2507 et
1456 2439 1785 2530 Spiritum
1808 2451 2114 2510 sanctum
2141 2445 2176 2511 ⁴?

1166 2546 1477 2632 Videtur,
1520 2549 1706 2640 quod
1737 2552 1834 2619 sic
1865 2571 1881 2619 t
1919 2553 2080 2642 quia
2107 2551 2450 2643 singulare
2496 2574 2622 2642 ge-

1075 2655 1412 2723 minatum
1452 2656 1650 2724 infert
1702 2681 1902 2726 suum
1956 2659 2258 2751 plurale:
2317 2661 2383 2727 in
2430 2682 2614 2751 prae-

1077 2761 1304 2829 missis
1333 2770 1558 2831 autem
1591 2766 2026 2856 geminantur
2057 2766 2436 2860 singulares
2462 2769 2620 2834 mis-

1072 2870 1350 2940 siones:
1395 2894 1559 2962 ergo
1607 2874 1809 2942 infert
1854 2873 2133 2965 plurale.

1163 2976 1297 3044 Sao
1341 3001 1591 3047 ona-rm
1633 3001 1650 3047 ε
1711 2980 1880 3048 Cum
1936 2982 2112 3066 dico,
2167 2983 2367 3052 Pater
2409 2985 2618 3053 mittit

1069 3083 1318 3153 Filium
1350 3095 1417 3153 et
1449 3087 1781 3179 Spiritum
1820 3099 2160 3176 sanctum,
2194 3094 2261 3160 in
2291 3096 2617 3185 supposi-

1063 3199 1135 3259 to
1175 3193 1360 3262 verbi
1400 3204 1673 3263 notatur
1727 3203 2091 3269 auctoritas
2134 3212 2437 3293 respectu
2493 3228 2615 3295 ap-

1067 3302 1294 3389 positi.
1330 3309 1396 3370 et
1425 3304 1627 3373 etiam
1678 3311 1980 3399 operatio
2026 3312 2305 3381 etl'ectus
2358 3333 2617 3382 conno-

1061 3408 1179 3472 tati
1225 3431 1241 3475 ε
1284 3432 1440 3477 cum
1480 3420 1705 3479 autem
1745 3413 1922 3496 dico,
2013 3418 2222 3486 Filius
2288 3421 2490 3489 mittit
2540 3441 2611 3484 se

1060 3528 1124 3584 et
1176 3520 1505 3609 Spiritum
1572 3535 1908 3604 sanctum,
1979 3528 2080 3595 vel
2158 3555 2195 3597 e
2251 3555 2609 3630 conve-rm,

1066 3648 1200 3691 nnn
1269 3654 1538 3721 senilia-r
1593 3636 1810 3701 notari
1877 3645 2096 3726 potest
2160 3643 2526 3710 auctoritas
2589 3660 2605 3706 ε

1072 3764 1235 3823 ergo
1268 3740 1333 3806 in
1376 3740 1506 3807 alia
1547 3750 1610 3808 et
1648 3742 1778 3809 alia
1848 3745 2105 3812 ratione
2161 3750 2488 3838 accipitur
2544 3750 2609 3841 ly

1068 3847 1256 3911 mim
1294 3868 1309 3913 :
1345 3847 1459 3913 secl
1491 3847 1679 3936 plura
1709 3849 1883 3917 dicta
1922 3854 2270 3942 aequivoce
2318 3879 2456 3924 non
2500 3859 2610 3926 in-

1067 3955 1287 4021 ferunt
1320 3954 1591 4046 aliquod
1627 3957 1883 4046 plurale
1927 3980 1944 4028 ε
1989 3985 2124 4028 non
2157 3967 2337 4032 enim
2371 3971 2608 4058 sequi-

1067 4071 1198 4133 tur.
1245 4061 1371 4127 tm‹·.
1411 4073 1507 4129 est
1539 4066 1724 4132 ranis
1773 4068 2096 4147 marinus,
2149 4080 2216 4137 et
2257 4073 2550 4144 coetostis
2584 4101 2600 4148 ε

1063 4196 1227 4255 ergo
1259 4182 1410 4238 suut
1450 4172 1591 4239 lia-‹-
1623 4198 1822 4241 rant-s
1857 4199 2060 4265 :vrgo
2082 4180 2368 4252 vide-tur.
2420 4188 2601 4275 quud

1066 4302 1201 4344 nnn
1240 4302 1510 4368 psi-suin
1557 4283 1797 4349 inferre
1840 4283 2204 4374 pluraliter.

1157 4492 1462 4559 sonum.
1523 4495 1918 4575 vivendum,
1971 4504 2180 4590 quod,
2227 4514 2298 4573 ut
2327 4508 2597 4596 opinor,

4180 319 4310 426 425

2748 521 2896 588 haec
2934 520 3218 586 nonest
3254 512 3711 587 concedenda,
3754 509 4049 576 Trinitas
4098 506 4305 573 mittit

2746 650 2846 710 se,
2878 649 2960 694 eo
2994 622 3179 714 quod
3206 622 3499 687 Trinitas
3532 641 3670 685 non
3700 620 3787 684 sit
3825 615 3909 683 ab
3961 612 4123 692 alio,
4165 613 4301 680 sic-

2745 742 2823 801 ut
2859 733 3152 825 probant
3196 733 3433 820 primae
3465 727 3616 794 duae
3660 727 3979 793 rationes,

2831 844 2939 909 An
2994 864 3057 907 m
3114 838 3299 929 quod
3357 845 3596 904 contra
3651 833 3990 922 objicitur,
4062 828 4293 896 dicen-
4342 862 4422 907 Ad
4448 864 4620 920 object.

2743 950 2909 1016 dum
2951 949 3136 1040 quod
3164 945 3472 1037 procedit
3500 942 3584 1010 ab
3613 939 4046 1008 insufficienti
4090 960 4104 1003 ε
4158 960 4298 1004 non

2742 1057 2929 1123 enim
2988 1054 3236 1121 sufficit
3293 1053 3598 1143 operatio
3657 1048 3936 1116 effectus
4009 1048 4083 1113 in
4158 1068 4293 1135 quo

2742 1170 3198 1254 cognoscatur
3239 1183 3255 1229 ε
3319 1158 3437 1227 sed
3481 1163 3772 1247 oportet,
3807 1155 3991 1246 quod
4042 1175 4304 1243 cogno-

2740 1277 2969 1337 scatur
3005 1268 3089 1336 ab
3131 1269 3266 1336 alio
3299 1289 3470 1344 esse,
3505 1272 3573 1332 et
3610 1263 3795 1353 quod
3810 1263 3898 1329 sit
3927 1260 4011 1327 ab
4043 1261 4177 1328 alio
4217 1282 4303 1326 ex

2741 1379 2891 1467 ipsa
2922 1378 3185 1445 ratione
3218 1376 3567 1443 missionis
3600 1375 3884 1464 passivae
3919 1394 3935 1438 ε
3971 1394 4098 1439 nec
4136 1371 4302 1437 ima·
4372 1422 4376 1425 <

2739 1508 2830 1575 go
2898 1493 3003 1552 est
3056 1484 3210 1552 talis
3260 1483 3538 1551 effectus
3579 1481 3797 1572 qualis
3855 1480 4152 1569 exigitur
4214 1475 4299 1545 ad

2744 1591 3169 1670 missionem,
3207 1591 3366 1682 quia
3397 1590 3508 1658 ille
3539 1599 3642 1664 est
3664 1588 3941 1657 effectus
3973 1608 4298 1654 revocans

2741 1681 2807 1766 ct
2836 1699 3268 1768 sanctificans
3315 1707 3723 1778 creaturam,
3758 1718 3907 1787 quae
3956 1694 4298 1762 aberraret

2741 1812 2869 1878 nisi
2902 1811 2987 1879 ad
3029 1813 3243 1902 ipsam
3300 1811 3709 1888 mitteretur,
3778 1815 3853 1874 ut
3915 1828 4124 1896 supra
4179 1827 4299 1894 per

2735 1919 2948 1987 verba
2994 1920 3364 2011 Augustini
3408 1901 3770 2008 probatum
3802 1923 3928 1984 est.

2823 2133 2931 2199 Ao
2982 2156 3046 2200 m
3098 2132 3283 2223 quod
3321 2132 3607 2200 ulterius
3659 2130 4011 2222 quoeritur‚
4065 2126 4288 2195 dicen·
4315 2145 4393 2191 Ad
4414 2150 4637 2205 qum-u.

2734 2239 2900 2307 dum
2970 2240 3155 2331 quod
3208 2241 3505 2307 Trinitas
3581 2238 3696 2306 dat
3749 2259 3846 2319 se,
3914 2234 4289 2304 secundum

2733 2350 2920 2442 quod
3002 2351 3170 2419 dare
3227 2351 3391 2419 dicit
3442 2356 3844 2442 potestatem
3921 2345 4126 2414 dandi
4210 2369 4294 2415 ex

2725 2479 2967 2526 amore
2989 2455 3139 2525 solo
3175 2479 3191 2524 ε
3236 2456 3414 2525 hanc
3453 2458 3637 2525 enim
3687 2462 4094 2547 potestatem
4138 2455 4296 2545 qui-

2731 2564 2901 2633 libet
2921 2563 3130 2632 habet
3170 2574 3481 2656 respectu
3512 2565 3618 2632 sui
3650 2565 3720 2631 in
3756 2561 4125 2630 collatione
4185 2562 4290 2628 sui

2729 2675 2789 2742 ei
2833 2696 3041 2764 quem
3082 2684 3269 2742 amat
3320 2696 3337 2743 :
3389 2682 3460 2742 et
3505 2695 3627 2763 per
3674 2671 3804 2740 hoc
3850 2671 4061 2739 etiam
4106 2678 4293 2760 patet

2734 2779 2991 2850 solutio
3029 2780 3117 2849 ad
3158 2781 3224 2849 id
3254 2781 3439 2874 quod
3466 2791 3704 2849 contra
3767 2786 3997 2871 posset
4052 2777 4281 2869 objici.

2818 2998 2924 3065 Ao
2954 3020 3020 3066 m
3048 2997 3232 3090 quod
3274 2997 3558 3065 ulterius
3613 2997 3964 3088 qiueritur,
4034 2992 4277 3062 Utrum
4310 3033 4631 3090 Μῃῃμ,

2729 3103 2935 3172 Pater
2959 3114 3026 3173 et
3068 3105 3278 3172 Filius
3316 3112 3386 3172 et
3425 3103 3722 3196 Spiritus
3762 3109 4035 3171 sanctus
4073 3100 4277 3169 simul

2727 3214 3049 3282 mittant?
3075 3212 3371 3293 Quidam
3405 3215 3668 3281 ratione
3701 3211 3974 3279 inducta
4016 3209 4273 3288 dicunt,

2727 3321 2916 3414 quod
2983 3342 3164 3390 non:
3209 3320 3330 3389 sed
3379 3343 3519 3389 non
3575 3319 3804 3403 video,
3872 3340 4082 3410 quare
4139 3339 4277 3384 non

2725 3432 2944 3521 possit
3007 3428 3318 3513 concedi,
3390 3428 3572 3520 quod
3631 3425 3832 3494 simul
3904 3424 4184 3493 mittunt
4256 3446 4273 3491 ε

2725 3541 3062 3630 praecipue
3091 3563 3248 3605 cum
3270 3537 3647 3605 habeamus
3677 3537 3744 3603 iu
3780 3535 4061 3614 Lim-ra,
4094 3532 4275 3624 quod

2727 3648 2936 3714 Filius
2999 3670 3158 3714 cum
3230 3646 3427 3713 l‘atre
3485 3654 3550 3711 et
3602 3643 3856 3735 Spiritu
3923 3650 4159 3709 sancto
4206 3665 4277 3706 se

2722 3756 2954 3824 mittit.

2810 3864 2916 3931 An
2996 3886 3061 3930 ιο
3125 3886 3290 3953 ergo
3374 3862 3556 3953 quod
3622 3870 3858 3930 contra
3930 3858 4268 3947 objicitur.
4317 3893 4597 3951 Momm.

2716 3970 3084 4038 dicendum
3134 3970 3318 4060 quod
3366 3971 3633 4036 diversa
3718 3968 4043 4035 habitudo
4108 3990 4275 4057 sup-

2717 4080 2920 4169 positi
2992 4102 3133 4147 non
3200 4080 3359 4148 lacit
3426 4080 4039 4171 {equivocationeni
4106 4078 4271 4145 mis-

2715 4188 2933 4256 sionis
2965 4212 2981 4254 ε
3017 4191 3358 4281 pra-cipue
3388 4212 3543 4256 cum
3586 4192 3799 4278 gratia
3833 4188 4014 4255 illius
4053 4195 4267 4259 actus.

2713 4297 2831 4386 qui
2859 4304 2956 4361 est
2990 4296 3253 4385 operari
3278 4297 3591 4363 effectum
3615 4304 4058 4362 connotatum
4093 4294 4159 4360 in
4190 4318 4271 4360 eo

2712 4401 2795 4469 ad
2831 4426 3039 4493 quem
3073 4404 3387 4485 mittitur,
3418 4412 3553 4470 tres
3595 4426 3897 4493 persona»
3920 4400 4272 4492 aequalitvr

2713 4508 2800 4575 ad
2824 4508 3111 4575 verbum
3136 4508 3297 4577 illud
3333 4509 3731 4577 referantur.

2009 4957 2089 5030 F.
2128 4960 2352 5048 Quod
2382 4962 2638 5039 Filius
2673 4966 2779 5041 sic
2804 4967 3092 5043 missus
3130 4996 3179 5045 α
3206 4996 3314 5046 se.

1154 5278 1372 5365 Quod
1403 5297 1660 5360 autem
1695 5312 1737 5359 a
1771 5311 1851 5362 se
1886 5289 2252 5387 mittatur,
2294 5296 2781 5392 Augustinus
2829 5301 3162 5376 adstruit
3201 5302 3277 5376 in
3323 5303 3520 5379 libro
3564 5305 3631 5380 11
3658 5306 3752 5382 de
3807 5307 4185 5388 Tri-'nitate
4218 5337 4265 5409 ¹,

1057 5412 1323 5487 (licens
1368 5440 1384 5489 :
1423 5416 1642 5492 Forte
1683 5421 1964 5519 aliquis
1994 5435 2217 5521 cogat
2260 5439 2340 5502 ut
2378 5429 2729 5508 dicamus
2768 5435 3002 5510 etiam
3058 5459 3106 5510 a
3178 5437 3438 5536 seipso
3507 5439 3832 5516 missum
3893 5466 4065 5519 esse
4145 5448 4271 5520 1³1·-

1126 5658 1142 5692 ¹
1179 5655 1235 5709 S.
1270 5675 1625 5726 ‚worm-mm,
1688 5660 1808 5724 Lib.
1863 5663 1912 5718 11
1942 5664 2014 5722 de
2043 5667 2347 5737 Trinitate,
2377 5688 2507 5743 cap.
2540 5675 2592 5728 5.
