4897 6388
587 497 590 498 f
685 408 813 475 602

1651 387 1730 469 n.
1785 385 1987 489 Ama⁴
2035 383 2252 454 MAG.
2305 383 2512 452 ono.
2566 380 2865 449 PRAED.
2930 405 2933 406 f
3012 479 3037 494 „

687 568 1102 648 Trinitatis.
1152 566 1332 640 Ideo
1373 558 1833 636 Ambrosius
1868 538 2171 630 in‘libro
2215 556 2369 629 Ide
2410 545 2830 628 Τνιήίίαίει
2874 550 2979 624 ait
3013 573 3028 622 ε
3062 548 3230 621 Non
3267 552 3381 619 est
3412 542 3713 615 diversa
3746 560 3884 610 nee

698 705 1114 806 singularis
1147 686 1578 798 aequalitas,
1632 694 2021 790 neojuxta
2095 689 2608 778 SabellianOS,
2693 688 2999 761 Patrem
3061 682 3496 776 Filiumque
3566 673 3890 749 conlun-

702 848 923 939 denS,
970 865 1112 916 nee
1143 840 1360 937 juxta
1399 833 1756 924 AriauOS,
1794 830 2096 902 Patrem
2131 825 2568 920 Filiumque
2616 845 3054 897 secernens.
3090 820 3315 893 Pater
3381 812 3585 888 enim
3639 821 3713 884 et
3772 807 3892 881 Fi-

691 965 1446 1056 lius'distinetionem
1488 968 1804 1058 habent,
1841 960 2401 1060 separationem
2445 982 2632 1034 vero
2668 981 2822 1031 non
2849 956 3158 1030 habent.
3200 953 3413 1042 Item,
3454 948 3525 1020 in
3558 944 3822 1020 eodem
3869 964 3885 1014 :

696 1118 919 1191 Pater
949 1122 1025 1186 et
1064 1108 1300 1183 Filius
1340 1103 1741 1180 divinitate
1771 1110 1955 1210 sunt
1987 1122 2256 1191 unum,
2304 1119 2444 1169 nee
2488 1104 2604 1168 est
2634 1094 2736 1167 ihi
2771 1090 3224 1167 substantiae
3265 1082 3717 1173 differentia,
3757 1099 3895 1150 nec

703 1253 860 1325 ulla
898 1243 1301 1321 diversitas
1346 1266 1361 1316 :
1409 1238 1756 1337 alioquin
1793 1234 2180 1334 quomodo
2215 1254 2459 1328 unum
2506 1231 2747 1303 Deum
2795 1223 3181 1300 dicimus?
3225 1218 3626 1295 diversitas
3692 1213 3890 1288 enim

695 1388 958 1484 plures
999 1379 1198 1455 faeit.

789 1520 1106 1593 Constat
1136 1536 1316 1611 ergo
1358 1535 1449 1587 ex
1482 1505 1903 1608 praedietis‚
1936 1504 2120 1603 quia
2150 1503 2224 1576 in
2258 1501 2637 1575 Trinitate
2668 1498 2885 1573 nulla
2945 1503 3063 1569 est
3127 1489 3579 1565 diversitas:
3649 1486 3711 1560 si
3780 1494 3896 1556 ta-

690 1678 870 1730 men
913 1649 1328 1750 aliquando
1371 1646 1448 1720 in
1484 1644 1886 1741 Scriptura
1923 1638 2318 1713 invenitur
2355 1635 2675 1724 dietum,
2748 1642 2902 1706 tres
2971 1629 3299 1701 diversae
3364 1644 3741 1722 persome,
3819 1626 3893 1692 et

703 1786 1175 1886 hujusmodi,
1219 1785 1564 1858 diversas
1601 1779 1789 1856 dicit
1825 1776 2247 1868 dis—tinetas.

1369 2260 1462 2333 K.
1541 2253 1769 2347 Quod
1806 2277 1962 2327 non
2017 2250 2238 2327 debet
2275 2244 2437 2324 dici
2491 2244 2707 2319 Dens
2761 2236 3205 2337 multiplea

785 2607 876 2680 Et
933 2604 1135 2678 sicut
1195 2601 1272 2675 in
1312 2595 1680 2671 Trinitate
1741 2614 1894 2665 non
1964 2597 2077 2663 est
2116 2583 2550 2678 diversitas,
2615 2582 2719 2654 ita
2760 2602 2901 2654 nce
2964 2573 3491 2674 multiplicitas
3525 2599 3542 2650 2
3592 2583 3663 2645 et
3723 2570 3891 2646 ideo

690 2765 843 2817 non
887 2748 1003 2815 est
1040 2735 1419 2812 dicendus
1473 2731 1686 2806 Deus
1718 2725 2145 2824 multipleX,
2188 2721 2322 2798 sed
2362 2719 2614 2795 trinus
2654 2726 2731 2792 et
2784 2715 3138 2814 simplex.
3190 2711 3408 2788 Unde
3447 2708 3895 2786 Ambrosius

690 2879 768 2951 in
805 2875 1002 2951 libro
1036 2873 1066 2948 1
1096 2872 1191 2947 de
1230 2860 1642 2945 Trinilale'
1674 2863 1833 2939 ait:
1871 2863 2006 2937 Est
2035 2858 2110 2932 in
2145 2858 2369 2933 Patre
2401 2864 2478 2930 et
2511 2852 2701 2928 Filio
2743 2874 2896 2926 non
2927 2848 3402 2947 discrepans,
3438 2845 3569 2920 sed
3608 2868 3757 2919 una
3779 2843 3897 2916 di-

700 3012 983 3087 vinitas
1026 3032 1044 3085 ε
1091 3031 1236 3083 nec
1275 3003 1682 3079 confusum
1717 2997 1926 3098 quod
1974 3017 2215 3069 unum
2249 3000 2386 3079 est,
2426 3011 2573 3065 nee
2607 2984 3008 3085 multiplex
3041 3007 3212 3060 esse
3254 2990 3503 3081 potest
3547 2979 3745 3077 quod
3779 2978 3899 3052 in-

698 3145 1063 3223 differens
1102 3149 1245 3217 est.
1282 3134 1689 3235 Multiplex
1728 3130 1988 3229 itaque
2030 3128 2240 3202 Deus
2278 3147 2433 3200 non
2480 3131 2622 3198 est.

2358 3461 2491 3523 tate
2536 3475 2555 3522 ε
2605 3450 2722 3520 sed
2763 3447 3115 3542 pluralitas
3153 3453 3253 3515 est
3294 3446 3360 3511 in
3392 3442 3641 3511 divinis
3675 3464 3691 3509 z
3735 3461 3897 3525 ergo

2355 3571 2422 3630 et
2459 3558 2844 3629 diversitas.
3670 3578 3675 3583 ·

2446 3671 2515 3737 2.
2575 3667 2773 3746 Item,
2831 3662 3295 3749 Quaecumque
3344 3666 3502 3725 sunt
3558 3657 3894 3736 distincta,

2359 3783 2518 3845 suut
2574 3775 2840 3842 diversa
2890 3793 2905 3839 ε
2958 3770 3207 3838 divinae
3259 3790 3564 3859 persona·
3620 3774 3771 3832 sunt
3804 3765 3899 3831 di·

2360 3884 2623 3952 stinctae
2666 3903 2684 3949 t
2721 3904 2886 3971 ergo
2922 3877 3234 3945 diversae.

2447 3994 2512 4059 3.
2549 3990 2745 4070 Item,
2799 3986 3088 4055 Videtur
3126 3985 3216 4051 ibi
3266 4006 3412 4050 esse
3478 3981 3771 4049 solitudo
3833 3989 3894 4047 et

2359 4099 2797 4192 singularitas
2839 4121 2855 4166 ε
2905 4097 3066 4187 quia
3118 4116 3322 4183 supra
3364 4090 3668 4158 habitum
3717 4100 3813 4157 est
3848 4095 3894 4171 ⁸,

2359 4209 2543 4301 quod
2591 4226 2960 4299 possumus
3004 4202 3251 4285 dicere,
3313 4197 3496 4267 solus
3555 4197 3777 4274 Pater,
3835 4206 3899 4265 et

2359 4317 2546 4386 solus
2597 4316 2854 4384 Filius:
2899 4313 2966 4405 ly
3010 4311 3201 4379 sulus
3249 4318 3476 4377 autem
3518 4317 3704 4376 notat
3756 4309 3899 4374 sin-

2355 4426 2817 4517 gularitatem,
2851 4431 2918 4489 et
2945 4419 3380 4489 solitudinem
3421 4438 3436 4485 t
3482 4441 3643 4501 ergo
3674 4426 3769 4483 est
3806 4415 3890 4481 ihi

1102 3796 1602 3866 Alt'l‘lCl'LI'S
1654 3794 1841 3862 vul.

704 4023 810 4089 :ln
845 4021 912 4086 e'n
943 4017 1195 4084 divinis
1231 4017 1319 4082 si!
1358 4014 1740 4090 diuersitas,
1792 4009 2249 4099 sinqulare'las

1233 4134 1295 4189 et
1326 4122 1633 4190 solitudo
1672 4120 1713 4188 ἶ)

801 4474 832 4505 κ
860 4444 1019 4509 ,lam
1049 4440 1501 4529 sufficienler,
1537 4449 1611 4503 11!
1626 4445 1826 4527 pum,
1862 4444 1989 4501 etc.
2031 4459 2064 4495 n

795 4549 914 4615 llic
958 4548 1186 4638 incipit
1219 4546 1453 4613 ultima
1488 4568 1640 4636 pars
1662 4540 2140 4616 distinctionis,
2178 4548 2242 4604 et

705 4658 909 4727 habet
964 4658 1100 4726 duo
1149 4656 1493 4747 capitula:
1552 4656 1624 4722 in
1675 4673 1970 4744 quorum
2019 4652 2244 4740 primo

704 4763 944 4856 probat
983 4765 1050 4831 in
1090 4762 1338 4830 divinis
1386 4785 1524 4830 uon
1563 4782 1710 4828 esse
1754 4757 2241 4836 diversitatem,

710 4897 829 4939 nec
878 4870 1439 4959 singularitatem,
1495 4891 1618 4936 nee
1667 4863 2129 4933 solitudinem.
2168 4862 2243 4928 ln

707 4975 1001 5044 secundo
1042 4986 1295 5049 autem,
1323 4973 1503 5064 quod
1548 4972 1730 5040 Deus
1772 4995 1906 5039 non
1941 4980 2037 5035 est
2073 4967 2242 5034 mul·

707 5084 939 5174 tiplex,
991 5083 1108 5161 ibi,
1168 5083 1257 5161 K,
1294 5109 1326 5148 α
1378 5085 1472 5149 ΕΙ
1524 5084 1704 5148 sicu!
1759 5083 1829 5147 in
1889 5078 2245 5152 Trinilale‚

709 5200 835 5261 etc.
887 5220 918 5253 ι»
2045 5168 2056 5179 “

804 5301 861 5366 1.
893 5298 1177 5367 Videtur
1212 5308 1438 5367 autem
1471 5300 1540 5365 in
1572 5298 1822 5363 divinis
1852 5319 1997 5362 esse
2038 5295 2256 5362 diver-

709 5407 870 5472 sitas
903 5427 918 5471 :
955 5408 1111 5495 quia
1155 5406 1500 5496 pluralitas
1534 5412 1856 5473 causatur
1885 5428 1923 5471 a
1972 5404 2252 5470 diversi-

789 5656 804 5689 ¹
839 5653 936 5708 vot
990 5653 1224 5720 melius,
1274 5658 1588 5709 ,tnnnosnus
1621 5655 1677 5708 in
1735 5653 1885 5708 libro
1917 5652 1989 5706 de
2021 5652 2154 5707 Fide
2182 5654 2256 5707 ad

716 5748 957 5811 Petrum,
986 5762 1114 5814 cap.
1145 5747 1218 5801 2.-

2356 4530 2818 4621 singularitas,
2851 4538 2918 4596 et
2956 4525 3279 4593 solitudo.

2447 4765 2765 4831 Somno.
2820 4758 3222 4837 Dicendum,
3289 4755 3471 4847 quod
3547 4755 3896 4821 diversitas

2360 4872 2633 4961 proprie
2706 4868 3077 4958 loquendo,
3137 4865 3339 4932 habet
3403 4866 3897 4953 oppositionem

2361 4977 2442 5045 ad
2487 4976 2904 5043 identitatem
2944 4996 2960 5041 z
3007 4973 3321 5041 identitas
3375 4980 3599 5037 autem
3634 4976 3895 5036 nonest

2361 5085 2487 5150 nisi
2522 5106 2558 5149 a
2590 5079 3014 5149 substantiali
3046 5101 3063 5148 t
3092 5090 3156 5147 et
3190 5080 3341 5146 ideo
3381 5076 3731 5145 diversitas
3761 5097 3894 5142 non

2360 5202 2461 5258 est
2501 5192 2629 5257 nisi
2682 5190 2793 5256 ubi
2837 5199 2938 5257 est
2994 5189 3239 5254 divisio
3281 5210 3401 5275 per
3439 5184 3689 5250 fortunas
3742 5186 3899 5248 sul»-

2362 5297 2712 5365 stantiales
2777 5296 3150 5364 secundum
3220 5317 3365 5358 esse
3423 5291 3768 5357 diversas:
3804 5290 3900 5355 di-

2363 5407 2535 5474 visio
2585 5416 2813 5473 autem
2856 5412 2955 5473 est
2983 5426 3104 5494 per
3139 5402 3634 5491 separationem
3685 5407 3900 5466 mate-

2433 5649 2457 5682 ¹
2490 5646 2674 5715 Idem,
2709 5646 2958 5704 lbidem.

2432 5738 2458 5775 ³
2486 5738 2571 5794 Cf.
2596 5738 2804 5811 Supra,
2841 5737 2990 5794 nist.
3022 5734 3165 5793 xx1.

3979 4793 4179 4835 solutio

3954 4847 4021 4889 Ad
4057 4850 4072 4892 Ι
4098 4853 4150 4889 ‘t
4179 4849 4220 4891 2.
