4897 6388
940 473 1022 522 Ad
1051 476 1090 522 1.

946 1771 1028 1817 Ad
1056 1774 1099 1818 2.

2038 287 2135 353 IN
2181 286 2212 352 1
2260 283 2692 353 SENTENR
2739 283 2974 386 msrr,
3025 284 3252 394 x‚·A,
3305 282 3504 348 ART.
3557 282 3623 348 2.
4010 346 4055 368 ,ᾖ

1250 515 1256 520 .
1308 455 1414 522 An
1469 476 1595 523 noc
1633 464 1864 524 autem
1913 455 2098 545 quod
2144 455 2367 546 primo
2425 438 2775 552 objicitur,
2819 534 2823 538 ,

1220 561 1581 631 dicendum
1614 562 1799 653 quod
1826 562 2165 630 Dominus
2198 548 2299 629 ibi
2314 571 2416 630 ter
2455 564 2775 653 quaesivit

1218 677 1293 735 ut
1321 671 1653 758 acciperet
1690 668 2188 737 confessionem
2226 669 2441 753 Petri,
2493 693 2633 739 non
2688 671 2773 738 de

1217 800 1473 859 amore,
1505 777 1624 845 sed
1663 777 1745 846 de
1799 779 2053 845 amoris
2082 756 2634 862 circumstantiiS‚
2663 789 2771 848 'se-

1214 884 1514 952 cundum
1565 885 1843 954 beatum
1901 884 2352 964 Bernardum,
2407 909 2558 978 quae
2612 895 2773 956 sunt

1212 992 1490 1082 diligere
1511 993 1798 1061 dulciter
1828 993 2011 1083 quod
2041 1001 2144 1061 est
2171 994 2428 1061 amoris
2459 995 2529 1060 in
2559 1016 2774 1083 quan—

1210 1108 1357 1167 tum
1397 1106 1501 1168 est
1529 1123 1751 1182 amor,
1786 1110 1855 1170 et
1891 1092 2172 1191 diligere
2197 1101 2541 1191 sapienter
2577 1102 2768 1192 quod

1210 1216 1314 1276 est
1366 1207 1751 1277 dilectionis
1819 1209 1888 1275 in
1957 1217 2290 1298 quantum
2324 1217 2427 1276 est
2464 1208 2765 1296 dilectio,

1212 1323 1279 1382 et
1305 1314 1586 1405 diligere
1617 1315 1959 1384 ferventer
1998 1316 2183 1406 quod
2245 1323 2350 1384 est
2414 1315 2768 1384 charitatis

1114 1493 1121 1499 ,
1209 1423 1282 1489 in
1314 1431 1644 1512 quantum
1676 1432 1779 1491 est
1807 1422 2139 1491 charitas:
2176 1417 2244 1491 et
2280 1446 2422 1491 non
2479 1423 2770 1493 intendit

1212 1529 1306 1596 ihi
1326 1529 1546 1598 dicere
1577 1532 2003 1621 Augustinus
2035 1517 2380 1622 quodista
2406 1554 2549 1600 non
2578 1532 2770 1602 diffe-

1212 1644 1366 1702 rant
1394 1638 1679 1714 ratione,
1723 1636 1844 1704 sed
1889 1636 2073 1728 quod
2132 1659 2269 1705 non
2318 1637 2634 1706 differant
2664 1660 2762 1709 re.

1300 1742 1405 1810 An
1435 1767 1501 1811 m
1532 1745 1718 1834 quod
1763 1745 2080 1834 objicitur
2126 1744 2210 1813 de
2254 1744 2615 1837 Dionysio,
2665 1746 2768 1814 di-

1208 1850 1499 1919 cendum
1531 1851 1718 1942 quod
1747 1851 2124 1942 Dionysius
2152 1874 2294 1920 non
2326 1851 2767 1943 reprehendit

1103 1972 1122 1999 ¹
1206 1957 1703 2050 distinguentes
1747 1960 1818 2026 in
1867 1960 2128 2027 ratione
2166 1960 2580 2028 nominum:
2640 1961 2764 2029 sed

1207 2066 1433 2156 potius
1489 2065 1796 2161 loquitur
1832 2075 2069 2135 contra
2108 2067 2442 2158 quosdam
2491 2069 2609 2160 qui
2656 2068 2761 2137 di-

1116 2171 1120 2174 *
1199 2180 1469 2249 xerunt,
1517 2173 1703 2264 quod
1769 2195 1964 2241 amor
2026 2196 2168 2248 non
2226 2174 2642 2264 acciperetur
2687 2175 2777 2243 in

1198 2277 1381 2347 bona
1418 2279 1943 2370 significatione,
1998 2288 2063 2348 et
2103 2279 2256 2348 ideo
2295 2301 2438 2348 non
2481 2279 2760 2350 deberet

1194 2387 1359 2476 poni
1423 2387 1492 2454 in
1540 2387 1798 2457 divinis
1858 2410 1876 2457 :
1934 2396 2173 2457 contra
2236 2411 2411 2480 quos
2477 2388 2754 2459 adducit

1194 2495 1402 2563 etiam
1446 2495 1613 2564 illud
1674 2493 2070 2585 Sapientiae,
2115 2519 2262 2577 vm,
2313 2498 2354 2564 2
2393 2519 2410 2565 :
2458 2499 2754 2566 Amator

1186 2603 1422 2690 sactus
1456 2624 1613 2671 sum
1648 2604 1897 2693 sormae
1944 2603 2165 2673 illius.
2215 2602 2303 2671 Et
2356 2603 2527 2672 illud
2562 2605 2752 2696 quod

1188 2706 1363 2777 dixit
1399 2711 1598 2779 divus
1656 2709 1962 2803 Ignatius
2026 2720 2287 2804 martyr
2317 2710 2400 2781 de
2448 2711 2783 2784 Domino

1184 2816 1349 2887 Jesu
1406 2817 1676 2888 Christo
1728 2841 1746 2886 :
1794 2847 1828 2884 α
1870 2818 2064 2888 Meus
2126 2842 2325 2888 amor
2377 2822 2744 2892 crucifixus

1186 2934 1311 2994 est.
1357 2951 1392 2990 ιι
1434 2925 1633 2996 Unde
1693 2926 1873 2995 idem
1931 2927 2246 2996 nominat
2292 2950 2512 3010 amor,
2553 2929 2744 3020 quod

1185 3033 1482 3115 dilectio,
1526 3034 1682 3119 licet
1708 3034 1836 3104 sub
1864 3035 1998 3104 alia
2021 3036 2646 3107 nominisratione.

1628 3463 2134 3534 ARTICULUS
2192 3464 2283 3536 11.

1186 3682 1432 3751 Utrum
1514 3680 1826 3774 Spiritus
1913 3688 2192 3748 sanctus
2261 3681 2576 3774 procedit
2658 3691 2738 3751 ut

1267 3810 1489 3867 amor,
1556 3796 1622 3855 et
1686 3796 1926 3855 utrum
1963 3786 2267 3855 charitas
2322 3788 2395 3856 in
2459 3788 2737 3858 homine

1264 3904 1331 3963 et
1356 3894 1624 3983 Anqelo
1647 3895 1742 3962 sit
1776 3891 2058 3961 habitus
2093 3894 2475 3963 voluntatis
2506 3892 2547 3962 P

1267 4218 1585 4289 Secundo
1679 4220 2028 4310 quaeritur,
2120 4218 2367 4289 Utrum
2434 4219 2735 4311 Spiritus

1174 4336 1448 4397 sanctus
1513 4328 1836 4419 procedat
1885 4337 1959 4396 ut
1997 4329 2256 4396 amor?
2312 4327 2395 4396 Et
2460 4328 2734 4398 videtur

1172 4436 1532 4528 multiplici
1564 4437 1851 4515 ratione,
1888 4436 2072 4528 quod
2102 4458 2267 4505 non.

1266 4547 1327 4612 ¹.
1373 4543 1610 4612 Primo
1636 4544 1780 4613 sic:
1815 4542 2036 4613 Omne
2089 4566 2343 4612 nomen
2372 4545 2559 4636 quod
2589 4568 2730 4615 non

1171 4652 1485 4719 nominat
1514 4659 1590 4718 ut
1619 4650 2015 4720 distinctum
2045 4673 2191 4728 ens,
2217 4650 2331 4719 sed
2356 4659 2432 4718 ut
2462 4652 2532 4719 in
2560 4650 2726 4731 alio,

1172 4781 1310 4828 non
1341 4759 1663 4828 convenit
1710 4779 2020 4848 personae
2058 4780 2180 4848 per
2245 4780 2318 4826 se
2365 4759 2724 4828 existenti:

1169 4888 1368 4934 amor
1394 4874 1627 4936 autem
1670 4865 1739 4933 id
1766 4863 1948 4956 quod
1982 4865 2317 4944 nominat,
2351 4864 2514 4934 dicit
2550 4873 2627 4933 ut
2657 4864 2729 4933 in

1170 4974 1402 5066 aliquo
1442 4975 1734 5043 existere
1771 4996 1788 5042 :
1833 4995 1995 5063 ergo
2042 4994 2183 5040 non
2211 4975 2539 5063 competit
2566 4995 2731 5065 per-

1171 5103 1357 5149 sonae
1397 5104 1518 5173 per
1545 5103 1618 5149 se
1671 5080 1987 5150 existenti
2036 5079 2380 5170 perfecte:
2429 5079 2728 5173 Spiritus

1172 5199 1445 5258 sanc-tus
1501 5200 1605 5260 est
1672 5211 1966 5281 persona
2029 5211 2151 5280 per
2202 5212 2274 5258 se
2337 5190 2633 5280 perfecta
2702 5214 2720 5260 :

1172 5320 1336 5387 ergo
1368 5320 1507 5366 non
1529 5298 1855 5389 competit
1883 5298 1945 5366 ei
1996 5297 2362 5389 procedere
2394 5307 2471 5367 ut
2498 5321 2719 5367 amor.

1262 5407 1328 5473 2.
1362 5404 1565 5486 Item,
1598 5406 1816 5474 Amor
1842 5414 1944 5474 est
1971 5406 2118 5495 ejus
2165 5407 2234 5474 in
2284 5429 2421 5498 quo
2460 5409 2728 5498 requie-

1172 5512 1298 5581 scit
1327 5510 1609 5581 aflectus
1641 5533 1658 5579 :
1694 5534 1857 5603 ergo
1888 5512 2215 5604 accipitur
2251 5535 2521 5603 semper
2547 5523 2622 5582 ut
2652 5517 2723 5582 iu

1174 5618 1354 5687 aliud
1395 5620 1808 5710 procedens:
1846 5621 2141 5712 Spiritus
2183 5631 2412 5691 autem
2444 5631 2721 5692 sanctus

4172 252 4177 258 ’
4303 279 4432 348 309

2885 476 3029 522 non
3066 452 3370 543 procedit
3397 455 3470 522 in
3490 455 3700 534 aliud,
3725 456 3862 521 imo
3891 448 4036 543 ipse
4064 452 4435 542 procedens

2883 549 3118 629 manet
3146 563 3216 629 in
3246 565 3469 653 seipso
3500 563 3850 631 distinctus
3877 584 3892 627 ε
3927 582 4089 650 ergo
4111 583 4250 628 non
4278 581 4437 650 pro-

2884 666 3064 734 cedit
3095 675 3164 733 ut
3195 688 3413 734 amor.

2973 775 3036 842 3.
3075 774 3266 851 Item,
3338 775 3663 842 Personae
3721 774 3969 842 divinae
4036 772 4433 864 hypostases

2878 890 3042 949 sunt
3105 882 3442 973 perfectae,
3512 883 3687 950 sicut
3752 881 3963 949 Filius
4018 889 4084 948 et
4139 880 4342 947 Pater
4411 902 4428 944 :

2877 988 3111 1056 nullus
3141 998 3371 1056 autem
3416 1012 3613 1058 amor
3668 988 4040 1057 secundum
4098 988 4432 1055 rationem

2880 1099 3138 1164 amoris
3195 1097 3357 1165 dicit
3425 1097 3873 1189 hypostasim,
3935 1097 4052 1165 sed
4091 1094 4427 1175 habitum,

2879 1212 2947 1272 et
3002 1205 3313 1272 accidens
3379 1204 3765 1295 hypostasis
3818 1227 3834 1272 ε
3910 1225 4072 1294 ergo
4142 1202 4431 1294 Spiritus

2878 1321 3155 1380 sanctus
3177 1334 3318 1379 non
3355 1312 3663 1402 procedit
3688 1319 3765 1378 ut
3792 1333 4009 1379 amor.
4064 1300 4075 1308 ⁶

2968 1424 3036 1491 4.
3097 1422 3294 1502 Item,
3363 1422 3658 1491 Tantum
3709 1430 3976 1489 amatur
4040 1421 4331 1512 Spiritus
4389 1445 4428 1489 a

2875 1528 3081 1597 Patre
3111 1529 3287 1597 sicut
3342 1528 3554 1596 Filius
3599 1552 3615 1597 :
3686 1550 3847 1619 ergo
3906 1549 4101 1610 amor
4162 1527 4427 1595 medius

2877 1645 2979 1706 est
3026 1659 3243 1705 nexus
3283 1637 3508 1705 Patris
3547 1646 3615 1705 et
3680 1635 3971 1727 Spiritus
4028 1635 4242 1704 sancti
4284 1657 4299 1704 ε
4367 1637 4426 1703 si

2873 1766 3040 1835 ergo
3074 1743 3372 1835 Spiritus
3400 1753 3676 1812 sanctus
3706 1753 3808 1812 est
3827 1766 4046 1823 amor,
4078 1745 4206 1812 erit
4231 1765 4427 1811 amor

2873 1852 3155 1932 amoris,
3200 1851 3386 1941 quod
3426 1854 3496 1919 in
3546 1851 3734 1920 nullo
3778 1861 3904 1933 est,
3965 1852 4125 1943 quia
4161 1852 4258 1919 sic
4284 1851 4426 1918 ire-

2868 1955 2986 2028 tur
3038 1960 3123 2026 in*
3165 1960 3512 2027 infinitum
3549 1982 3566 2026 :
3624 1981 3785 2050 ergo
3829 1959 4124 2050 Spiritus
4152 1966 4423 2027 sanctus

2869 2091 3010 2136 non
3052 2068 3358 2158 procedit
3386 2076 3463 2135 ut
3493 2089 3708 2136 amor.

2958 2176 3025 2242 5.
3067 2172 3140 2240 Si
3166 2173 3341 2242 forte
3372 2173 3580 2253 dicaS,
3614 2174 3798 2264 quod
3828 2196 4026 2242 amor
4089 2174 4270 2242 dicat
4313 2172 4421 2240 di-

2867 2281 3195 2350 stinctum
3236 2281 3322 2349 ab
3353 2289 3628 2349 amante
3662 2303 3680 2350 :
3714 2289 3780 2349 et
3834 2281 3989 2351 ideo
4020 2280 4137 2350 illa
4173 2281 4421 2349 distin-

2863 2387 3001 2455 ctio
3059 2386 3618 2478 personalitatem
3684 2387 3842 2456 facit
3896 2396 3964 2457 et
4026 2409 4414 2478 personam.

2862 2491 3180 2563 Com-iu:
3215 2494 3534 2564 Essentia
3572 2494 3800 2563 divina
3853 2503 3957 2563 est
4018 2495 4165 2585 ejus
4221 2516 4416 2562 amor

2860 2623 3000 2692 quo
3020 2601 3207 2671 Deus
3248 2609 3435 2670 amat
3470 2610 3631 2670 etse
3663 2610 3730 2671 et
3758 2602 3892 2671 alia
3942 2621 3961 2673 τ
4002 2611 4408 2672 tamencum

2857 2709 3041 2778 dicat
3101 2708 3612 2779 distinctionem
3677 2710 4051 2779 secundum
4126 2732 4403 2789 nomen,

2855 2841 3000 2887 non
3028 2819 3475 2910 distinguitur
3511 2820 3803 2887 essentia
3856 2841 3898 2887 a
3946 2818 4149 2888 Patre
4184 2841 4201 2885 :
4246 2841 4409 2910 ergo

2851 2927 3009 2997 talis
3046 2929 3392 2996 distinctio
3424 2950 3565 2996 non
3621 2927 3866 2996 sufficit
3897 2929 3984 2997 ad
4019 2927 4404 2997 faciendum

2847 3057 3240 3127 personam.
3282 3036 3641 3110 Praeterea,
3673 3035 3871 3104 Pater
3896 3036 4208 3105 nominat
4232 3046 4406 3103 sub·

2847 3144 3174 3213 stantiam
3243 3143 3658 3222 distinctam,
3721 3151 3788 3214 et
3815 3143 4128 3213 similiter
4164 3143 4398 3229 Filius,

2848 3260 2916 3321 et
2962 3252 3314 3344 generatio
3342 3251 3508 3320 dicit
3533 3260 3758 3320 actum
3793 3254 4056 3321 natura:
4103 3254 4172 3321 in
4217 3274 4407 3322 com-

2845 3360 3311 3429 municatione
3351 3368 3610 3429 naturae
3646 3383 3687 3429 a
3736 3359 3934 3428 Patre
3985 3361 4055 3428 in
4092 3359 4339 3429 Filium
4375 3381 4391 3427 :

2844 3490 3046 3536 amor
3079 3477 3313 3536 autem
3370 3489 3498 3537 nec
3550 3467 3710 3536 dicit
3773 3466 4226 3536 substantiam
4286 3489 4401 3535 se-

2842 3573 3148 3645 cundum
3178 3596 3458 3654 nomen,
3494 3597 3617 3644 nec
3644 3575 3805 3643 dicit
3850 3576 4183 3644 rationem
4239 3597 4405 3666 pro-

2840 3685 3174 3755 cessionis
3237 3684 3752 3755 substantialis:
3808 3709 3973 3778 ergo
4012 3684 4282 3755 videtur
4316 3684 4402 3753 ad

2842 3792 3352 3862 distinctionem
3389 3792 3819 3884 personalem
3851 3815 3990 3862 non
4032 3794 4394 3885 pertinere.

2933 3900 3002 3970 6.
3038 3898 3404 3978 Praeterea,
3475 3898 3647 3967 Cum
3706 3899 3773 3967 in
3831 3906 4073 3967 natura
4140 3897 4400 3968 intelle·

2840 4007 3047 4077 ctuali
3085 4009 3223 4076 sint
3250 4006 3402 4076 aliae
3441 4010 3789 4099 potentie.
3820 4015 3888 4075 et
3930 4007 4046 4077 alii
4094 4006 4392 4087 habitus,

2840 4138 3050 4208 quam
3087 4114 3406 4184 voluntas
3456 4125 3525 4185 et
3588 4138 3806 4201 amor,
3877 4116 4147 4186 videtur
4211 4117 4395 4209 quod

2838 4223 3186 4314 processio
3224 4222 3589 4312 cujuslibet
3624 4227 3943 4315 potentia:
3975 4227 4046 4294 in
4083 4223 4391 4294 habitum

2837 4328 2951 4398 vel
2990 4339 3217 4398 actum
3258 4328 3535 4399 deberet
3566 4329 3780 4399 facere
3837 4331 4264 4423 personalem
4295 4331 4394 4399 di·

2839 4439 3305 4519 stinctionem,
3347 4439 3524 4508 sicut
3581 4443 3884 4530 potentia
3939 4463 4090 4533 quae
4147 4450 4250 4510 est
4304 4438 4390 4508 ad

2838 4545 3161 4631 arduum,
3192 4569 3346 4638 quae
3378 4545 3732 4615 irascibilis
3778 4556 4084 4627 vocatur,
4134 4546 4390 4616 dividi-

2837 4659 2951 4721 tur
2967 4660 3206 4721 contra
3242 4651 3866 4744 concupiscibilem,
3896 4653 4091 4743 cujus
4119 4652 4391 4722 habitus

2838 4782 3036 4828 amor
3063 4759 3455 4829 attribuitur
3486 4758 3765 4851 Spiritui
3796 4771 4054 4831 sancto,

2929 4870 2996 4938 Ἰ.
3049 4869 3249 4954 Item,
3321 4868 3787 4961 Apprehensio
3848 4870 4007 4940 boni
4069 4880 4171 4940 est
4231 4881 4391 4940 ante

2837 4999 3149 5046 amorem
3192 4977 3353 5045 boni
3392 4996 3411 5048 :
3452 4978 3661 5067 etita
3696 4978 3963 5047 videtur
4009 4979 4387 5049 secundum

2837 5092 3155 5152 naturam
3220 5085 3410 5174 prius
3470 5085 3539 5153 in
3591 5084 3738 5153 Deo
3802 5084 4166 5176 procedere
4220 5086 4388 5155 boni

2835 5189 3288 5282 apprehensio
3329 5213 3536 5282 quam
3600 5214 3795 5260 amor
3835 5214 3851 5259 :
3915 5200 3984 5260 et
4028 5191 4121 5260 ita
4168 5194 4388 5283 magis

2834 5297 2953 5367 illa
3007 5298 3350 5389 processio
3415 5296 3617 5365 debet
3677 5321 3954 5367 causare
4018 5320 4377 5389 personam

2833 5427 3042 5496 quam
3072 5404 3225 5471 ista.

2923 5522 2989 5589 8.
3047 5520 3121 5588 Si
3176 5519 3348 5589 forte
3415 5520 3623 5600 dicas,
3685 5521 3868 5613 quod
3930 5519 4379 5613 apprehensio

2834 5622 2999 5692 boni
3030 5625 3319 5714 pertinet
3347 5623 3435 5692 ad
3464 5623 3734 5703 Filium,
3776 5648 3860 5695 eo
3898 5625 4078 5719 quod
4118 5628 4257 5716 ipse
4280 5632 4383 5693 est
