4897 6388
571 354 701 421 236

540 511 730 591 rrans
788 522 996 591 Deus,
1056 522 1247 589 Sicut
1289 529 1388 589 est
1438 524 1504 587 in
1563 518 1825 586 duabus
1872 515 2117 581 lineis:

574 654 711 697 una
739 629 1033 709 infinita,
1065 638 1131 694 ct
1161 628 1369 694 altera
1397 628 1583 692 finita
1628 647 1642 690 ε
1687 632 1752 691 et
1783 643 1914 686 una
1944 628 2125 686 stan-

573 746 665 817 te,
700 745 767 804 et
805 735 1017 802 altera
1048 742 1234 799 mota
1265 734 1391 800 sub
1436 734 1602 821 ipsa.
1639 727 1908 794 Infinita
1940 727 2125 821 enim

576 852 763 912 stans
795 864 935 908 non
982 849 1217 929 potest
1257 839 1582 928 distingui
1637 837 1705 901 in
1754 842 2013 924 partem
2064 839 2130 898 et

576 958 842 1042 partem
917 946 1321 1035 aliquotam,
1376 946 1492 1012 sed
1555 942 1994 1032 distinguitur
2047 938 2130 1006 ad

580 1063 846 1121 motum
879 1050 982 1118 vel
1040 1050 1544 1118 distinctionem
1580 1047 1936 1114 inferioris.
1980 1043 2132 1110 Non

578 1172 812 1230 tamen
844 1169 947 1228 est
996 1161 1279 1226 omnino
1322 1158 1545 1226 simile
1602 1180 1615 1222 :
1666 1157 1826 1246 quia
1866 1162 2130 1241 tempus

578 1291 719 1337 non
760 1266 969 1334 habet
998 1276 1224 1355 partes
1259 1272 1754 1354 permanenteS‚
1798 1260 2131 1327 aeternitas

580 1387 811 1446 autem
850 1398 992 1442 non
1024 1375 1229 1441 habet
1260 1386 1522 1464 partem
1560 1371 1884 1461 aliquam.

671 1484 810 1551 Alii
838 1482 1098 1563 dicunt,
1135 1482 1319 1571 quod
1364 1481 1689 1570 temporis
1745 1474 2139 1565 consignifi-

584 1597 717 1664 cati
748 1591 1130 1659 differentia
1159 1594 1247 1659 sit
1286 1593 1355 1658 in
1387 1589 1727 1658 intellectu
1781 1594 2040 1666 nostro,
2073 1591 2140 1651 et

587 1702 822 1770 nonin
855 1722 926 1766 re
957 1699 1337 1789 significata
1380 1721 1394 1764 ε
1442 1720 1520 1765 eo
1550 1694 1732 1786 quod
1769 1701 1997 1760 noster
2033 1693 2140 1757 in-

584 1808 896 1877 tellectus
928 1827 1067 1872 non
1100 1806 1344 1894 accipit
1392 1804 1643 1872 durans
1684 1822 1970 1889 semper,
2024 1797 2140 1865 sed

591 1939 748 1999 cum
806 1923 996 2005 parte
1046 1924 1435 1982 transeunte
1494 1920 1558 1981 et
1609 1912 1945 1980 veniente.
2007 1906 2144 1976 Sed

591 2024 725 2091 hoc
753 2019 928 2088 nihil
958 2015 1059 2088 est
1107 2020 1327 2088 dicere
1374 2044 1389 2087 ε
1453 2019 1610 2109 quia
1661 2017 1925 2084 duratio
1974 2014 2144 2081 bene

596 2130 921 2219 accipitur
989 2150 1028 2194 a
1074 2136 1309 2195 nostro
1368 2126 1708 2194 intellectu
1774 2122 2145 2192 secundum

596 2244 912 2304 naturam
981 2234 1337 2302 durantis:
1409 2242 1474 2301 et
1526 2235 1619 2300 ita
1679 2232 2003 2320 accipitur
2074 2236 2148 2295 ut

600 2351 813 2425 stans,
855 2341 1064 2410 velut
1093 2364 1232 2409 non
1289 2350 1500 2419 stanS,
1553 2338 1922 2407 secundum
1966 2335 2148 2425 quod

602 2447 1062 2519 diversimode
1102 2447 1386 2516 refertur
1415 2448 1500 2516 ad
1529 2451 1671 2539 ipsa
1723 2446 2055 2513 durantia.

695 2558 800 2622 An
858 2576 988 2622 noc
1053 2563 1279 2622 autem
1348 2554 1532 2645 quod
1575 2553 1911 2643 objicitur,
1970 2548 2150 2641 quod

608 2662 692 2730 de
737 2660 1060 2728 omnibus
1125 2662 1452 2728 creaturis
1500 2659 1647 2727 aliis
1705 2660 1972 2750 proprie
2030 2657 2155 2723 ista

607 2770 818 2838 verba
859 2769 1235 2838 secundum
1284 2771 1744 2860 Augustinum
1803 2778 1868 2836 et
1923 2768 2158 2834 Hiero-

610 2900 899 2969 nymum
930 2877 1268 2956 dicuntur,
1305 2878 1569 2945 videtur
1611 2877 1965 2945 dicendum
2012 2879 2157 2945 sine

609 2985 1033 3075 praejudicio,
1069 2985 1250 3074 quod
1304 2985 1415 3052 ille
1461 2995 1559 3052 est
1617 2983 1989 3052 intellectus
2034 3008 2159 3051 eo-

611 3116 788 3161 rum.
826 3090 1139 3172 Qualiter
1182 3102 1408 3160 autem
1471 3095 1537 3160 in
1604 3092 1955 3159 duratione
2012 3094 2160 3160 An-

610 3200 923 3293 gelorum
963 3200 1075 3268 vel
1106 3204 1407 3291 potentia
1446 3200 1528 3269 ad
1558 3223 1703 3268 esse
1732 3201 1815 3268 sit
1862 3206 2154 3292 tempus,

608 3310 881 3379 difficile
924 3309 1034 3377 vel
1094 3310 1513 3400 impossibile
1556 3312 1681 3379 erit
1726 3310 2052 3386 invenire,
2104 3312 2159 3377 si

606 3424 881 3506 tempus
911 3415 1174 3484 dicatur
1212 3439 1352 3483 uno
1394 3416 1624 3484 modo.
1678 3414 1867 3484 Unde
1896 3415 2162 3482 videtur

608 3524 922 3615 eligenda
976 3522 1126 3591 haec
1178 3526 1313 3602 via,
1366 3525 1548 3616 quod
1596 3535 1861 3615 tempus
1923 3524 2166 3592 dicitur

613 3633 1101 3724 multipliciter.
1163 3633 1311 3700 Uno
1359 3633 1563 3701 modo
1614 3634 1879 3723 proprie
1926 3633 2167 3709 dicitur

605 3750 879 3831 tempus
921 3762 1241 3806 mensura
1294 3748 1523 3807 motus
1584 3739 1780 3830 primi
1839 3738 2160 3807 mobilis:

608 3850 725 3940 qui
785 3855 1014 3915 motus
1080 3856 1179 3914 est
1238 3869 1445 3916 causa
1511 3849 1818 3914 omnium
1876 3847 2165 3915 aliorum

612 3963 928 4024 motuum
974 3975 990 4020 ε
1053 3961 1120 4020 et
1201 3953 1366 4022 illud
1439 3962 1707 4045 tempus
1797 3955 2166 4023 secundum

612 4088 684 4134 se
707 4072 934 4132 totum
992 4073 1341 4130 mensurat
1400 4072 1658 4131 motum
1710 4064 1907 4155 primi
1957 4064 2170 4131 mobi-

613 4170 698 4238 lis
732 4193 746 4237 :
783 4168 1161 4237 secundum
1205 4182 1463 4260 partem
1521 4180 1746 4238 autem
1824 4182 2168 4240 mensurat

616 4285 846 4347 motus
871 4287 1185 4344 causatos
1216 4278 1300 4344 ab
1335 4282 1504 4369 ipso,
1567 4278 1935 4347 secundum
1987 4280 2166 4371 quod

617 4379 1085 4472 Philosophus
1115 4383 1304 4459 «licit,
1351 4385 1535 4474 quod
1568 4386 1633 4451 in
1670 4395 1970 4476 tempore
2022 4412 2166 4454 esse

614 4499 717 4560 est
756 4489 1057 4580 quadam
1100 4499 1288 4579 parte
1368 4493 1693 4583 temporis
1742 4494 2110 4561 mensurati
2148 4517 2162 4561 ε

618 4602 714 4668 sic
743 4600 931 4666 enim
963 4620 1169 4664 omne
1203 4599 1387 4689 quod
1418 4611 1514 4668 est
1550 4602 1616 4667 in
1663 4608 1989 4693 tempore,
2050 4624 2170 4669 ex·

618 4709 887 4779 cellitur
952 4707 1038 4774 ab
1109 4710 1279 4798 ipso.
1352 4712 1560 4797 Cujus
1636 4710 1942 4800 probatio
2008 4722 2162 4782 est:

622 4816 783 4904 quia
821 4823 1144 4881 causatur
1181 4839 1216 4882 a
1250 4828 1438 4885 motu
1472 4820 1661 4907 cujus
1703 4820 1916 4907 prima
1977 4843 2173 4887 men-

621 4944 784 4988 sura
810 4931 912 4988 est
950 4930 1219 5009 tempus
1255 4944 1270 4990 ε
1306 4924 1425 4990 sed
1454 4948 1653 4991 causa
1692 4936 1787 4993 est
1820 4936 1972 4994 ante
2003 4950 2171 4993 cau-

623 5037 848 5097 satum
885 5052 900 5095 :
947 5054 1109 5118 ergo
1142 5042 1205 5098 et
1243 5055 1561 5101 mensura
1590 5058 1807 5102 causa·
1861 5045 1961 5103 est
2012 5047 2165 5106 ante

624 5157 1017 5256 mensuram
1053 5141 1346 5206 causati:
1393 5163 1554 5229 ergo
1594 5152 1858 5231 tempus
1905 5143 2170 5211 excellit

624 5263 850 5332 ipsum
919 5263 1005 5307 ex
1100 5253 1286 5331 parte
1362 5256 1538 5314 ante.
1629 5248 1956 5316 Similiter
2017 5272 2171 5317 cum

622 5345 1168 5437 unumquodque
1209 5361 1560 5419 causatum
1598 5377 1635 5420 a
1667 5361 1851 5421 motu
1902 5377 2173 5421 mensu·

623 5460 811 5521 retur
867 5453 1176 5541 period0,
1247 5467 1474 5527 motus
1531 5463 1645 5551 qui
1720 5462 2041 5552 accipitur
2106 5465 2175 5531 in

624 5560 933 5652 partibus
1001 5561 1104 5629 vel
1151 5567 1430 5634 minutis
1472 5579 1892 5659 respectuum
1948 5570 2176 5640 stella-

629 5689 784 5734 rum
861 5677 928 5733 et
985 5670 1338 5758 signorum
1407 5682 1472 5740 et
1527 5674 1894 5764 figurarum
1946 5676 2174 5744 circuli

1572 350 1651 461 Q.
1703 348 1903 416 ALB.
1954 343 2175 413 MAG.

2229 341 2432 410 ono.
2488 335 2783 436 PRAED.
2860 432 2866 439 q

2231 492 2568 578 causantis
2622 487 2790 582 rem,
2869 500 3383 572 mensurabitur
3457 492 3741 586 periodo
3783 468 3797 482 ⁸
3868 517 3872 521 >

2232 628 2494 685 etcum
2544 637 2868 682 numerus
2926 611 3187 701 periodi
3246 609 3334 675 sit
3393 605 3648 683 finitus,
3711 598 3793 665 de

2232 726 2626 793 necessitate
2666 728 2893 787 motus
2934 721 3062 785 erit
3105 724 3262 807 post
3310 717 3561 803 ipsum,
3599 717 3666 776 et
3705 709 3798 772 ita

2233 842 2551 922 tempus:
2624 829 3082 920 igiturjomne
3152 822 3338 913 quod
3420 816 3793 888 secundum

2236 961 2379 1005 esse
2420 947 2484 1003 et
2517 945 2779 1001 motum
2813 937 3134 998 causatur
3163 949 3202 994 a
3250 925 3553 1014 subjecto
3619 929 3796 986 tem-

2235 1048 2441 1137 poriS‚
2504 1040 2861 1111 excellitur
2899 1063 2939 1106 a
2985 1047 3293 1126 tempore
3351 1044 3418 1100 et
3480 1054 3564 1098 ex
3608 1036 3796 1118 parte

2237 1162 2388 1221 ante
2438 1159 2502 1219 et
2539 1173 2624 1218 ex
2696 1157 2886 1239 parte
2944 1153 3145 1236 post:
3212 1150 3280 1209 et
3346 1138 3465 1208 illa
3521 1135 3799 1227 proprie

2237 1263 2549 1330 dicuntur
2639 1281 2785 1326 esse
2851 1258 2921 1322 in
3006 1262 3313 1342 tempore
3414 1244 3800 1315 secundum

2242 1367 2718 1458 Philosophus.
2756 1364 2840 1432 Et
2877 1364 2934 1431 si
2972 1369 3242 1429 tantum
3291 1358 3599 1424 dicamus
3668 1350 3805 1418 hoc

2242 1479 2443 1546 modo
2510 1486 2777 1563 tempus
2850 1492 3024 1551 esse,
3085 1489 3225 1534 non
3313 1465 3441 1532 erit
3523 1470 3804 1549 tempus
3897 1542 3901 1546 .

2243 1606 2454 1651 unum
2512 1581 2594 1648 de
2644 1576 3076 1668 coaequaeviS,
3136 1593 3264 1639 nec
3318 1569 3500 1635 Deus
3559 1584 3807 1632 move-

2243 1689 2340 1756 bit
2394 1685 2697 1778 Angelos
2750 1706 2875 1774 per
2948 1690 3218 1770 tempus
3285 1678 3356 1742 in
3408 1691 3700 1740 numero
3733 1677 3803 1736 et

2246 1795 2667 1864 successione
2734 1788 3173 1857 affectionum
3222 1792 3288 1851 et
3336 1777 3801 1848 intellectuum

2246 1902 2692 1995 Angelorum,
2773 1900 2933 1989 quia
3000 1892 3169 1963 nihil
3229 1891 3476 1959 horum
3531 1893 3634 1954 est
3683 1906 3802 1950 or-

2245 2011 2550 2079 dinatum
2611 2005 2696 2074 ad
2764 2011 3029 2072 motum
3088 1998 3265 2069 coeli.
3339 1996 3643 2062 Dicimus
3693 2013 3804 2057 er-

2245 2142 2358 2210 g0‚
2429 2114 2612 2207 quod
2692 2120 2964 2201 tempus
3039 2107 3286 2175 dicitur
3366 2101 3502 2169 alio
3599 2096 3804 2166 modo

2251 2246 2566 2293 mensura
2628 2221 3118 2310 cujuscumque
3175 2209 3600 2286 mutationis,
3662 2205 3804 2272 sive

2253 2334 2560 2402 habentis
2636 2329 2966 2405 medium,
3053 2323 3195 2391 sive
3277 2341 3415 2388 non
3501 2313 3811 2384 habentis

2252 2445 2577 2523 medium,
2610 2462 2751 2508 non
2788 2436 3120 2506 ordinatae
3148 2431 3236 2501 ad
3281 2437 3545 2499 motum
3605 2422 3750 2492 coeli
3793 2444 3808 2489 ε

2258 2565 2322 2624 et
2338 2554 2467 2622 boc
2503 2536 2771 2641 tempus
2803 2546 3027 2615 differt
3054 2552 3123 2610 et
3151 2546 3551 2610 numeratur
3581 2555 3819 2602 secun-

2255 2663 2415 2730 dum
2457 2655 2883 2748 temporalia,
2916 2661 2984 2721 et
3013 2673 3153 2718 non
3187 2649 3314 2717 erit
3361 2665 3577 2713 unum
3633 2649 3816 2708 tem-

2258 2793 2383 2862 pus
2423 2768 2729 2836 omnium
2770 2758 3275 2850 temporalium.
3321 2751 3547 2820 Tertio
3609 2746 3811 2815 modo

2259 2877 2501 2945 dicitur
2529 2879 2795 2962 tempus
2823 2888 3144 2937 mensura
3165 2862 3622 2931 mutationum
3653 2857 3816 2922 sim-

2263 2984 2562 3076 plicium,
2604 2982 2778 3048 sicut
2807 2976 3008 3060 velle,
3033 2982 3101 3042 et
3145 2968 3548 3059 intelligere,
3591 2962 3816 3031 ethu-

2257 3087 2555 3180 jusmodi
2591 3111 2604 3154 ε
2639 3094 2704 3154 et
2744 3083 2873 3151 boc
2930 3078 3136 3150 modo
3196 3099 3338 3145 non
3381 3074 3510 3142 erit
3565 3072 3811 3137 iterum

2268 3199 2443 3266 idem
2475 3206 2766 3287 tempus.

2358 3323 2429 3390 Si
2461 3329 2686 3389 autem
2720 3317 3106 3407 objiciatur,
3149 3309 3330 3402 quod
3363 3305 3587 3375 adhuc
3629 3301 3825 3370 vide-

2271 3441 2377 3498 tur
2415 3450 2559 3496 esse
2599 3427 2776 3495 idem
2816 3432 3086 3512 tempus
3121 3441 3137 3486 ε
3193 3418 3355 3508 quia
3409 3424 3679 3501 tempus
3723 3416 3827 3475 est

2270 3560 2614 3618 numerus,
2649 3542 2714 3601 et
2743 3531 2983 3599 eodem
3032 3513 3320 3595 numero
3377 3524 3824 3589 numerantur

2268 3669 2467 3714 canes
2514 3652 2574 3711 et
2608 3663 2799 3719 oveS,
2832 3661 2974 3706 non
3018 3634 3198 3703 valet
3242 3631 3535 3720 objectio
3584 3649 3601 3694 ε
3662 3624 3823 3716 quia

2269 3766 2537 3844 tempus
2567 3772 2703 3819 non
2738 3756 2841 3817 est
2887 3764 3215 3813 numerus
3262 3757 3633 3807 numerans
3670 3742 3824 3801 tan-

2269 3870 2465 3928 tum:
2513 3859 2648 3924 imo
2715 3856 2922 3922 etiam
2983 3870 3311 3918 numerus
3369 3848 3819 3911 numeratus:

2270 3975 2365 4036 est
2399 3966 2580 4032 enim
2622 3980 2946 4029 numerus
2992 3953 3241 4047 prioris
3289 3959 3358 4019 et
3427 3944 3825 4039 posterioris

2272 4077 2337 4143 in
2391 4082 2577 4140 motu
2614 4092 2628 4136 ε
2675 4079 2737 4135 et
2778 4066 2929 4134 ideo
2964 4066 3032 4132 in
3073 4059 3322 4153 quibus
3359 4058 3547 4148 prius
3584 4063 3647 4122 et
3699 4074 3827 4142 po-

2271 4186 2514 4250 sterius
2582 4186 2809 4246 motus
2865 4174 3059 4261 cujus
3108 4173 3329 4260 ipsum
3374 4173 3472 4233 est
3505 4182 3825 4231 mensura

2271 4289 2497 4378 aliquo
2530 4283 2734 4351 modo
2773 4279 3099 4358 salvatur,
3144 4274 3233 4342 ibi
3267 4274 3394 4341 erit
3424 4271 3603 4337 idem
3649 4278 3827 4334 tem-

2271 4416 2421 4484 pus,
2467 4401 2530 4458 et
2561 4389 2688 4456 hoc
2727 4407 2867 4454 non
2899 4393 3002 4451 est
3034 4381 3163 4448 nisi
3203 4381 3271 4445 in
3305 4377 3437 4444 illis
3459 4396 3613 4465 quae
3653 4372 3827 4438 sicut

2270 4503 2354 4569 ad
2401 4521 2672 4568 causam
2738 4493 3140 4563 ordinantur
3196 4487 3427 4578 aliquo
3497 4481 3701 4550 modo
3742 4478 3827 4547 ad

2273 4616 2534 4675 motum
2576 4602 2771 4672 coeli:
2830 4599 2937 4667 hic
3000 4605 3230 4665 autem
3322 4614 3462 4660 non
3520 4596 3622 4656 est
3679 4589 3822 4654 ita:

2271 4716 2448 4782 undo
2492 4733 2814 4779 numerus
2854 4730 2991 4799 quo
3024 4711 3449 4777 numeratur,
3512 4700 3580 4765 in
3640 4705 3827 4786 parte

2272 4823 2582 4889 convenit
2624 4840 2778 4885 cum
2829 4827 3161 4905 tempore,
3223 4810 3292 4876 in
3342 4815 3529 4898 parte
3606 4802 3832 4870 diss'ert

2273 4929 2356 4994 ul»
2396 4929 2543 5016 ipso
2578 4947 2591 4991 :
2640 4924 2816 4991 unde
2850 4928 3032 5012 patet
3068 4915 3247 5008 quod
3304 4936 3446 4981 non
3513 4920 3612 4978 est
3654 4908 3831 4976 idem

2275 5045 2567 5123 tempus,
2602 5034 2668 5099 in
2701 5028 2995 5098 secunda
3028 5034 3096 5093 et
3123 5023 3324 5091 tertia
3395 5017 3833 5111 significatio-

2277 5164 2359 5209 ne
2399 5150 2670 5230 accepto
2702 5149 3029 5226 tempore.
3084 5129 3384 5198 Ulterius
3448 5148 3605 5194 cum
3664 5130 3832 5190 tem-

2276 5271 2403 5339 pus
2447 5269 2586 5313 non
2619 5243 2823 5312 habet
2851 5238 3375 5309 continuitatem
3426 5254 3511 5300 ex
3557 5253 3675 5313 se„
3718 5226 3835 5295 sed

2276 5377 2359 5423 ex
2390 5362 2606 5430 motu,
2640 5361 2708 5420 et
2736 5357 2964 5417 motus
3002 5368 3040 5413 a
3070 5344 3320 5435 spati0,
3362 5347 3440 5407 ut
3470 5338 3634 5406 dicit
3672 5334 3830 5403 Phi-

2275 5462 2625 5552 losophus,
2668 5482 2806 5526 non
2837 5465 2937 5524 est
2987 5475 3264 5521 necesse
3318 5448 3503 5540 quod
3561 5455 3829 5535 tempus

2279 5571 2347 5636 in
2413 5569 2607 5635 tertia
2670 5562 3164 5653 significatione
3249 5558 3332 5624 sit
3398 5556 3826 5627 continuum,

2277 5697 2427 5741 cum
2464 5681 2686 5739 motus
2718 5669 2809 5735 illi
2854 5664 3300 5733 indivisibiles
3356 5662 3515 5742 sint,
3567 5666 3635 5724 et
3688 5676 3826 5722 non
