4897 6388
685 346 816 411 530

693 535 1094 604 personam:
1139 535 1299 604 ergo
1331 516 1476 604 ipsa
1505 516 1585 582 de
1652 537 1939 605 persona
1995 481 2246 606 praedis

690 628 882 687 catur
918 628 994 686 ut
1024 619 1423 688 universale.

780 727 843 793 3.
906 725 1114 806 Item,
1161 727 1550 795 Universale
1598 737 1698 796 est
1763 729 1946 818 quod
2001 737 2102 797 est
2163 730 2232 794 in

691 834 922 900 multis
961 842 1027 902 et
1064 834 1143 901 de
1175 834 1449 902 multis:
1485 837 1777 904 essentia
1803 845 1902 903 est
1933 836 2015 903 de
2054 835 2234 901 mul-

691 941 778 1006 tis
817 942 980 1007 etin
1020 940 1286 1009 multis:
1333 964 1495 1033 ergo
1527 951 1627 1009 est
1665 942 2070 1009 universale.

787 1045 858 1113 Si
883 1046 1054 1115 forte
1083 1057 1155 1114 tu
1176 1048 1383 1127 dicaS,
1419 1050 1602 1139 quod
1623 1057 1725 1117 est
1755 1072 1874 1116 ens
1907 1051 1973 1114 in
2006 1048 2236 1116 multis

694 1175 834 1220 non
864 1153 1155 1220 divisum
1211 1154 1297 1221 ab
1372 1154 1556 1223 illis:
1600 1156 1757 1245 quia
1822 1158 2018 1223 estin
2071 1178 2237 1245 quo·

693 1262 858 1330 libet
894 1262 1165 1330 illorum
1187 1286 1307 1353 per
1336 1286 1481 1331 esse
1528 1263 1707 1332 illius
1779 1266 1848 1330 in
1907 1287 2042 1354 quo
2112 1272 2233 1331 est.

697 1367 943 1437 Adhuc
1036 1369 1300 1437 videtur
1389 1379 1774 1461 competere
1867 1370 2238 1438 secundum

580 1540 584 1544 .
698 1476 875 1546 hanc
905 1481 1234 1546 rationem
1266 1478 1468 1546 etiam
1519 1481 1736 1570 magis
1782 1478 2241 1569 superioribus

377 3016 474 3066 Sed
495 3023 681 3063 eontra.

699 1608 906 1677 quam
933 1587 1407 1656 inferioribus:
1462 1590 1622 1679 quia
1671 1591 1963 1657 essentia
2013 1588 2242 1655 divina

702 1702 802 1762 est
830 1694 900 1761 in
930 1696 1235 1785 personis
1262 1717 1399 1762 non
1465 1694 1681 1763 divisa
1719 1694 1803 1762 ab
1860 1694 2019 1777 illis,
2048 1704 2116 1763 et
2145 1702 2245 1763 est

701 1804 773 1868 in
837 1799 1122 1892 singulis
1196 1824 1316 1891 per
1382 1824 1527 1869 esse
1584 1824 2054 1893 personarum,
2106 1823 2243 1868 non

703 1911 885 1979 enim
915 1907 1120 1976 habet
1148 1909 1539 1978 distinctum
1559 1932 1704 1978 esse
1734 1933 1774 1977 a
1792 1911 2103 2000 personis
2130 1931 2145 1977 :
2182 1919 2245 1977 et

707 2025 810 2085 est
835 2016 1039 2085 etiam
1071 2015 1155 2084 de
1183 2016 1444 2098 multis,
1507 2023 1665 2108 quia
1715 2015 2114 2107 praedicatur
2167 2016 2248 2085 de

707 2123 842 2192 illis
862 2146 879 2193 ε
903 2145 1066 2214 ergo
1084 2123 1354 2193 videtur
1398 2124 1582 2217 quod
1627 2127 1775 2216 ipsa
1794 2125 1969 2194 sitin
1991 2126 2250 2193 ratione

707 2229 1110 2299 universalis
1140 2240 1205 2301 et
1242 2255 1549 2323 personae
1597 2234 1667 2300 in
1725 2233 1985 2301 ratione
2041 2232 2253 2326 parti-

710 2339 979 2411 cularis.

700 2505 706 2510 .
803 2451 1000 2533 Item,
1035 2451 1190 2520 Jam
1219 2471 1643 2527 concessum,
1678 2447 1863 2541 quod
1892 2471 2253 2518 commune

716 2568 786 2628 et
812 2555 1375 2628 communicabile
1419 2564 1523 2626 est
1566 2558 1637 2624 in
1676 2556 1924 2623 divinis
1985 2578 2001 2622 ε
2055 2576 2255 2622 omne

718 2675 947 2736 autem
1002 2662 1568 2735 communicabile
1623 2674 1857 2732 causat
1930 2664 2256 2731 rationem

719 2772 1121 2842 universalis
1154 2796 1170 2840 :
1214 2794 1375 2863 ergo
1416 2769 1797 2839 universale
1837 2779 1938 2839 est
1978 2771 2045 2837 in
2083 2769 2260 2837 divi-

722 2882 853 2962 nis,
896 2890 971 2950 ut
993 2880 1280 2949 videtur.

817 2988 951 3057 San
997 3011 1244 3056 cosma
1295 3010 1312 3055 ε

820 3100 881 3166 1.
916 3095 1096 3164 Dicit
1133 3093 1432 3170 Boetius,
1485 3093 1668 3185 quod
1714 3094 1780 3160 in
1826 3092 2074 3161 divinis
2125 3114 2261 3160 non

722 3214 824 3275 est
868 3201 1246 3273 universale
1310 3210 1377 3270 et
1439 3199 1840 3293 particulare
1891 3223 1909 3269 z
1970 3221 2133 3290 ergo
2192 3200 2257 3266 in

721 3312 866 3382 Deo
897 3313 1111 3403 gratia
1139 3309 1448 3379 essentiae
1478 3330 1615 3375 non
1645 3316 1744 3375 est
1766 3306 2172 3376 universale.

809 3425 872 3491 2.
910 3421 1106 3506 Item,
1141 3420 1212 3486 Si
1247 3421 1314 3487 in
1365 3418 1508 3487 Deo
1561 3428 1737 3486 esset
1790 3416 2169 3486 universale
2200 3425 2265 3485 et

715 3528 1144 3624 particulare,
1205 3550 1360 3596 cum
1412 3524 1524 3593 illa
1564 3525 1790 3593 dicant
1828 3525 1966 3592 duo
2003 3548 2147 3593 esse
2198 3525 2261 3592 id

721 3645 789 3710 in
830 3662 965 3731 quo
994 3647 1177 3719 sunt,
1209 3636 1466 3705 scilicet
1495 3635 1677 3727 quod
1709 3644 1834 3717 est,
1866 3642 1933 3703 et
1961 3657 2098 3725 quo
2137 3645 2260 3713 est,

718 3748 1061 3817 videretur
1123 3744 1304 3838 quod
1351 3746 1419 3812 in
1479 3743 1623 3811 Deo
1687 3743 2037 3811 differrent
2081 3742 2263 3833 quoel

723 3866 849 3941 est,
880 3864 947 3925 et
976 3879 1111 3948 quo
1141 3863 1267 3937 est,
1298 3854 1486 3921 etsie
1527 3861 1702 3920 esset
1745 3855 1887 3943 ipse
1927 3853 2266 3942 composi-

723 3976 860 4033 tus.

816 4075 878 4140 3.
929 4069 1122 4149 ltem,
1158 4069 1230 4137 Si
1272 4080 1369 4136 est
1409 4071 1476 4135 in
1516 4067 1659 4135 Deo
1709 4066 2114 4146 inuniversale,
2149 4078 2263 4134 aut

726 4205 968 4273 genus,
1028 4190 1142 4247 aut
1198 4180 1478 4269 species,
1535 4186 1650 4245 aut
1707 4178 2108 4255 differentia,
2151 4189 2264 4245 aut

727 4290 1104 4380 proprium,
1136 4294 1251 4354 aut
1281 4284 1619 4353 accidens.
1655 4284 1884 4353 Genus
1932 4296 2157 4353 autem
2201 4295 2264 4352 et

727 4398 988 4485 species
1019 4392 1124 4460 hic
1155 4390 1530 4483 probantur
1565 4391 1636 4458 in
1667 4393 1921 4458 Littera
1955 4414 2089 4458 non
2121 4415 2264 4458 esse

730 4507 798 4572 in
847 4502 1014 4569 neo.
1062 4499 1157 4567 De
1187 4498 1336 4566 aliis
1365 4508 1590 4566 autem
1622 4499 1825 4566 etiam
1858 4521 1978 4588 per
2013 4523 2085 4566 se
2143 4521 2265 4588 pa-

730 4621 820 4680 tet
855 4633 871 4678 :
916 4611 1074 4702 quia
1121 4608 1231 4675 illa
1263 4607 1714 4698 praedicantur
1766 4607 1837 4693 jn
1878 4606 2077 4697 quale
2117 4631 2132 4674 :
2170 4630 2265 4674 es·

729 4720 944 4786 sentia
997 4725 1221 4784 autem
1288 4714 1369 4783 de
1438 4737 1724 4805 persona
1763 4714 2161 4804 praedicatur
2198 4714 2264 4780 in

732 4826 895 4917 quid
932 4850 946 4894 ε
989 4849 1148 4916 ergo
1196 4848 1332 4891 non
1388 4831 1489 4890 est
1533 4822 1913 4891 universale
1964 4824 2030 4888 in
2088 4821 2266 4888 divi-

733 4958 865 5002 nis.

829 5148 961 5216 Seu
988 5171 1046 5216 si
1083 5147 1212 5215 hoc
1249 5137 1678 5221 concedatur,
1712 5143 2056 5234 quaeritur,
2091 5142 2267 5221 Qua·

738 5281 806 5326 re
858 5260 923 5325 in
980 5256 1227 5324 divinis
1264 5252 1656 5322 conceditur
1700 5273 1844 5318 esse
1891 5251 2268 5317 communi·

731 5366 970 5444 cabile,
1020 5373 1089 5433 et
1125 5386 1262 5432 non
1319 5359 1696 5429 universale
1739 5369 1805 5428 et
1839 5358 2261 5449 particulare.

730 5495 886 5540 cum
931 5470 1042 5537 illa
1103 5470 1238 5537 duo
1297 5467 1535 5537 eadem
1593 5467 1948 5535 videantur
2001 5488 2146 5533 esse
2197 5469 2262 5533 in

734 5581 876 5647 istis
913 5576 1180 5646 duobus
1215 5578 1251 5644 ⁶?

1665 344 1748 412 o.
1798 344 1999 415 ALB.
2050 345 2264 415 MAG.
2318 345 2526 414 om).
2579 304 2878 410 PRAEo.

2426 515 2734 583 Somno.
2793 514 3201 593 Dicendum,
3275 510 3454 601 quod
3524 505 3591 575 i'n
3623 508 3894 590 divinis,
3991 539 4193 585 Solonio.

2335 623 2508 690 sicut
2558 621 2851 712 probant
2908 620 3174 688 ultimae
3244 619 3566 698 rationeS‚
3622 637 3759 680 non
3800 623 3900 680 est

2335 728 2720 795 universale
2761 738 2826 794 et
2855 726 3269 816 particulare
3305 748 3320 793 t
3365 734 3432 792 et
3460 721 3901 809 causatangi-

2334 846 2446 902 tur
2479 839 2546 903 in
2587 835 3003 925 objiciendo.

2426 943 2531 1009 An
2578 965 2839 1011 PRIMUM
2877 964 3040 1032 ergo
3094 940 3486 1023 dicendum,
3531 937 3714 1029 quod
3753 958 3901 1026 per-

2340 1071 2524 1117 sonae
2557 1071 2695 1116 non
2735 1057 2895 1126 sunt
2932 1046 3340 1138 simpliciter
3369 1047 3590 1137 plura,
3625 1054 3701 1112 ut
3720 1050 3902 1134 patet

2343 1179 2427 1223 ex
2457 1163 2611 1223 ante
2644 1154 2861 1221 dictis.
2901 1152 3305 1222 Universale
3348 1161 3580 1220 autem
3624 1149 3904 1240 requirit

2345 1262 2852 1331 multitudinem
2883 1270 3037 1330 actu
3067 1261 3179 1330 vel
3220 1261 3525 1351 potentia
3566 1281 3718 1349 quae
3748 1258 3906 1323 sim-

2346 1372 2608 1462 pliciter
2643 1371 2728 1439 sit
2759 1368 3156 1451 multitud0,
3200 1378 3269 1438 et
3305 1370 3403 1437 sic
3439 1368 3732 1436 essentia
3770 1387 3904 1432 non

2347 1481 2747 1572 praedicatur
2783 1479 2866 1548 de
2904 1481 3219 1569 personis
3268 1486 3344 1546 ut
3381 1477 3463 1544 de
3494 1474 3751 1543 multis.

2433 1592 2539 1659 An
2602 1613 2801 1658 Auno
2878 1588 3274 1668 dicendum,
3357 1586 3543 1678 quod
3619 1586 3908 1654 essentia

2348 1720 2488 1766 non
2536 1697 2633 1765 sic
2684 1704 3124 1787 comparatur
3159 1694 3245 1762 ad
3294 1717 3627 1784 personas
3658 1714 3907 1759 secun-

2350 1805 2511 1874 dum
2544 1804 2796 1896 ubique
2820 1813 2884 1873 et
2910 1826 3187 1895 semper
3215 1826 3389 1882 esse,
3424 1809 3498 1868 ut
3528 1797 3911 1867 universale

2352 1914 2436 1981 ad
2465 1912 2868 2004 particulare
2902 1937 2918 1981 z
2956 1913 3118 2004 quia
3149 1910 3537 1980 universale
3566 1928 3914 1999 compara-

2351 2032 2464 2090 tur
2518 2021 2604 2090 ad
2659 2020 3068 2113 particulare
3145 2019 3332 2112 quod
3388 2026 3489 2088 est
3553 2016 3680 2085 sub
3738 2018 3907 2106 ipso,

2355 2128 2610 2198 addens
2675 2131 2735 2198 ei
2794 2127 3055 2220 aliquid
3112 2126 3302 2219 quod
3340 2149 3477 2195 non
3520 2134 3622 2193 est
3659 2125 3908 2215 ipsum,

2357 2262 2495 2330 quo
2525 2238 2815 2306 efficitur
2851 2235 3289 2328 particulare,
3323 2244 3390 2304 et
3425 2234 3558 2302 hoc
3590 2255 3729 2302 non
3759 2231 3914 2300 facit

2358 2368 2673 2439 persona.

2447 2456 2553 2522 Ao
2626 2477 2825 2522 Λιιυυ
2889 2452 3281 2530 dicendum,
3354 2449 3539 2543 quod
3625 2449 3915 2516 essentia

2362 2562 2637 2655 quidem
2668 2570 2770 2629 est
2820 2562 2889 2628 in
2944 2562 3259 2652 personis
3294 2568 3360 2627 et
3406 2556 3809 2648 praedicatur
3836 2554 3917 2621 de

2366 2671 2577 2763 ipsis:
2624 2668 2743 2737 sed
2782 2692 2923 2738 non
2974 2667 3385 2759 praedicatur
3425 2667 3507 2733 ‹le
3560 2666 3752 2755 ipsiS,
3800 2685 3922 2730 nec

2366 2780 2578 2848 estin
2627 2778 2790 2868 ipsis
2829 2785 2904 2844 ut
2951 2775 3034 2844 de
3078 2774 3316 2844 multis
3374 2783 3441 2841 et
3501 2775 3568 2840 in
3608 2771 3845 2839 multis
3899 2791 3915 2837 ε

2367 2887 2527 2978 quia
2554 2907 2866 2976 personoe
2900 2906 3039 2952 non
3069 2882 3385 2952 absolute
3416 2890 3574 2949 sunt
3604 2878 3841 2947 multa.

4012 985 4086 1031 Ad
4119 986 4156 1029 1.

4031 2491 4110 2538 Ad
4137 2492 4179 2538 ³.

2456 3097 2562 3164 An
2609 3118 2808 3163 Αωυυ
2835 3092 3233 3177 dicendum,
3295 3092 3478 3183 quod
3538 3088 3928 3158 communi-
3984 3135 4248 3193 adquae-t.

2368 3204 2582 3274 cabile
2641 3204 2888 3271 dicitur
2944 3201 3338 3293 dupliciter,
3389 3200 3643 3268 scilicet
3686 3220 3933 3266 secun-

2370 3314 2534 3381 dum
2572 3313 3139 3381 communitatem
3197 3310 3292 3377 rei
3348 3317 3413 3377 et
3451 3331 3627 3389 esse,
3686 3316 3753 3374 et
3810 3304 3931 3373 hoc

2372 3447 2507 3490 non
2538 3429 2759 3512 potest
2788 3442 2935 3487 esse
2967 3419 3175 3486 unius
3215 3427 3474 3485 naturae
3523 3416 3591 3482 in
3636 3413 3743 3481 his
3785 3437 3933 3504 qum

2371 3528 2769 3619 simpliciter
2798 3526 3015 3595 multa
3045 3534 3204 3594 sunt
3261 3547 3277 3594 :
3323 3533 3392 3592 et
3440 3522 3581 3591 haec
3622 3543 3928 3589 cominu·

2374 3636 2754 3705 nicabilitas
2801 3645 2903 3703 est
2963 3637 3030 3703 in
3081 3634 3338 3702 divinis
3402 3643 3465 3699 et
3510 3655 3646 3699 nnn
3703 3640 3933 3698 causat

2372 3744 2781 3814 universale.
2848 3744 2967 3811 list
3050 3743 3188 3811 alia
3278 3742 3740 3810 communitas
3798 3762 3933 3805 non

2372 3878 2544 3933 esse,
2588 3853 2705 3921 sed
2735 3853 3043 3927 rationis,
3069 3849 3447 3918 secundum
3491 3850 3932 3916 intentionem

2376 3964 2469 4030 rei
2509 3958 3017 4029 abstrahentem
3079 3956 3167 4025 ab
3209 3956 3340 4026 hoc
3386 3965 3453 4024 et
3494 3954 3579 4022 ab
3635 3953 3750 4022 illo
3796 3977 3811 4021 t
3873 3963 3936 4021 et

2378 4067 2517 4137 lioec
2556 4069 3016 4135 communitas
3057 4076 3161 4134 est
3206 4088 3445 4133 eorum
3487 4086 3639 4154 quae
3683 4061 3936 4151 simpli-

2375 4177 2541 4244 citer
2574 4175 2787 4244 multa
2817 4185 3002 4251 sunt.
3031 4171 3368 4263 inquibus
3408 4180 3509 4238 est
3542 4178 3935 4235 naturauna

2375 4307 2494 4373 per
2554 4285 2914 4357 rationem.
2966 4289 3032 4347 et
3091 4278 3237 4347 haec
3303 4285 3536 4344 causat
3606 4277 3934 4342 rationem

2379 4389 2780 4458 universalis
2810 4399 2874 4457 et
2910 4386 3339 4480 particularis
3372 4412 3390 4454 ε
3437 4384 3616 4451 uude
3638 4382 3934 4451 liaecnnn

2375 4508 2478 4566 est
2507 4500 2576 4566 in
2605 4498 2880 4565 divinis.

2467 4607 2548 4674 lit
2582 4629 2702 4696 per
2732 4605 2862 4673 hoc
2885 4612 3071 4695 patet
3101 4601 3356 4671 solutio
3388 4601 3471 4669 ad
3507 4602 3570 4668 id
3602 4598 3787 4692 quocl
3829 4597 3937 4664 ul-

2377 4717 2548 4783 timo
2577 4722 2678 4781 est
2712 4716 3106 4804 qua-situm.

2817 5158 3326 5228 ARTICULFS
3379 5156 3563 5224 xvl.

2474 5375 2717 5440 Utrum
2752 5372 2821 5438 in
2852 5370 3108 5436 divinis
3136 5368 3427 5435 essentia
3450 5369 3541 5434 si!
3565 5390 3781 5454 yemis
3814 5366 3854 5433 ἶ)

2470 5681 2725 5750 Deinde
2801 5678 3130 5770 quaeritur
3199 5676 3283 5745 de
3341 5676 3472 5745 hoc
3520 5679 3702 5768 quod
3753 5678 3935 5762 dicit,
