4897 6388
575 349 701 417 308

573 528 693 597 ter,
720 527 847 589 etc.
877 546 909 585 >³
955 520 1211 600 Quarta
1242 521 1447 590 habet
1485 481 1958 612 pdobationenn
2001 542 2120 609 per

569 627 984 718 exemplum,
1053 628 1173 708 ibi,
1245 628 1328 708 D,
1430 657 1463 693 α
1535 628 1874 696 Pluribus
1940 627 2121 694 enim

566 734 920 825 exempli&
968 763 999 797 »
1064 736 1318 815 Quinta
1357 736 1561 804 habet
1616 734 2115 826 probationem,

568 843 750 933 quod
781 843 1073 935 Spiritus
1104 854 1379 914 sanctus
1405 853 1505 913 est
1542 843 1832 912 charitas
1872 844 1953 911 de
1986 865 2121 934 qua

566 945 725 1014 dicit
749 948 1078 1028 Joanues,
1116 950 1294 1042 quod
1326 949 1506 1018 Deus
1540 973 1625 1017 ex
1658 948 1799 1016 Deo
1833 958 1956 1025 est,
1995 948 2114 1026 ibi,

447 1114 454 1120 .
565 1053 689 1121 sub
719 1056 1052 1146 principio
1085 1056 1166 1140 E,
1221 1059 1584 1147 «Spiritus
1650 1067 1883 1123 aulem
1938 1057 2115 1124 San-

563 1171 708 1228 ctus
765 1162 885 1229 ubi
935 1165 1028 1230 sit
1084 1164 1308 1231 (lictus
1364 1165 1666 1232 eltae-itas
1699 1165 2104 1244 invenimuS,

563 1277 687 1336 ele.
730 1294 764 1332 >i

649 1377 752 1444 Ex
778 1377 887 1445 his
922 1387 1107 1468 patet
1144 1381 1477 1447 sententia
1515 1383 1789 1448 Litterae
1846 1404 1966 1471 per
2011 1388 2116 1448 to·

561 1494 696 1552 tam
719 1483 1251 1553 distinctionem.
1869 1511 1874 1517 ·

1027 2024 1536 2095 ARTICULUS
1588 2027 1641 2096 Ι.

463 2208 469 2215 ’
561 2234 913 2319 Quomodo
944 2235 1276 2328 differant
1303 2238 1585 2305 nomina
1634 2260 1785 2329 quae
1817 2237 2110 2306 attribu-

181 5374 278 5422 Sod
311 5388 496 5425 eontra.

583 2384 617 2448 ¹.
644 2352 857 2419 untur
880 2343 1188 2434 Spiritui
1226 2354 1487 2425 sancto,
1531 2367 1751 2424 amor,
1797 2344 2099 2424 dilectio,

640 2448 944 2517 charitas
970 2448 1012 2516 27

641 2775 881 2845 Incidit
925 2787 1154 2846 autem
1212 2778 1497 2868 quaestio
1540 2780 1777 2869 ¹primo
1836 2778 1917 2848 de
1967 2777 2098 2848 hoc

550 2885 737 2976 quod
764 2884 926 2953 dicit
958 2907 975 2953 ε
1013 2914 1045 2947 «
1088 2885 1399 2976 Spiritus
1433 2896 1712 2954 sanctus
1749 2909 1947 2955 amor
1971 2896 2092 2968 est,

542 2992 681 3059 sive
715 2991 1043 3076 charitas,
1091 2992 1235 3059 sive
1270 2989 1548 3059 dileetio
1598 2994 1833 3061 Patris
1876 3000 1943 3060 et
1981 2995 2096 3062 Fi·

546 3098 653 3165 lii.
695 3125 730 3161 n
767 3097 849 3166 Et
906 3106 1303 3188 quaeruntur
1341 3098 1478 3167 duo
1521 3121 1537 3168 ε
1602 3121 1895 3190 quorum
1953 3102 2094 3191 pri·

545 3230 730 3275 mum
771 3214 871 3276 est
910 3207 992 3277 de
1031 3207 1411 3276 differentia
1441 3205 1689 3275 horum
1732 3210 2089 3277 nominum

542 3336 690 3405 quae
718 3313 960 3405 tangit.
1025 3312 1107 3381 Et
1154 3312 1480 3395 secunde,
1523 3322 1754 3381 utrum
1795 3313 2092 3406 Spiritus

539 3427 811 3489 sanctus
840 3428 915 3488 ut
952 3441 1152 3488 amor
1178 3419 1501 3510 procedat
1545 3424 1582 3489 ⁴?

631 3527 693 3592 1.
723 3524 1016 3593 Videtur
1039 3534 1267 3593 autem
1303 3548 1445 3595 non
1475 3548 1621 3594 esse
1651 3526 2030 3598 differentia
2066 3552 2082 3598 ε

538 3636 695 3727 quia
723 3636 1153 3727 Augustinus
1202 3635 1365 3704 dicit
1411 3659 1619 3727 super
1656 3637 1822 3705 illud
1865 3638 2089 3708 Joan-

538 3747 669 3829 nis,
700 3744 843 3825 xxi,
882 3748 987 3823 15,
1065 3747 1145 3814 ¹6
1220 3754 1288 3815 et
1334 3749 1456 3814 ¹7:
1499 3749 1738 3815 Simon
1766 3750 2082 3834 loannis,

536 3852 778 3942 diliqis
805 3852 975 3920 me?
1025 3860 1092 3919 et
1130 3850 1482 3944 subjungit
1523 3855 1592 3921 in
1645 3856 1776 3923 line
1823 3854 2081 3936 dicens,

535 3961 746 4028 Amas
773 3957 944 4027 me?
981 3958 1167 4050 quod
1209 3981 1407 4029 amor
1470 3970 1538 4030 et
1600 3960 1871 4030 dilectio
1927 3973 2087 4034 sunt

536 4069 713 4138 idem
755 4091 772 4139 ε
818 4092 983 4162 ergo
1039 4069 1311 4139 videtur
1358 4071 1542 4164 quod
1572 4095 1709 4142 non
1740 4072 2078 4146 dill'erant.

623 4182 687 4245 2.
719 4175 920 4256 Item,
959 4177 1325 4269 Dionysius
1355 4180 1426 4246 in
1472 4179 1646 4248 libro
1678 4181 1758 4250 de
1810 4185 2084 4252 Divinis

533 4283 925 4352 nominibus
953 4305 980 4353 .·
1011 4283 1177 4352 Mihi
1215 4284 1528 4355 videntur
1556 4285 1855 4381 theologi
1896 4313 2081 4359 com·

534 4414 737 4461 mune
767 4392 1042 4483 quidem
1073 4391 1317 4461 ducere
1348 4393 1725 4464 dilectionis
1771 4405 1836 4466 et
1880 4420 2082 4467 amo-

533 4499 624 4566 ris
660 4520 914 4567 nomen
948 4501 991 4566 ¹.

619 4606 814 4686 Item,
859 4606 1140 4688 ibidem,
1211 4609 1642 4701 reprehendit
1707 4612 2074 4705 Dionysius

528 4712 1021 4804 distinguentes
1061 4715 1237 4783 inter
1281 4716 1714 4787 dilectionem
1762 4730 1826 4789 et
1877 4744 2078 4789 amo-

530 4843 696 4897 rem,
730 4819 963 4889 dicens
1028 4820 1211 4912 quod
1276 4822 1531 4894 faciunt
1592 4826 1733 4894 vim
1812 4827 2074 4898 levibus

529 4925 738 5001 sonis,
780 4927 976 5014 quasi
1044 4948 1169 4993 nos
1229 4949 1369 4996 non
1429 4930 1767 5020 possimus
1835 4942 2076 5024 quater

529 5054 738 5099 unum
759 5053 881 5122 per
915 5031 1020 5101 bis
1049 5032 1211 5111 duo,
1245 5044 1313 5102 et
1359 5040 1643 5128 patriam
1683 5064 1805 5132 per
1846 5041 2072 5111 natale

527 5136 748 5205 solum
821 5138 1255 5227 significare:
1309 5164 1470 5234 ergo
1525 5145 1813 5225 videtur,
1885 5149 2067 5239 quod

529 5266 722 5313 amor
757 5251 825 5313 et
858 5244 1127 5316 dilectio
1157 5257 1224 5315 et
1263 5248 1553 5319 charitas
1582 5264 1740 5321 sunt
1770 5254 1973 5322 idem.

618 5353 1018 5424 Szncoxma
1069 5379 1084 5423 ε

633 5460 927 5530 isidorus
952 5463 1112 5531 dicit
1135 5486 1438 5534 amorem
1463 5491 1606 5537 esse
1631 5469 2061 5538 rationalium

597 5690 615 5726 ¹
646 5692 708 5749 S.
747 5693 1064 5763 lhoxisnus,
1097 5695 1217 5751 Lib.
1278 5695 1354 5753 de
1419 5697 1639 5755 Divinis
1691 5701 2055 5770 nominibus,

1610 350 1693 418 D.
1744 350 1939 417 ΑΕΒ.
1997 348 2213 417 MAG.
2267 346 2476 416 ORD.
2529 345 2832 453 PItAED.

2230 527 2294 585 et
2339 514 2864 589 irrationalium,
2918 511 3353 581 dilectionem
3404 502 3633 583 autem
3666 503 3807 582 ἴω·
3886 573 3891 574 ff

2227 625 2586 693 tionalium
2651 631 2915 691 tantum
2973 645 2987 689 :
3050 644 3213 713 ergo
3271 623 3566 705 videtur,
3601 624 3784 713 quod

2228 754 2367 800 non
2401 735 2540 800 sint
2572 730 2777 800 idem.

2313 840 2377 905 2.
2425 839 2623 915 Item,
2661 835 2801 902 Nos
2841 835 3128 902 dicimus
3162 858 3285 902 nos
3314 835 3526 904 multa
3555 860 3783 905 amare

2226 967 2376 1036 quae
2451 970 2591 1015 non
2659 968 2972 1012 amamus
3039 967 3123 1012 ex
3194 944 3519 1014 charitate
3554 970 3569 1014 :
3620 970 3780 1038 ergo

2225 1077 2420 1121 amor
2450 1065 2518 1123 et
2554 1052 2852 1123 charitas
2894 1075 3030 1119 non
3064 1063 3223 1121 sunt
3263 1052 3468 1122 idem.

2315 1164 2617 1246 3.Iten1,
2654 1162 2878 1229 Etiam
2938 1161 3009 1227 in
3077 1164 3259 1252 turpi
3320 1185 3553 1231 amore
3610 1164 3780 1231 bene

2223 1269 2615 1339 inducimus
2649 1290 2905 1336 nomen
2921 1269 3200 1347 amoris,
3230 1268 3348 1337 sed
3368 1292 3507 1338 non
3530 1294 3777 1339 nomen

2221 1376 2611 1447 charitatis:
2656 1400 2821 1468 ergo
2864 1379 2989 1443 ista
3028 1398 3168 1443 non
3209 1371 3367 1444 sunt
3407 1376 3608 1446 idem.
3668 1377 3782 1444 Si-

2222 1489 2473 1558 militer
2504 1512 2631 1559 nos
2663 1488 2983 1579 ponimus
3014 1486 3327 1555 ordinem
3359 1488 3426 1554 in
3477 1487 3581 1555 his
3626 1511 3779 1579 quae

2229 1619 2313 1664 ex
2329 1597 2662 1666 charitate
2703 1593 3055 1685 diligimus
3099 1616 3115 1660 ε
3152 1596 3222 1660 in
3260 1593 3622 1663 dilectione
3659 1619 3778 1664 au-

2219 1715 2356 1775 tem
2384 1707 2585 1798 plura
2622 1713 2782 1774 sunt
2826 1726 2841 1771 ε
2916 1704 3077 1795 quia
3116 1702 3465 1795 diligimus
3524 1704 3775 1784 cibum,

2217 1824 2485 1906 potum,
2521 1823 2589 1885 et
2620 1811 3022 1903 hujusmodi
3057 1835 3073 1880 ε
3107 1834 3249 1881 non
3292 1822 3522 1882 tamen
3552 1814 3777 1882 chari-

2215 1930 2423 1991 tatem
2455 1924 2795 1992 habemus
2839 1920 2922 1988 ad
2964 1918 3079 1987 illa
3124 1943 3140 1987 τ
3196 1942 3359 2011 ergo
3400 1920 3666 2000 videtur
3704 1923 3774 1989 in

2216 2029 2313 2097 eis
2335 2052 2484 2098 esse
2504 2027 2913 2097 differentia.

2304 2237 2616 2310 Somno.
2650 2235 3063 2318 Dicendum,
3118 2235 3305 2327 quod
3344 2259 3541 2305 amor
3568 2248 3635 2307 et
3671 2237 3768 2306 di·
3844 2287 4038 2335 Somno·

2210 2344 2410 2415 lectio
2448 2357 2515 2417 et
2552 2344 2852 2417 charitas
2904 2345 2973 2412 in
3012 2344 3329 2436 gratuitis
3383 2344 3582 2415 donis
3636 2368 3768 2415 no-

2209 2454 2481 2524 minant
2506 2455 2719 2534 idem,
2755 2450 3136 2520 secundum
3188 2451 3489 2522 diversas
3540 2462 3767 2523 tamen

2206 2562 2829 2632 considerationes:
2885 2567 3115 2628 tamen
3145 2559 3215 2626 in
3246 2581 3318 2628 se
3346 2559 3768 2630 considerata

2206 2690 2280 2737 se
2307 2668 2566 2740 habent
2607 2670 2787 2737 sicut
2831 2667 3145 2759 superius
3204 2674 3272 2735 et
3337 2667 3616 2736 inferius
3652 2692 3667 2737 :
3710 2669 3768 2736 si

2204 2779 2387 2846 enim
2422 2779 2545 2848 ista
2580 2782 2931 2871 ponantur
2951 2775 3125 2844 circa
3166 2776 3543 2866 gratuitum
3582 2800 3771 2845 amo·

2202 2906 2344 2953 rem
2373 2893 2676 2967 tantum,
2709 2890 2875 2951 tunc
2895 2883 3264 2950 nominant
3293 2883 3612 2953 eumdem
3642 2882 3772 2952 ha-

2200 2989 2422 3059 bitum
2452 2989 2833 3062 secundum
2887 2988 3229 3057 diversam
3268 2990 3769 3059 consideratio-

2202 3120 2360 3167 nem
2407 3101 2515 3169 sui
2556 3108 2773 3168 actus.
2834 3100 3053 3166 Amor
3107 3100 3290 3167 enim
3341 3099 3505 3168 dicit
3531 3096 3768 3168 adhae-

2199 3209 2465 3278 sionem
2505 3209 2792 3278 asl'ectus
2829 3206 2958 3297 ipsi
3008 3205 3192 3275 bono
3251 3206 3434 3300 quod
3465 3217 3759 3276 amatur.

2197 3317 2495 3386 Dilectio
2535 3325 2771 3386 autem
2830 3314 2992 3384 dicit
3028 3314 3350 3385 eumdem
3407 3315 3753 3395 affectum,

2198 3426 2575 3496 secundum
2609 3423 2798 3517 quod
2834 3432 2934 3492 est
2974 3446 3061 3492 ex
3103 3423 3432 3495 electione
3472 3425 3757 3495 rationis

2198 3533 2661 3628 praeeligentis
2723 3530 2891 3600 illud
2950 3531 3034 3600 de
3108 3532 3308 3601 bonis
3389 3533 3541 3603 aliis
3606 3556 3754 3626 quae

2195 3651 2539 3724 amantur,
2573 3642 2753 3711 sicut
2779 3639 3027 3707 dicitur
3054 3641 3123 3707 in
3156 3638 3481 3720 Canticis,
3515 3664 3584 3723 v,
3626 3643 3705 3710 ¹0
3737 3664 3753 3708 :

2200 3748 2510 3819 Dilectus
2539 3770 2735 3817 meus
2795 3747 3046 3814 electus
3100 3770 3187 3814 es:
3241 3747 3580 3817 millibus.
3619 3747 3755 3816 Sed

2193 3855 2497 3926 charitas
2526 3854 2842 3925 nominat
2894 3852 3214 3923 eumdem
3258 3855 3600 3934 affectunt,
3644 3878 3757 3925 se-

2194 3964 2495 4033 cundum
2565 3962 2756 4054 quod
2820 3960 2947 4028 sub
3016 3960 3477 4031 inaestimabili
3534 3965 3752 4054 pretio

2194 4074 2388 4162 ponit
2442 4081 2755 4141 amatum
2819 4089 2836 4137 ε
2916 4066 3200 4137 charum
3256 4070 3440 4138 enim
3508 4069 3755 4140 dicitur

2190 4178 2371 4269 quod
2404 4178 2639 4269 magni
2672 4177 2866 4270 pretii
2899 4176 3300 4261 aestimatur,
3334 4177 3508 4246 sicut
3539 4175 3754 4245 habe-

2191 4293 2302 4353 tur
2356 4286 2424 4354 in
2486 4284 2753 4354 Cantie.
2794 4306 2940 4367 vm,
2984 4284 3063 4351 7:
3115 4284 3199 4353 Si
3234 4283 3496 4352 dederit
3550 4285 3752 4356 homo

2189 4414 2456 4460 omnem
2481 4389 2950 4459 substantiam
3018 4388 3265 4457 domus
3289 4412 3432 4458 suae
3466 4414 3597 4482 pro
3636 4390 3752 4459 di-

2191 4498 2501 4580 lectione,
2550 4497 2762 4588 quasi
2818 4495 3002 4562 nihil
3056 4494 3378 4587 despiciet
3439 4518 3618 4565 eam.
3674 4495 3751 4565 Si

2185 4610 2414 4670 autem
2456 4603 2584 4670 ista
2616 4601 2745 4667 tria
2778 4623 2916 4667 non
2946 4599 3126 4669 circa
3154 4603 3526 4692 gratuitum
3560 4625 3753 4671 amo-

2186 4734 2327 4779 rem
2359 4709 2903 4785 considerentur,
2939 4708 3060 4776 scd
3099 4710 3169 4777 in
3207 4732 3306 4789 se,
3350 4719 3511 4778 tunc
3547 4709 3749 4779 diffe-

2184 4827 2340 4885 runt
2379 4819 2553 4886 sicu't
2585 4838 2806 4906 genus
2862 4823 2928 4883 et
2965 4817 3251 4906 species,
3288 4817 3528 4885 Omnis
3558 4818 3741 4885 enim

2181 4923 2452 4995 dilectio
2481 4934 2585 4994 est
2624 4946 2846 5000 amor,
2915 4922 3033 4991 sed
3084 4946 3225 4991 non
3271 4925 3737 4993 convertitur:

2179 5040 2245 5100 et
2274 5036 2501 5103 omnis
2529 5030 2828 5101 charitas
2902 5040 3005 5098 est
3069 5029 3341 5099 dileetio
3399 5040 3468 5101 et
3519 5056 3741 5116 amor,

2179 5138 2294 5207 sed
2324 5163 2463 5209 non
2504 5140 2934 5209 convertitur
2966 5161 2983 5206 ε
3018 5139 3180 5229 quia
3210 5146 3371 5207 tunc
3408 5162 3607 5208 amor
3644 5149 3746 5210 est
3796 5126 3801 5129 ⁷

2178 5250 2248 5319 in
2279 5251 2699 5318 sensibiliter
2722 5249 2968 5317 amatis
2988 5257 3054 5316 et
3077 5247 3595 5329 rationabiliter,
3622 5250 3738 5319 sed

2175 5355 2447 5427 dilectio
2490 5366 2595 5426 est
2655 5357 2724 5423 in
2774 5354 3271 5424 rationabiliter
3305 5359 3551 5426 amatis
3580 5368 3737 5427 tan-

2174 5472 2347 5550 tum,
2381 5464 2683 5533 charitas
2712 5470 2942 5530 autem
2974 5462 3042 5528 in
3093 5464 3407 5552 gratuitis
3436 5473 3734 5535 tantum.

2169 5720 2297 5778 cap.
2331 5707 2383 5761 4.
