4897 6388
619 535 620 546 ⁴
619 493 620 516 μ
621 459 622 470 ᾼ
611 91 623 414 ,φη-...μμ-..ω-ηῆ..
613 29 622 66 ..-

1189 335 1230 414 .⁴‘
1323 379 1339 409 ἶ
1766 301 1859 368 ΙΝ
1906 301 1933 367 l
1985 299 2406 369 SENTENT.
2462 298 2688 406 DJST.
2741 297 2897 377 XII,
2952 299 3030 376 E,
3082 297 3283 366 ΛΒΤ.
3338 301 3406 382 6,
3446 300 3513 366 7.
3586 314 3597 325 '

1503 904 2001 974 ARTICULUS
2051 903 2168 969 VI.

1058 1124 1167 1190 De
1204 1116 1405 1186 verbo
1444 1118 1708 1185 Hilarii
1764 1140 1896 1208 quo
1943 1116 2219 1194 dicitur,
2262 1114 2609 1204 Spiritum

1150 1237 1467 1296 sanctum
1524 1235 1721 1293 tuum
1775 1233 2190 1316 promerear-5
2244 1223 2366 1313 qui
2420 1244 2505 1288 ex
2550 1231 2612 1287 te

1153 1343 1250 1402 est
1269 1356 1400 1425 per
1428 1333 1884 1422 uniqenilumL

1151 1751 1418 1820 Deinde
1450 1753 1773 1843 quaeritur
1803 1751 1883 1819 de
1913 1750 2045 1820 hoc
2070 1751 2277 1819 verbo
2311 1749 2554 1817 Hilarii
2588 1772 2604 1818 ε

1063 1887 1098 1928 ι
1139 1863 1490 1957 Spiritum
1515 1873 1830 1930 sanctum
1876 1863 2246 1953 tuum,qui
2281 1885 2365 1929 esc
2403 1870 2468 1927 te
2487 1883 2614 1952 per

1059 1971 1499 2062 uniyenitum
1548 1965 1903 2053 tuum'est,
1949 1992 2369 2061 promerear,
2402 1976 2534 2037 etc.
2572 1995 2608 2031 »

1149 2079 1254 2148 Ex
1296 2080 1427 2148 hoc
1445 2079 1715 2148 videtur
1741 2080 1958 2171 sequi,
1992 2078 2173 2172 quod
2202 2079 2609 2170 principium

1059 2187 1150 2257 sit
1188 2189 1258 2255 in
1301 2186 1472 2272 Filio
1501 2210 1623 2278 per
1659 2187 2168 2257 auctoritatem:
2215 2187 2388 2255 sicut
2433 2209 2614 2277 prae-

1058 2296 1329 2388 positus
1358 2294 1514 2363 facit
1542 2292 1675 2363 hoc
1703 2318 1823 2386 per
1843 2316 2069 2385 regem
2093 2313 2111 2363 :
2143 2296 2392 2362 virtute
2425 2295 2610 2361 enim

1061 2403 1566 2497 praepositionis
1594 2411 1869 2472 notatur
1895 2403 2254 2470 auctoritas
2285 2404 2352 2468 in
2393 2425 2461 2469 rc
2501 2424 2611 2469 ac-

1064 2511 1395 2580 cusativa.

1162 2721 1472 2790 Somno.
1517 2721 1914 2812 l’raepositio
1950 2721 2291 2812 aequivoce
2337 2720 2617 2810 ponitur

1065 2853 1225 2900 cum
1248 2827 1970 2915 diversis-casualibus:
1998 2828 2400 2920 quandoque
2429 2828 2613 2895 enim

1064 2945 1262 3006 notat
1300 2938 1767 3005 auctoritatem
1815 2937 1882 3003 in
1920 2958 2076 3004 casu
2141 2936 2245 3003 cui
2307 2933 2616 3023 adjungi-

1060 3054 1213 3114 tur:
1267 3043 1682 3135 quandoque
1725 3042 2347 3121 subauctoritatem,
2391 3050 2467 3106 ut
2507 3039 2613 3106 di-

1058 3159 1226 3223 cunt
1272 3151 1550 3245 quidam
1587 3173 1604 3220 :
1648 3159 1873 3219 tamen
1925 3150 2205 3219 verbum
2241 3146 2615 3216 subant-10-

1059 3261 1295 3329 ritaeis
1325 3280 1466 3326 non
1509 3259 1850 3326 invenitur
1905 3258 2199 3349 positum
2237 3280 2275 3322 a
2317 3254 2608 3322 Sanctis.

1062 3366 1203 3436 Sed
1259 3365 1653 3449 dicendum,
1715 3366 1895 3457 quod
1961 3373 2149 3433 notat
2202 3362 2612 3455 quandoque

1061 3474 1569 3550 auctoritatem,
1612 3473 1667 3539 si
1720 3475 1786 3541 in
1827 3472 1961 3540 alio
2005 3473 2278 3563 ponitur
2313 3470 2613 3538 auctori-

1061 3591 1192 3660 tas,
1237 3592 1314 3651 ut
1350 3605 1508 3650 cum
1538 3581 1806 3656 dicitur.
1852 3581 1993 3648 Rex
2040 3579 2194 3648 facit
2249 3602 2369 3670 per
2407 3601 2611 3644 suum

1059 3690 1536 3782 przepositum.
1581 3689 1681 3757 lta
1715 3688 2006 3756 Hilarius
2043 3687 2199 3755 dicit
2239 3684 2374 3767 hic,
2414 3696 2480 3753 et
2513 3685 2617 3752 in-

1059 3796 1281 3867 tendit
1332 3794 1519 3887 quod
1558 3794 1852 3886 Spiritus
1899 3802 2168 3862 sanctus
2196 3794 2282 3861 sit
2328 3817 2366 3859 a
2409 3791 2609 3860 Patre

1060 3913 1129 3973 et
1160 3903 1361 3987 Filio,
1395 3912 1465 3971 et
1485 3904 1645 3994 quia
1681 3903 1812 3971 hoc
1848 3902 2052 3970 Filius
2080 3900 2342 3970 habeta
2369 3900 2602 3968 Patre:

1059 4015 1236 4081 sicut
1274 4012 1480 4080 etiam
1531 4009 1637 4078 hic
1687 3999 2072 4101 exponitur.

1478 4664 1975 4734 Ammites
2033 4663 2184 4733 ΥΗ.

1056 4890 1167 4956 An
1198 4884 1552 4977 quidquid
1575 4882 1777 4950 habe!
1814 4882 2064 4960 Filius,
2095 4881 2293 4949 habet
2323 4906 2366 4947 a
2398 4884 2609 4950 l'alre

1455 5015 1586 5083 per
1629 4991 2128 5079 yeneruliwmn
2168 4989 2208 5055 Ξ)

1155 5422 1417 5491 Deinde
1457 5425 1784 5513 quaeritur
1833 5423 1913 5491 de
1971 5421 2099 5491 hoc
2155 5421 2338 5512 quod
2390 5420 2601 5489 dicit:

1064 5562 1100 5597 a
1139 5529 1506 5621 Quidquid
1528 5530 1754 5609 habet,
1789 5531 1870 5597 de
1899 5532 2104 5598 l’alre
2120 5528 2319 5597 habet
2349 5530 2414 5597 F
2410 5530 2605 5608 ilius,

1063 5647 1192 5708 ete.
1231 5666 1266 5700 »ι

4141 298 4267 364 361

2810 470 2831 532 l
2852 519 2866 533 .
2899 465 3035 535 Sed
3057 489 3196 533 non
3213 465 3418 533 habet
3438 466 3566 533 nisi
3580 489 3704 556 per
3719 465 4264 557 generationem:

2715 597 2875 664 ergo
2929 597 3051 664 per
3118 576 3627 664 generationem
3686 573 3892 641 habet
3941 571 4273 663 quidquid

2716 682 2920 750 habet
2956 707 2970 749 ε
3015 683 3134 749 sed
3174 681 3379 749 habet
3416 682 3920 771 processionem
3974 679 4270 770 Spiritus

2719 793 2929 859 sancti
2972 815 3010 858 a
3057 813 3128 857 se
3164 812 3178 856 :
3224 813 3386 881 ergo
3436 813 3556 880 per
3593 791 4104 881 generationem
4145 786 4274 853 ha-

2715 897 2831 994 bet
2862 896 3045 962 illam
3084 918 3098 962 :
3145 919 3307 986 ergo
3356 897 3696 986 processio
3748 904 3849 962 est
3899 916 4019 984 per
4057 915 4272 983 gene-

2719 1004 3078 1082 rationem,
3105 1003 3289 1093 quod
3322 1003 3560 1070 falsum
3585 1011 3708 1082 est,
3731 1024 3886 1070 cum
3910 1001 4134 1067 dicant
4164 999 4273 1067 di-

2720 1135 2951 1180 versos
2982 1112 3238 1181 ssuxuS.

2809 1224 2872 1288 2.
2918 1221 3114 1305 Item,
3169 1218 3242 1287 Si
3280 1218 3609 1309 quidquid
3633 1217 3835 1286 habet
3867 1217 4101 1299 Filius,
4145 1215 4273 1282 ha-

2716 1333 2829 1400 bet
2862 1356 2902 1398 a
2942 1331 3141 1398 Patre
3175 1351 3190 1397 z
3227 1351 3390 1420 ergo
3434 1327 3759 1420 quidquid
3798 1325 4006 1395 habet
4055 1325 4271 1416 Spiri-

2718 1452 2825 1510 tus
2855 1449 3151 1517 sanctus,
3180 1439 3384 1508 habet
3414 1439 3497 1507 ab
3522 1448 3809 1530 utroque
3842 1457 3857 1505 :
3893 1458 4054 1528 ergo
4088 1434 4272 1526 quod

2718 1550 3020 1640 procedit
3050 1549 3131 1616 ab
3188 1558 3503 1640 utroque,
3566 1547 3771 1616 habet
3808 1547 3892 1614 ab
3933 1556 4264 1636 utroque:

2718 1681 2879 1750 ergo
2929 1657 3112 1748 quod
3168 1657 3471 1747 procedit
3518 1680 3558 1725 a
3613 1656 3840 1734 Patre,
3923 1655 4128 1724 habet
4182 1655 4268 1722 ab

2718 1774 3043 1854 utroque:
3080 1786 3243 1855 ergo
3267 1759 3452 1854 quod
3481 1759 3800 1850 procedat
3828 1758 4106 1843 aPatre,
4142 1756 4272 1825 ha-

2717 1875 2829 1943 bet
2869 1874 2976 1942 al?
2981 1873 3122 1952 ilio,
3158 1869 3613 1963 quodfalsum
3654 1877 3778 1938 est.

2809 2088 2912 2154 An
2961 2108 3109 2154 nme
3137 2093 3207 2154 et
3261 2080 3652 2174 hujusmodi
3693 2077 4114 2169 sophismata
4158 2076 4268 2144 di·-

2717 2194 3034 2271 cendum,
3078 2191 3262 2282 quod
3293 2188 3622 2280 quidquid
3661 2184 3862 2253 habet
3891 2183 4125 2263 Filius,
4150 2182 4272 2251 ha-

2718 2303 2831 2371 bet
2871 2327 2909 2369 a
2951 2302 3149 2368 Patre
3199 2321 3318 2390 per
3358 2295 3905 2389 generationem:
3966 2292 4083 2360 sed
4132 2314 4271 2359 non

2719 2412 3046 2502 sequitur,
3082 2406 3267 2498 quod
3309 2413 3525 2472 totum
3560 2404 3646 2469 sit
3677 2410 3909 2469 natum
3944 2399 4125 2490 quod
4156 2399 4276 2466 ha-

2718 2518 2855 2598 bet,
2890 2520 3062 2585 sicut
3103 2536 3306 2604 supra
3348 2518 3445 2579 est
3493 2507 4059 2577 determinatum:
4113 2506 4274 2596 quia

2723 2628 2931 2695 Filius
2961 2635 3160 2695 natus
3192 2632 3318 2701 est,
3353 2631 3418 2689 et
3439 2620 3876 2712 generatione
3897 2625 4022 2695 est,
4057 2624 4122 2683 et
4141 2615 4273 2684 alia

2720 2743 2873 2802 sunt
2916 2735 2987 2801 in
3028 2735 3171 2823 ipso
3210 2753 3332 2821 per
3372 2727 3794 2795 identitatem
3848 2723 3934 2792 ad
3981 2733 4216 2790 natum
4251 2745 4267 2790 ε

2721 2852 2785 2909 et
2816 2843 2911 2908 sic
2940 2842 3043 2908 vis
3083 2838 3467 2930 processiva
3498 2840 3601 2904 est
3631 2835 3697 2902 in
3729 2833 3904 2923 ipso,
3948 2831 4089 2899 sive
4131 2831 4275 2920 spi-

2722 2947 2891 3012 ratio
2931 2944 3174 3011 activa.

2813 3052 2912 3118 An
2961 3073 3155 3117 Λιιυυ
3226 3045 3613 3120 dicendum.
3681 3042 3864 3134 quod
3940 3039 4269 3133 quidquid

2721 3157 2925 3228 habet
2967 3157 3260 3250 Spiritus
3289 3161 3587 3232 sanctus,
3626 3149 3825 3220 habet
3856 3149 3940 3218 ab
3980 3159 4268 3240 utroque

2720 3266 2994 3333 divisim
3054 3271 3119 3332 et
3158 3262 3623 3351 conjunctim:
3670 3261 3830 3350 quia
3882 3267 4101 3325 totum
4152 3255 4270 3324 ha-

2720 3372 2830 3442 bet
2863 3398 2900 3441 a
2934 3371 3133 3449 Filio,
3168 3380 3236 3439 et
3263 3380 3483 3438 totum
3517 3367 3717 3436 habet
3744 3389 3783 3434 a
3816 3365 4050 3434 Patre:
4086 3362 4270 3456 quod

2720 3491 2947 3550 autem
2984 3479 3310 3547 infertur:
3364 3499 3527 3568 ergo
3590 3473 3772 3566 quod
3829 3472 4129 3565 procedit
4186 3472 4272 3540 ab

2722 3599 3036 3679 utroque,
3065 3594 3226 3666 etc„
3258 3606 3619 3676 possumus
3649 3582 3867 3649 dicere
3898 3581 4069 3647 sicut
4091 3601 4274 3647 com·

2724 3698 3017 3764 inuniter
3060 3694 3371 3770 solvitur,
3427 3691 3610 3782 quod
3669 3699 3770 3758 est
3824 3688 4272 3756 commutatio

2720 3805 3273 3897 praedicamenti:
3321 3804 3481 3893 quia
3542 3798 3901 3891 procedere
3959 3820 4098 3863 non
4172 3804 4267 3862 est

2721 3913 2907 4005 quid,
2951 3913 3067 3980 sed
3108 3912 3190 3979 ad
3223 3908 3506 4001 aliquid.

2811 4019 2945 4088 Sed
2968 4020 3127 4110 quia
3152 4027 3377 4109 posset
3401 4017 3655 4107 opponi
3685 4014 3866 4105 quod
3895 4011 4267 4081 secundum

2717 4131 2847 4199 hoc
2888 4154 3023 4198 non
3062 4128 3315 4197 valeret
3349 4130 3519 4196 ratio
3561 4125 3921 4215 Augustini
3969 4121 4271 4213 proban-

2717 4241 2805 4307 tis
2845 4238 3027 4329 quod
3090 4235 3298 4304 Filius
3354 4234 3554 4302 habet
3613 4258 3651 4300 a
3693 4232 3891 4300 Patre
3948 4230 4127 4321 quod
4180 4229 4267 4297 ab

2720 4346 2865 4436 ipso
2933 4343 3251 4434 procedat
3315 4343 3649 4432 Spiritus:
3722 4342 3881 4431 quia
3938 4337 4267 4429 quidquid

2718 4452 2945 4530 habet,
2999 4451 3200 4520 habet
3260 4475 3299 4518 a
3351 4451 3573 4517 Patre.
3626 4448 4048 4516 (lonc-edatur
4097 4443 4266 4523 haec,

2717 4560 2899 4651 quod
2950 4556 3277 4649 quidquid
3320 4555 3549 4637 habet,
3584 4554 3786 4623 habet
3825 4554 3909 4622 ab
3951 4564 4264 4644 utroque,

2716 4678 2782 4735 et
2809 4666 3222 4735 concedatur
3262 4665 3676 4754 conjunctim
3729 4670 3992 4730 tantum
4030 4682 4045 4729 ε
4090 4671 4155 4728 et
4214 4660 4269 4728 si

2715 4783 2951 4864 postea
2985 4773 3306 4840 infertur:
3342 4794 3506 4858 ergo
3555 4768 3758 4838 habet
3795 4792 3834 4837 a
3879 4767 4047 4836 Filio
4088 4765 4273 4856 quod

2716 4879 3020 4969 procedit
3049 4904 3089 4945 a
3139 4878 3362 4954 Patre,
3417 4886 3597 4967 patet
3640 4874 3822 4966 quod
3864 4898 4000 4941 non
4039 4873 4273 4963 sequi-

2717 4996 2866 5055 tur:
2901 4987 3060 5076 quia
3101 4984 3186 5051 ab
3228 4981 3556 5051 immobili
3600 4982 4068 5073 suppositione
4111 5002 4270 5070 pro·

2716 5097 2892 5167 cedit
2923 5097 3007 5164 ad
3039 5093 3394 5163 mobilem.

2810 5209 2882 5274 Si
2916 5217 3146 5275 autem
3177 5205 3521 5295 objicitur,
3566 5201 3748 5294 quod
3786 5200 3915 5268 lioc
3965 5210 4066 5269 est
4102 5224 4274 5268 con-

2721 5315 3000 5382 trarium
3049 5313 3253 5401 hujus
3293 5309 3481 5401 quod
3536 5310 3789 5377 dictum
3831 5316 3957 5384 est,
4018 5306 4271 5375 scilicet

2719 5422 3048 5513 quidquid
3080 5419 3308 5497 habet,
3344 5417 3547 5486 habet
3577 5416 3661 5485 ab
3691 5428 3978 5507 utroque
4001 5417 4271 5483 divisim

2719 5540 2785 5598 ct
2858 5529 3303 5619 conjunctim,
3357 5525 3761 5606 Dicendum,
3832 5524 4015 5616 qnod
4085 5545 4267 5592 non:

2721 5636 2879 5726 quia
2930 5638 3149 5727 prima
3205 5634 3584 5723 suppositio
3644 5656 3779 5699 non
3822 5642 3922 5699 est
3980 5631 4106 5699 nisi
4147 5653 4273 5721 pro

4344 2094 4555 2144 solutio·

4392 2150 4476 2196 Ad
4507 2152 4544 2195 ι.

4376 3063 4455 3108 Λᾶ
4480 3061 4527 3109 2.
