<?xml version="1.0" encoding="UTF-8"?>
<!DOCTYPE html PUBLIC "-//W3C//DTD XHTML 1.0 Transitional//EN"
    "http://www.w3.org/TR/xhtml1/DTD/xhtml1-transitional.dtd">
<html xmlns="http://www.w3.org/1999/xhtml" xml:lang="en" lang="en">
 <head>
  <title>
</title>
<meta http-equiv="Content-Type" content="text/html;charset=utf-8" />
  <meta name='ocr-system' content='tesseract 3.04.00' />
  <meta name='ocr-capabilities' content='ocr_page ocr_carea ocr_par ocr_line ocrx_word'/>
</head>
<body>
  <div class='ocr_page' id='page_1' title='image "balbertimagnira03chgoog_0104.png"; bbox 0 0 4897 6388; ppageno 0'>
   <div class='ocr_carea' id='block_1_1' title="bbox 396 5611 594 5664">
    <p class='ocr_par' dir='ltr' id='par_1_1' title="bbox 396 5611 594 5664">
     <span class='ocr_line' id='line_1_1' title="bbox 396 5611 594 5664; baseline 0.005 -1"><span class='ocrx_word' id='word_1_1' title='bbox 396 5611 594 5664; x_wconf 76' lang='lat' dir='ltr'>sotuuo.</span> 
     </span>
    </p>
   </div>
   <div class='ocr_carea' id='block_1_2' title="bbox 688 335 772 400">
    <p class='ocr_par' dir='ltr' id='par_1_2' title="bbox 688 335 772 400">
     <span class='ocr_line' id='line_1_2' title="bbox 688 335 772 400; baseline -0.024 0"><span class='ocrx_word' id='word_1_2' title='bbox 688 335 772 400; x_wconf 87' lang='lat'>92</span> 
     </span>
    </p>
   </div>
   <div class='ocr_carea' id='block_1_3' title="bbox 628 495 2241 5334">
    <p class='ocr_par' dir='ltr' id='par_1_3' title="bbox 628 495 2229 2502">
     <span class='ocr_line' id='line_1_3' title="bbox 691 495 2227 592; baseline -0.004 -27"><span class='ocrx_word' id='word_1_3' title='bbox 691 521 855 588; x_wconf 87' lang='lat' dir='ltr'>ergo</span> <span class='ocrx_word' id='word_1_4' title='bbox 885 522 1022 566; x_wconf 91' lang='lat' dir='ltr'>non</span> <span class='ocrx_word' id='word_1_5' title='bbox 1062 502 1292 570; x_wconf 89' lang='lat' dir='ltr'>subest</span> <span class='ocrx_word' id='word_1_6' title='bbox 1332 505 1574 571; x_wconf 89' lang='lat' dir='ltr'>rationi</span> <span class='ocrx_word' id='word_1_7' title='bbox 1605 525 1619 568; x_wconf 92' lang='lat'>:</span> <span class='ocrx_word' id='word_1_8' title='bbox 1655 523 1815 592; x_wconf 86' lang='lat' dir='ltr'>ergo</span> <span class='ocrx_word' id='word_1_9' title='bbox 1847 522 1963 591; x_wconf 92' lang='lat' dir='ltr'>per</span> <span class='ocrx_word' id='word_1_10' title='bbox 2005 495 2227 563; x_wconf 89' lang='lat' dir='ltr'>Philo-</span> 
     </span>
     <span class='ocr_line' id='line_1_4' title="bbox 690 602 2226 698; baseline -0.005 -27"><span class='ocrx_word' id='word_1_11' title='bbox 690 605 1003 694; x_wconf 82' lang='lat' dir='ltr'>sophiam</span> <span class='ocrx_word' id='word_1_12' title='bbox 1044 618 1109 676; x_wconf 84' lang='lat' dir='ltr'>et</span> <span class='ocrx_word' id='word_1_13' title='bbox 1148 611 1479 678; x_wconf 87' lang='lat' dir='ltr'>rationem</span> <span class='ocrx_word' id='word_1_14' title='bbox 1521 631 1655 677; x_wconf 90' lang='lat' dir='ltr'>non</span> <span class='ocrx_word' id='word_1_15' title='bbox 1697 615 1917 698; x_wconf 85' lang='lat' dir='ltr'>potest</span> <span class='ocrx_word' id='word_1_16' title='bbox 1945 602 2226 670; x_wconf 83' lang='lat' dir='ltr'>investi-</span> 
     </span>
     <span class='ocr_line' id='line_1_5' title="bbox 691 706 2220 807; baseline -0.007 -26"><span class='ocrx_word' id='word_1_17' title='bbox 691 718 888 804; x_wconf 86' lang='lat' dir='ltr'>gari:</span> <span class='ocrx_word' id='word_1_18' title='bbox 944 726 1010 784; x_wconf 86' lang='lat' dir='ltr'>et</span> <span class='ocrx_word' id='word_1_19' title='bbox 1064 717 1229 785; x_wconf 83' lang='lat' dir='ltr'>nihil</span> <span class='ocrx_word' id='word_1_20' title='bbox 1285 723 1749 807; x_wconf 75' lang='lat' dir='ltr'>cognoverunt</span> <span class='ocrx_word' id='word_1_21' title='bbox 1800 706 2220 796; x_wconf 79' lang='lat' dir='ltr'>Philosophi,</span> 
     </span>
     <span class='ocr_line' id='line_1_6' title="bbox 691 813 2222 913; baseline -0.006 -27"><span class='ocrx_word' id='word_1_22' title='bbox 691 823 821 888; x_wconf 91' lang='lat' dir='ltr'>nisi</span> <span class='ocrx_word' id='word_1_23' title='bbox 882 825 1062 913; x_wconf 88' lang='lat' dir='ltr'>quod</span> <span class='ocrx_word' id='word_1_24' title='bbox 1123 848 1240 912; x_wconf 92' lang='lat' dir='ltr'>per</span> <span class='ocrx_word' id='word_1_25' title='bbox 1299 826 1628 900; x_wconf 87' lang='lat' dir='ltr'>rationem</span> <span class='ocrx_word' id='word_1_26' title='bbox 1675 825 1898 909; x_wconf 88' lang='lat' dir='ltr'>potest</span> <span class='ocrx_word' id='word_1_27' title='bbox 1949 813 2222 881; x_wconf 79' lang='lat' dir='ltr'>investi-</span> 
     </span>
     <span class='ocr_line' id='line_1_7' title="bbox 690 930 2229 1018; baseline -0.005 -23"><span class='ocrx_word' id='word_1_28' title='bbox 690 931 877 1017; x_wconf 85' lang='lat' dir='ltr'>gari:</span> <span class='ocrx_word' id='word_1_29' title='bbox 914 953 1075 1018; x_wconf 89' lang='lat' dir='ltr'>ergo</span> <span class='ocrx_word' id='word_1_30' title='bbox 1115 930 1328 994; x_wconf 91' lang='lat' dir='ltr'>Deum</span> <span class='ocrx_word' id='word_1_31' title='bbox 1369 951 1513 995; x_wconf 87' lang='lat' dir='ltr'>esse</span> <span class='ocrx_word' id='word_1_32' title='bbox 1552 949 1764 993; x_wconf 90' lang='lat' dir='ltr'>unum</span> <span class='ocrx_word' id='word_1_33' title='bbox 1804 946 1941 991; x_wconf 90' lang='lat' dir='ltr'>non</span> <span class='ocrx_word' id='word_1_34' title='bbox 1972 944 2229 1011; x_wconf 85' lang='lat' dir='ltr'>cogno-</span> 
     </span>
     <span class='ocr_line' id='line_1_8' title="bbox 689 1029 2224 1122; baseline -0.003 -23"><span class='ocrx_word' id='word_1_35' title='bbox 689 1043 956 1102; x_wconf 85' lang='lat' dir='ltr'>verunt.</span> <span class='ocrx_word' id='word_1_36' title='bbox 1033 1034 1105 1100; x_wconf 84' lang='lat' dir='ltr'>Si</span> <span class='ocrx_word' id='word_1_37' title='bbox 1174 1035 1344 1101; x_wconf 81' lang='lat' dir='ltr'>sorte</span> <span class='ocrx_word' id='word_1_38' title='bbox 1402 1035 1681 1112; x_wconf 90' lang='lat' dir='ltr'>dicatur,</span> <span class='ocrx_word' id='word_1_39' title='bbox 1754 1031 1937 1122; x_wconf 87' lang='lat' dir='ltr'>quod</span> <span class='ocrx_word' id='word_1_40' title='bbox 2006 1029 2224 1097; x_wconf 91' lang='lat' dir='ltr'>Deum</span> 
     </span>
     <span class='ocr_line' id='line_1_9' title="bbox 689 1139 2219 1211; baseline -0.003 -3"><span class='ocrx_word' id='word_1_41' title='bbox 689 1165 835 1209; x_wconf 92' lang='grc'><strong>6556</strong></span> <span class='ocrx_word' id='word_1_42' title='bbox 901 1166 1115 1209; x_wconf 89' lang='lat' dir='ltr'>unum</span> <span class='ocrx_word' id='word_1_43' title='bbox 1178 1167 1317 1210; x_wconf 92' lang='lat' dir='ltr'>non</span> <span class='ocrx_word' id='word_1_44' title='bbox 1374 1153 1473 1211; x_wconf 92' lang='lat' dir='ltr'>est</span> <span class='ocrx_word' id='word_1_45' title='bbox 1528 1142 1871 1210; x_wconf 83' lang='lat' dir='ltr'>articuluS.</span> <span class='ocrx_word' id='word_1_46' title='bbox 1917 1139 2219 1208; x_wconf 61' lang='lat' dir='ltr'>Com-aa:</span> 
     </span>
     <span class='ocr_line' id='line_1_10' title="bbox 692 1248 2225 1336; baseline -0.003 -22"><span class='ocrx_word' id='word_1_47' title='bbox 692 1274 725 1314; x_wconf 87' lang='lat'>«</span> <span class='ocrx_word' id='word_1_48' title='bbox 762 1248 976 1315; x_wconf 86' lang='lat' dir='ltr'>Credo</span> <span class='ocrx_word' id='word_1_49' title='bbox 1021 1252 1088 1317; x_wconf 91' lang='lat' dir='ltr'>in</span> <span class='ocrx_word' id='word_1_50' title='bbox 1128 1274 1340 1317; x_wconf 91' lang='lat' dir='ltr'>unum</span> <span class='ocrx_word' id='word_1_51' title='bbox 1376 1251 1633 1318; x_wconf 88' lang='lat' dir='ltr'>Deum:</span> <span class='ocrx_word' id='word_1_52' title='bbox 1675 1275 1707 1315; x_wconf 67' lang='grc' dir='ltr'>ι)</span> <span class='ocrx_word' id='word_1_53' title='bbox 1758 1250 1848 1316; x_wconf 89' lang='lat' dir='ltr'>ibi</span> <span class='ocrx_word' id='word_1_54' title='bbox 1913 1250 1979 1314; x_wconf 92' lang='lat' dir='ltr'>in</span> <span class='ocrx_word' id='word_1_55' title='bbox 2038 1269 2225 1336; x_wconf 71' lang='lat' dir='ltr'>sym-</span> 
     </span>
     <span class='ocr_line' id='line_1_11' title="bbox 688 1356 1646 1446; baseline 0.001 -24"><span class='ocrx_word' id='word_1_56' title='bbox 688 1356 846 1423; x_wconf 86' lang='lat' dir='ltr'>bolo</span> <span class='ocrx_word' id='word_1_57' title='bbox 878 1359 1154 1446; x_wconf 86' lang='lat' dir='ltr'>ponitur</span> <span class='ocrx_word' id='word_1_58' title='bbox 1181 1381 1303 1446; x_wconf 91' lang='lat' dir='ltr'>pro</span> <span class='ocrx_word' id='word_1_59' title='bbox 1336 1358 1646 1426; x_wconf 87' lang='lat' dir='ltr'>articulo.</span> 
     </span>
     <span class='ocr_line' id='line_1_12' title="bbox 628 1453 2224 1555; baseline -0.003 -27"><span class='ocrx_word' id='word_1_60' title='bbox 628 1453 631 1456; x_wconf 38' lang='lat'>¹</span> <span class='ocrx_word' id='word_1_61' title='bbox 777 1466 841 1528; x_wconf 80' lang='lat'>2.</span> <span class='ocrx_word' id='word_1_62' title='bbox 891 1463 1083 1540; x_wconf 79' lang='lat' dir='ltr'>item,</span> <span class='ocrx_word' id='word_1_63' title='bbox 1146 1464 1608 1555; x_wconf 83' lang='lat' dir='ltr'>Philosophus</span> <span class='ocrx_word' id='word_1_64' title='bbox 1678 1486 1814 1530; x_wconf 87' lang='lat' dir='ltr'>nou</span> <span class='ocrx_word' id='word_1_65' title='bbox 1866 1462 2224 1548; x_wconf 80' lang='lat' dir='ltr'>investigat</span> 
     </span>
     <span class='ocr_line' id='line_1_13' title="bbox 686 1569 2227 1660; baseline -0.003 -25"><span class='ocrx_word' id='word_1_66' title='bbox 686 1591 846 1635; x_wconf 91' lang='lat' dir='ltr'>eum</span> <span class='ocrx_word' id='word_1_67' title='bbox 907 1571 975 1635; x_wconf 91' lang='lat' dir='ltr'>in</span> <span class='ocrx_word' id='word_1_68' title='bbox 1044 1569 1511 1660; x_wconf 84' lang='lat' dir='ltr'>Philosophia,</span> <span class='ocrx_word' id='word_1_69' title='bbox 1581 1572 1708 1637; x_wconf 89' lang='lat' dir='ltr'>nisi</span> <span class='ocrx_word' id='word_1_70' title='bbox 1778 1591 1899 1658; x_wconf 88' lang='lat' dir='ltr'>per</span> <span class='ocrx_word' id='word_1_71' title='bbox 1972 1574 2227 1634; x_wconf 88' lang='lat' dir='ltr'>creatu-</span> 
     </span>
     <span class='ocr_line' id='line_1_14' title="bbox 688 1673 2225 1767; baseline -0.002 -26"><span class='ocrx_word' id='word_1_72' title='bbox 688 1698 821 1754; x_wconf 77' lang='lat' dir='ltr'>raS,</span> <span class='ocrx_word' id='word_1_73' title='bbox 870 1678 1041 1744; x_wconf 88' lang='lat' dir='ltr'>sicut</span> <span class='ocrx_word' id='word_1_74' title='bbox 1081 1700 1354 1745; x_wconf 86' lang='lat' dir='ltr'>causam</span> <span class='ocrx_word' id='word_1_75' title='bbox 1403 1701 1522 1767; x_wconf 91' lang='lat' dir='ltr'>per</span> <span class='ocrx_word' id='word_1_76' title='bbox 1574 1677 1938 1744; x_wconf 81' lang='lat' dir='ltr'>effectum:</span> <span class='ocrx_word' id='word_1_77' title='bbox 1994 1673 2109 1742; x_wconf 90' lang='lat' dir='ltr'>sed</span> <span class='ocrx_word' id='word_1_78' title='bbox 2156 1674 2225 1738; x_wconf 87' lang='lat' dir='ltr'>in</span> 
     </span>
     <span class='ocr_line' id='line_1_15' title="bbox 687 1782 2225 1875; baseline -0.003 -25"><span class='ocrx_word' id='word_1_79' title='bbox 687 1782 1130 1875; x_wconf 84' lang='lat' dir='ltr'>Philosopdia</span> <span class='ocrx_word' id='word_1_80' title='bbox 1183 1788 1405 1854; x_wconf 90' lang='lat' dir='ltr'>omnis</span> <span class='ocrx_word' id='word_1_81' title='bbox 1470 1807 1671 1853; x_wconf 86' lang='lat' dir='ltr'>causa</span> <span class='ocrx_word' id='word_1_82' title='bbox 1718 1782 2225 1873; x_wconf 75' lang='lat' dir='ltr'>proportionata</span> 
     </span>
     <span class='ocr_line' id='line_1_16' title="bbox 687 1888 2225 1981; baseline -0.005 -22"><span class='ocrx_word' id='word_1_83' title='bbox 687 1901 790 1959; x_wconf 91' lang='lat' dir='ltr'>est</span> <span class='ocrx_word' id='word_1_84' title='bbox 850 1892 1119 1959; x_wconf 83' lang='lat' dir='ltr'>ess&#39;ectui</span> <span class='ocrx_word' id='word_1_85' title='bbox 1173 1915 1187 1960; x_wconf 91' lang='lat'>:</span> <span class='ocrx_word' id='word_1_86' title='bbox 1271 1914 1433 1981; x_wconf 89' lang='lat' dir='ltr'>ergo</span> <span class='ocrx_word' id='word_1_87' title='bbox 1528 1912 1665 1958; x_wconf 90' lang='lat' dir='ltr'>non</span> <span class='ocrx_word' id='word_1_88' title='bbox 1730 1888 2225 1978; x_wconf 77' lang='lat' dir='ltr'>investigabant</span> 
     </span>
     <span class='ocr_line' id='line_1_17' title="bbox 689 1995 2222 2084; baseline -0.005 -21"><span class='ocrx_word' id='word_1_89' title='bbox 689 1996 937 2076; x_wconf 88' lang='lat' dir='ltr'>Deum,</span> <span class='ocrx_word' id='word_1_90' title='bbox 998 1997 1126 2062; x_wconf 90' lang='lat' dir='ltr'>nisi</span> <span class='ocrx_word' id='word_1_91' title='bbox 1183 2006 1258 2063; x_wconf 87' lang='lat' dir='ltr'>ut</span> <span class='ocrx_word' id='word_1_92' title='bbox 1313 2019 1588 2063; x_wconf 87' lang='lat' dir='ltr'>causam</span> <span class='ocrx_word' id='word_1_93' title='bbox 1646 1995 2222 2084; x_wconf 80' lang='lat' dir='ltr'>proportionatam</span> 
     </span>
     <span class='ocr_line' id='line_1_18' title="bbox 686 2100 2218 2171; baseline -0.003 -1"><span class='ocrx_word' id='word_1_94' title='bbox 686 2103 950 2171; x_wconf 86' lang='lat' dir='ltr'>ess&#39;ectui</span> <span class='ocrx_word' id='word_1_95' title='bbox 987 2126 1002 2170; x_wconf 91' lang='lat'>:</span> <span class='ocrx_word' id='word_1_96' title='bbox 1041 2103 1191 2170; x_wconf 87' lang='lat' dir='ltr'>talis</span> <span class='ocrx_word' id='word_1_97' title='bbox 1222 2111 1450 2170; x_wconf 88' lang='lat' dir='ltr'>autem</span> <span class='ocrx_word' id='word_1_98' title='bbox 1473 2125 1673 2170; x_wconf 90' lang='lat' dir='ltr'>causa</span> <span class='ocrx_word' id='word_1_99' title='bbox 1711 2123 1847 2168; x_wconf 91' lang='lat' dir='ltr'>non</span> <span class='ocrx_word' id='word_1_100' title='bbox 1878 2108 1977 2167; x_wconf 85' lang='lat' dir='ltr'>est</span> <span class='ocrx_word' id='word_1_101' title='bbox 2001 2100 2218 2166; x_wconf 90' lang='lat' dir='ltr'>Deus:</span> 
     </span>
     <span class='ocr_line' id='line_1_19' title="bbox 686 2211 2220 2304; baseline -0.005 -23"><span class='ocrx_word' id='word_1_102' title='bbox 686 2235 851 2304; x_wconf 89' lang='lat' dir='ltr'>ergo</span> <span class='ocrx_word' id='word_1_103' title='bbox 917 2236 1040 2304; x_wconf 91' lang='lat' dir='ltr'>per</span> <span class='ocrx_word' id='word_1_104' title='bbox 1095 2213 1408 2281; x_wconf 83' lang='lat' dir='ltr'>ess&#39;ectum</span> <span class='ocrx_word' id='word_1_105' title='bbox 1476 2211 1605 2280; x_wconf 92' lang='lat' dir='ltr'>hoc</span> <span class='ocrx_word' id='word_1_106' title='bbox 1673 2211 1874 2279; x_wconf 86' lang='lat' dir='ltr'>modo</span> <span class='ocrx_word' id='word_1_107' title='bbox 1924 2233 2061 2278; x_wconf 90' lang='lat' dir='ltr'>non</span> <span class='ocrx_word' id='word_1_108' title='bbox 2109 2231 2220 2276; x_wconf 91' lang='lat' dir='ltr'>co·</span> 
     </span>
     <span class='ocr_line' id='line_1_20' title="bbox 687 2325 2229 2416; baseline -0.003 -24"><span class='ocrx_word' id='word_1_109' title='bbox 687 2333 1026 2416; x_wconf 88' lang='lat' dir='ltr'>gnoscunt</span> <span class='ocrx_word' id='word_1_110' title='bbox 1096 2325 1339 2409; x_wconf 86' lang='lat' dir='ltr'>Deum,</span> <span class='ocrx_word' id='word_1_111' title='bbox 1410 2348 1529 2393; x_wconf 89' lang='lat' dir='ltr'>nec</span> <span class='ocrx_word' id='word_1_112' title='bbox 1579 2345 1986 2414; x_wconf 80' lang='lat' dir='ltr'>cognoscere</span> <span class='ocrx_word' id='word_1_113' title='bbox 2069 2343 2229 2410; x_wconf 90' lang='lat' dir='ltr'>pos-</span> 
     </span>
     <span class='ocr_line' id='line_1_21' title="bbox 694 2441 878 2502; baseline 0.005 -1"><span class='ocrx_word' id='word_1_114' title='bbox 694 2441 878 2502; x_wconf 89' lang='lat' dir='ltr'>sunt.</span> 
     </span>
    </p>

    <p class='ocr_par' dir='ltr' id='par_1_4' title="bbox 695 2539 2241 4023">
     <span class='ocr_line' id='line_1_22' title="bbox 785 2539 2233 2632; baseline -0.003 -26"><span class='ocrx_word' id='word_1_115' title='bbox 785 2544 856 2610; x_wconf 81' lang='grc'>3.·</span> <span class='ocrx_word' id='word_1_116' title='bbox 897 2541 1091 2620; x_wconf 88' lang='lat' dir='ltr'>ltem,</span> <span class='ocrx_word' id='word_1_117' title='bbox 1135 2542 1214 2610; x_wconf 88' lang='lat' dir='ltr'>In</span> <span class='ocrx_word' id='word_1_118' title='bbox 1245 2542 1764 2632; x_wconf 79' lang='lat' dir='ltr'>investigatione</span> <span class='ocrx_word' id='word_1_119' title='bbox 1796 2539 2093 2607; x_wconf 92' lang='lat' dir='ltr'>nominis</span> <span class='ocrx_word' id='word_1_120' title='bbox 2114 2557 2233 2626; x_wconf 94' lang='lat' dir='ltr'>per</span> 
     </span>
     <span class='ocr_line' id='line_1_23' title="bbox 696 2644 2228 2721; baseline -0.003 -7"><span class='ocrx_word' id='word_1_121' title='bbox 696 2647 1182 2716; x_wconf 77' lang='lat' dir='ltr'>resolutionem</span> <span class='ocrx_word' id='word_1_122' title='bbox 1241 2649 1494 2716; x_wconf 90' lang='lat' dir='ltr'>causati</span> <span class='ocrx_word' id='word_1_123' title='bbox 1582 2650 1648 2714; x_wconf 90' lang='lat' dir='ltr'>in</span> <span class='ocrx_word' id='word_1_124' title='bbox 1714 2668 2013 2721; x_wconf 84' lang='lat' dir='ltr'>causam,</span> <span class='ocrx_word' id='word_1_125' title='bbox 2089 2644 2228 2711; x_wconf 79' lang='lat' dir='ltr'>sive</span> 
     </span>
     <span class='ocr_line' id='line_1_24' title="bbox 700 2751 2232 2846; baseline -0.005 -23"><span class='ocrx_word' id='word_1_126' title='bbox 700 2757 1097 2846; x_wconf 90' lang='lat' dir='ltr'>posterioris</span> <span class='ocrx_word' id='word_1_127' title='bbox 1130 2757 1196 2823; x_wconf 93' lang='lat' dir='ltr'>in</span> <span class='ocrx_word' id='word_1_128' title='bbox 1230 2758 1439 2845; x_wconf 88' lang='lat' dir='ltr'>prius,</span> <span class='ocrx_word' id='word_1_129' title='bbox 1475 2764 1535 2822; x_wconf 79' lang='lat' dir='ltr'>et</span> <span class='ocrx_word' id='word_1_130' title='bbox 1567 2753 1921 2844; x_wconf 86' lang='lat' dir='ltr'>compositi</span> <span class='ocrx_word' id='word_1_131' title='bbox 1958 2755 2023 2819; x_wconf 90' lang='lat' dir='ltr'>in</span> <span class='ocrx_word' id='word_1_132' title='bbox 2063 2751 2232 2817; x_wconf 90' lang='lat' dir='ltr'>sim-</span> 
     </span>
     <span class='ocr_line' id='line_1_25' title="bbox 695 2860 2235 2954; baseline -0.003 -23"><span class='ocrx_word' id='word_1_133' title='bbox 695 2864 879 2954; x_wconf 81' lang='lat' dir='ltr'>plex,</span> <span class='ocrx_word' id='word_1_134' title='bbox 960 2865 1127 2930; x_wconf 88' lang='lat' dir='ltr'>ratio</span> <span class='ocrx_word' id='word_1_135' title='bbox 1186 2872 1318 2931; x_wconf 91' lang='lat' dir='ltr'>stat</span> <span class='ocrx_word' id='word_1_136' title='bbox 1392 2865 1459 2929; x_wconf 92' lang='lat' dir='ltr'>in</span> <span class='ocrx_word' id='word_1_137' title='bbox 1519 2861 1857 2930; x_wconf 91' lang='lat' dir='ltr'>intellectu</span> <span class='ocrx_word' id='word_1_138' title='bbox 1928 2860 2101 2928; x_wconf 91' lang='lat' dir='ltr'>entis</span> <span class='ocrx_word' id='word_1_139' title='bbox 2169 2869 2235 2926; x_wconf 91' lang='lat' dir='ltr'>et</span> 
     </span>
     <span class='ocr_line' id='line_1_26' title="bbox 698 2970 2234 3062; baseline -0.003 -23"><span class='ocrx_word' id='word_1_140' title='bbox 698 2973 902 3039; x_wconf 90' lang='lat' dir='ltr'>unius</span> <span class='ocrx_word' id='word_1_141' title='bbox 936 2994 950 3039; x_wconf 95' lang='lat'>:</span> <span class='ocrx_word' id='word_1_142' title='bbox 988 2972 1106 3040; x_wconf 86' lang='lat' dir='ltr'>sed</span> <span class='ocrx_word' id='word_1_143' title='bbox 1138 2970 1467 3062; x_wconf 86' lang='lat' dir='ltr'>quidquid</span> <span class='ocrx_word' id='word_1_144' title='bbox 1507 2979 1607 3040; x_wconf 90' lang='lat' dir='ltr'>est</span> <span class='ocrx_word' id='word_1_145' title='bbox 1636 2972 1703 3037; x_wconf 91' lang='lat' dir='ltr'>in</span> <span class='ocrx_word' id='word_1_146' title='bbox 1735 2994 1867 3061; x_wconf 88' lang='lat' dir='ltr'>quo</span> <span class='ocrx_word' id='word_1_147' title='bbox 1888 2978 2017 3038; x_wconf 88' lang='lat' dir='ltr'>stat</span> <span class='ocrx_word' id='word_1_148' title='bbox 2048 2990 2234 3036; x_wconf 90' lang='lat' dir='ltr'>reso·</span> 
     </span>
     <span class='ocr_line' id='line_1_27' title="bbox 699 3077 2233 3167; baseline -0.003 -21"><span class='ocrx_word' id='word_1_149' title='bbox 699 3077 896 3156; x_wconf 90' lang='lat' dir='ltr'>lutio,</span> <span class='ocrx_word' id='word_1_150' title='bbox 939 3077 1024 3144; x_wconf 89' lang='lat' dir='ltr'>ab</span> <span class='ocrx_word' id='word_1_151' title='bbox 1062 3077 1302 3145; x_wconf 88' lang='lat' dir='ltr'>eodem</span> <span class='ocrx_word' id='word_1_152' title='bbox 1335 3077 1564 3166; x_wconf 87' lang='lat' dir='ltr'>incipit</span> <span class='ocrx_word' id='word_1_153' title='bbox 1594 3077 2038 3167; x_wconf 84' lang='lat' dir='ltr'>compositio:</span> <span class='ocrx_word' id='word_1_154' title='bbox 2073 3097 2233 3164; x_wconf 90' lang='lat' dir='ltr'>ergo</span> 
     </span>
     <span class='ocr_line' id='line_1_28' title="bbox 701 3180 2237 3275; baseline -0.003 -23"><span class='ocrx_word' id='word_1_155' title='bbox 701 3185 926 3275; x_wconf 89' lang='lat' dir='ltr'>ipsum</span> <span class='ocrx_word' id='word_1_156' title='bbox 967 3206 1087 3251; x_wconf 90' lang='lat' dir='ltr'>ens</span> <span class='ocrx_word' id='word_1_157' title='bbox 1125 3192 1187 3251; x_wconf 85' lang='lat' dir='ltr'>et</span> <span class='ocrx_word' id='word_1_158' title='bbox 1235 3206 1448 3250; x_wconf 88' lang='lat' dir='ltr'>unum</span> <span class='ocrx_word' id='word_1_159' title='bbox 1491 3184 1557 3250; x_wconf 93' lang='lat' dir='ltr'>in</span> <span class='ocrx_word' id='word_1_160' title='bbox 1598 3206 1732 3273; x_wconf 92' lang='lat' dir='ltr'>quo</span> <span class='ocrx_word' id='word_1_161' title='bbox 1774 3190 1954 3250; x_wconf 78' lang='lat' dir='ltr'>stetit</span> <span class='ocrx_word' id='word_1_162' title='bbox 1987 3180 2237 3248; x_wconf 89' lang='lat' dir='ltr'>resolu-</span> 
     </span>
     <span class='ocr_line' id='line_1_29' title="bbox 700 3292 2232 3384; baseline -0.004 -23"><span class='ocrx_word' id='word_1_163' title='bbox 700 3294 823 3369; x_wconf 87' lang='lat' dir='ltr'>tio,</span> <span class='ocrx_word' id='word_1_164' title='bbox 859 3292 1320 3384; x_wconf 85' lang='lat' dir='ltr'>componihile</span> <span class='ocrx_word' id='word_1_165' title='bbox 1350 3294 1549 3360; x_wconf 89' lang='lat' dir='ltr'>estin</span> <span class='ocrx_word' id='word_1_166' title='bbox 1593 3314 1670 3359; x_wconf 91' lang='lat' dir='ltr'>ea</span> <span class='ocrx_word' id='word_1_167' title='bbox 1712 3314 1861 3383; x_wconf 80' lang='lat' dir='ltr'>quae</span> <span class='ocrx_word' id='word_1_168' title='bbox 1902 3292 1968 3357; x_wconf 92' lang='lat' dir='ltr'>in</span> <span class='ocrx_word' id='word_1_169' title='bbox 2016 3292 2232 3381; x_wconf 88' lang='lat' dir='ltr'>ipsum</span> 
     </span>
     <span class='ocr_line' id='line_1_30' title="bbox 700 3398 2235 3469; baseline -0.005 0"><span class='ocrx_word' id='word_1_170' title='bbox 700 3410 859 3469; x_wconf 87' lang='lat' dir='ltr'>sunt</span> <span class='ocrx_word' id='word_1_171' title='bbox 902 3400 1219 3469; x_wconf 90' lang='lat' dir='ltr'>resoluta.</span> <span class='ocrx_word' id='word_1_172' title='bbox 1267 3400 1402 3468; x_wconf 84' lang='lat' dir='ltr'>Sed</span> <span class='ocrx_word' id='word_1_173' title='bbox 1442 3399 1623 3468; x_wconf 87' lang='lat' dir='ltr'>Deus</span> <span class='ocrx_word' id='word_1_174' title='bbox 1662 3409 1724 3466; x_wconf 89' lang='lat' dir='ltr'>et</span> <span class='ocrx_word' id='word_1_175' title='bbox 1764 3422 1885 3466; x_wconf 91' lang='lat' dir='ltr'>ens</span> <span class='ocrx_word' id='word_1_176' title='bbox 1932 3398 2235 3466; x_wconf 78' lang='lat' dir='ltr'>divinum</span> 
     </span>
     <span class='ocr_line' id='line_1_31' title="bbox 704 3505 2238 3599; baseline -0.004 -23"><span class='ocrx_word' id='word_1_177' title='bbox 704 3531 841 3577; x_wconf 90' lang='lat' dir='ltr'>non</span> <span class='ocrx_word' id='word_1_178' title='bbox 870 3518 1028 3576; x_wconf 89' lang='lat' dir='ltr'>sunt</span> <span class='ocrx_word' id='word_1_179' title='bbox 1066 3507 1591 3599; x_wconf 85' lang='lat' dir='ltr'>componibilia:</span> <span class='ocrx_word' id='word_1_180' title='bbox 1645 3530 1806 3597; x_wconf 85' lang='lat' dir='ltr'>ergo</span> <span class='ocrx_word' id='word_1_181' title='bbox 1863 3505 2238 3574; x_wconf 84' lang='lat' dir='ltr'>intellectus</span> 
     </span>
     <span class='ocr_line' id='line_1_32' title="bbox 703 3616 2241 3694; baseline -0.003 -9"><span class='ocrx_word' id='word_1_182' title='bbox 703 3619 802 3687; x_wconf 83' lang='lat' dir='ltr'>sic</span> <span class='ocrx_word' id='word_1_183' title='bbox 862 3616 1233 3694; x_wconf 81' lang='lat' dir='ltr'>resolvens,</span> <span class='ocrx_word' id='word_1_184' title='bbox 1305 3640 1445 3686; x_wconf 89' lang='lat' dir='ltr'>non</span> <span class='ocrx_word' id='word_1_185' title='bbox 1492 3617 1716 3684; x_wconf 72' lang='lat' dir='ltr'>veniet</span> <span class='ocrx_word' id='word_1_186' title='bbox 1772 3616 1839 3683; x_wconf 90' lang='lat' dir='ltr'>in</span> <span class='ocrx_word' id='word_1_187' title='bbox 1888 3637 2007 3683; x_wconf 90' lang='lat' dir='ltr'>ens</span> <span class='ocrx_word' id='word_1_188' title='bbox 2064 3616 2241 3683; x_wconf 78' lang='lat' dir='ltr'>divi-</span> 
     </span>
     <span class='ocr_line' id='line_1_33' title="bbox 702 3725 2230 3817; baseline -0.002 -23"><span class='ocrx_word' id='word_1_189' title='bbox 702 3749 895 3807; x_wconf 88' lang='lat' dir='ltr'>num,</span> <span class='ocrx_word' id='word_1_190' title='bbox 915 3726 1025 3793; x_wconf 77' lang='lat' dir='ltr'>vel</span> <span class='ocrx_word' id='word_1_191' title='bbox 1051 3728 1116 3794; x_wconf 92' lang='lat' dir='ltr'>in</span> <span class='ocrx_word' id='word_1_192' title='bbox 1146 3749 1385 3795; x_wconf 76' lang='lat' dir='ltr'>verum</span> <span class='ocrx_word' id='word_1_193' title='bbox 1409 3749 1543 3817; x_wconf 91' lang='lat' dir='ltr'>quo</span> <span class='ocrx_word' id='word_1_194' title='bbox 1565 3725 2001 3793; x_wconf 89' lang='lat' dir='ltr'>diciturl)eus</span> <span class='ocrx_word' id='word_1_195' title='bbox 2021 3747 2230 3792; x_wconf 88' lang='lat' dir='ltr'>unus:</span> 
     </span>
     <span class='ocr_line' id='line_1_34' title="bbox 702 3831 2235 3926; baseline -0.003 -23"><span class='ocrx_word' id='word_1_196' title='bbox 702 3858 867 3926; x_wconf 88' lang='lat' dir='ltr'>ergo</span> <span class='ocrx_word' id='word_1_197' title='bbox 897 3858 1019 3925; x_wconf 90' lang='lat' dir='ltr'>per</span> <span class='ocrx_word' id='word_1_198' title='bbox 1055 3833 1182 3904; x_wconf 87' lang='lat' dir='ltr'>hoc</span> <span class='ocrx_word' id='word_1_199' title='bbox 1224 3858 1364 3903; x_wconf 91' lang='lat' dir='ltr'>non</span> <span class='ocrx_word' id='word_1_200' title='bbox 1424 3843 1638 3925; x_wconf 79' lang='lat' dir='ltr'>potest</span> <span class='ocrx_word' id='word_1_201' title='bbox 1678 3833 1978 3922; x_wconf 87' lang='lat' dir='ltr'>accipere</span> <span class='ocrx_word' id='word_1_202' title='bbox 2019 3831 2235 3899; x_wconf 88' lang='lat' dir='ltr'>Deum</span> 
     </span>
     <span class='ocr_line' id='line_1_35' title="bbox 702 3941 1705 4023; baseline 0 -12"><span class='ocrx_word' id='word_1_203' title='bbox 702 3965 875 4023; x_wconf 89' lang='lat' dir='ltr'>esse,</span> <span class='ocrx_word' id='word_1_204' title='bbox 908 3941 1016 4010; x_wconf 79' lang='lat' dir='ltr'>vel</span> <span class='ocrx_word' id='word_1_205' title='bbox 1044 3942 1261 4009; x_wconf 86' lang='lat' dir='ltr'>Deum</span> <span class='ocrx_word' id='word_1_206' title='bbox 1293 3965 1438 4011; x_wconf 87' lang='lat' dir='ltr'>esse</span> <span class='ocrx_word' id='word_1_207' title='bbox 1471 3965 1705 4011; x_wconf 90' lang='lat' dir='ltr'>unum.</span> 
     </span>
    </p>

    <p class='ocr_par' dir='ltr' id='par_1_5' title="bbox 696 4047 2239 5334">
     <span class='ocr_line' id='line_1_36' title="bbox 793 4047 2239 4140; baseline -0.002 -25"><span class='ocrx_word' id='word_1_208' title='bbox 793 4048 857 4115; x_wconf 66' lang='lat'>4.</span> <span class='ocrx_word' id='word_1_209' title='bbox 908 4047 1100 4133; x_wconf 76' lang='lat' dir='ltr'>iterii,</span> <span class='ocrx_word' id='word_1_210' title='bbox 1137 4047 1209 4115; x_wconf 83' lang='lat' dir='ltr'>Si</span> <span class='ocrx_word' id='word_1_211' title='bbox 1240 4047 1493 4140; x_wconf 89' lang='lat' dir='ltr'>aliquid</span> <span class='ocrx_word' id='word_1_212' title='bbox 1525 4056 1623 4116; x_wconf 83' lang='lat' dir='ltr'>est</span> <span class='ocrx_word' id='word_1_213' title='bbox 1662 4071 1799 4138; x_wconf 91' lang='lat' dir='ltr'>quo</span> <span class='ocrx_word' id='word_1_214' title='bbox 1839 4048 2058 4138; x_wconf 88' lang='lat' dir='ltr'>posito</span> <span class='ocrx_word' id='word_1_215' title='bbox 2103 4069 2239 4112; x_wconf 89' lang='lat' dir='ltr'>non</span> 
     </span>
     <span class='ocr_line' id='line_1_37' title="bbox 702 4155 2236 4250; baseline -0.003 -25"><span class='ocrx_word' id='word_1_216' title='bbox 702 4158 785 4226; x_wconf 88' lang='lat' dir='ltr'>de</span> <span class='ocrx_word' id='word_1_217' title='bbox 840 4161 1234 4227; x_wconf 85' lang='lat' dir='ltr'>necessitate</span> <span class='ocrx_word' id='word_1_218' title='bbox 1303 4161 1579 4250; x_wconf 88' lang='lat' dir='ltr'>ponitur</span> <span class='ocrx_word' id='word_1_219' title='bbox 1624 4157 1832 4242; x_wconf 82' lang='lat' dir='ltr'>aliud,</span> <span class='ocrx_word' id='word_1_220' title='bbox 1893 4155 2054 4225; x_wconf 88' lang='lat' dir='ltr'>illud</span> <span class='ocrx_word' id='word_1_221' title='bbox 2104 4178 2236 4222; x_wconf 87' lang='lat' dir='ltr'>non</span> 
     </span>
     <span class='ocr_line' id='line_1_38' title="bbox 704 4264 2237 4357; baseline -0.003 -23"><span class='ocrx_word' id='word_1_222' title='bbox 704 4270 931 4357; x_wconf 78' lang='lat' dir='ltr'>potest</span> <span class='ocrx_word' id='word_1_223' title='bbox 990 4268 1197 4357; x_wconf 85' lang='lat' dir='ltr'>accipi</span> <span class='ocrx_word' id='word_1_224' title='bbox 1248 4268 1472 4357; x_wconf 91' lang='lat' dir='ltr'>posito</span> <span class='ocrx_word' id='word_1_225' title='bbox 1513 4265 1698 4334; x_wconf 90' lang='lat' dir='ltr'>alio:</span> <span class='ocrx_word' id='word_1_226' title='bbox 1751 4275 1826 4333; x_wconf 92' lang='lat' dir='ltr'>ut</span> <span class='ocrx_word' id='word_1_227' title='bbox 1872 4264 2137 4332; x_wconf 79' lang='lat' dir='ltr'>videtur</span> <span class='ocrx_word' id='word_1_228' title='bbox 2184 4266 2237 4330; x_wconf 89' lang='lat' dir='ltr'>si</span> 
     </span>
     <span class='ocr_line' id='line_1_39' title="bbox 703 4371 2238 4465; baseline -0.002 -25"><span class='ocrx_word' id='word_1_229' title='bbox 703 4374 926 4464; x_wconf 90' lang='lat' dir='ltr'>posito</span> <span class='ocrx_word' id='word_1_230' title='bbox 976 4374 1204 4465; x_wconf 89' lang='lat' dir='ltr'>aliquo</span> <span class='ocrx_word' id='word_1_231' title='bbox 1283 4373 1622 4441; x_wconf 87' lang='lat' dir='ltr'>intellectu</span> <span class='ocrx_word' id='word_1_232' title='bbox 1700 4372 1940 4463; x_wconf 75' lang='lat' dir='ltr'>Angeli</span> <span class='ocrx_word' id='word_1_233' title='bbox 1984 4393 2118 4439; x_wconf 91' lang='lat' dir='ltr'>non</span> <span class='ocrx_word' id='word_1_234' title='bbox 2158 4371 2238 4437; x_wconf 87' lang='lat' dir='ltr'>de</span> 
     </span>
     <span class='ocr_line' id='line_1_40' title="bbox 703 4477 2234 4572; baseline -0.005 -23"><span class='ocrx_word' id='word_1_235' title='bbox 703 4482 1101 4549; x_wconf 83' lang='lat' dir='ltr'>necessitate</span> <span class='ocrx_word' id='word_1_236' title='bbox 1166 4480 1444 4572; x_wconf 87' lang='lat' dir='ltr'>ponitur</span> <span class='ocrx_word' id='word_1_237' title='bbox 1518 4482 1768 4548; x_wconf 86' lang='lat' dir='ltr'>creatio</span> <span class='ocrx_word' id='word_1_238' title='bbox 1815 4479 2096 4566; x_wconf 88' lang='lat' dir='ltr'>alicujus</span> <span class='ocrx_word' id='word_1_239' title='bbox 2143 4477 2234 4543; x_wconf 87' lang='lat' dir='ltr'>rei</span> 
     </span>
     <span class='ocr_line' id='line_1_41' title="bbox 701 4591 2235 4681; baseline -0.002 -24"><span class='ocrx_word' id='word_1_240' title='bbox 701 4591 808 4659; x_wconf 73' lang='lat' dir='ltr'>vel</span> <span class='ocrx_word' id='word_1_241' title='bbox 840 4615 948 4660; x_wconf 90' lang='lat' dir='ltr'>res</span> <span class='ocrx_word' id='word_1_242' title='bbox 978 4600 1226 4670; x_wconf 86' lang='lat' dir='ltr'>creata,</span> <span class='ocrx_word' id='word_1_243' title='bbox 1272 4602 1427 4657; x_wconf 91' lang='lat' dir='ltr'>tunc</span> <span class='ocrx_word' id='word_1_244' title='bbox 1469 4614 1586 4681; x_wconf 85' lang='lat' dir='ltr'>per</span> <span class='ocrx_word' id='word_1_245' title='bbox 1615 4614 1756 4657; x_wconf 87' lang='lat' dir='ltr'>rem</span> <span class='ocrx_word' id='word_1_246' title='bbox 1787 4597 2077 4657; x_wconf 89' lang='lat' dir='ltr'>creatam</span> <span class='ocrx_word' id='word_1_247' title='bbox 2102 4610 2235 4655; x_wconf 88' lang='lat' dir='ltr'>non</span> 
     </span>
     <span class='ocr_line' id='line_1_42' title="bbox 699 4695 2232 4789; baseline -0.001 -25"><span class='ocrx_word' id='word_1_248' title='bbox 699 4707 921 4789; x_wconf 86' lang='lat' dir='ltr'>potest</span> <span class='ocrx_word' id='word_1_249' title='bbox 971 4699 1361 4788; x_wconf 78' lang='lat' dir='ltr'>investigari</span> <span class='ocrx_word' id='word_1_250' title='bbox 1420 4699 1501 4766; x_wconf 82' lang='lat' dir='ltr'>‹le</span> <span class='ocrx_word' id='word_1_251' title='bbox 1562 4697 1900 4765; x_wconf 88' lang='lat' dir='ltr'>intellectu</span> <span class='ocrx_word' id='word_1_252' title='bbox 1947 4695 2232 4781; x_wconf 75' lang='lat' dir='ltr'>Angeli:</span> 
     </span>
     <span class='ocr_line' id='line_1_43' title="bbox 699 4805 2239 4897; baseline -0.001 -23"><span class='ocrx_word' id='word_1_253' title='bbox 699 4831 863 4897; x_wconf 89' lang='lat' dir='ltr'>ergo</span> <span class='ocrx_word' id='word_1_254' title='bbox 894 4832 930 4874; x_wconf 87' lang='lat' dir='ltr'>a</span> <span class='ocrx_word' id='word_1_255' title='bbox 972 4807 1174 4875; x_wconf 82' lang='lat' dir='ltr'>simili</span> <span class='ocrx_word' id='word_1_256' title='bbox 1207 4831 1359 4875; x_wconf 88' lang='lat' dir='ltr'>cum</span> <span class='ocrx_word' id='word_1_257' title='bbox 1393 4809 1614 4897; x_wconf 88' lang='lat' dir='ltr'>posito</span> <span class='ocrx_word' id='word_1_258' title='bbox 1652 4805 1789 4872; x_wconf 84' lang='lat' dir='ltr'>Deo</span> <span class='ocrx_word' id='word_1_259' title='bbox 1831 4828 1965 4873; x_wconf 91' lang='lat' dir='ltr'>non</span> <span class='ocrx_word' id='word_1_260' title='bbox 1996 4805 2075 4872; x_wconf 74' lang='lat' dir='ltr'>«le</span> <span class='ocrx_word' id='word_1_261' title='bbox 2125 4829 2239 4873; x_wconf 89' lang='lat' dir='ltr'>ne·</span> 
     </span>
     <span class='ocr_line' id='line_1_44' title="bbox 701 4913 2238 5006; baseline -0.003 -23"><span class='ocrx_word' id='word_1_262' title='bbox 701 4918 1011 4983; x_wconf 86' lang='lat' dir='ltr'>cessitate</span> <span class='ocrx_word' id='word_1_263' title='bbox 1058 4925 1353 5006; x_wconf 86' lang='lat' dir='ltr'>ponatur</span> <span class='ocrx_word' id='word_1_264' title='bbox 1417 4926 1749 4997; x_wconf 88' lang='lat' dir='ltr'>creatura,</span> <span class='ocrx_word' id='word_1_265' title='bbox 1822 4915 1980 5005; x_wconf 84' lang='lat' dir='ltr'>quia</span> <span class='ocrx_word' id='word_1_266' title='bbox 2047 4913 2238 4980; x_wconf 89' lang='lat' dir='ltr'>aliter</span> 
     </span>
     <span class='ocr_line' id='line_1_45' title="bbox 699 5021 2236 5112; baseline -0.005 -19"><span class='ocrx_word' id='word_1_267' title='bbox 699 5033 1006 5093; x_wconf 86' lang='lat' dir='ltr'>creatura</span> <span class='ocrx_word' id='word_1_268' title='bbox 1062 5033 1236 5093; x_wconf 88' lang='lat' dir='ltr'>esset</span> <span class='ocrx_word' id='word_1_269' title='bbox 1281 5024 1365 5092; x_wconf 85' lang='lat' dir='ltr'>ab</span> <span class='ocrx_word' id='word_1_270' title='bbox 1408 5036 1684 5100; x_wconf 81' lang='lat' dir='ltr'>aetcruo,</span> <span class='ocrx_word' id='word_1_271' title='bbox 1745 5022 2011 5090; x_wconf 70' lang='lat' dir='ltr'>videtur</span> <span class='ocrx_word' id='word_1_272' title='bbox 2057 5021 2236 5112; x_wconf 83' lang='lat' dir='ltr'>quod</span> 
     </span>
     <span class='ocr_line' id='line_1_46' title="bbox 701 5131 2235 5224; baseline -0.003 -23"><span class='ocrx_word' id='word_1_273' title='bbox 701 5156 785 5202; x_wconf 88' lang='lat' dir='ltr'>ex</span> <span class='ocrx_word' id='word_1_274' title='bbox 815 5143 1123 5201; x_wconf 89' lang='lat' dir='ltr'>creatura</span> <span class='ocrx_word' id='word_1_275' title='bbox 1152 5157 1291 5201; x_wconf 91' lang='lat' dir='ltr'>non</span> <span class='ocrx_word' id='word_1_276' title='bbox 1321 5136 1533 5224; x_wconf 85' lang='lat' dir='ltr'>possit</span> <span class='ocrx_word' id='word_1_277' title='bbox 1566 5134 1788 5200; x_wconf 81' lang='lat' dir='ltr'>inferri</span> <span class='ocrx_word' id='word_1_278' title='bbox 1822 5131 2137 5199; x_wconf 86' lang='lat' dir='ltr'>Creator:</span> <span class='ocrx_word' id='word_1_279' title='bbox 2172 5141 2235 5199; x_wconf 90' lang='lat' dir='ltr'>et</span> 
     </span>
     <span class='ocr_line' id='line_1_47' title="bbox 696 5241 2232 5334; baseline -0.004 -23"><span class='ocrx_word' id='word_1_280' title='bbox 696 5244 791 5311; x_wconf 85' lang='lat' dir='ltr'>ita</span> <span class='ocrx_word' id='word_1_281' title='bbox 833 5264 957 5333; x_wconf 90' lang='lat' dir='ltr'>per</span> <span class='ocrx_word' id='word_1_282' title='bbox 1012 5251 1392 5310; x_wconf 85' lang='lat' dir='ltr'>creaturam</span> <span class='ocrx_word' id='word_1_283' title='bbox 1459 5265 1591 5310; x_wconf 88' lang='lat' dir='ltr'>uon</span> <span class='ocrx_word' id='word_1_284' title='bbox 1645 5249 1866 5334; x_wconf 86' lang='lat' dir='ltr'>potest</span> <span class='ocrx_word' id='word_1_285' title='bbox 1918 5241 2232 5331; x_wconf 83' lang='lat' dir='ltr'>cognosci</span> 
     </span>
    </p>
   </div>
   <div class='ocr_carea' id='block_1_4' title="bbox 695 5351 998 5421">
    <p class='ocr_par' dir='ltr' id='par_1_6' title="bbox 695 5351 998 5421">
     <span class='ocr_line' id='line_1_48' title="bbox 695 5351 998 5421; baseline -0.01 0"><span class='ocrx_word' id='word_1_286' title='bbox 695 5351 998 5421; x_wconf 84' lang='lat' dir='ltr'>Creator.</span> 
     </span>
    </p>
   </div>
   <div class='ocr_carea' id='block_1_5' title="bbox 698 5567 2234 5770">
    <p class='ocr_par' dir='ltr' id='par_1_7' title="bbox 698 5567 2234 5770">
     <span class='ocr_line' id='line_1_49' title="bbox 793 5567 2232 5659; baseline -0.003 -21"><span class='ocrx_word' id='word_1_287' title='bbox 793 5568 1099 5638; x_wconf 76' lang='lat' dir='ltr'>Sammo,</span> <span class='ocrx_word' id='word_1_288' title='bbox 1156 5568 1555 5648; x_wconf 85' lang='lat' dir='ltr'>Dicendum,</span> <span class='ocrx_word' id='word_1_289' title='bbox 1606 5568 1786 5659; x_wconf 90' lang='lat' dir='ltr'>quod</span> <span class='ocrx_word' id='word_1_290' title='bbox 1838 5570 1905 5635; x_wconf 89' lang='lat' dir='ltr'>in</span> <span class='ocrx_word' id='word_1_291' title='bbox 1955 5567 2232 5636; x_wconf 73' lang='lat' dir='ltr'>veritate</span> 
     </span>
     <span class='ocr_line' id='line_1_50' title="bbox 698 5675 2234 5770; baseline -0.003 -23"><span class='ocrx_word' id='word_1_292' title='bbox 698 5680 799 5770; x_wconf 87' lang='lat' dir='ltr'>(ut</span> <span class='ocrx_word' id='word_1_293' title='bbox 825 5677 1057 5749; x_wconf 89' lang='lat' dir='ltr'>dicunt</span> <span class='ocrx_word' id='word_1_294' title='bbox 1080 5676 1336 5767; x_wconf 88' lang='lat' dir='ltr'>Sancti)</span> <span class='ocrx_word' id='word_1_295' title='bbox 1360 5675 1758 5768; x_wconf 88' lang='lat' dir='ltr'>Philosophi</span> <span class='ocrx_word' id='word_1_296' title='bbox 1779 5676 2234 5768; x_wconf 83' lang='lat' dir='ltr'>cognitionem</span> 
     </span>
    </p>
   </div>
   <div class='ocr_carea' id='block_1_6' title="bbox 1671 319 2877 395">
    <p class='ocr_par' dir='ltr' id='par_1_8' title="bbox 1671 319 2877 395">
     <span class='ocr_line' id='line_1_51' title="bbox 1671 319 2877 395; baseline -0.01 1"><span class='ocrx_word' id='word_1_297' title='bbox 1671 328 1758 395; x_wconf 89' lang='lat' dir='ltr'>D.</span> <span class='ocrx_word' id='word_1_298' title='bbox 1807 326 2006 395; x_wconf 86' lang='lat' dir='ltr'><strong>ALB.</strong></span> <span class='ocrx_word' id='word_1_299' title='bbox 2058 322 2273 391; x_wconf 86' lang='lat' dir='ltr'><strong>MAG.</strong></span> <span class='ocrx_word' id='word_1_300' title='bbox 2325 319 2528 390; x_wconf 87' lang='lat' dir='ltr'>ORD.</span> <span class='ocrx_word' id='word_1_301' title='bbox 2581 319 2877 389; x_wconf 86' lang='lat' dir='ltr'>PRAED.</span> 
     </span>
    </p>
   </div>
   <div class='ocr_carea' id='block_1_7' title="bbox 2328 467 3894 5768">
    <p class='ocr_par' dir='ltr' id='par_1_9' title="bbox 2331 467 3886 666">
     <span class='ocr_line' id='line_1_52' title="bbox 2337 467 3886 582; baseline -0.011 -23"><span class='ocrx_word' id='word_1_302' title='bbox 2337 493 2456 559; x_wconf 91' lang='lat' dir='ltr'>Dei</span> <span class='ocrx_word' id='word_1_303' title='bbox 2497 467 2616 582; x_wconf 79' lang='lat' dir='ltr'>per</span> <span class='ocrx_word' id='word_1_304' title='bbox 2653 492 2998 560; x_wconf 87' lang='lat' dir='ltr'>naturales</span> <span class='ocrx_word' id='word_1_305' title='bbox 3031 490 3326 557; x_wconf 88' lang='lat' dir='ltr'>rationes</span> <span class='ocrx_word' id='word_1_306' title='bbox 3368 483 3617 550; x_wconf 88' lang='lat' dir='ltr'>habere</span> <span class='ocrx_word' id='word_1_307' title='bbox 3650 488 3886 568; x_wconf 87' lang='lat' dir='ltr'>potue-</span> 
     </span>
     <span class='ocr_line' id='line_1_53' title="bbox 2331 608 2509 666; baseline 0.006 -1"><span class='ocrx_word' id='word_1_308' title='bbox 2331 608 2509 666; x_wconf 85' lang='lat' dir='ltr'>runt.</span> 
     </span>
    </p>

    <p class='ocr_par' dir='ltr' id='par_1_10' title="bbox 2328 695 3889 2304">
     <span class='ocr_line' id='line_1_54' title="bbox 2419 695 3877 793; baseline -0.008 -24"><span class='ocrx_word' id='word_1_309' title='bbox 2419 709 2522 770; x_wconf 83' lang='lat' dir='ltr'>An</span> <span class='ocrx_word' id='word_1_310' title='bbox 2571 730 2695 773; x_wconf 88' lang='lat' dir='ltr'>noc</span> <span class='ocrx_word' id='word_1_311' title='bbox 2733 716 2962 772; x_wconf 88' lang='lat' dir='ltr'>autem</span> <span class='ocrx_word' id='word_1_312' title='bbox 3019 704 3201 793; x_wconf 90' lang='lat' dir='ltr'>quod</span> <span class='ocrx_word' id='word_1_313' title='bbox 3262 705 3480 792; x_wconf 89' lang='lat' dir='ltr'>primo</span> <span class='ocrx_word' id='word_1_314' title='bbox 3514 695 3877 784; x_wconf 76' lang='lat' dir='ltr'>objicitur,</span> 
     </span>
     <span class='ocr_line' id='line_1_55' title="bbox 2329 812 3879 902; baseline -0.005 -24"><span class='ocrx_word' id='word_1_315' title='bbox 2329 812 2687 880; x_wconf 86' lang='lat' dir='ltr'>dicendum</span> <span class='ocrx_word' id='word_1_316' title='bbox 2750 812 2936 902; x_wconf 83' lang='lat' dir='ltr'>quod</span> <span class='ocrx_word' id='word_1_317' title='bbox 2997 813 3216 878; x_wconf 86' lang='lat' dir='ltr'>Deum</span> <span class='ocrx_word' id='word_1_318' title='bbox 3279 833 3450 892; x_wconf 89' lang='lat' dir='ltr'>esse,</span> <span class='ocrx_word' id='word_1_319' title='bbox 3514 818 3581 876; x_wconf 88' lang='lat' dir='ltr'>et</span> <span class='ocrx_word' id='word_1_320' title='bbox 3636 829 3879 886; x_wconf 88' lang='lat' dir='ltr'>unum,</span> 
     </span>
     <span class='ocr_line' id='line_1_56' title="bbox 2331 914 3878 994; baseline -0.003 -10"><span class='ocrx_word' id='word_1_321' title='bbox 2331 942 2465 986; x_wconf 92' lang='lat' dir='ltr'>uno</span> <span class='ocrx_word' id='word_1_322' title='bbox 2516 921 2717 988; x_wconf 83' lang='lat' dir='ltr'>modo</span> <span class='ocrx_word' id='word_1_323' title='bbox 2779 928 2940 986; x_wconf 88' lang='lat' dir='ltr'>sunt</span> <span class='ocrx_word' id='word_1_324' title='bbox 2998 917 3289 994; x_wconf 89' lang='lat' dir='ltr'>articuli,</span> <span class='ocrx_word' id='word_1_325' title='bbox 3363 926 3429 983; x_wconf 88' lang='lat' dir='ltr'>et</span> <span class='ocrx_word' id='word_1_326' title='bbox 3487 915 3621 983; x_wconf 88' lang='lat' dir='ltr'>alio</span> <span class='ocrx_word' id='word_1_327' title='bbox 3673 914 3878 982; x_wconf 90' lang='lat' dir='ltr'>modo</span> 
     </span>
     <span class='ocr_line' id='line_1_57' title="bbox 2330 1023 3879 1120; baseline -0.004 -24"><span class='ocrx_word' id='word_1_328' title='bbox 2330 1031 2498 1096; x_wconf 88' lang='lat' dir='ltr'>scita</span> <span class='ocrx_word' id='word_1_329' title='bbox 2562 1053 2678 1120; x_wconf 91' lang='lat' dir='ltr'>per</span> <span class='ocrx_word' id='word_1_330' title='bbox 2740 1030 3065 1103; x_wconf 83' lang='lat' dir='ltr'>rationeS‚</span> <span class='ocrx_word' id='word_1_331' title='bbox 3138 1027 3312 1093; x_wconf 87' lang='lat' dir='ltr'>sicut</span> <span class='ocrx_word' id='word_1_332' title='bbox 3378 1023 3879 1091; x_wconf 80' lang='lat' dir='ltr'>conclusiones,</span> 
     </span>
     <span class='ocr_line' id='line_1_58' title="bbox 2331 1132 3887 1226; baseline -0.003 -25"><span class='ocrx_word' id='word_1_333' title='bbox 2331 1136 2563 1205; x_wconf 87' lang='lat' dir='ltr'>Potest</span> <span class='ocrx_word' id='word_1_334' title='bbox 2601 1140 2783 1206; x_wconf 86' lang='lat' dir='ltr'>enirn</span> <span class='ocrx_word' id='word_1_335' title='bbox 2824 1137 3037 1226; x_wconf 88' lang='lat' dir='ltr'>accipi</span> <span class='ocrx_word' id='word_1_336' title='bbox 3070 1135 3292 1202; x_wconf 91' lang='lat' dir='ltr'>Deum</span> <span class='ocrx_word' id='word_1_337' title='bbox 3324 1156 3469 1200; x_wconf 89' lang='lat' dir='ltr'>esse</span> <span class='ocrx_word' id='word_1_338' title='bbox 3501 1155 3622 1222; x_wconf 90' lang='lat' dir='ltr'>per</span> <span class='ocrx_word' id='word_1_339' title='bbox 3661 1132 3887 1198; x_wconf 89' lang='lat' dir='ltr'>scien·</span> 
     </span>
     <span class='ocr_line' id='line_1_59' title="bbox 2330 1237 3883 1334; baseline -0.005 -25"><span class='ocrx_word' id='word_1_340' title='bbox 2330 1245 2518 1320; x_wconf 90' lang='lat' dir='ltr'>tiam,</span> <span class='ocrx_word' id='word_1_341' title='bbox 2554 1248 2711 1334; x_wconf 88' lang='lat' dir='ltr'>quia</span> <span class='ocrx_word' id='word_1_342' title='bbox 2751 1254 2852 1312; x_wconf 90' lang='lat' dir='ltr'>est</span> <span class='ocrx_word' id='word_1_343' title='bbox 2898 1253 3191 1320; x_wconf 87' lang='lat' dir='ltr'>tantum,</span> <span class='ocrx_word' id='word_1_344' title='bbox 3228 1250 3293 1309; x_wconf 90' lang='lat' dir='ltr'>et</span> <span class='ocrx_word' id='word_1_345' title='bbox 3324 1239 3638 1307; x_wconf 90' lang='lat' dir='ltr'>similiter</span> <span class='ocrx_word' id='word_1_346' title='bbox 3661 1237 3883 1304; x_wconf 90' lang='lat' dir='ltr'>Deum</span> 
     </span>
     <span class='ocr_line' id='line_1_60' title="bbox 2330 1349 3888 1441; baseline -0.005 -24"><span class='ocrx_word' id='word_1_347' title='bbox 2330 1374 2474 1419; x_wconf 89' lang='lat' dir='ltr'>esse</span> <span class='ocrx_word' id='word_1_348' title='bbox 2505 1375 2757 1419; x_wconf 90' lang='lat' dir='ltr'>unum:</span> <span class='ocrx_word' id='word_1_349' title='bbox 2804 1354 2998 1419; x_wconf 83' lang='lat' dir='ltr'>etsie</span> <span class='ocrx_word' id='word_1_350' title='bbox 3036 1360 3324 1441; x_wconf 90' lang='lat' dir='ltr'>possunt</span> <span class='ocrx_word' id='word_1_351' title='bbox 3371 1372 3518 1417; x_wconf 86' lang='lat' dir='ltr'>esse</span> <span class='ocrx_word' id='word_1_352' title='bbox 3558 1349 3750 1424; x_wconf 87' lang='lat' dir='ltr'>scita,</span> <span class='ocrx_word' id='word_1_353' title='bbox 3812 1351 3888 1411; x_wconf 88' lang='lat' dir='ltr'>ut</span> 
     </span>
     <span class='ocr_line' id='line_1_61' title="bbox 2329 1451 3889 1548; baseline -0.004 -25"><span class='ocrx_word' id='word_1_354' title='bbox 2329 1458 2671 1526; x_wconf 90' lang='lat' dir='ltr'>conclusio</span> <span class='ocrx_word' id='word_1_355' title='bbox 2732 1482 2848 1548; x_wconf 90' lang='lat' dir='ltr'>per</span> <span class='ocrx_word' id='word_1_356' title='bbox 2887 1456 3269 1524; x_wconf 88' lang='lat' dir='ltr'>naturalem</span> <span class='ocrx_word' id='word_1_357' title='bbox 3331 1458 3692 1523; x_wconf 91' lang='lat' dir='ltr'>rationem.</span> <span class='ocrx_word' id='word_1_358' title='bbox 3729 1451 3889 1518; x_wconf 88' lang='lat' dir='ltr'>Pot-</span> 
     </span>
     <span class='ocr_line' id='line_1_62' title="bbox 2329 1564 3889 1658; baseline -0.003 -25"><span class='ocrx_word' id='word_1_359' title='bbox 2329 1576 2427 1634; x_wconf 89' lang='lat' dir='ltr'>est</span> <span class='ocrx_word' id='word_1_360' title='bbox 2467 1570 2667 1636; x_wconf 91' lang='lat' dir='ltr'>etiam</span> <span class='ocrx_word' id='word_1_361' title='bbox 2700 1571 2912 1658; x_wconf 89' lang='lat' dir='ltr'>accipi</span> <span class='ocrx_word' id='word_1_362' title='bbox 2966 1576 3168 1658; x_wconf 88' lang='lat' dir='ltr'>prout</span> <span class='ocrx_word' id='word_1_363' title='bbox 3226 1567 3460 1656; x_wconf 91' lang='lat' dir='ltr'>aliquo</span> <span class='ocrx_word' id='word_1_364' title='bbox 3503 1564 3709 1631; x_wconf 89' lang='lat' dir='ltr'>modo</span> <span class='ocrx_word' id='word_1_365' title='bbox 3772 1585 3889 1651; x_wconf 90' lang='lat' dir='ltr'>ap-</span> 
     </span>
     <span class='ocr_line' id='line_1_63' title="bbox 2332 1675 3889 1766; baseline -0.003 -26"><span class='ocrx_word' id='word_1_366' title='bbox 2332 1678 2789 1766; x_wconf 87' lang='lat' dir='ltr'>propinquant</span> <span class='ocrx_word' id='word_1_367' title='bbox 2826 1678 3127 1744; x_wconf 61' lang='lat' dir='ltr'>scientiae</span> <span class='ocrx_word' id='word_1_368' title='bbox 3185 1675 3350 1766; x_wconf 85' lang='lat' dir='ltr'>quid</span> <span class='ocrx_word' id='word_1_369' title='bbox 3423 1682 3548 1752; x_wconf 88' lang='lat' dir='ltr'>est,</span> <span class='ocrx_word' id='word_1_370' title='bbox 3611 1677 3889 1761; x_wconf 85' lang='lat' dir='ltr'>propter</span> 
     </span>
     <span class='ocr_line' id='line_1_64' title="bbox 2328 1780 3886 1875; baseline -0.002 -28"><span class='ocrx_word' id='word_1_371' title='bbox 2328 1780 2459 1849; x_wconf 89' lang='lat' dir='ltr'>hoc</span> <span class='ocrx_word' id='word_1_372' title='bbox 2489 1784 2668 1874; x_wconf 88' lang='lat' dir='ltr'>quod</span> <span class='ocrx_word' id='word_1_373' title='bbox 2706 1783 3227 1875; x_wconf 84' lang='lat' dir='ltr'>apprehendunt</span> <span class='ocrx_word' id='word_1_374' title='bbox 3266 1784 3718 1873; x_wconf 84' lang='lat' dir='ltr'>proprietates</span> <span class='ocrx_word' id='word_1_375' title='bbox 3739 1799 3886 1847; x_wconf 89' lang='lat' dir='ltr'>esse</span> 
     </span>
     <span class='ocr_line' id='line_1_65' title="bbox 2332 1887 3885 1980; baseline -0.001 -26"><span class='ocrx_word' id='word_1_376' title='bbox 2332 1889 2540 1956; x_wconf 78' lang='lat' dir='ltr'>divini</span> <span class='ocrx_word' id='word_1_377' title='bbox 2582 1901 2648 1960; x_wconf 90' lang='lat' dir='ltr'>et</span> <span class='ocrx_word' id='word_1_378' title='bbox 2689 1893 2972 1959; x_wconf 89' lang='lat' dir='ltr'>unitatis</span> <span class='ocrx_word' id='word_1_379' title='bbox 3021 1891 3399 1959; x_wconf 87' lang='lat' dir='ltr'>secundum</span> <span class='ocrx_word' id='word_1_380' title='bbox 3433 1888 3618 1980; x_wconf 88' lang='lat' dir='ltr'>quod</span> <span class='ocrx_word' id='word_1_381' title='bbox 3657 1887 3885 1955; x_wconf 86' lang='lat' dir='ltr'>deter-</span> 
     </span>
     <span class='ocr_line' id='line_1_66' title="bbox 2329 1995 3883 2070; baseline -0.001 -7"><span class='ocrx_word' id='word_1_382' title='bbox 2329 2001 2539 2067; x_wconf 89' lang='lat' dir='ltr'>minat</span> <span class='ocrx_word' id='word_1_383' title='bbox 2572 2002 2736 2070; x_wconf 81' lang='lat' dir='ltr'>fides</span> <span class='ocrx_word' id='word_1_384' title='bbox 2778 2001 3110 2069; x_wconf 87' lang='lat' dir='ltr'>attributa</span> <span class='ocrx_word' id='word_1_385' title='bbox 3150 2023 3298 2068; x_wconf 90' lang='lat' dir='ltr'>esse</span> <span class='ocrx_word' id='word_1_386' title='bbox 3337 1999 3464 2065; x_wconf 83' lang='lat' dir='ltr'>Dei</span> <span class='ocrx_word' id='word_1_387' title='bbox 3499 2008 3566 2065; x_wconf 88' lang='lat' dir='ltr'>et</span> <span class='ocrx_word' id='word_1_388' title='bbox 3604 1995 3883 2064; x_wconf 89' lang='lat' dir='ltr'>unitatis</span> 
     </span>
     <span class='ocr_line' id='line_1_67' title="bbox 2336 2103 3879 2198; baseline -0.003 -25"><span class='ocrx_word' id='word_1_389' title='bbox 2336 2106 2493 2174; x_wconf 84' lang='lat' dir='ltr'>Dei:</span> <span class='ocrx_word' id='word_1_390' title='bbox 2551 2120 2614 2176; x_wconf 90' lang='lat' dir='ltr'>et</span> <span class='ocrx_word' id='word_1_391' title='bbox 2671 2110 2767 2176; x_wconf 90' lang='lat' dir='ltr'>sic</span> <span class='ocrx_word' id='word_1_392' title='bbox 2824 2109 3051 2198; x_wconf 90' lang='lat' dir='ltr'>ipsum</span> <span class='ocrx_word' id='word_1_393' title='bbox 3112 2131 3250 2175; x_wconf 89' lang='lat' dir='ltr'>non</span> <span class='ocrx_word' id='word_1_394' title='bbox 3309 2106 3545 2174; x_wconf 89' lang='lat' dir='ltr'>subest</span> <span class='ocrx_word' id='word_1_395' title='bbox 3603 2103 3879 2182; x_wconf 88' lang='lat' dir='ltr'>rationi,</span> 
     </span>
     <span class='ocr_line' id='line_1_68' title="bbox 2331 2214 3428 2304; baseline -0.001 -24"><span class='ocrx_word' id='word_1_396' title='bbox 2331 2214 2446 2280; x_wconf 90' lang='lat' dir='ltr'>sed</span> <span class='ocrx_word' id='word_1_397' title='bbox 2487 2217 2710 2304; x_wconf 92' lang='lat' dir='ltr'>potius</span> <span class='ocrx_word' id='word_1_398' title='bbox 2739 2224 2839 2283; x_wconf 87' lang='lat' dir='ltr'>est</span> <span class='ocrx_word' id='word_1_399' title='bbox 2877 2215 3205 2283; x_wconf 85' lang='lat' dir='ltr'>articulus</span> <span class='ocrx_word' id='word_1_400' title='bbox 3243 2214 3428 2282; x_wconf 87' lang='lat' dir='ltr'>tidei.</span> 
     </span>
    </p>

    <p class='ocr_par' dir='ltr' id='par_1_11' title="bbox 2333 2317 3894 4681">
     <span class='ocr_line' id='line_1_69' title="bbox 2419 2317 3888 2413; baseline -0.003 -25"><span class='ocrx_word' id='word_1_401' title='bbox 2419 2323 2522 2388; x_wconf 76' lang='lat' dir='ltr'>An</span> <span class='ocrx_word' id='word_1_402' title='bbox 2559 2346 2755 2390; x_wconf 72' lang='grc' dir='ltr'><strong>Αωιςῐ)</strong></span> <span class='ocrx_word' id='word_1_403' title='bbox 2786 2322 3178 2404; x_wconf 86' lang='lat' dir='ltr'>dicendum,</span> <span class='ocrx_word' id='word_1_404' title='bbox 3212 2321 3398 2413; x_wconf 88' lang='lat' dir='ltr'>quod</span> <span class='ocrx_word' id='word_1_405' title='bbox 3460 2322 3528 2386; x_wconf 92' lang='lat' dir='ltr'>in</span> <span class='ocrx_word' id='word_1_406' title='bbox 3567 2317 3888 2386; x_wconf 88' lang='lat' dir='ltr'>Philoso-</span> 
     </span>
     <span class='ocr_line' id='line_1_70' title="bbox 2333 2431 3888 2524; baseline 0 -27"><span class='ocrx_word' id='word_1_407' title='bbox 2333 2431 2491 2522; x_wconf 87' lang='lat' dir='ltr'>phia</span> <span class='ocrx_word' id='word_1_408' title='bbox 2522 2456 2719 2500; x_wconf 87' lang='lat' dir='ltr'>causa</span> <span class='ocrx_word' id='word_1_409' title='bbox 2752 2433 3032 2524; x_wconf 76' lang='lat' dir='ltr'>physica</span> <span class='ocrx_word' id='word_1_410' title='bbox 3057 2433 3572 2524; x_wconf 87' lang='lat' dir='ltr'>proportionata</span> <span class='ocrx_word' id='word_1_411' title='bbox 3603 2440 3702 2499; x_wconf 87' lang='lat' dir='ltr'>est</span> <span class='ocrx_word' id='word_1_412' title='bbox 3732 2452 3888 2498; x_wconf 93' lang='lat' dir='ltr'>cau-</span> 
     </span>
     <span class='ocr_line' id='line_1_71' title="bbox 2334 2541 3891 2633; baseline -0.001 -26"><span class='ocrx_word' id='word_1_413' title='bbox 2334 2551 2506 2622; x_wconf 88' lang='lat' dir='ltr'>sat0,</span> <span class='ocrx_word' id='word_1_414' title='bbox 2549 2551 2615 2611; x_wconf 85' lang='lat' dir='ltr'>et</span> <span class='ocrx_word' id='word_1_415' title='bbox 2646 2552 2873 2611; x_wconf 92' lang='lat' dir='ltr'>motor</span> <span class='ocrx_word' id='word_1_416' title='bbox 2904 2541 3144 2611; x_wconf 83' lang='lat' dir='ltr'>mobili</span> <span class='ocrx_word' id='word_1_417' title='bbox 3178 2563 3194 2611; x_wconf 88' lang='lat'>:</span> <span class='ocrx_word' id='word_1_418' title='bbox 3239 2542 3357 2610; x_wconf 88' lang='lat' dir='ltr'>sed</span> <span class='ocrx_word' id='word_1_419' title='bbox 3398 2542 3561 2633; x_wconf 86' lang='lat' dir='ltr'>quia</span> <span class='ocrx_word' id='word_1_420' title='bbox 3598 2562 3891 2632; x_wconf 87' lang='lat' dir='ltr'>propor-</span> 
     </span>
     <span class='ocr_line' id='line_1_72' title="bbox 2336 2649 3890 2738; baseline -0.003 -22"><span class='ocrx_word' id='word_1_421' title='bbox 2336 2651 2667 2720; x_wconf 86' lang='lat' dir='ltr'>tionatum</span> <span class='ocrx_word' id='word_1_422' title='bbox 2699 2653 2768 2719; x_wconf 91' lang='lat' dir='ltr'>in</span> <span class='ocrx_word' id='word_1_423' title='bbox 2797 2654 3049 2719; x_wconf 80' lang='lat' dir='ltr'>virtute</span> <span class='ocrx_word' id='word_1_424' title='bbox 3091 2649 3414 2718; x_wconf 86' lang='lat' dir='ltr'>causandi</span> <span class='ocrx_word' id='word_1_425' title='bbox 3474 2671 3609 2717; x_wconf 91' lang='lat' dir='ltr'>non</span> <span class='ocrx_word' id='word_1_426' title='bbox 3664 2655 3890 2738; x_wconf 88' lang='lat' dir='ltr'>potest</span> 
     </span>
     <span class='ocr_line' id='line_1_73' title="bbox 2336 2753 3888 2850; baseline -0.004 -24"><span class='ocrx_word' id='word_1_427' title='bbox 2336 2781 2482 2826; x_wconf 91' lang='lat' dir='ltr'>esse</span> <span class='ocrx_word' id='word_1_428' title='bbox 2521 2762 2816 2850; x_wconf 90' lang='lat' dir='ltr'>primum</span> <span class='ocrx_word' id='word_1_429' title='bbox 2860 2759 3047 2850; x_wconf 91' lang='lat' dir='ltr'>quod</span> <span class='ocrx_word' id='word_1_430' title='bbox 3084 2758 3290 2827; x_wconf 88' lang='lat' dir='ltr'>habet</span> <span class='ocrx_word' id='word_1_431' title='bbox 3325 2758 3753 2826; x_wconf 80' lang='lat' dir='ltr'>influentiam</span> <span class='ocrx_word' id='word_1_432' title='bbox 3803 2753 3888 2821; x_wconf 89' lang='lat' dir='ltr'>ad</span> 
     </span>
     <span class='ocr_line' id='line_1_74' title="bbox 2339 2861 3892 2953; baseline -0.003 -21"><span class='ocrx_word' id='word_1_433' title='bbox 2339 2869 2591 2943; x_wconf 87' lang='lat' dir='ltr'>omnia,</span> <span class='ocrx_word' id='word_1_434' title='bbox 2629 2867 2778 2935; x_wconf 83' lang='lat' dir='ltr'>ideo</span> <span class='ocrx_word' id='word_1_435' title='bbox 2812 2866 3112 2934; x_wconf 83' lang='lat' dir='ltr'>extendit</span> <span class='ocrx_word' id='word_1_436' title='bbox 3147 2889 3218 2933; x_wconf 88' lang='lat' dir='ltr'>se</span> <span class='ocrx_word' id='word_1_437' title='bbox 3261 2865 3435 2932; x_wconf 90' lang='lat' dir='ltr'>ratio</span> <span class='ocrx_word' id='word_1_438' title='bbox 3477 2864 3561 2931; x_wconf 87' lang='lat' dir='ltr'>ad</span> <span class='ocrx_word' id='word_1_439' title='bbox 3597 2861 3892 2953; x_wconf 87' lang='lat' dir='ltr'>proban·</span> 
     </span>
     <span class='ocr_line' id='line_1_75' title="bbox 2338 2968 3888 3062; baseline -0.003 -23"><span class='ocrx_word' id='word_1_440' title='bbox 2338 2972 2499 3041; x_wconf 93' lang='lat' dir='ltr'>dum</span> <span class='ocrx_word' id='word_1_441' title='bbox 2531 2974 2692 3042; x_wconf 85' lang='lat' dir='ltr'>illud</span> <span class='ocrx_word' id='word_1_442' title='bbox 2723 2997 2892 3050; x_wconf 86' lang='lat' dir='ltr'>esse,</span> <span class='ocrx_word' id='word_1_443' title='bbox 2928 2972 3086 3042; x_wconf 91' lang='lat' dir='ltr'>licet</span> <span class='ocrx_word' id='word_1_444' title='bbox 3124 2996 3261 3040; x_wconf 92' lang='lat' dir='ltr'>non</span> <span class='ocrx_word' id='word_1_445' title='bbox 3292 2971 3536 3062; x_wconf 88' lang='lat' dir='ltr'>probet</span> <span class='ocrx_word' id='word_1_446' title='bbox 3566 2970 3694 3038; x_wconf 88' lang='lat' dir='ltr'>nisi</span> <span class='ocrx_word' id='word_1_447' title='bbox 3728 2968 3888 3059; x_wconf 88' lang='lat' dir='ltr'>quia</span> 
     </span>
     <span class='ocr_line' id='line_1_76' title="bbox 2339 3076 3889 3170; baseline -0.004 -22"><span class='ocrx_word' id='word_1_448' title='bbox 2339 3089 2435 3148; x_wconf 90' lang='lat' dir='ltr'>est</span> <span class='ocrx_word' id='word_1_449' title='bbox 2495 3090 2783 3160; x_wconf 90' lang='lat' dir='ltr'>tantum,</span> <span class='ocrx_word' id='word_1_450' title='bbox 2846 3090 2911 3149; x_wconf 89' lang='lat' dir='ltr'>et</span> <span class='ocrx_word' id='word_1_451' title='bbox 2962 3103 3101 3148; x_wconf 91' lang='lat' dir='ltr'>non</span> <span class='ocrx_word' id='word_1_452' title='bbox 3159 3081 3374 3170; x_wconf 87' lang='lat' dir='ltr'>possit</span> <span class='ocrx_word' id='word_1_453' title='bbox 3435 3076 3889 3147; x_wconf 88' lang='lat' dir='ltr'>determinare</span> 
     </span>
     <span class='ocr_line' id='line_1_77' title="bbox 2338 3182 3888 3281; baseline -0.004 -26"><span class='ocrx_word' id='word_1_454' title='bbox 2338 3191 2778 3281; x_wconf 81' lang='lat' dir='ltr'>proprietates</span> <span class='ocrx_word' id='word_1_455' title='bbox 2832 3189 3006 3278; x_wconf 86' lang='lat' dir='ltr'>ejus.</span> <span class='ocrx_word' id='word_1_456' title='bbox 3061 3186 3256 3256; x_wconf 73' lang='lat' dir='ltr'>Unde</span> <span class='ocrx_word' id='word_1_457' title='bbox 3305 3183 3769 3276; x_wconf 84' lang='lat' dir='ltr'>Philosophus</span> <span class='ocrx_word' id='word_1_458' title='bbox 3822 3182 3888 3250; x_wconf 91' lang='lat' dir='ltr'>in</span> 
     </span>
     <span class='ocr_line' id='line_1_78' title="bbox 2341 3289 3889 3388; baseline -0.005 -25"><span class='ocrx_word' id='word_1_459' title='bbox 2341 3300 2561 3388; x_wconf 90' lang='lat' dir='ltr'>primo</span> <span class='ocrx_word' id='word_1_460' title='bbox 2603 3297 2684 3365; x_wconf 88' lang='lat' dir='ltr'>de</span> <span class='ocrx_word' id='word_1_461' title='bbox 2732 3298 2916 3363; x_wconf 72' lang='lat' dir='ltr'>Coelo</span> <span class='ocrx_word' id='word_1_462' title='bbox 2973 3307 3037 3363; x_wconf 80' lang='lat' dir='ltr'>e!</span> <span class='ocrx_word' id='word_1_463' title='bbox 3083 3294 3349 3363; x_wconf 80' lang='lat' dir='ltr'>Mundo</span> <span class='ocrx_word' id='word_1_464' title='bbox 3399 3294 3602 3361; x_wconf 86' lang='lat' dir='ltr'>dicit:</span> <span class='ocrx_word' id='word_1_465' title='bbox 3675 3289 3889 3358; x_wconf 80' lang='lat' dir='ltr'>Adhi-</span> 
     </span>
     <span class='ocr_line' id='line_1_79' title="bbox 2342 3397 3894 3494; baseline -0.002 -24"><span class='ocrx_word' id='word_1_466' title='bbox 2342 3403 2611 3471; x_wconf 88' lang='lat' dir='ltr'>buimus</span> <span class='ocrx_word' id='word_1_467' title='bbox 2642 3405 2954 3494; x_wconf 85' lang='lat' dir='ltr'>nosipsos</span> <span class='ocrx_word' id='word_1_468' title='bbox 2985 3402 3423 3493; x_wconf 73' lang='lat' dir='ltr'>magnificare</span> <span class='ocrx_word' id='word_1_469' title='bbox 3472 3400 3693 3468; x_wconf 87' lang='lat' dir='ltr'>Deum</span> <span class='ocrx_word' id='word_1_470' title='bbox 3739 3397 3894 3489; x_wconf 84' lang='lat' dir='ltr'>glo-</span> 
     </span>
     <span class='ocr_line' id='line_1_80' title="bbox 2346 3508 3890 3592; baseline -0.003 -15"><span class='ocrx_word' id='word_1_471' title='bbox 2346 3511 2598 3579; x_wconf 88' lang='lat' dir='ltr'>riosum</span> <span class='ocrx_word' id='word_1_472' title='bbox 2637 3520 3012 3580; x_wconf 86' lang='lat' dir='ltr'>creatorem</span> <span class='ocrx_word' id='word_1_473' title='bbox 3072 3511 3412 3592; x_wconf 90' lang='lat' dir='ltr'>omnium,</span> <span class='ocrx_word' id='word_1_474' title='bbox 3473 3508 3890 3576; x_wconf 90' lang='lat' dir='ltr'>eminentem</span> 
     </span>
     <span class='ocr_line' id='line_1_81' title="bbox 2343 3618 3883 3709; baseline -0.005 -22"><span class='ocrx_word' id='word_1_475' title='bbox 2343 3618 2863 3709; x_wconf 87' lang='lat' dir='ltr'>proprietatibus</span> <span class='ocrx_word' id='word_1_476' title='bbox 2907 3640 3148 3686; x_wconf 90' lang='lat' dir='ltr'>eorum</span> <span class='ocrx_word' id='word_1_477' title='bbox 3206 3640 3359 3708; x_wconf 81' lang='lat' dir='ltr'>qua·</span> <span class='ocrx_word' id='word_1_478' title='bbox 3416 3624 3578 3683; x_wconf 88' lang='lat' dir='ltr'>sunt</span> <span class='ocrx_word' id='word_1_479' title='bbox 3633 3622 3883 3683; x_wconf 84' lang='lat' dir='ltr'>creata.</span> 
     </span>
     <span class='ocr_line' id='line_1_82' title="bbox 2349 3723 3892 3817; baseline -0.003 -24"><span class='ocrx_word' id='word_1_480' title='bbox 2349 3724 2536 3793; x_wconf 76' lang='lat' dir='ltr'>Unde</span> <span class='ocrx_word' id='word_1_481' title='bbox 2573 3735 2780 3817; x_wconf 90' lang='lat' dir='ltr'>patet,</span> <span class='ocrx_word' id='word_1_482' title='bbox 2827 3725 3011 3817; x_wconf 88' lang='lat' dir='ltr'>quod</span> <span class='ocrx_word' id='word_1_483' title='bbox 3050 3724 3372 3815; x_wconf 78' lang='lat' dir='ltr'>cognovit</span> <span class='ocrx_word' id='word_1_484' title='bbox 3403 3723 3586 3814; x_wconf 85' lang='lat' dir='ltr'>quod</span> <span class='ocrx_word' id='word_1_485' title='bbox 3635 3724 3892 3789; x_wconf 90' lang='lat' dir='ltr'>eminet</span> 
     </span>
     <span class='ocr_line' id='line_1_83' title="bbox 2344 3830 3890 3920; baseline -0.003 -20"><span class='ocrx_word' id='word_1_486' title='bbox 2344 3855 2546 3920; x_wconf 85' lang='lat' dir='ltr'>super</span> <span class='ocrx_word' id='word_1_487' title='bbox 2598 3843 2859 3907; x_wconf 85' lang='lat' dir='ltr'>creata:</span> <span class='ocrx_word' id='word_1_488' title='bbox 2929 3830 3045 3899; x_wconf 84' lang='lat' dir='ltr'>sed</span> <span class='ocrx_word' id='word_1_489' title='bbox 3101 3831 3433 3898; x_wconf 86' lang='lat' dir='ltr'>rationem</span> <span class='ocrx_word' id='word_1_490' title='bbox 3475 3830 3890 3907; x_wconf 67' lang='lat' dir='ltr'>eminentiae,</span> 
     </span>
     <span class='ocr_line' id='line_1_84' title="bbox 2344 3939 3892 4031; baseline -0.001 -26"><span class='ocrx_word' id='word_1_491' title='bbox 2344 3952 2407 4008; x_wconf 76' lang='lat' dir='ltr'>et</span> <span class='ocrx_word' id='word_1_492' title='bbox 2438 3941 2912 4024; x_wconf 76' lang='lat' dir='ltr'>differentiam,</span> <span class='ocrx_word' id='word_1_493' title='bbox 2957 3950 3023 4008; x_wconf 89' lang='lat' dir='ltr'>et</span> <span class='ocrx_word' id='word_1_494' title='bbox 3075 3940 3560 4031; x_wconf 83' lang='lat' dir='ltr'>proprietatem</span> <span class='ocrx_word' id='word_1_495' title='bbox 3601 3939 3704 4005; x_wconf 91' lang='lat' dir='ltr'>sui</span> <span class='ocrx_word' id='word_1_496' title='bbox 3748 3962 3892 4006; x_wconf 89' lang='lat' dir='ltr'>esse</span> 
     </span>
     <span class='ocr_line' id='line_1_85' title="bbox 2344 4046 3893 4140; baseline -0.001 -26"><span class='ocrx_word' id='word_1_497' title='bbox 2344 4071 2480 4116; x_wconf 91' lang='lat' dir='ltr'>non</span> <span class='ocrx_word' id='word_1_498' title='bbox 2513 4058 2731 4140; x_wconf 89' lang='lat' dir='ltr'>potest</span> <span class='ocrx_word' id='word_1_499' title='bbox 2770 4072 2890 4139; x_wconf 89' lang='lat' dir='ltr'>per</span> <span class='ocrx_word' id='word_1_500' title='bbox 2928 4050 3264 4116; x_wconf 85' lang='lat' dir='ltr'>rationem</span> <span class='ocrx_word' id='word_1_501' title='bbox 3306 4048 3553 4137; x_wconf 83' lang='lat' dir='ltr'>aliquis</span> <span class='ocrx_word' id='word_1_502' title='bbox 3606 4046 3893 4114; x_wconf 78' lang='lat' dir='ltr'>iuvesti-</span> 
     </span>
     <span class='ocr_line' id='line_1_86' title="bbox 2343 4152 3893 4246; baseline 0 -25"><span class='ocrx_word' id='word_1_503' title='bbox 2343 4179 2525 4246; x_wconf 83' lang='lat' dir='ltr'>gare.</span> <span class='ocrx_word' id='word_1_504' title='bbox 2566 4156 2752 4223; x_wconf 83' lang='lat' dir='ltr'>l&#39;nde</span> <span class='ocrx_word' id='word_1_505' title='bbox 2782 4157 2987 4223; x_wconf 89' lang='lat' dir='ltr'>etiam</span> <span class='ocrx_word' id='word_1_506' title='bbox 3022 4156 3200 4222; x_wconf 87' lang='lat' dir='ltr'>circa</span> <span class='ocrx_word' id='word_1_507' title='bbox 3240 4153 3400 4221; x_wconf 84' lang='lat' dir='ltr'>talia</span> <span class='ocrx_word' id='word_1_508' title='bbox 3439 4152 3765 4221; x_wconf 88' lang='lat' dir='ltr'>attributa</span> <span class='ocrx_word' id='word_1_509' title='bbox 3796 4154 3893 4221; x_wconf 90' lang='lat' dir='ltr'>in-</span> 
     </span>
     <span class='ocr_line' id='line_1_87' title="bbox 2345 4263 3892 4353; baseline -0.001 -22"><span class='ocrx_word' id='word_1_510' title='bbox 2345 4267 2706 4333; x_wconf 75' lang='lat' dir='ltr'>veniuntur</span> <span class='ocrx_word' id='word_1_511' title='bbox 2795 4263 3199 4353; x_wconf 81' lang='lat' dir='ltr'>Philosophi</span> <span class='ocrx_word' id='word_1_512' title='bbox 3287 4263 3540 4330; x_wconf 87' lang='lat' dir='ltr'>multos</span> <span class='ocrx_word' id='word_1_513' title='bbox 3629 4286 3892 4330; x_wconf 86' lang='lat' dir='ltr'>errores</span> 
     </span>
     <span class='ocr_line' id='line_1_88' title="bbox 2346 4374 3892 4465; baseline 0.001 -24"><span class='ocrx_word' id='word_1_514' title='bbox 2346 4376 2629 4444; x_wconf 80' lang='lat' dir='ltr'>dixisse:</span> <span class='ocrx_word' id='word_1_515' title='bbox 2665 4379 2839 4444; x_wconf 89' lang='lat' dir='ltr'>circa</span> <span class='ocrx_word' id='word_1_516' title='bbox 2873 4399 3018 4442; x_wconf 84' lang='lat' dir='ltr'>esse</span> <span class='ocrx_word' id='word_1_517' title='bbox 3050 4397 3214 4441; x_wconf 74' lang='lat' dir='ltr'>vero</span> <span class='ocrx_word' id='word_1_518' title='bbox 3254 4374 3505 4454; x_wconf 70' lang='lat' dir='ltr'>lleum,</span> <span class='ocrx_word' id='word_1_519' title='bbox 3547 4375 3690 4442; x_wconf 78' lang='lat' dir='ltr'>sive</span> <span class='ocrx_word' id='word_1_520' title='bbox 3732 4376 3892 4465; x_wconf 84' lang='lat' dir='ltr'>quia</span> 
     </span>
     <span class='ocr_line' id='line_1_89' title="bbox 2345 4480 3884 4574; baseline 0 -27"><span class='ocrx_word' id='word_1_521' title='bbox 2345 4491 2469 4564; x_wconf 91' lang='lat' dir='ltr'>est,</span> <span class='ocrx_word' id='word_1_522' title='bbox 2503 4496 2564 4551; x_wconf 83' lang='lat' dir='ltr'>et</span> <span class='ocrx_word' id='word_1_523' title='bbox 2611 4483 2791 4574; x_wconf 84' lang='lat' dir='ltr'>quod</span> <span class='ocrx_word' id='word_1_524' title='bbox 2825 4505 3003 4549; x_wconf 91' lang='lat' dir='ltr'>unus</span> <span class='ocrx_word' id='word_1_525' title='bbox 3038 4492 3162 4562; x_wconf 88' lang='lat' dir='ltr'>est,</span> <span class='ocrx_word' id='word_1_526' title='bbox 3213 4483 3411 4573; x_wconf 87' lang='lat' dir='ltr'>pauci</span> <span class='ocrx_word' id='word_1_527' title='bbox 3485 4480 3884 4572; x_wconf 86' lang='lat' dir='ltr'>Philosophi</span> 
     </span>
     <span class='ocr_line' id='line_1_90' title="bbox 2345 4589 3814 4681; baseline -0.001 -24"><span class='ocrx_word' id='word_1_528' title='bbox 2345 4592 2456 4680; x_wconf 91' lang='lat' dir='ltr'>qui</span> <span class='ocrx_word' id='word_1_529' title='bbox 2490 4615 2642 4660; x_wconf 74' lang='lat' dir='ltr'>vere</span> <span class='ocrx_word' id='word_1_530' title='bbox 2684 4600 2872 4659; x_wconf 88' lang='lat' dir='ltr'>erant</span> <span class='ocrx_word' id='word_1_531' title='bbox 2916 4589 3347 4681; x_wconf 82' lang='lat' dir='ltr'>Philosophi,</span> <span class='ocrx_word' id='word_1_532' title='bbox 3383 4597 3814 4658; x_wconf 74' lang='lat' dir='ltr'>erraverunt.</span> 
     </span>
    </p>

    <p class='ocr_par' dir='ltr' id='par_1_12' title="bbox 2340 4697 3892 5768">
     <span class='ocr_line' id='line_1_91' title="bbox 2429 4697 3887 4789; baseline 0.001 -24"><span class='ocrx_word' id='word_1_533' title='bbox 2429 4701 2532 4766; x_wconf 76' lang='lat' dir='ltr'>An</span> <span class='ocrx_word' id='word_1_534' title='bbox 2579 4723 2774 4768; x_wconf 73' lang='grc' dir='ltr'>ΑιιιΊι</span> <span class='ocrx_word' id='word_1_535' title='bbox 2804 4708 2904 4766; x_wconf 89' lang='lat' dir='ltr'>est</span> <span class='ocrx_word' id='word_1_536' title='bbox 2961 4699 3352 4777; x_wconf 87' lang='lat' dir='ltr'>dicendum,</span> <span class='ocrx_word' id='word_1_537' title='bbox 3397 4698 3581 4789; x_wconf 86' lang='lat' dir='ltr'>quod</span> <span class='ocrx_word' id='word_1_538' title='bbox 3617 4697 3887 4766; x_wconf 91' lang='lat' dir='ltr'>intelle-</span> 
     </span>
     <span class='ocr_line' id='line_1_92' title="bbox 2342 4805 3884 4895; baseline -0.001 -20"><span class='ocrx_word' id='word_1_539' title='bbox 2342 4814 2486 4875; x_wconf 87' lang='lat' dir='ltr'>ctus</span> <span class='ocrx_word' id='word_1_540' title='bbox 2516 4807 2858 4875; x_wconf 80' lang='lat' dir='ltr'>resolvens</span> <span class='ocrx_word' id='word_1_541' title='bbox 2908 4815 3040 4873; x_wconf 86' lang='lat' dir='ltr'>stat</span> <span class='ocrx_word' id='word_1_542' title='bbox 3075 4808 3141 4873; x_wconf 89' lang='lat' dir='ltr'>iu</span> <span class='ocrx_word' id='word_1_543' title='bbox 3173 4814 3326 4873; x_wconf 83' lang='lat' dir='ltr'>ente</span> <span class='ocrx_word' id='word_1_544' title='bbox 3374 4805 3559 4895; x_wconf 86' lang='lat' dir='ltr'>quod</span> <span class='ocrx_word' id='word_1_545' title='bbox 3599 4814 3695 4874; x_wconf 89' lang='lat' dir='ltr'>est</span> <span class='ocrx_word' id='word_1_546' title='bbox 3730 4806 3884 4874; x_wconf 90' lang='lat' dir='ltr'>ulti·</span> 
     </span>
     <span class='ocr_line' id='line_1_93' title="bbox 2342 4915 3882 5006; baseline 0 -25"><span class='ocrx_word' id='word_1_547' title='bbox 2342 4939 2526 4983; x_wconf 88' lang='lat' dir='ltr'>mum</span> <span class='ocrx_word' id='word_1_548' title='bbox 2588 4915 3026 4991; x_wconf 84' lang='lat' dir='ltr'>resolutione,</span> <span class='ocrx_word' id='word_1_549' title='bbox 3070 4924 3137 4983; x_wconf 91' lang='lat' dir='ltr'>et</span> <span class='ocrx_word' id='word_1_550' title='bbox 3185 4916 3485 5003; x_wconf 90' lang='lat' dir='ltr'>primum</span> <span class='ocrx_word' id='word_1_551' title='bbox 3540 4915 3882 5006; x_wconf 91' lang='lat' dir='ltr'>composi-</span> 
     </span>
     <span class='ocr_line' id='line_1_94' title="bbox 2341 5022 3888 5116; baseline -0.001 -26"><span class='ocrx_word' id='word_1_552' title='bbox 2341 5025 2563 5097; x_wconf 86' lang='lat' dir='ltr'>tione:</span> <span class='ocrx_word' id='word_1_553' title='bbox 2600 5026 2715 5094; x_wconf 87' lang='lat' dir='ltr'>sed</span> <span class='ocrx_word' id='word_1_554' title='bbox 2747 5026 2905 5116; x_wconf 86' lang='lat' dir='ltr'>quia</span> <span class='ocrx_word' id='word_1_555' title='bbox 2947 5025 3171 5114; x_wconf 90' lang='lat' dir='ltr'>ipsum</span> <span class='ocrx_word' id='word_1_556' title='bbox 3206 5022 3536 5091; x_wconf 67' lang='lat' dir='ltr'>mist-ibile</span> <span class='ocrx_word' id='word_1_557' title='bbox 3567 5034 3664 5091; x_wconf 85' lang='lat' dir='ltr'>est</span> <span class='ocrx_word' id='word_1_558' title='bbox 3695 5046 3888 5093; x_wconf 86' lang='lat' dir='ltr'>com-</span> 
     </span>
     <span class='ocr_line' id='line_1_95' title="bbox 2341 5124 3892 5225; baseline 0.001 -26"><span class='ocrx_word' id='word_1_559' title='bbox 2341 5135 2684 5223; x_wconf 88' lang='lat' dir='ltr'>positioni,</span> <span class='ocrx_word' id='word_1_560' title='bbox 2712 5134 2863 5202; x_wconf 87' lang='lat' dir='ltr'>ideo</span> <span class='ocrx_word' id='word_1_561' title='bbox 2891 5135 3114 5223; x_wconf 88' lang='lat' dir='ltr'>ipsum</span> <span class='ocrx_word' id='word_1_562' title='bbox 3148 5155 3286 5199; x_wconf 89' lang='lat' dir='ltr'>non</span> <span class='ocrx_word' id='word_1_563' title='bbox 3319 5142 3542 5222; x_wconf 87' lang='lat' dir='ltr'>potest</span> <span class='ocrx_word' id='word_1_564' title='bbox 3572 5156 3717 5203; x_wconf 81' lang='lat' dir='ltr'>esse</span> <span class='ocrx_word' id='word_1_565' title='bbox 3747 5124 3892 5225; x_wconf 85' lang='lat' dir='ltr'>pri·</span> 
     </span>
     <span class='ocr_line' id='line_1_96' title="bbox 2344 5239 3885 5333; baseline 0.001 -25"><span class='ocrx_word' id='word_1_566' title='bbox 2344 5264 2555 5310; x_wconf 90' lang='lat' dir='ltr'>mum.</span> <span class='ocrx_word' id='word_1_567' title='bbox 2592 5242 2735 5310; x_wconf 86' lang='lat' dir='ltr'>lloc</span> <span class='ocrx_word' id='word_1_568' title='bbox 2768 5242 3122 5332; x_wconf 85' lang='lat' dir='ltr'>cognoscit</span> <span class='ocrx_word' id='word_1_569' title='bbox 3176 5242 3350 5308; x_wconf 90' lang='lat' dir='ltr'>ratio</span> <span class='ocrx_word' id='word_1_570' title='bbox 3391 5264 3474 5309; x_wconf 84' lang='lat' dir='ltr'>ex</span> <span class='ocrx_word' id='word_1_571' title='bbox 3530 5239 3664 5310; x_wconf 90' lang='lat' dir='ltr'>hoc</span> <span class='ocrx_word' id='word_1_572' title='bbox 3701 5242 3885 5333; x_wconf 87' lang='lat' dir='ltr'>quod</span> 
     </span>
     <span class='ocr_line' id='line_1_97' title="bbox 2340 5347 3892 5440; baseline 0.001 -25"><span class='ocrx_word' id='word_1_573' title='bbox 2340 5350 2779 5439; x_wconf 86' lang='lat' dir='ltr'>apprehendit</span> <span class='ocrx_word' id='word_1_574' title='bbox 2818 5347 3254 5417; x_wconf 88' lang='lat' dir='ltr'>habitudines</span> <span class='ocrx_word' id='word_1_575' title='bbox 3303 5351 3477 5416; x_wconf 87' lang='lat' dir='ltr'>entis</span> <span class='ocrx_word' id='word_1_576' title='bbox 3525 5350 3609 5416; x_wconf 84' lang='lat' dir='ltr'>ad</span> <span class='ocrx_word' id='word_1_577' title='bbox 3666 5356 3892 5440; x_wconf 90' lang='lat' dir='ltr'>poste-</span> 
     </span>
     <span class='ocr_line' id='line_1_98' title="bbox 2340 5456 3889 5538; baseline -0.001 -14"><span class='ocrx_word' id='word_1_578' title='bbox 2340 5458 2517 5525; x_wconf 88' lang='lat' dir='ltr'>riora</span> <span class='ocrx_word' id='word_1_579' title='bbox 2556 5466 2733 5528; x_wconf 91' lang='lat' dir='ltr'>ente.</span> <span class='ocrx_word' id='word_1_580' title='bbox 2771 5457 2851 5524; x_wconf 74' lang='lat' dir='ltr'>Et</span> <span class='ocrx_word' id='word_1_581' title='bbox 2891 5457 3067 5525; x_wconf 88' lang='lat' dir='ltr'>sicut</span> <span class='ocrx_word' id='word_1_582' title='bbox 3107 5466 3208 5525; x_wconf 89' lang='lat' dir='ltr'>est</span> <span class='ocrx_word' id='word_1_583' title='bbox 3246 5456 3329 5524; x_wconf 84' lang='lat' dir='ltr'>de</span> <span class='ocrx_word' id='word_1_584' title='bbox 3361 5466 3541 5538; x_wconf 87' lang='lat' dir='ltr'>ente,</span> <span class='ocrx_word' id='word_1_585' title='bbox 3577 5457 3889 5527; x_wconf 89' lang='lat' dir='ltr'>similiter</span> 
     </span>
     <span class='ocr_line' id='line_1_99' title="bbox 2341 5564 3887 5657; baseline 0.001 -25"><span class='ocrx_word' id='word_1_586' title='bbox 2341 5573 2442 5633; x_wconf 90' lang='lat' dir='ltr'>est</span> <span class='ocrx_word' id='word_1_587' title='bbox 2478 5565 2559 5635; x_wconf 90' lang='lat' dir='ltr'>de</span> <span class='ocrx_word' id='word_1_588' title='bbox 2597 5589 2760 5636; x_wconf 81' lang='lat' dir='ltr'>uno,</span> <span class='ocrx_word' id='word_1_589' title='bbox 2799 5565 2890 5634; x_wconf 78' lang='lat' dir='ltr'>Et</span> <span class='ocrx_word' id='word_1_590' title='bbox 2927 5566 3023 5634; x_wconf 89' lang='lat' dir='ltr'>sic</span> <span class='ocrx_word' id='word_1_591' title='bbox 3053 5573 3264 5656; x_wconf 88' lang='lat' dir='ltr'>patet,</span> <span class='ocrx_word' id='word_1_592' title='bbox 3291 5566 3475 5657; x_wconf 92' lang='lat' dir='ltr'>quod</span> <span class='ocrx_word' id='word_1_593' title='bbox 3516 5567 3689 5634; x_wconf 90' lang='lat' dir='ltr'>ratio</span> <span class='ocrx_word' id='word_1_594' title='bbox 3711 5564 3887 5633; x_wconf 90' lang='lat' dir='ltr'>ulte-</span> 
     </span>
     <span class='ocr_line' id='line_1_100' title="bbox 2341 5674 3889 5768; baseline 0.002 -26"><span class='ocrx_word' id='word_1_595' title='bbox 2341 5676 2481 5743; x_wconf 88' lang='lat' dir='ltr'>rius</span> <span class='ocrx_word' id='word_1_596' title='bbox 2510 5677 2807 5767; x_wconf 89' lang='lat' dir='ltr'>procedit</span> <span class='ocrx_word' id='word_1_597' title='bbox 2843 5697 2858 5744; x_wconf 91' lang='lat'>:</span> <span class='ocrx_word' id='word_1_598' title='bbox 2897 5674 3012 5743; x_wconf 86' lang='lat' dir='ltr'>sed</span> <span class='ocrx_word' id='word_1_599' title='bbox 3054 5697 3293 5744; x_wconf 71' lang='lat' dir='ltr'>verum</span> <span class='ocrx_word' id='word_1_600' title='bbox 3352 5683 3477 5754; x_wconf 86' lang='lat' dir='ltr'>est,</span> <span class='ocrx_word' id='word_1_601' title='bbox 3523 5675 3708 5768; x_wconf 93' lang='lat' dir='ltr'>quod</span> <span class='ocrx_word' id='word_1_602' title='bbox 3747 5696 3889 5745; x_wconf 87' lang='lat' dir='ltr'>non</span> 
     </span>
    </p>
   </div>
   <div class='ocr_carea' id='block_1_8' title="bbox 3914 762 4229 819">
    <p class='ocr_par' dir='ltr' id='par_1_13' title="bbox 3914 762 4229 819">
     <span class='ocr_line' id='line_1_101' title="bbox 3914 762 4229 819; baseline -0.016 -12"><span class='ocrx_word' id='word_1_603' title='bbox 3914 762 3993 807; x_wconf 74' lang='lat' dir='ltr'>Ad</span> <span class='ocrx_word' id='word_1_604' title='bbox 4009 762 4190 819; x_wconf 80' lang='lat' dir='ltr'>object.</span> <span class='ocrx_word' id='word_1_605' title='bbox 4212 763 4229 802; x_wconf 83' lang='lat'><em>1</em></span> 
     </span>
    </p>
   </div>
   <div class='ocr_carea' id='block_1_9' title="bbox 3919 2367 4235 2424">
    <p class='ocr_par' dir='ltr' id='par_1_14' title="bbox 3919 2367 4235 2424">
     <span class='ocr_line' id='line_1_102' title="bbox 3919 2367 4235 2424; baseline 0.009 -12"><span class='ocrx_word' id='word_1_606' title='bbox 3919 2367 3997 2413; x_wconf 73' lang='lat' dir='ltr'>Ad</span> <span class='ocrx_word' id='word_1_607' title='bbox 4010 2367 4235 2424; x_wconf 55' lang='lat' dir='ltr'>obieeta.</span> 
     </span>
    </p>
   </div>
   <div class='ocr_carea' id='block_1_10' title="bbox 3918 4756 4236 4818">
    <p class='ocr_par' dir='ltr' id='par_1_15' title="bbox 3918 4756 4236 4818">
     <span class='ocr_line' id='line_1_103' title="bbox 3918 4756 4236 4818; baseline 0.013 -16"><span class='ocrx_word' id='word_1_608' title='bbox 3918 4759 3985 4804; x_wconf 74' lang='lat' dir='ltr'>Ad</span> <span class='ocrx_word' id='word_1_609' title='bbox 3998 4759 4170 4818; x_wconf 71' lang='lat' dir='ltr'>object.</span> <span class='ocrx_word' id='word_1_610' title='bbox 4188 4756 4236 4806; x_wconf 73' lang='lat'>8.</span> 
     </span>
    </p>
   </div>
  </div>
 </body>
</html>
