4897 6388
644 385 772 476 410

1135 914 1372 958 mvlsto
1430 911 1695 955 TEthJS.

738 1246 771 1284 α
814 1220 942 1285 llic
980 1212 1550 1284 considerandum
1591 1220 1713 1288 est,
1757 1231 1912 1276 cum
1951 1208 2184 1296 Spiri-

650 1313 757 1399 tus
793 1337 1067 1395 sanctus
1106 1325 1305 1391 detur
1340 1319 1758 1400 hominibus,
1791 1325 1915 1385 etc.
1966 1342 1998 1382 a

736 1435 862 1502 Hic
901 1433 1134 1522 incipit
1163 1452 1316 1520 pars
1356 1426 1673 1503 secunda,
1728 1426 1799 1491 in
1860 1445 1992 1512 qua
2049 1423 2188 1511 agit

649 1544 971 1633 Magister
999 1539 1079 1606 de
1108 1539 1433 1605 missione
1476 1533 1768 1625 Spiritus
1807 1534 2019 1600 sancti
2076 1554 2188 1598 se-

648 1650 944 1720 cundum
1001 1646 1580 1736 comparationem
1651 1641 1735 1708 ad
1779 1639 2183 1730 principium

646 1754 1012 1831 missioniS,
1055 1749 1441 1841 quaerend0‚
1478 1747 1724 1815 Utrum
1754 1746 1841 1812 sit
1873 1746 2116 1810 missus
2146 1763 2184 1808 a

646 1863 923 1954 seipso?

732 1970 817 2039 Et
897 1970 1101 2037 habet
1152 1967 1492 2035 distinctio
1570 1964 1698 2031 ista
1762 1970 1895 2029 tres
1961 1982 2185 2050 quaes-

644 2081 861 2148 tiones
918 2075 1377 2167 principales:
1442 2092 1732 2162 quarum
1800 2069 2016 2158 prima
2056 2073 2178 2142 est,

648 2207 735 2253 an
826 2182 1119 2274 Spiritus
1182 2189 1454 2249 sanctus
1529 2176 1819 2244 mittitur
1883 2197 1921 2240 a
2003 2174 2186 2262 seip-

647 2292 778 2361 so?
803 2300 871 2360 et
895 2288 1042 2358 haec
1081 2288 1481 2357 terminatur
1511 2287 1579 2352 in
1612 2282 1834 2375 primo
1891 2279 2183 2372 capitulo

644 2400 728 2467 A.
792 2394 1104 2466 Secunda
1169 2402 1269 2462 cst
1325 2393 1408 2460 de
1464 2390 1791 2459 missione
1849 2385 2025 2468 Filii,
2069 2410 2188 2477 per

648 2528 853 2598 quam
883 2503 1209 2596 probatur
1263 2500 1497 2568 missio
1565 2496 1862 2589 Spiritus
1918 2495 2180 2563 sancti:

649 2624 715 2684 et
754 2613 986 2704 incipit
1037 2612 1156 2689 ibi,
1222 2611 1299 2688 Β,
1346 2638 1378 2672 α
1439 2609 1540 2677 Ne
1593 2616 1823 2674 autem
1891 2605 2181 2684 mireris,

651 2731 778 2790 etc.
825 2749 857 2782 n
894 2719 1117 2787 Tertia
1164 2726 1289 2797 est,
1332 2738 1454 2784 cur
1508 2714 1711 2781 Pater
1765 2734 1902 2779 non
1945 2711 2188 2801 legitur

654 2821 881 2894 mini?
915 2833 983 2892 et
1005 2822 1236 2913 incipit
1278 2822 1396 2899 ibi,
1441 2819 1525 2899 N,
1572 2848 1603 2883 α
1659 2815 1791 2887 llic
1826 2813 2183 2908 qum-itur,

654 2937 797 3004 Cur
824 2935 1055 3009 Pater,
1098 2940 1225 2999 etc.
1264 2957 1297 2996 ι

1112 3349 1613 3422 AttTmULUS
1665 3351 1720 3419 1.

657 3572 900 3640 Utrum
934 3570 1164 3636 missio
1194 3578 1257 3633 et
1286 3566 1477 3633 dolio
1508 3565 1649 3630 siu!
1686 3561 2095 3653 temporalia
2127 3573 2189 3628 el

980 3688 1232 3742 :eterna
1269 3676 1446 3739 sicut
1467 3672 1805 3764 processio
1827 3670 1868 3736 :²

1627 398 1714 466 n.
1763 391 1961 465 ALB.
2014 387 2242 496 MAG-r
2285 382 2493 453 ono.
2545 380 2849 448 pnAEn.

2209 547 2214 550 ’
2294 578 2410 622 sus
2441 554 2686 622 dicitur
2755 549 2992 626 Filius,
3038 553 3107 614 et
3159 565 3299 611 non
3338 533 3848 630 reprehendun·
3908 617 3921 622 Α

2295 671 2405 729 tur
2437 684 2456 729 ε
2490 682 2647 728 cum
2680 680 2843 749 ergo
2877 651 3194 723 hoc'non
3233 649 3448 740 possit
3504 668 3650 714 esse
3716 644 3843 709 nisi

2295 771 2530 837 missio
2562 769 2649 835 sit
2687 776 2968 844 aeterna,
3003 762 3271 830 videtur
3310 755 3495 848 quod
3524 754 3700 821 mitti
3738 774 3843 818 se-

2295 876 2590 944 cundum
2627 873 2911 940 modum
2944 868 3265 952 convenit
3302 864 3386 932 ab
3425 872 3676 930 aeterno
3719 882 3735 925 ε
3780 866 3846 925 et

2294 985 2391 1055 sic
2429 976 2556 1052 erit
2593 981 2844 1072 duplex
2875 980 3138 1054 missio,
3174 984 3452 1057 aeterna,
3494 980 3562 1038 et
3589 960 3848 1056 tempo-

2298 1090 2479 1159 ralis.
2994 1163 2997 1164 ἦ

2385 1201 2450 1265 3.
2495 1197 2690 1274 Item,
2726 1193 2982 1260 Datum
3011 1213 3159 1259 esse
3196 1188 3304 1256 vel
3375 1186 3631 1254 donum
3695 1195 3847 1247 ma·-

2291 1310 2396 1399 gis
2453 1329 2525 1375 se
2582 1312 2766 1372 tenet
2820 1325 2908 1371 ex
2966 1308 3155 1391 parte
3223 1305 3568 1372 creaturae,
3640 1312 3843 1381 quam

2294 1417 2498 1493 mitti,
2568 1422 2643 1480 ut
2698 1409 3013 1501 superius
3071 1406 3431 1497 probatum
3498 1408 3600 1469 est
3647 1420 3665 1467 ε
3726 1396 3889 1488 5(ῠείΑ

2294 1522 2575 1613 Spiritui
2606 1527 2842 1586 sancto
2874 1516 2960 1584 ab
2999 1522 3253 1582 aeterno
3282 1508 3627 1585 convenit,
3662 1503 3842 1595 quod

2288 1634 2375 1699 sit
2405 1631 2660 1699 donum
2698 1648 2715 1696 t
2758 1648 2925 1716 ergo
2958 1623 3175 1692 multo
3233 1619 3451 1709 magis
3520 1615 3703 1705 quod
3755 1613 3842 1678 sit

2290 1739 2560 1805 missus,
3868 1753 3960 1802 sed
3986 1759 4166 1800 contra.

2380 1844 2514 1913 San
2552 1863 2805 1912 cos-rna
2842 1863 2858 1907 ;

2379 1956 2438 2022 1.
2488 1952 2661 2020 Mitti
2709 1958 2813 2018 est
2879 1945 3202 2039 cognosci
3254 1941 3440 2034 quo'd
3478 1940 3563 2008 ab
3594 1939 3726 2006 alio
3757 1937 3843 2004 sit

2287 2064 2358 2131 in
2388 2060 2632 2130 ess'ectu
2672 2053 3162 2149 appropriabili
3193 2063 3524 2142 personae,
3569 2069 3705 2138 quo
3733 2046 3845 2112 in-

2287 2169 2616 2260 telligitur
2645 2165 2998 2256 proprium
3052 2160 3235 2256 illius
3273 2177 3585 2249 personae
3628 2176 3645 2222 ε
3687 2152 3845 2221 ess'e-

2288 2286 2438 2347 ctus
2468 2283 2697 2343 autem
2729 2294 2869 2341 non
2901 2277 3004 2338 est
3043 2266 3173 2337 nisi
3214 2268 3284 2334 in
3323 2252 3630 2355 tempore
3674 2283 3690 2328 :
3734 2283 3844 2327 er·3

2289 2406 2378 2477 go
2411 2379 2644 2452 missio
2676 2380 2742 2447 et
2773 2371 2957 2446 datio
2989 2393 3132 2443 non
3163 2381 3319 2441 sunt
3357 2378 3634 2440 aeterna.

2378 2493 2444 2560 2.
2517 2489 2712 2564 Item,
2774 2485 2999 2577 Supra
3075 2481 3388 2551 habitum
3444 2486 3574 2560 est,
3661 2474 3843 2567 quod

2289 2597 2525 2664 missio
2565 2594 2726 2661 dicit
2762 2589 3355 2681 comparationem
3385 2584 3471 2653 ad
3509 2605 3669 2650 eum
3733 2580 3838 2648 cui

2290 2705 2629 2772 mittitur:
2665 2698 2780 2768 sed
2826 2697 2938 2766 ille
2967 2697 3076 2765 cui
3106 2693 3341 2763 missio
3398 2693 3473 2760 tit
3540 2712 3678 2758 non
3744 2695 3844 2756 est

2290 2805 2376 2879 ab
2407 2818 2693 2878 (eterno.

3923 2939 4122 2987 Sol-um

2384 3026 2692 3094 Somno.
2727 3014 3112 3089 Dicendum
3152 3017 3235 3084 ad
3269 3015 3399 3084 hoc
3445 3013 3627 3106 quod
3689 3013 3844 3081 mis·

2293 3135 2395 3203 sio
2435 3141 2502 3202 et
2532 3130 2716 3200 datio
2749 3150 2891 3198 non
2921 3126 3242 3196 dicuntur
3269 3123 3397 3192 nisi
3449 3118 3840 3212 temporali·

2293 3252 2403 3311 ter
2437 3242 2581 3308 sive
2610 3261 2692 3306 ex
2725 3246 3055 3327 tempore.

2381 3347 2484 3415 An
2514 3365 2639 3413 noc
2677 3340 2863 3435 quod
2906 3340 3145 3409 contra
3200 3335 3542 3426 objicitur,
3612 3329 3845 3401 ‹licen-

2294 3450 2456 3522 ‹lum
2490 3448 2673 3544 quod
2700 3441 3005 3539 cognitio
3037 3466 3188 3538 qua*
3209 3445 3615 3535 importatur
3645 3443 3714 3509 in
3743 3457 3849 3507 νει·

2294 3564 2481 3632 tione
2522 3559 2894 3640 missionis,
2935 3565 3039 3624 est
3085 3553 3387 3644 cognitio
3428 3573 3583 3643 quae
3639 3549 3716 3618 tit
3776 3548 3845 3615 in

2295 3673 2537 3742 effectu
2579 3665 3066 3762 appropriabili
3096 3686 3428 3757 personae,
3488 3663 3662 3729 sicut
3725 3658 3846 3727 t'uit

2298 3780 2642 3870 objectum
2670 3778 2740 3844 in
2776 3773 3225 3845 contrarium.

2389 3888 2495 3954 Αυ
2531 3907 2732 3956 annun
2762 3879 3156 3959 dicendum,
3236 3875 3420 3970 quod
3479 3868 3851 3945 secundum

3963 3262 4042 3312 Ad
4075 3265 4113 3312 1.

3972 3794 4053 3843 Ad
4079 3798 4122 3843 2.

750 3995 984 4064 incidit
1027 4002 1252 4061 autem
1283 3989 1393 4057 hic.
1448 3984 1730 4055 dubium
1799 3994 1952 4054 ante
1988 3989 2198 4053 Litte-
2300 4000 2625 4061 (eternam
2662 3990 3183 4081 generationem
3214 4007 3354 4053 non
3410 3981 3659 4053 dicitur
3694 3982 3855 4051 mis-

662 4130 836 4181 rom,
873 4104 1116 4171 Utrum
1161 4099 1393 4166 missio
1424 4106 1487 4163 et
1521 4096 1702 4161 «latio
1741 4095 1875 4161 sint
1933 4103 2196 4182 tempo-

661 4215 824 4283 ralia
860 4222 921 4280 et
964 4220 1217 4278 aeterna
1254 4208 1426 4274 sicut
1458 4205 1802 4295 processio
1825 4206 1861 4271 ἱ)

749 4320 1029 4386 Videtur
1059 4322 1313 4391 autem,
1349 4311 1532 4405 quod
1573 4312 1668 4379 sic
1703 4334 1718 4380 ε
1765 4310 1922 4401 quia

760 4432 817 4499 l.
854 4429 1023 4497 Mitti
1057 4436 1154 4493 cst
1186 4424 1502 4514 cognosci
1535 4420 1715 4513 quod
1745 4421 1830 4486 al»
1878 4420 2010 4487 alio
2049 4420 2130 4486 sit
2177 4441 2192 4486 ε

2301 4105 2405 4169 sio
2431 4099 2805 4168 secundum
2847 4095 3259 4186 completam
3305 4094 3641 4161 rationem
3698 4093 3856 4159 mis-

2304 4212 2517 4280 sionis
2560 4233 2576 4277 ε
2636 4208 2755 4275 sed
2816 4205 3107 4274 habetur
3171 4205 3564 4293 congruitas
3612 4200 3697 4268 ad
3726 4200 3854 4269 hoc

2307 4313 2489 4408 quod
2528 4316 2799 4405 genitus
2828 4312 3043 4403 possit
3074 4310 3249 4378 mitti
3284 4330 3300 4378 ε
3371 4310 3531 4399 quia
3588 4329 3667 4374 ex
3727 4305 3853 4372 hoc

2309 4426 2457 4515 ipso
2515 4418 2696 4512 quod
2755 4419 2841 4486 ab
2916 4416 3053 4484 alio
3109 4422 3233 4491 est,
3278 4414 3453 4482 mitti
3478 4418 3699 4504 potest
3743 4420 3858 4481 :et

667 4538 980 4631 cognosci
1014 4542 1237 4601 autem
1270 4538 1487 4624 potest
1515 4552 1662 4598 esse
1702 4550 1784 4596 ex
1833 4536 2020 4620 parte
2077 4550 2202 4617 ap-
2307 4530 2436 4600 hoc
2472 4526 2824 4597 intendunt
2883 4523 2979 4592 iili
3039 4526 3157 4615 qui
3217 4521 3345 4590 hoc
3383 4521 3721 4598 dixerunt,
3792 4527 3854 4589 et

670 4646 972 4717 titudinis
1000 4642 1280 4731 cogniti,
1310 4639 1416 4706 vel
1447 4661 1530 4704 ex
1566 4646 1752 4729 parte
1784 4658 2205 4723 cognoscen-
2310 4660 2447 4707 non
2482 4633 2665 4728 quod
2705 4633 2945 4702 missio
2984 4654 3109 4699 sun
3149 4632 3351 4700 fuerit
3377 4628 3463 4699 ab
3503 4639 3783 4698 oeterno.

663 4758 749 4825 tis
814 4752 1182 4820 secundum
1240 4758 1517 4816 actum:
1579 4746 1753 4812 sicut
1811 4747 2014 4812 etiam
2045 4745 2203 4810 dicit

2399 4745 2505 4811 An
2533 4764 2731 4809 Auru
2759 4738 3157 4816 dicendum,
3209 4738 3392 4828 quod
3458 4736 3544 4805 ab
3608 4744 3861 4803 aeterno
3982 4659 4062 4707 Ad
4088 4656 4128 4702 ’-

667 4863 1085 4952 Augustinus
1116 4856 1297 4948 qnod
1331 4853 1415 4921 ab
1446 4864 1700 4920 a·terno
1734 4852 2027 4943 Spiritus
2079 4851 2206 4917 do·
2316 4849 2607 4941 Spiritus
2671 4848 2921 4914 dicitur
2976 4845 3235 4912 donum
3312 4843 3398 4910 ab
3491 4841 3864 4932 aptitudine

671 4994 832 5039 num
893 4976 989 5034 est
1057 4963 1425 5030 secundnm
1488 4958 1934 5050 aptitudinem
1984 4981 1996 5025 :
2051 4979 2204 5024 cum
2316 4954 2664 5025 donandi:
2710 4952 2826 5020 sed
2870 4952 3132 5028 missio,
3164 4949 3375 5028 datio,
3411 4957 3473 5016 et
3506 4948 3867 5036 hujusmo-

673 5099 832 5165 crgo
899 5074 982 5140 ab
1052 5081 1304 5138 aeterno
1371 5068 1455 5135 al»
1513 5067 1647 5133 alio
1714 5066 1844 5131 sint
1891 5064 2098 5131 Filius
2146 5075 2210 5131 et
2318 5065 2381 5130 di
2415 5062 2694 5129 nomina
2772 5057 3077 5126 verbalia
3133 5064 3318 5138 sunt,
3384 5064 3450 5122 ct
3503 5052 3867 5145 respiciunt

675 5182 966 5274 Spiritus
994 5186 1292 5258 sanctus,
1328 5176 1411 5243 ab
1453 5185 1708 5243 aeterno
1739 5174 2053 5240 convenit
2114 5174 2210 5239 cis
2324 5172 2543 5261 magis
2582 5179 2808 5235 actum
2842 5165 3186 5235 missionis
3217 5164 3331 5254 qui
3373 5186 3510 5229 non
3580 5172 3679 5229 est
3745 5162 3870 5228 nisi

671 5288 851 5381 quod
892 5289 1025 5353 sint
1065 5285 1249 5351 missi
1293 5281 1665 5349 secundnm
1729 5279 2034 5346 habitum
2101 5277 2207 5345 vel
2324 5282 2389 5346 in
2425 5288 2729 5367 tempore
2765 5298 2781 5344 :
2818 5284 2882 5342 et
2925 5275 3076 5341 idco
3110 5294 3244 5338 non
3290 5271 3609 5339 «licuntur
3646 5270 3878 5361 dupli-

671 5395 1146 5488 aptitudinem.
2323 5392 2491 5456 citer
2535 5412 2548 5455 :
2584 5390 2754 5453 sicut
2797 5384 3143 5476 processio
3177 5404 3327 5469 qna·
3382 5381 3465 5447 de
3530 5405 3601 5447 se
3659 5380 3876 5471 magis

761 5506 823 5569 2.
901 5501 1254 5576 Praeterea,
1326 5497 1400 5563 ln
1470 5496 1593 5563 hac
1631 5495 1869 5562 eadem
1929 5494 2213 5562 lectione
2327 5497 2488 5564 dicit
2544 5494 3124 5584 comparationem
3186 5489 3268 5556 ad
3356 5489 3765 5579 principium
3841 5509 3878 5553 a

674 5613 983 5685 habetur,
1054 5608 1235 5700 quod
1305 5606 1578 5698 qnidam
1632 5604 1973 5682 dicebant,
2034 5604 2213 5695 quod
2327 5626 2492 5695 quo,
2527 5623 2730 5693 quam
2764 5598 2850 5666 ad
2880 5621 3036 5667 eum
3070 5597 3155 5665 ad
3186 5619 3392 5687 quem
3433 5590 3736 5687 procedit
3772 5594 3880 5661 vel

678 5719 1048 5790 secundum
1116 5724 1438 5785 aetcrnam
1500 5714 2008 5805 generationem
2050 5713 2221 5780 mis-
2327 5704 2691 5803 procedere
2734 5704 2982 5798 potest.
