4897 6388
615 366 749 434 584

1521 486 1554 506 ο*

1616 365 1702 435 D.
1751 368 1953 436 ALB.
2004 367 2223 438 MAG.
2277 367 2483 436 ORD.
2541 366 2832 434 PBAED.

618 553 773 621 quae
814 535 1200 603 communis
1241 543 1342 602 est
1407 534 1782 603 secundum
1833 539 2167 605 rationem
2283 534 2623 626 significat
2689 511 3124 602 notionaliter
3187 531 3545 600 relativum
3631 538 3695 597 et
3761 529 3831 595 id

617 640 704 708 ad
739 640 881 709 illa.

707 751 774 816 7.
818 749 1014 832 Item,
1053 750 1224 819 Cum
1265 752 1512 820 dicitur
1534 777 1853 844 persona.
1886 753 2017 821 hoc
2044 771 2207 819 vo-'

1853 882 1869 928 ε
1931 858 2175 926 dicitur
2286 857 2594 927 absolute
2625 857 3102 935 substantiam,
3137 878 3276 923 non
3307 876 3461 945 quae
3502 862 3603 921 est
3633 859 3838 919 natu-

619 854 939 924 cabulum
981 857 1064 924 ab
1124 858 1356 948 aliquo
1418 861 1793 949 imponitur

2286 642 2468 734 quod
2499 643 2583 710 ad
2623 642 2909 710 alterum
2939 651 3062 709 est.

2378 751 2556 817 Sunt
2583 750 2760 816 tertii
2807 752 2923 839 qui
2974 749 3235 831 dicunt,
3278 747 3461 839 quod
3500 743 3837 836 significat

622 974 851 1035 autem
890 970 1086 1058 quasi
1130 991 1253 1057 per
1307 991 1378 1036 se
1434 992 1572 1036 una
1614 993 1630 1037 ε
1675 992 1795 1059 per
1833 993 1905 1038 se
1945 978 2172 1037 autem
2287 989 2363 1033 ra
2390 963 2501 1032 vel
2531 965 2822 1032 essentia
2853 964 3106 1040 divina,
3144 961 3261 1030 sed
3289 984 3441 1053 quae
3482 969 3585 1028 est
3622 959 3836 1049 hypo-

622 1085 822 1143 sonat
844 1075 1386 1166 singularitatem
1422 1100 1437 1144 :
1472 1101 1634 1169 ergo
1667 1078 1956 1157 videtur,
1993 1082 2176 1171 quod

625 1204 663 1249 a
702 1182 1174 1271 singularitate
1212 1191 1476 1250 naturae
1509 1184 1858 1252 rationalis
1887 1186 2180 1276 imponi-

624 1298 786 1357 tur:
849 1290 1283 1381 singularitas
1340 1301 1570 1360 autem
1636 1295 1707 1360 in
1747 1293 1992 1361 divinis
2040 1318 2177 1364 non

629 1405 732 1462 est
768 1395 897 1463 nisi
926 1417 965 1462 a
993 1397 1405 1486 proprietate
1433 1419 1448 1464 ε
1486 1420 1648 1488 ergo
1678 1399 1972 1480 videtur,
1998 1400 2182 1490 quod

629 1502 968 1594 significet
1001 1507 1520 1593 proprietatem.

721 1608 917 1688 Item,
969 1608 1349 1678 Richardus
1397 1611 1584 1694 dicit,
1631 1612 1818 1703 quod
1866 1612 2045 1681 idem
2087 1621 2190 1682 est

635 1740 928 1808 persona
966 1718 1151 1808 quod
1194 1719 1491 1788 existens
1530 1743 1652 1810 per
1689 1744 1764 1789 se
1810 1721 2036 1790 solum
2076 1745 2192 1791 se-

636 1824 938 1895 cundum
1022 1827 1391 1917 quemdam
1459 1829 1743 1896 modum
1826 1830 2189 1921 singularis

639 1936 1015 2004 existentiae
1055 1945 1312 2006 naturae
1351 1940 1702 2009 rationalis
1736 1962 1753 2008 :
1796 1964 1958 2032 ergo
2000 1942 2193 2010 vide-

634 2050 749 2112 tur
785 2043 1169 2138 significare
1213 2045 1761 2138 singularitatem
1799 2050 2188 2116 notionum.

728 2255 951 2325 Sarna
979 2256 1110 2327 hoc
1137 2266 1217 2326 ut
1242 2261 1464 2351 magis
1501 2258 1766 2329 eluceat
1803 2262 2193 2353 quaesitum,

640 2366 1049 2458 accipiendae
1077 2375 1237 2436 sunt
1277 2376 1432 2437 octo
1462 2370 1847 2459 opiniones.
1895 2392 2047 2461 quae
2088 2369 2200 2439 hic

641 2471 1183 2543 diversificantur
1208 2497 1330 2566 per
1364 2475 1714 2556 Doctores,
1750 2486 1826 2545 ut
1852 2478 2201 2547 invenitur

570 2667 575 2672 ·
642 2579 714 2647 in
754 2581 1020 2671 scriptis
1051 2603 1316 2650 eorum.

734 2685 915 2756 Sunt
950 2689 1134 2757 enim
1174 2690 1293 2780 qui
1337 2689 1597 2768 dicunt,
1653 2690 1837 2782 quod
1881 2691 2013 2762 boc
2071 2714 2203 2760 no-

649 2816 834 2875 men,
885 2819 1205 2888 persona,
1275 2798 1652 2867 secundum
1710 2798 1980 2868 diversa
2034 2808 2207 2869 tem·

645 2924 819 2993 pora
873 2902 1175 2972 diversas
1230 2905 1475 2995 accipit
1528 2906 2087 2996 significationes,
2129 2916 2206 2975 ut

649 3009 827 3078 infra
856 3007 1222 3080 habebitur
1257 3012 1329 3079 in
1359 3013 1625 3080 Littera
1658 3034 1676 3082 ε
1719 3013 1956 3083 dicunt
1990 3015 2201 3094 enim,

653 3115 839 3209 quod
868 3125 1024 3185 ante
1053 3119 1501 3210 quaestionem
1549 3117 2025 3189 haereticorum
2070 3144 2206 3190 non

653 3223 1081 3316 significabat
1108 3226 1237 3293 nisi
1275 3227 1732 3297 substantiam
1763 3227 2066 3297 divinam
2107 3230 2209 3300 di-

653 3331 970 3400 stinctam
997 3330 1082 3399 ab
1112 3329 1261 3400 aliis
1281 3333 1619 3413 essentiis,
1642 3335 1817 3403 sicut
1836 3333 1948 3404 hic
1969 3334 2204 3418 homo,

527 3478 530 3481 -
655 3446 723 3506 et
761 3436 874 3507 hic
924 3436 1211 3530 angelus
1265 3438 1710 3531 distinguitur
1763 3441 1850 3510 ab
1888 3441 2038 3510 aliis
2079 3462 2097 3510 z
2141 3450 2210 3510 et

655 3555 820 3616 tunc
856 3545 1232 3625 dicebatur,
1267 3547 1453 3639 quod
1485 3547 1688 3617 Pater
1713 3557 1781 3616 et
1810 3548 2022 3618 Filius
2049 3558 2210 3618 sunt

655 3679 792 3725 una
821 3676 1138 3748 persona,
1170 3657 1346 3726 sicut
1375 3677 1511 3724 una
1539 3656 1945 3736 substantia,
1978 3667 2043 3727 et
2073 3681 2209 3726 una

657 3767 974 3835 essentia.
1018 3765 1181 3835 Post
1212 3766 1666 3856 quaestionem
1715 3775 1943 3835 autem
1993 3765 2213 3835 haere-

657 3872 953 3941 ticorum
981 3872 1108 3941 fuit
1136 3873 1526 3940 institutum
1575 3871 1706 3942 hoc
1743 3895 2022 3951 nomen,
2046 3897 2216 3967 per-

655 4003 852 4059 sona,
887 3988 963 4048 ut
999 3981 1070 4048 in
1107 3978 1355 4071 plurali
1394 3980 1807 4071 signiticaret
1847 3982 2216 4072 proprieta-

657 4097 798 4156 tem
863 4089 1009 4157 sive
1083 4087 1390 4170 relativa,
1457 4089 1526 4155 in
1591 4087 1918 4179 singulari
1987 4098 2213 4157 autem

660 4198 1113 4266 substantiam
1155 4218 1172 4265 2
1209 4205 1277 4264 et
1317 4195 1469 4263 ideo
1507 4220 1662 4265 cum
1705 4197 1978 4276 dicitur,
2015 4198 2219 4267 Pater

662 4316 729 4375 et
750 4304 960 4373 Filius
981 4315 1048 4373 et
1070 4304 1365 4395 Spiritus
1385 4316 1659 4374 sauctus
1688 4317 1847 4374 sunt
1877 4329 2213 4398 personae,

663 4414 1001 4506 significat
1040 4411 1323 4482 relativa
1386 4437 1402 4482 ε
1455 4438 1609 4482 cum
1660 4423 1888 4484 autem
1945 4415 2214 4492 dicitur,

667 4522 874 4591 Pater
898 4529 1000 4589 est
1029 4543 1345 4612 persona,
1368 4521 1706 4613 significat
1736 4521 2213 4590 substantiam.

663 4630 962 4698 Tertiam
1009 4637 1238 4697 autem
1286 4631 1785 4698 institutionem
1824 4630 2079 4721 accepit
2133 4627 2218 4696 ab

667 4760 795 4805 usu
878 4734 1395 4814 modernorum,
1473 4735 1847 4805 secundum
1927 4759 2219 4828 quorum

670 4868 868 4913 usum
900 4867 941 4912 a
967 4851 1274 4934 tempore
1310 4843 1528 4913 Boetii
1560 4853 1826 4912 tantum
1863 4843 2218 4912 relativum

668 4952 1030 5043 significat,
1109 4959 1176 5019 et
1235 4953 1303 5019 in
1377 4950 1733 5041 singulari,
1793 4960 1857 5019 et
1937 4951 2004 5018 in
2062 4950 2222 5041 plu-

632 5059 820 5128 ·rali.

763 5165 942 5234 Sunt
969 5165 1246 5235 secundi
1278 5169 1395 5257 qui
1426 5166 1683 5245 dicunt,
1717 5166 1902 5257 quod
1930 5165 2061 5234 boc
2089 5188 2224 5234 no-

672 5299 860 5357 men,
893 5297 1217 5367 persona,
1263 5273 1469 5343 aliam
1520 5272 1722 5343 habet
1779 5274 2226 5365 significatio-

672 5404 831 5453 nem
871 5403 1027 5451 cum
1059 5404 1181 5472 per
1207 5404 1280 5450 se
1337 5384 1640 5472 ponitur,
1699 5391 1767 5450 et
1823 5379 2024 5448 aliam
2065 5403 2219 5449 cum

673 5489 993 5581 adjuncto
1023 5492 1319 5560 termino
1357 5489 1691 5558 numerali
1724 5488 1834 5556 vel
1864 5487 2226 5574 disjuncti-

674 5620 763 5666 vo
818 5597 930 5666 vel
965 5599 1288 5689 partitivo
1342 5620 1361 5665 ε
1406 5606 1483 5665 ut
1537 5618 1693 5665 cum
1752 5594 2019 5672 dicitur,
2089 5603 2224 5662 tres

675 5726 1008 5796 personae,
1041 5702 1175 5773 alia
1204 5725 1521 5794 persona,
1555 5701 1870 5770 distincta
1905 5722 2221 5792 persona,

2290 1072 2511 1140 stasis.
2555 1071 2805 1139 Dicunt
2846 1072 3059 1150 enim,
3104 1067 3287 1159 quod
3335 1068 3511 1135 sicut
3548 1065 3842 1134 essentia

2292 1181 2682 1259 essentiam,
2724 1186 2791 1244 et
2829 1177 3037 1245 homo
3096 1175 3478 1252 hominem,
3543 1174 3637 1240 ita
3691 1194 3844 1262 per-

2293 1307 2463 1354 sona
2491 1307 2852 1375 personam
2901 1281 3239 1374 significat
3288 1305 3303 1348 :
3339 1288 3405 1349 et
3442 1302 3564 1371 per
3608 1301 3847 1370 perso-

2294 1417 2454 1462 nam
2494 1393 2879 1484 intelligunt
2924 1391 3374 1460 substantiam
3429 1390 3840 1469 distinctam,

2296 1500 2668 1569 secundum
2700 1499 2880 1590 quod
2920 1499 3298 1566 substantia
3325 1496 3570 1564 dicitur
3597 1517 3639 1562 a
3678 1493 3845 1561 sub-

2298 1608 2539 1676 stando
2570 1607 2990 1697 proprietati.

2391 1722 2570 1791 Sunt
2605 1723 2851 1814 quarti,
2885 1722 3001 1813 qui
3032 1720 3287 1799 dicunt,
3335 1718 3520 1809 quod
3559 1740 3848 1810 persona

2301 1837 2403 1898 est
2430 1852 2683 1899 nomen
2711 1830 3166 1920 aequivocum,
3211 1834 3277 1895 et
3306 1824 3718 1917 quandoque
3746 1825 3847 1892 si-

2302 1939 2578 2031 gnificat
2603 1939 2989 2016 essentiam,
3027 1934 3435 2026 quandoque
3459 1954 3846 2026 personam,

2304 2045 2713 2136 quandoque
2739 2044 3255 2135 proprietatem.

2393 2152 2589 2231 Item,
2620 2152 2838 2242 quinti
2869 2157 3028 2218 sunt
3053 2149 3169 2240 qui
3202 2148 3459 2233 dicunt,
3493 2145 3678 2239 quod
3706 2165 3854 2236 per·

2305 2282 2476 2329 sona
2512 2257 2847 2348 significat
2877 2255 3355 2338 substantiam,
3388 2261 3456 2324 et
3482 2253 3859 2344 proprieta-

2304 2376 2444 2436 tem
2502 2389 2519 2434 :
2587 2365 2706 2434 sed
2771 2364 3220 2433 substantiam
3263 2363 3334 2429 in
3388 2368 3600 2443 recto,
3662 2357 3860 2426 adhi-

2306 2476 2545 2545 bentes
2583 2476 2914 2543 rationem
2970 2473 3077 2541 sui
3135 2472 3293 2540 dicti
3325 2493 3344 2540 ε
3406 2471 3568 2561 quia
3615 2468 3860 2537 dieitur

2309 2605 2599 2676 persona
2628 2583 2819 2674 quasi
2851 2605 2970 2672 per
2999 2602 3071 2648 se
3102 2601 3239 2648 una
3272 2601 3289 2647 ε
3324 2586 3391 2647 et
3428 2578 3499 2670 ly
3530 2600 3670 2645 una
3701 2576 3859 2645 dicit

2310 2692 2403 2760 ibi
2430 2689 2905 2765 substantiam,
2948 2710 3099 2779 quae
3138 2685 3318 2755 cadit
3354 2685 3449 2753 ibi
3493 2685 3565 2752 in
3614 2692 3795 2752 recto
3836 2704 3855 2751 ε

2311 2806 2378 2867 et
2406 2796 2477 2889 ly
2499 2819 2625 2888 per
2657 2818 2729 2862 se
2764 2794 2925 2862 dicit
2965 2793 3476 2884 proprietatem,
3510 2812 3668 2883 quae
3700 2812 3862 2881 qua-

2311 2906 2367 2975 si
2398 2906 2704 2974 innuitur
2732 2902 3032 2994 oblique.

2404 3020 2581 3089 Sunt
2608 3021 2777 3089 sexti
2809 3020 2924 3111 qui
2953 3020 3188 3088 dicunt
3215 3039 3254 3086 e
3283 3038 3641 3098 converso,
3679 3014 3861 3107 quod

2312 3148 2602 3220 persona
2630 3125 2967 3217 significat
3005 3123 3491 3216 proprietatem
3539 3122 3610 3188 in
3649 3129 3858 3199 recto,

2313 3242 2380 3303 et
2418 3233 2864 3302 substantiam
2907 3233 2976 3299 in
3008 3231 3291 3323 obliquo
3332 3231 3403 3298 in
3455 3228 3705 3298 divinis
3747 3250 3764 3295 ε
3798 3236 3865 3297 et

2313 3340 2446 3411 hoc
2481 3338 2771 3432 probant
2801 3362 2922 3431 per
2946 3337 3425 3405 diffinitionem
3466 3335 3714 3414 Boetii,
3748 3334 3862 3425 qui

2315 3446 2501 3525 dicit,
2550 3445 2731 3537 quod
2793 3466 3084 3537 persona
3132 3452 3234 3512 est
3294 3440 3644 3511 individua
3700 3440 3869 3509 sub-

2316 3557 2560 3623 stantia
2601 3553 2946 3621 rationalis
3002 3562 3292 3630 naturae,
3346 3551 3415 3618 in
3462 3572 3598 3642 qua
3647 3552 3868 3618 ratio-

2315 3664 2502 3732 realis
2537 3672 2804 3730 natura·
2840 3660 3017 3729 cadit
3056 3661 3125 3727 in
3183 3659 3465 3750 obliquo
3518 3680 3535 3727 ε
3596 3667 3661 3727 et
3721 3658 3868 3727 haec

2317 3773 2552 3866 opinio
2605 3770 2739 3838 lere
2787 3771 3098 3838 omnium
3155 3777 3281 3847 est,
3319 3776 3387 3836 et
3441 3776 3680 3836 auctor
3723 3767 3869 3854 ejus

2317 3887 2419 3947 est
2482 3876 3089 3946 Antisiodorensis.
3180 3873 3580 3942 lmmediate
3640 3881 3866 3941 autem

2322 3985 2498 4054 banc
2514 3983 2812 4053 defendit
2842 3984 3085 4050 Simon
3122 3982 3598 4051 Tornacensis.

2412 4091 2698 4182 Septimi
2729 4100 2884 4157 sunt
2917 4091 3032 4180 qui
3064 4088 3325 4168 dicunt,
3358 4087 3544 4179 quod
3579 4108 3867 4178 persona

2322 4198 2654 4290 significat
2720 4195 3164 4264 substantiam
3239 4198 3554 4285 primam,
3627 4193 3874 4261 distin-

2323 4316 2500 4375 ctam
2545 4306 2954 4397 proprietate
3010 4301 3639 4371 incommunicabili
3685 4323 3701 4370 :
3742 4300 3873 4369 ali-

2321 4424 2428 4483 ter
2496 4416 2678 4481 enim
2735 4412 3159 4501 significatur
3239 4408 3646 4487 substantia,
3715 4432 3872 4478 cum

2323 4523 2594 4600 dicitur,
2652 4519 3040 4588 substantia
3087 4541 3103 4586 :
3156 4528 3223 4587 et
3259 4518 3475 4595 aliter,
3510 4541 3666 4587 cum
3705 4516 3878 4587 dici-

2325 4641 2459 4712 tur,
2500 4632 2701 4698 homo
2737 4652 2753 4699 z
2799 4637 2862 4697 et
2891 4629 3090 4697 aliter
3118 4629 3587 4706 cum·dicitur,
3635 4629 3879 4697 Socra-

2325 4750 2444 4807 tes.
2511 4737 2740 4805 Primo
2798 4737 2979 4804 enim
3054 4734 3262 4803 modo
3328 4735 3751 4826 significatur
3808 4737 3876 4802 in

2327 4846 2814 4915 communitate
2878 4845 3175 4934 generis.
3250 4841 3565 4910 Secundo
3643 4842 3872 4920 modo,

2326 4977 2484 5021 cum
2548 4952 2957 5044 specialitate
3011 4951 3283 5041 speciei.
3353 4949 3583 5018 Tertio
3642 4950 3872 5026 modo,

2327 5083 2482 5129 cum
2504 5060 2969 5149 singularitate
2991 5056 3440 5125 socrateitatis
3458 5057 3602 5125 sive
3643 5056 3877 5123 indivi-

2328 5168 2470 5237 dui.
2505 5167 2588 5235 Et
2619 5167 2762 5234 lnaec
2802 5166 3034 5256 opinio
3062 5185 3209 5231 esse
3249 5162 3515 5230 videtur
3562 5161 3875 5231 Richardi

2328 5273 2411 5344 de
2439 5282 2673 5343 sancto
2712 5272 3007 5348 Victore,
3041 5278 3108 5339 et
3145 5292 3186 5337 a
3226 5267 3633 5359 quibusdam
3672 5271 3875 5337 etiam

2329 5380 2810 5450 modernorum
2842 5375 3248 5445 defenditur.

2417 5590 2688 5659 Ocnum
2718 5597 2841 5667 est,
2883 5587 3069 5677 quod
3106 5609 3397 5678 persona
3436 5586 3869 5678 significatio·

2327 5720 2485 5767 nem
2541 5694 2747 5764 habet
2800 5693 3195 5763 substantiae
3251 5704 3318 5763 et
3374 5693 3800 5784 proprietatis
3842 5727 3859 5772 :

3949 5639 4151 5688 Solum.
