4897 6388
294 1699 299 1704 ²
378 1682 449 1727 Ad
474 1681 518 1729 2.

628 287 754 354 158

622 456 865 525 Utrum
896 467 1087 528 notet
1116 459 1590 548 habitudinem
1618 483 1839 527 causae
1872 457 2214 550 respectu'

621 567 992 635 essentiae?
1046 551 1198 636 dico
1275 569 1457 658 quod
1513 592 1675 644 non,
1755 567 1874 633 sed
1956 568 2177 655 potius

623 673 807 741 illam
864 675 1336 743 habitudinem
1404 678 1595 765 ponit
1662 680 1967 763 respectu
2036 672 2179 760 ejus

623 784 739 873 qui
771 782 976 850 habet
1013 783 1407 862 essentiam,
1477 791 1543 846 et
1608 779 1715 845 ille
1791 785 1892 845 est
1948 777 2173 857 Pater,

624 892 926 980 respectu
980 888 1173 976 cujus
1231 895 1421 953 notat
1474 887 1757 976 originis
1820 886 2175 964 rationem,

629 1017 775 1084 quae
823 994 992 1060 ratio
1043 990 1201 1059 licet
1253 1014 1457 1059 causa
1516 994 1784 1081 proprie
1861 1014 1999 1058 non
2066 993 2173 1072 sit,

627 1110 858 1168 tamen
909 1098 1379 1167 habitudinem
1440 1099 1949 1190 quodammodo
1998 1102 2182 1167 simi-

627 1210 758 1277 lem
792 1208 1016 1278 habet.
1057 1208 1365 1299 Objectio
1398 1219 1623 1278 autem
1655 1210 1956 1299 procedit
1986 1211 2054 1276 in
2077 1208 2181 1276 his

628 1317 1021 1385 substantiis
1068 1327 1551 1408 generatorum
1593 1341 1741 1408 quae
1810 1318 2003 1395 fiunt,
2064 1315 2181 1383 ubi

630 1431 818 1492 actus
858 1425 1168 1493 educitur
1210 1425 1293 1493 de
1340 1428 1637 1515 potentia
1672 1447 1686 1489 :
1739 1433 1807 1492 et
1847 1423 1978 1492 hoc
2025 1422 2184 1490 nul-

634 1530 699 1599 lo
733 1531 938 1599 modo
979 1532 1302 1600 convenit
1332 1534 1401 1598 in
1430 1532 1868 1621 generatione
1925 1529 2175 1597 divina.

720 1640 827 1706 An
886 1662 948 1704 m
992 1638 1173 1728 quod
1242 1638 1570 1728 quaeritur
1630 1637 1712 1704 de
1764 1636 2175 1715 substantia,

633 1745 993 1814 dicendum
1044 1745 1227 1835 quod
1285 1744 1664 1811 substantia
1705 1752 1836 1811 stat
1881 1766 2003 1834 pro
2051 1766 2181 1811 na-

629 1863 781 1923 tura
845 1853 1222 1921 secundum
1290 1851 1470 1942 quod
1519 1850 1782 1919 substat
1846 1861 1911 1920 et
1956 1852 2181 1919 subsi-

628 1964 766 2041 stit,
803 1962 870 2029 id
901 1970 1026 2040 est,
1060 1960 1438 2028 secundum
1478 1960 1660 2051 quod
1701 1968 1799 2027 est
1833 1962 1900 2027 in
1931 1959 2183 2028 haben-

626 2078 692 2138 te
737 2091 914 2146 eam,
986 2068 1161 2135 sicut
1204 2067 1627 2160 significatur
1671 2069 1740 2134 in
1786 2066 1921 2136 hoc
1967 2067 2181 2136 nomi·

628 2199 737 2253 ne,
771 2178 979 2244 Deus.
1026 2174 1214 2242 Licet
1250 2177 1433 2242 enim
1491 2174 1693 2242 Pater
1755 2182 2055 2265 generet,
2114 2181 2182 2242 et

627 2306 764 2352 non
840 2281 1220 2350 substantia
1307 2280 1538 2349 divina
1581 2305 1595 2347 ε
1671 2289 1900 2348 tamen
1978 2280 2180 2348 Pater

627 2415 764 2460 non
796 2401 1077 2484 generat
1106 2392 1233 2458 nisi
1267 2390 1642 2458 secundum
1680 2390 2127 2458 substantiam
2155 2412 2171 2458 ε

626 2522 948 2592 generare
989 2501 1173 2568 enim
1215 2508 1318 2568 est
1346 2522 1384 2567 a
1411 2500 1710 2589 potentia
1751 2507 2010 2567 naturae
2066 2520 2176 2566 se-

627 2606 922 2675 cundum
984 2606 1168 2699 quod
1220 2615 1461 2675 natura
1512 2616 1661 2674 est:
1715 2614 1782 2675 et
1827 2606 1979 2675 ideo
2037 2627 2174 2674 non

628 2726 919 2809 oportet,
997 2718 1185 2809 quod
1265 2717 1645 2784 substantia
1726 2716 2177 2808 distinguatur

629 2826 736 2895 vel
802 2827 872 2894 in
930 2826 1158 2904 Patre,
1234 2824 1345 2892 vel
1396 2827 1462 2892 in
1515 2823 1736 2891 Filio:
1791 2825 1950 2914 quia
2003 2825 2175 2892 sicut

629 2935 833 3002 Pater
894 2932 1271 3001 secundum
1337 2932 1784 2998 substantiam
1868 2939 2170 3023 generat,

628 3043 718 3110 ita
752 3041 958 3108 Filius
982 3038 1359 3108 secundum
1416 3037 1863 3106 substantiam
1928 3046 1994 3104 et
2050 3060 2178 3105 na-

626 3159 848 3219 turam
888 3155 1252 3239 generatur
1296 3169 1310 3214 :
1365 3146 1524 3236 quia
1588 3143 1823 3213 eadem
1880 3153 2176 3236 potestas

628 3265 886 3325 naturae
918 3279 1071 3348 qua:
1112 3263 1214 3322 est
1256 3256 1324 3322 in
1377 3253 1575 3321 Patre
1622 3252 1706 3319 ad
1752 3251 1880 3320 hoc
1927 3260 1999 3319 ut
2051 3275 2178 3344 ge-

626 3371 840 3441 neret,
893 3372 997 3430 est
1062 3364 1130 3429 in
1197 3360 1370 3429 Filio
1429 3360 1513 3428 ad
1563 3358 1694 3427 hoc
1769 3368 1844 3427 ut
1892 3382 2175 3452 genere-

627 3479 763 3554 tur,
830 3485 906 3537 ut
952 3468 1280 3560 Magister
1337 3467 1505 3534 infra
1563 3466 1784 3535 ‹licet¹
1834 3489 1851 3535 ε
1894 3475 1961 3534 et
2026 3466 2175 3535 ideo

545 3572 559 3584 ”
627 3585 809 3671 patet
882 3575 1066 3668 quod
1120 3583 1353 3644 manet
1422 3573 1807 3642 indistincta
1840 3576 1908 3642 in
1967 3598 2179 3666 gene-

305 3929 576 3977 Adi-u.

628 3695 817 3755 rante
857 3694 919 3753 et
960 3685 1220 3777 genito,
1255 3682 1371 3751 sed
1405 3683 1474 3749 in
1533 3693 1818 3773 utroque
1868 3692 1968 3752 est
2007 3683 2180 3751 sicut

628 3794 830 3864 idem.

717 3902 820 3969 An
849 3922 981 3967 noc
1040 3897 1224 3990 quod
1285 3898 1606 3989 quaeritur
1653 3896 1734 3963 de
1764 3906 1915 3965 actu
1964 3920 2179 3989 gene-

631 4008 932 4084 rationis,
967 4005 1331 4073 dicendum
1373 4004 1554 4095 quod
1586 4027 1722 4071 non
1762 4013 1864 4072 est
1903 4004 1994 4072 ibi
2036 4004 2177 4073 fleri

627 4116 735 4185 vel
766 4124 954 4183 actus
985 4113 1252 4181 medius
1284 4113 1457 4180 inter
1493 4121 1933 4204 generantem
1965 4121 2028 4180 et
2057 4136 2180 4204 ge-

629 4225 873 4295 nitum.
908 4231 972 4288 et
1004 4231 1192 4289 actus
1242 4243 1379 4288 non
1442 4219 1599 4287 dicit
1642 4221 1768 4286 nisi
1831 4221 2175 4287 notionem

628 4329 753 4398 sub
792 4329 927 4397 alio
977 4328 1183 4395 modo
1243 4327 1667 4419 significandi
1711 4349 1727 4395 t
1784 4329 1942 4417 quia
1988 4329 2174 4395 notio

628 4441 935 4509 nominat
1010 4438 1494 4528 proprietatem
1564 4435 1936 4503 secundum
1995 4436 2177 4527 quod

627 4572 749 4641 per
788 4549 1003 4639 ipsam
1034 4568 1332 4637 persona
1391 4546 1849 4636 cognoscitur,
1902 4545 2017 4613 sed
2074 4568 2180 4613 ac-

628 4666 736 4725 tus
808 4657 1115 4724 nominat
1174 4678 1327 4723 eam
1397 4654 1768 4721 secundum
1845 4656 2175 4723 rationem

629 4764 1039 4856 acceptionis
1068 4760 1176 4828 vel
1235 4761 1529 4828 dationis
1596 4762 1964 4830 essentiae:
2033 4759 2179 4830 hoec

625 4880 724 4941 est
755 4870 938 4939 enim
971 4892 1156 4948 vera,
1201 4867 1385 4959 quod
1418 4867 1619 4935 Pater
1646 4866 1758 4934 dat
1815 4869 2177 4936 essentiam

630 4978 824 5063 Filio,
867 4987 933 5045 et
963 4975 1176 5044 Filius
1229 4975 1473 5064 accipit
1537 4976 1898 5042 essentiam
1954 4997 1994 5042 a
2040 4972 2178 5041 Pa-

626 5099 775 5159 tre:
840 5089 1174 5155 rationem
1240 5094 1470 5154 autem
1539 5085 1729 5151 istius
1775 5084 2067 5152 dationis
2114 5093 2179 5151 et

628 5193 1035 5285 acceptionis
1077 5216 1199 5283 per
1228 5190 1507 5259 modum
1567 5189 1989 5281 intelligendi
2051 5211 2179 5257 no-

630 5305 841 5371 minat
872 5312 1063 5369 actus
1102 5298 1471 5368 notionalis
1517 5322 1532 5366 ε
1578 5298 1783 5365 Filius
1822 5299 2003 5365 enim
2062 5320 2181 5388 per

627 5408 1136 5502 generationem
1194 5409 1441 5498 accipit
1520 5409 1883 5475 essentiam
1950 5428 1989 5473 a
2049 5405 2181 5472 Pa-

708 5642 725 5677 ·
749 5639 833 5697 cr.
857 5638 1039 5712 1nsm,
1073 5638 1223 5696 nist.
1247 5638 1340 5695 vi.

1577 288 1693 406 .D.
1746 287 1945 357 ΑΕΒ.
1997 287 2214 360 MAG.
2266 290 2475 359 ORD.
2530 290 2822 359 PRAED.

2253 469 2381 530 ‘tre
2416 485 2431 529 :
2469 486 2592 531 nec
2620 471 2845 530 tamen
2895 464 3186 532 essentia
3240 468 3624 554 generatur,
3704 482 3827 527 nec

2281 590 2403 655 per
2431 570 2763 653 anaidem,
2797 571 2915 637 sed
2944 593 3069 638 nec
3101 593 3221 661 per
3257 590 3705 658 consequens,

2370 673 2476 738 An
2508 696 2570 739 ιυ
2627 684 2852 741 autem
2886 676 3067 764 quod
3113 676 3446 763 objicitur,
3507 672 3690 765 quod
3721 673 3827 739 in-

2284 778 2589 847 tellectus
2619 782 2704 847 sit
2749 804 3003 865 cassuS,
3061 781 3419 849 dicendum
3470 781 3653 873 quod
3698 780 3829 847 hoc

2282 894 2383 953 est
2412 908 2678 967 verum,
2710 888 2763 954 si
2805 886 2990 953 nulla
3041 888 3300 954 ratione
3366 896 3594 978 posset
3668 886 3829 978 poni

2285 999 2352 1063 in
2395 1020 2466 1065 re
2511 999 2679 1065 :sed
2724 998 2880 1066 licet
2936 1020 3073 1066 non
3121 998 3209 1063 sit
3271 1006 3457 1064 actus
3534 999 3601 1064 in
3653 998 3833 1064 divi-

2283 1108 2388 1174 nis
2428 1116 2506 1174 ut
2543 1108 2712 1192 fieri,
2745 1108 2852 1176 vel
2902 1116 2974 1175 ut
3033 1108 3330 1175 medium
3389 1110 3566 1174 inter
3630 1129 3835 1198 agen-

2284 1222 2520 1283 temet
2585 1217 2649 1283 id
2696 1218 2762 1282 in
2803 1215 2983 1307 quod
3050 1217 3214 1308 agit,
3276 1223 3501 1283 tamen
3579 1216 3836 1282 suntin

2284 1319 2415 1388 hoc
2462 1322 2641 1412 quod
2700 1345 2987 1412 persona
3037 1345 3174 1389 non
3233 1330 3496 1389 tantum
3545 1343 3836 1413 persona

2285 1434 2409 1504 est,
2454 1428 2574 1496 sed
2605 1431 2807 1496 etiam
2840 1429 3032 1519 origo
3110 1438 3209 1497 est
3267 1429 3540 1496 alterius
3604 1451 3833 1520 perso-

2283 1558 2390 1605 nae
2430 1560 2584 1629 quae
2615 1546 2710 1605 est
2743 1562 2827 1606 ex
2865 1540 3010 1629 ipsa
3044 1562 3059 1606 :
3104 1548 3170 1607 et
3215 1540 3432 1630 ipsam
3501 1540 3831 1608 rationem

2284 1645 2665 1736 originandi
2699 1648 3086 1737 exprimunt
3114 1654 3303 1715 actus
3332 1646 3739 1716 notionaleS.

2370 1753 2476 1819 An
2541 1776 2736 1820 Amen
2811 1752 3196 1837 dicendum,
3267 1753 3449 1845 quod
3513 1753 3834 1821 substan-

2282 1860 2374 1926 tia
2416 1857 2565 1925 Filii
2627 1881 2764 1926 non
2810 1867 3198 1949 generatur,
3279 1882 3403 1928 nec
3455 1860 3834 1928 substantia

2282 1968 2352 2034 in
2384 1965 2556 2035 Filio
2596 1953 2978 2058 generatur,
3014 1967 3134 2035 sed
3164 1977 3392 2036 tamen
3455 1968 3832 2037 substantia

2281 2073 2434 2142 Filii
2469 2097 2587 2167 per
2612 2075 3117 2166 generationem
3178 2077 3525 2167 accipitur.
3572 2076 3833 2169 Regula

2281 2186 2466 2251 enim
2505 2191 2630 2263 est,
2685 2183 2867 2275 quod
2913 2183 3242 2275 quidquid
3288 2184 3494 2253 babet
3533 2194 3599 2254 et
3643 2185 3839 2276 quid·

2281 2290 2445 2382 quid
2485 2298 2585 2360 est
2635 2292 2703 2358 in
2750 2313 3041 2381 persona
3082 2292 3484 2382 principiata
3530 2291 3614 2360 ab
3669 2293 3827 2374 alia,

2280 2395 2582 2466 habetet
2634 2405 2735 2465 est
2777 2406 2842 2465 et
2879 2398 3124 2489 accipit
3154 2397 3240 2466 ab
3270 2397 3386 2467 illa
3422 2422 3462 2467 a
3502 2421 3638 2490 qua
3669 2408 3777 2469 est
3809 2419 3826 2468 ε

2281 2512 2348 2573 et
2402 2506 2603 2574 istam
2669 2507 3000 2574 rationem
3083 2504 3378 2575 habendi
3459 2510 3825 2576 essentiam

2280 2613 2617 2705 significat
2673 2612 3129 2683 Damascenus
3202 2637 3358 2683 cum
3408 2616 3593 2696 dicit,
3641 2616 3825 2707 quod

2277 2720 2509 2788 simile
2534 2721 2902 2789 secundum
2930 2720 3388 2790 substantiam
3423 2731 3818 2814 qeneratur.

3928 728 4007 773 Ad
4034 729 4077 773 ὗ.

3932 1788 4011 1834 Ad
4037 1793 4080 1835 ὅ.

2369 2933 2474 3000 Αι)
2503 2955 2568 3000 m
2598 2931 2776 3024 quod
2808 2933 3136 3023 quaeritur
3171 2930 3254 3001 de
3292 2931 3425 2999 alia
3468 2930 3820 2999 ditfinitio-
3844 2934 4166 3038 digfffigdffi·

2279 3061 2389 3119 ne,
2424 3039 2800 3108 Dicendum
2832 3038 3013 3130 quod
3053 3038 3515 3107 Damascenus
3580 3038 3818 3129 accipit
3876 3046 4143 3147 3⁸32&

2282 3148 2373 3217 ibi
2439 3155 2751 3215 naturam
2811 3147 2878 3213 in
2962 3147 3221 3216 ratione
3298 3154 3557 3215 naturae
3594 3167 3609 3213 ε
3670 3145 3822 3215 licet

2281 3257 2463 3326 enim
2497 3255 2677 3324 idem
2709 3255 2890 3322 sitin
2940 3254 3187 3322 divinis
3236 3262 3477 3322 natura
3531 3263 3597 3322 et
3662 3253 3826 3321 sub·

2281 3363 2557 3442 stantia,
2602 3385 2739 3429 non
2779 3370 3005 3429 tamen
3053 3359 3305 3428 habent
3361 3360 3670 3429 eamdem
3728 3382 3832 3427 ra-

2283 3472 2540 3538 tionem
2572 3467 2994 3559 significandi
3039 3468 3108 3535 in
3141 3468 3417 3535 nomine
3456 3465 3827 3535 secundum

2283 3577 2757 3646 diffinitionem
2799 3597 3000 3666 quam
3033 3574 3148 3642 dat
3178 3574 3458 3642 Boetius
3488 3574 3570 3643 de
3628 3583 3832 3642 natu-

2284 3708 2357 3753 ra
2392 3707 2407 3752 :
2455 3693 2695 3751 natura
2734 3684 2912 3749 enim
2946 3682 3193 3751 dicitur
3219 3681 3590 3750 secundum
3648 3679 3830 3772 quod

2282 3800 2384 3860 est
2412 3791 2816 3883 principium
2855 3788 3264 3879 producendi
3305 3811 3387 3857 ex
3445 3813 3516 3857 se
3582 3788 3828 3869 simile,

2285 3912 2351 3971 et
2383 3902 2514 3970 hoc
2553 3900 2954 3992 principium
2996 3909 3094 3968 est
3130 3899 3351 3980 l‘ater,
3392 3899 3512 3968 sed
3585 3921 3832 3968 secun-

2285 4009 2446 4077 dum
2479 4010 2799 4076 virtutem
2834 4016 3091 4075 natura!
3151 4029 3299 4098 quae
3363 4016 3463 4075 est
3527 4030 3833 4076 commu·

2286 4116 2595 4186 nicabilis
2635 4114 2743 4183 alii
2777 4115 3128 4206 supposito
3155 4117 3299 4183 sine
3327 4114 3661 4182 divisione
3699 4115 3828 4181 sui.

2286 4223 2363 4291 ΕΙ
2392 4226 2488 4291 sic
2520 4231 2698 4313 patet
2729 4220 2911 4311 quod
2951 4220 3019 4287 in
3051 4218 3178 4287 bac
3238 4220 3495 4288 ratione
3574 4229 3831 4288 naturae

2286 4331 2542 4422 aliquid
2581 4328 2967 4398 attribuitur
3007 4337 3266 4396 naturae
3322 4327 3507 4419 quod
3549 4351 3688 4396 non
3726 4339 3835 4397 at-

2285 4437 2607 4505 tribuitur
2634 4436 3048 4512 substantiae,
3114 4433 3266 4503 licet
3316 4435 3492 4503 idem
3541 4438 3701 4504 sint.
3756 4436 3838 4504 Et

2289 4570 2406 4638 per
2434 4545 2563 4613 hoc
2595 4553 2774 4636 patet
2804 4543 3053 4612 solutio
3117 4545 3318 4613 etiam
3358 4545 3441 4613 ad
3490 4568 3780 4636 sequens
3813 4567 3830 4615 ε

2287 4655 2443 4746 quia
2479 4652 2657 4721 hunc
2688 4651 2965 4720 modum
2997 4651 3421 4742 significandi
3456 4675 3591 4720 non
3633 4651 3838 4721 habet

2287 4759 2662 4827 substantia
2714 4780 2918 4849 quem
2976 4756 3177 4826 liabet
3229 4769 3519 4827 natura:
3573 4767 3637 4826 et
3685 4759 3833 4828 ideo

2286 4868 2634 4958 generatio
2687 4864 2928 4933 melius
2983 4866 3232 4934 dicitur
3296 4889 3467 4957 opus
3543 4875 3829 4949 naturae,

2289 4998 2496 5065 quam
2536 4996 2707 5064 opus
2746 4974 3156 5041 substantiae.

2378 5084 2481 5149 An
2535 5104 2730 5148 auro
2821 5081 3213 5161 dicendum,
3327 5079 3508 5170 quod
3579 5082 3828 5150 virtute
3933 5105 4013 5153 Aa
4039 5104 4083 5148 a.

2287 5187 2469 5255 illius
2535 5188 2984 5279 generationis
3040 5188 3347 5277 sequitur
3410 5187 3593 5277 quod
3657 5210 3831 5255 unus

2289 5317 2426 5362 non
2469 5294 2552 5360 sit
2586 5295 2917 5385 posterior
2945 5290 3156 5360 altero
3199 5289 3326 5360 hoc
3366 5292 3612 5361 modo:
3676 5296 3836 5385 qnia

2291 5404 2357 5471 in
2399 5410 2641 5469 natura
2688 5402 2756 5467 in
2822 5422 2956 5491 qua
3022 5395 3193 5467 nihil
3252 5407 3353 5466 est
3411 5399 3479 5465 in
3537 5398 3839 5489 potentia
