4897 6388
84 1431 189 1468 ,d‹⁴''
220 1441 278 1471 ⁷2..)-

543 322 979 435 2124*

1124 859 1629 928 ARTICULUS
1668 861 1892 932 XXV.

950 1077 1193 1142 Utrum
1234 1074 1467 1167 imaqo
1524 1088 1748 1168 potest
1793 1079 2087 1146 amitti?

758 1383 761 1386 ¹
824 1397 1085 1468 Deinde
1116 1402 1441 1490 quaeritur
1479 1401 1561 1468 de
1608 1402 1741 1470 hoc
1783 1425 1799 1469 :
1851 1431 1885 1467 «
1920 1407 2078 1472 Etsi
2107 1407 2288 1471 enim

738 1507 997 1574 amissa
1024 1509 1157 1575 Dei
1177 1509 1737 1598 participatione,
1774 1519 1904 1579 etc.
1957 1537 1992 1576 »

829 1612 1080 1681 Contra
1125 1611 1258 1682 hoc
1283 1615 1555 1683 videtur
1622 1641 1770 1687 esse
1817 1620 2003 1710 quod
2047 1621 2293 1688 dicitur

738 1721 811 1787 in
859 1720 1133 1789 Psalmo
1197 1745 1410 1803 Lxxu,
1461 1725 1547 1793 20
1602 1748 1617 1792 :
1690 1727 1774 1793 In
1839 1729 2112 1796 civitate
2168 1737 2291 1797 tua

644 1907 649 1914 ¹
738 1829 1112 1921 imaqinem
1170 1834 1481 1922 ipsorum
1525 1834 1624 1901 ad
1654 1835 1960 1903 nihilum
2000 1837 2287 1928 rediqu.

260 2339 279 2412 ζ
340 2341 357 2358 “
432 2295 658 2424 δοιώ
746 2373 849 2434 est
884 2364 1136 2433 attendi
1204 2365 1275 2432 in
1311 2365 1875 2435 substantialibus
1919 2367 2076 2446 sibi,
2145 2390 2295 2458 quae

739 1933 826 2001 Et
872 1934 1060 2020 alibi,
1110 1935 1241 2005 Isa.
1282 1959 1431 2016 xm,
1482 1939 1522 2005 8
1575 1962 1590 2006 :
1635 1941 1876 2008 Facies
1929 1942 2292 2010 combustae

740 2043 981 2111 vultus
997 2067 1275 2114 eorum:
1325 2049 1742 2141 ergoimago
1781 2058 2007 2139 potest
2044 2052 2287 2119 amitti.

838 2256 1144 2326 Sota-rm.
1191 2258 1594 2340 Dicendum,
1643 2260 1829 2350 quod
1873 2260 2103 2351 imago
2142 2269 2297 2352 pot-

742 2480 904 2541 sunt
957 2472 1201 2556 iorma,
1242 2479 1310 2541 et
1345 2470 1614 2564 figura:
1649 2481 1717 2543 et
1752 2472 1870 2542 illa
1926 2474 2153 2567 imago
2193 2483 2296 2543 est

745 2579 815 2649 in
881 2579 1096 2649 tribus
1164 2581 1514 2671 potentiis,
1574 2580 1833 2651 scilicet
1931 2583 2291 2668 memoria,

743 2688 1215 2782 intelligentia,
1278 2698 1347 2759 et
1407 2687 1786 2775 voluntate,
1865 2714 2018 2783 quae
2073 2693 2294 2760 amitti

636 2829 645 2834 ·
744 2819 883 2865 non
913 2806 1198 2888 possunt
1229 2798 1434 2888 :quia
1455 2798 1832 2867 secundum
1854 2797 2289 2891 Dionysium,

742 2905 898 2973 data
935 2903 1272 2972 naturalia
1307 2926 1450 2972 non
1503 2905 1937 2975 amittuntur.
1991 2905 2108 2974 Est
2163 2929 2293 2974 au-

741 3020 881 3080 tem
922 3012 989 3079 in
1030 3010 1135 3079 his
1163 3011 1540 3080 secuudum
1586 3012 1772 3104 quod
1810 3035 1934 3104 per
1981 3015 2290 3082 notitiam

621 3200 629 3206 ,
743 3119 1063 3189 insertam
1094 3118 1223 3187 sibi
1261 3118 1661 3190 naturaliter
1715 3130 1781 3190 et
1832 3132 2286 3203 concreatam,

742 3235 1234 3294 convertuntur
1270 3226 1355 3295 ad
1395 3248 1640 3295 verum
1696 3235 1765 3296 et
1817 3225 2080 3297 bonum
2108 3228 2291 3320 quod

743 3331 928 3402 Deus
974 3343 1099 3415 est,
1141 3342 1208 3402 et
1259 3333 1345 3401 ad
1389 3356 1632 3402 verum
1679 3343 1748 3403 et
1810 3333 2072 3404 bonum
2112 3337 2291 3427 quod

743 3463 936 3510 mens
966 3452 1092 3511 est.
1125 3440 1280 3510 Alio
1311 3441 1519 3510 modo
1543 3443 1918 3512 attenditur
1954 3444 2183 3536 imago
2222 3447 2290 3513 in

743 3546 1246 3639 pulchritudine
1285 3572 1437 3641 quae
1487 3559 1589 3619 est
1643 3549 1727 3618 ad
1765 3550 1939 3620 bene
1993 3574 2142 3620 esse
2177 3575 2193 3620 :
2226 3560 2293 3620 et

740 3653 892 3724 loco
932 3655 1116 3726 illius
1170 3654 1695 3747 pulchritudinis
1759 3680 1965 3749 quam
2022 3659 2292 3729 adducit

737 3763 930 3833 color
983 3773 1048 3833 et
1105 3763 1456 3834 deauratio
1509 3774 1575 3834 et
1624 3764 2045 3857 hujusmodi.
2089 3777 2190 3837 est
2221 3770 2288 3837 in

722 3873 1204 3965 spiritualibus
1267 3874 1697 3966 participatio
1758 3875 1880 3944 Dei
1944 3898 2069 3968 per
2137 3900 2289 3968 gra·

733 3979 903 4048 tiam
948 4000 965 4047 ε
1009 3988 1076 4048 et
1113 3979 1342 4070 quoad
1395 3977 1574 4049 hanc
1620 3981 2031 4050 exteriorem
2061 3983 2289 4072 potius

736 4084 1261 4179 pulchritudinis
1289 4086 1540 4156 divinae
1577 4111 1787 4180 quam
1836 4087 2289 4157 distinctionis

737 4217 1183 4294 personarum
1250 4196 1319 4263 in
1359 4219 1496 4265 una
1547 4199 1839 4266 essentia
1892 4198 2287 4292 imaginem,

737 4310 960 4395 potest
989 4305 1207 4372 amitti
1241 4303 1468 4397 imago
1502 4326 1519 4373 ε
1564 4313 1630 4375 et
1679 4307 1779 4376 sic
1817 4305 2291 4398 intelliguntur

737 4411 1175 4479 auctoritates
1231 4410 1552 4491 inductoe,
1602 4422 1668 4482 et
1713 4415 1812 4483 sic
1864 4413 2292 4484 comburitur

740 4518 1152 4611 quandoque
1182 4519 1338 4612 igne
1374 4522 1971 4611 concupiscentiae.

1103 4955 1609 5027 ARTICULUS
1658 4955 1887 5025 xxvi
1901 5009 1918 5026 .

752 5169 997 5238 Utrum
1018 5180 1254 5261 parles
1293 5171 1622 5262 imaqinis
1686 5171 2184 5262 imprimuntur
2246 5196 2289 5240 a

835 5285 980 5344 tofa
1023 5278 1376 5358 Trinitate,
1418 5279 1561 5347 sive
1588 5301 1631 5346 a
1669 5278 2010 5346 distinctis
2052 5301 2291 5370 perso-

833 5385 1000 5453 nis?

841 5704 1098 5773 Deinde
1128 5706 1453 5797 quaeritur
1490 5705 1571 5774 de
1601 5705 1733 5776 hoc
1761 5707 1947 5797 quod
2003 5708 2147 5799 ipse
2185 5707 2293 5776 di-

1546 385 1549 388 ·
1725 375 1809 444 ι).
1860 375 2059 459 ALB.
2113 375 2328 442 MAG.
2386 375 2592 442 om).
2644 374 2940 442 PnAEo.

2398 525 2557 611 c’ft'«
2592 547 2697 610 Eo
2751 547 2930 630 enim
2972 547 3120 635 ipso
3160 547 3390 635 imaqo
3459 541 3586 609 Dei
3620 547 3718 604 est
3753 557 3940 602 mens

2396 674 2531 740 quo
2571 673 2818 739 capax,
2863 659 2988 718 etc.
3041 676 3073 716 ι»

2490 760 2550 824 1.
2590 757 2662 824 Si
2697 760 2879 825 enim
2917 767 3019 825 est
3073 759 3301 850 imago
3378 759 3583 826 trium
3622 773 3939 846 persona-

2396 890 2576 945 rum,
2648 867 2912 935 videtur
2985 866 3172 957 quod
3229 866 3560 955 sigilletur
3605 865 3675 930 in
3716 867 3938 930 mente

2394 997 2519 1064 per
2555 974 2838 1041 modum
2870 996 3005 1065 quo
3048 973 3382 1063 sigillatur
3455 973 3672 1062 ligura
3737 965 3937 1059 sigilli

2397 1084 2470 1149 in
2507 1105 2659 1150 cera
2703 1105 2717 1149 :
2762 1083 2831 1149 in
2871 1081 2986 1149 illa
3042 1090 3268 1149 autem
3333 1079 3548 1170 figura
3605 1084 3807 1167 caput
3844 1074 3942 1142 si-

2396 1188 2590 1279 gillat
2620 1197 2844 1278 caput,
2880 1197 2947 1256 et
2974 1211 3222 1256 manus
3263 1207 3567 1266 manum,
3602 1191 3670 1250 et
3695 1182 3939 1249 thorax

2397 1294 2770 1372 thoracem,
2813 1296 3007 1361 etsie
3047 1294 3131 1362 de
3171 1294 3319 1361 aliis
3353 1315 3368 1359 ε
3432 1313 3593 1382 ergo
3659 1311 3700 1356 a
3735 1286 3937 1355 simili

2397 1401 2602 1468 Pater
2664 1401 2934 1468 videtur
2997 1400 3296 1491 sigillare
3372 1400 3795 1474 memoriam,
3875 1403 3941 1462 et

2398 1508 2610 1576 Filius
2640 1508 3191 1601 intelligentiam,
3226 1517 3291 1576 et
3322 1507 3615 1598 Spiritus
3670 1515 3941 1573 sanctus

2396 1615 2822 1685 voluntatem
2893 1639 2908 1682 :
2980 1639 3144 1707 ergo
3203 1617 3347 1706 jam
3419 1614 3685 1682 diversa
3748 1619 3945 1679 erunt

2398 1746 2607 1814 opera
2657 1723 3008 1790 Trinitatis
3065 1724 3137 1789 in
3192 1723 3530 1791 creatione
3594 1719 3939 1809 imaginis,

2399 1829 2584 1921 quod
2615 1827 2857 1897 falsum
2890 1838 3016 1898 est.

2489 1941 2554 2006 2.
2603 1938 2966 2021 Praeterea,
2998 1937 3239 2028 Imago
3280 1960 3418 2005 non
3454 1936 3726 2004 videtur
3772 1956 3944 2003 con-

2398 2049 2634 2116 venire
2664 2045 3128 2123 interioribuS,
3163 2045 3284 2113 sed
3312 2043 3761 2113 exterioribus
3788 2052 3971 2112 tan--

2401 2163 2574 2233 tum,
2615 2152 2996 2227 scilicetjn
3055 2153 3276 2244 figura
3329 2161 3395 2219 et
3448 2150 3943 2242 compositione

2401 2261 2866 2331 membrorum
2926 2269 2997 2329 et
3059 2261 3486 2351 quantitate:
3549 2258 3666 2326 sed
3697 2258 3945 2326 memi-

2400 2371 2607 2446 nisse,
2670 2367 3073 2458 intelligere,
3132 2364 3330 2444 velle,
3400 2367 3643 2433 intima
3731 2365 3940 2433 menti

2400 2486 2619 2545 sunt:
2681 2500 2844 2569 ergo
2901 2476 3172 2545 videtur
3234 2498 3428 2543 mens
3492 2475 3719 2566 potius
3763 2473 3942 2541 filius

2397 2585 2747 2653 Trinitatis
2793 2584 2925 2653 dici
2955 2606 3165 2675 quam
3223 2585 3501 2675 imago:
3564 2584 3727 2674 quia
3765 2580 3943 2649 tilius

2400 2701 2504 2761 est
2530 2693 2759 2784 imago
2798 2691 2868 2759 in
2900 2690 3335 2760 interioribus
3365 2699 3431 2758 et
3467 2687 3940 2758 exterioribus.

2491 2803 2553 2870 3.
2618 2799 2978 2874 Proeterea,
3023 2798 3208 2867 Dicit
3269 2798 3715 2888 Augustinus,
3759 2792 3944 2886 quod

2399 2908 2611 2977 homo
2687 2916 2789 2974 est
2849 2907 3080 2996 imago
3138 2913 3204 2972 et
3244 2903 3643 2985 similitudo,
3685 2901 3943 2971 habens

2399 3016 2772 3108 imaginem
2813 3014 2883 3081 in
2924 3015 3229 3105 potentia
3260 2999 3702 3102 intelligendi,
3742 3021 3810 3080 et
3844 3010 3943 3078 si-

2402 3122 2857 3192 militudinem
2919 3123 2987 3189 iu
3053 3121 3356 3213 potentia
3421 3118 3943 3212 diligendizsed

2400 3230 2704 3322 potentia
2758 3227 3085 3320 diligendi
3143 3237 3247 3297 est
3305 3226 3623 3296 voluntas
3691 3248 3708 3294 ε
3777 3248 3941 3317 ergo

2397 3338 2717 3407 voluntas
2746 3339 2973 3429 potius
3013 3345 3119 3406 est
3174 3337 3257 3407 de
3321 3336 3763 3405 similitudine
3820 3336 3940 3404 Dei
4028 3396 4035 3403 .

2399 3467 2606 3536 quam
2636 3445 2720 3514 de
2759 3444 3083 3535 imagine.

2488 3554 2553 3621 4.
2591 3552 2787 3632 ltem,
2832 3551 3152 3622 Potentia
3183 3549 3601 3644 intelligendi
3649 3549 3797 3618 sola
3831 3549 3943 3617 in-

2398 3662 2775 3756 telligentia
2805 3670 2906 3730 est
2950 3684 2967 3731 :
3011 3683 3177 3753 ergo
3214 3661 3484 3730 videtur
3526 3660 3941 3751 superfluere

2396 3770 2757 3843 memoria.
2791 3778 2858 3837 et
2884 3769 3092 3836 etiam
3125 3766 3465 3836 voluntas.

2490 3981 2802 4053 Somno.
2850 3979 3256 4064 Dicendum,
3291 3980 3473 4072 quod
3513 4002 3651 4048 non
3694 3988 3793 4049 est
3851 3980 3941 4047 ita

2399 4091 2467 4156 in
2505 4089 2848 4158 creatione
2889 4088 3236 4179 imaginis,
3296 4088 3468 4155 sicut
3527 4088 3595 4154 in
3665 4088 3943 4178 impres·

2398 4200 2592 4266 sione
2623 4198 2858 4287 tiguroe
2897 4194 3104 4286 sigilli
3147 4194 3216 4262 in
3247 4218 3399 4263 cera
3435 4216 3451 4263 t
3496 4203 3564 4263 et
3593 4194 3723 4262 hoc
3787 4194 3939 4263 ideo

2397 4316 2524 4386 est,
2583 4306 2743 4396 quia
2781 4302 2998 4393 figura
3056 4325 3209 4394 quae
3275 4311 3375 4371 est
3434 4304 3502 4369 in
3541 4301 3763 4393 sigillo
3803 4325 3941 4370 non

2398 4415 2601 4485 habet
2632 4421 2834 4505 caput
2864 4413 2935 4480 in
2964 4410 3166 4502 pede,
3208 4419 3273 4479 et
3306 4414 3372 4479 in
3414 4433 3647 4490 manu,
3680 4420 3747 4480 et
3792 4410 3943 4480 aliis

2399 4523 2750 4600 membris,
2784 4520 2902 4588 sed
2950 4519 3159 4588 hahet
3217 4519 3520 4589 membra
3576 4520 3936 4589 distincta:

2399 4632 2518 4700 sed
2557 4631 2630 4699 in
2655 4629 2982 4697 Trinitate
3015 4630 3310 4696 increata
3341 4626 3544 4695 Pater
3570 4626 3772 4696 habet
3799 4649 3947 4695 om-

2398 4738 2512 4804 nia
2541 4733 2864 4804 attributa
2900 4731 3289 4802 essentialia
3343 4754 3491 4823 quae
3529 4732 3940 4801 conveniunt

2401 4842 2453 4910 F
2458 4842 2599 4923 ilio,
2642 4850 2708 4910 et
2745 4863 2782 4910 e
2806 4862 3141 4910 converso
3175 4861 3191 4905 :
3237 4848 3298 4905 et
3331 4838 3639 4906 similiter
3666 4837 3749 4907 de
3780 4837 3945 4929 Spi-

2400 4952 2532 5019 ritu
2587 4958 2847 5019 sancto.
2931 4945 3125 5017 Unde
3186 4944 3336 5012 licet
3386 4946 3720 5013 memoria
3750 4946 3944 5013 attri-

2397 5059 2647 5126 buatur
2687 5056 2896 5136 Patri,
2957 5063 3187 5122 tamen
3229 5054 3369 5142 ipse
3400 5051 3601 5119 habet
3639 5062 3701 5119 et
3744 5051 3944 5120 intel-

2398 5166 2777 5257 ligentiam.
2811 5172 2879 5232 et
2920 5160 3218 5252 Spiritus
3246 5167 3517 5227 sanctus
3570 5159 3882 5228 similiter
3922 5182 3939 5228 ε

2400 5286 2467 5344 et
2497 5275 2649 5344 ideo
2681 5270 3185 5342 indivisibiliter
3228 5269 3622 5358 imprimunt
3688 5291 3945 5337 memo-

2398 5384 2598 5464 riam,
2632 5391 2699 5450 et
2725 5378 3229 5450 indivisibiliter
3253 5376 3649 5466 imprimunt
3690 5377 3944 5445 intelli-

2398 5493 2728 5583 gentiam,
2769 5497 2837 5558 et
2901 5484 3405 5555 indivisibiliter
3465 5486 3940 5555 voluntatem:

2399 5600 2557 5670 licet
2611 5622 2732 5691 per
2804 5595 3319 5666 attributionem
3377 5593 3664 5687 alicujus
3692 5619 3948 5667 conve-

2400 5708 2676 5777 nientiae
2716 5705 3050 5776 memoria
3086 5702 3448 5772 conveniat
3475 5702 3686 5785 Patri.
3730 5714 3795 5774 et
3835 5706 3944 5774 in-

4033 4038 4217 4086 sat-tte

4058 4119 4139 4166 -Ad
4167 4121 4210 4169 1·
