4897 6388
1869 307 1960 422 {N
2007 306 2037 372 Ι
2088 304 2514 408 SENTENT.
2561 308 2791 388 DIST,
2840 310 2996 388 XV,
3052 310 3128 393 L,
3180 310 3380 404 ΛΒΤ.
3440 313 3543 380 19.

1124 476 1575 568 intelligitur?
1613 427 1742 545 nisi
1772 478 1956 569 quod
1991 485 2168 545 certe
2219 476 2334 543 illa
2366 475 2660 565 Spiritus
2698 475 2705 480 ’

1119 583 1302 652 datio
1324 581 1432 652 vel
1456 587 1687 652 missio
1706 594 1861 674 post
1888 583 2447 674 glorificationem
2474 581 2667 673 Chri-

1119 694 1202 760 sti
1253 694 1480 761 futura
1529 704 1692 772 erat,
1751 692 1968 784 qualis
2031 715 2409 782 numquam
2456 700 2657 758 antea

1115 801 1377 869 fuerat:
1414 824 1633 890 neque
1664 802 1845 868 enim
1886 810 2083 869 antea
2121 799 2311 870 nulla
2341 808 2507 876 erat,
2544 798 2666 867 sed

1116 909 1271 977 talis
1299 933 1434 978 non
1475 909 1712 987 fuerat,
1755 910 1840 977 Et
1869 911 2062 988 infra,
2099 908 2390 978 ibidem:
2435 906 2665 997 Opor-

1112 1020 1299 1088 tebat
1339 1019 1630 1111 Spiritus
1659 1019 2023 1088 adventum
2057 1019 2268 1109 signis
2317 1015 2663 1085 sensibili-

1112 1128 1240 1195 bus
1297 1130 1685 1210 monstrari,
1763 1136 1840 1195 ut
1914 1127 2379 1196 ostenderetur
2434 1131 2660 1192 totum

1115 1236 1352 1303 orbem
1391 1244 1725 1305 terrarum
1757 1243 1959 1328 atque
2028 1256 2268 1302 omnes
2324 1239 2561 1324 gentes
2591 1232 2664 1298 in

1111 1342 1367 1435 linguis
1409 1344 1615 1412 variis
1681 1345 2079 1411 constitutas
2143 1341 2517 1410 credituras
2593 1341 2661 1406 in

1113 1447 1459 1521 Christum
1488 1475 1610 1543 per
1637 1453 1894 1520 donum
1954 1451 2247 1543 Spiritus
2286 1450 2533 1527 saneti,
2587 1456 2663 1515 ut

1110 1560 1568 1652 compleretur
1613 1559 1797 1652 quod
1850 1561 1922 1627 in
1978 1557 2253 1629 Psalmo
2331 1578 2522 1643 xum,
2586 1555 2654 1638 4,

1107 1676 1469 1738 cantatur:
1504 1670 1840 1737 Nonsunt
1881 1665 2189 1758 loquelae,
2241 1687 2459 1756 neque
2513 1685 2661 1730 ser-

1104 1797 1360 1856 moneS,
1388 1793 1683 1867 quorum
1719 1775 2280 1845 non-audiantur
2313 1794 2504 1841 voces
2541 1793 2659 1839 eo-

1103 1907 1288 1956 rum.
2506 1879 2513 1882 ’

1201 1991 1598 2062 Secundum
1681 1992 1813 2061 hoe
1894 1988 2450 2082 distinguendum
2525 1996 2656 2067 est,

1109 2099 1296 2192 quod
1317 2110 1420 2170 est
1454 2101 1688 2170 missio
1754 2101 1825 2167 in
1882 2099 2093 2191 gratia
2155 2094 2518 2187 personali,
2589 2100 2658 2164 et

1106 2207 1344 2283 missio
1365 2207 1679 2277 ordinata
1707 2207 1795 2276 ad
1812 2207 2327 2293 conversionem
2350 2204 2560 2284 orbis,
2590 2213 2656 2274 et

1109 2325 1215 2385 est
1238 2318 1477 2386 missio
1517 2314 1900 2395 invisibilis,
1932 2324 1999 2383 et
2027 2314 2262 2383 missio
2303 2314 2372 2382 in
2400 2310 2655 2383 visibili

1104 2428 1326 2519 signo.
1362 2425 1750 2496 personalis
1794 2425 2001 2516 igitur
2044 2432 2108 2494 et
2162 2419 2526 2493 invisibilis
2579 2443 2654 2491 se

1104 2534 1365 2605 habent
1400 2545 1558 2605 ante
1587 2535 1954 2604 adventum
2001 2542 2071 2602 et
2103 2542 2283 2624 post,
2323 2538 2400 2599 ut
2450 2551 2655 2599 exee-

1104 2646 1336 2714 dentia
1365 2656 1775 2715 etexeessa:
1828 2645 1987 2736 quia
2041 2639 2447 2734 quibusdam
2506 2662 2655 2730 per·

1104 2755 1293 2823 sonis
1336 2755 1430 2823 ibi
1511 2754 1665 2845 plus
1735 2751 2214 2822 infundebatur
2263 2750 2527 2840 gratiae,
2585 2755 2654 2817 et

1110 2854 1521 2954 quibusdam
1551 2861 1704 2953 plus
1738 2859 1873 2930 hie.
1909 2858 2045 2929 Sed
2081 2857 2318 2927 missio
2371 2855 2653 2925 univer-

1105 2971 1269 3040 salis
1297 2979 1366 3040 et
1403 2969 1717 3050 visibilis,
1773 2968 1927 3038 talis
1999 2967 2126 3037 fuit
2181 2973 2360 3056 post,
2428 2963 2651 3056 qualis

1106 3103 1484 3173 numquam
1515 3087 1670 3148 unte
1707 3079 1948 3147 fuerat.

1196 3191 1303 3258 An
1330 3213 1586 3259 ramum
1605 3211 1767 3281 ergo
1792 3185 2177 3264 dicendum,
2202 3181 2385 3277 quod
2406 3204 2646 3250 verum

1105 3307 1209 3369 est
1246 3298 1430 3391 quod
1469 3297 1702 3388 objicit
1729 3304 2058 3388 quantum
2116 3303 2218 3362 est
2266 3292 2349 3361 de
2404 3291 2650 3359 condi-

1101 3407 1289 3476 tione
1319 3413 1579 3475 status:
1637 3403 1754 3474 sed
1811 3402 2116 3498 quaedam
2181 3422 2491 3491 personoe
2552 3397 2645 3466 ibi

1103 3515 1175 3584 in
1213 3513 1444 3585 Veteri
1478 3514 1912 3584 Testamento
1951 3512 2312 3581 existentes
2340 3509 2440 3599 (ut
2484 3508 2669 3576 dicit·

1102 3625 1554 3714 Augustinus)
1602 3620 2023 3716 pertinebant
2080 3619 2165 3689 ad
2214 3617 2538 3687 Novum:
2576 3625 2645 3686 et

758 3763 830 3810 aa
865 3758 1040 3817 object
1102 3730 1417 3823 quaedam
1480 3755 1518 3799 e
1572 3752 1926 3799 converso.

1188 3840 1297 3908 An
1346 3862 1412 3908 u>
1440 3838 1621 3932 quod
1652 3839 1722 3906 in
1751 3836 2137 3931 oppositum
2166 3832 2512 3924 objicitur,
2546 3832 2645 3900 di-

1097 3947 1390 4017 cendum
1415 3945 1597 4039 quod
1618 3944 1748 4014 hoe
1803 3967 2040 4013 verum
2079 3952 2180 4010 est
2236 3941 2416 4033 quod
2478 3940 2641 4008 dicit

1099 4055 1530 4147 Augustinus
1566 4060 1898 4146 quantum
1953 4050 2038 4122 ad
2066 4048 2376 4121 habitum
2414 4048 2643 4121 eonti-

1094 4164 1371 4252 nentiae,
1402 4164 1518 4258 qui
1548 4162 1887 4231 maximus
1919 4158 2039 4230 t'uit
2068 4159 2138 4228 in
2177 4156 2634 4228 patriarchis:

1094 4270 1216 4342 sed
1262 4279 1593 4363 quantum
1652 4269 1736 4338 ad
1785 4277 2009 4338 actum
2077 4264 2512 4335 continentiae
2571 4270 2638 4332 et

1103 4388 1358 4451 statum
1397 4381 1752 4473 praefertur
1777 4377 2130 4471 virginitas
2159 4374 2344 4444 omni
2392 4374 2639 4465 conju-

1100 4488 1249 4580 gio.

1154 5675 1173 5711 ¹
1206 5673 1350 5735 vide
1370 5693 1578 5734 omnes
1606 5675 2024 5750 Evangelistas.

3173 904 3678 974 ARTICULUS
3730 906 3919 972 xlx.

2863 1116 3111 1183 Uirum
3140 1118 3450 1207 Spiritus
3477 1128 3754 1186 sanctus
3793 1121 4116 1186 mittatur
4144 1120 4239 1187 ad

3367 1223 3725 1317 Anyelos?

2861 1537 3122 1608 Deinde
3163 1543 3489 1632 quaeritur
3526 1542 3607 1610 de
3665 1541 3797 1610 hoe
3863 1544 4043 1633 quod
4105 1545 4312 1612 dicit:

2773 1677 2807 1710 «
2850 1649 3051 1717 Sicut
3101 1652 3310 1720 etiam
3364 1652 3608 1743 implet
3660 1661 3930 1720 sanctos
3992 1653 4312 1744 AnquOS,

2770 1764 2898 1825 ete.
2939 1782 2971 1822 xo

2854 1867 2959 1936 Ex
2986 1867 3121 1940 hoo
3175 1871 3359 1940 enim
3415 1872 3712 1959 videtur,
3775 1874 3957 1964 quod
4014 1875 4318 1943 mittatur

2766 1973 3061 2066 Spiritus
3092 1976 3173 2046 ad
3203 1978 3533 2071 Angelos.

2857 2083 2990 2156 San
3038 2110 3292 2160 cos-nu
3332 2111 3349 2158 :

2857 2195 2917 2264 1·.
2946 2193 3102 2264 Non
3122 2197 3210 2265 ad
3231 2196 3551 2268 eumdem
3580 2206 3680 2267 est
3714 2200 3947 2269 missio
3981 2203 4093 2292 qui
4119 2211 4216 2271 est
4241 2204 4308 2271 in

2765 2308 2943 2370 statu
2992 2304 3215 2371 nuntii
3260 2327 3275 2371 ε
3356 2304 3476 2375 sed
3538 2305 3845 2398 Angelus
3894 2310 4172 2376 nuntius
4212 2319 4311 2378 est

2763 2411 3109 2482 missionis
3138 2414 3410 2503 saepius,
3444 2422 3520 2483 ut
3556 2416 3826 2485 videtur
3868 2439 3883 2486 :
3931 2420 4088 2508 quia
4154 2442 4307 2500 eum

2760 2519 3144 2589 mitteretur
3223 2521 3435 2592 Filius
3511 2524 3579 2591 in
3638 2547 3937 2603 carnem.
4008 2527 4310 2618 Angelus

2760 2629 3139 2698 nuntiavit¹
3187 2647 3205 2698 ε
3249 2638 3316 2701 et
3355 2630 3631 2723 quando
3663 2633 3898 2699 missio
3931 2633 4127 2702 debet
4170 2634 4310 2704 fieri

2759 2734 2829 2804 in
2888 2743 3142 2822 mente,
3208 2736 3519 2828 Angelus
3577 2738 3662 2806 ad
3728 2737 3857 2810 hoc
3914 2740 4314 2833 obsequitur

2758 2845 3231 2926 custodiendo,
3300 2856 3368 2917 et
3432 2849 3888 2942 suggerendO,
3986 2859 4061 2919 ut
4152 2851 4313 2921 dicit

2760 2952 3204 3023 Ber-nardus:
3277 2964 3344 3025 et
3384 2956 3560 3024 inter
3625 2959 3924 3026 animam
3968 2969 4030 3026 et
4088 2960 4308 3030 Deum

2757 3062 3224 3146 discut-rende,
3253 3062 3397 3133 Deo
3424 3075 3840 3157 praesentans
3870 3070 4119 3136 anima>
4151 3080 4311 3138 vota

2755 3181 2819 3243 et
2894 3174 3253 3254 desideria,
3315 3176 3565 3251 animat
3631 3186 3858 3246 autem
3944 3190 4310 3272 apportans

2753 3288 3044 3375 gratiam
3091 3307 3107 3355 ε
3144 3309 3308 3377 ergo
3341 3287 3636 3369 videtur,
3669 3290 3851 3380 quod
3893 3290 3975 3358 ad
4008 3292 4309 3383 Angelos

2756 3417 2892 3463 non
2934 3397 3019 3464 sit
3060 3396 3234 3464 faeta
3266 3395 3529 3467 missio.

2843 3506 2908 3572 2.
2969 3503 3168 3586 Item,
3239 3505 3392 3574 Non
3432 3509 3507 3575 tit
3565 3509 3803 3576 missio
3861 3511 3985 3577 nisi
4060 3512 4144 3578 ad
4211 3512 4309 3580 ‹li-

2753 3619 2944 3679 stans
2987 3634 3003 3678 ε
3058 3637 3196 3681 non
3228 3623 3456 3681 autern
3499 3612 3706 3682 distat
3743 3616 3857 3706 qni
3901 3641 4170 3710 semper
4207 3628 4307 3686 est

2754 3719 2821 3785 in
2853 3729 3114 3789 secreto
3144 3720 3391 3789 domus
3426 3744 3443 3789 ε
3477 3744 3640 3812 ergo
3674 3745 3810 3790 non
3846 3726 3914 3790 tit
3965 3726 4197 3793 missio
4223 3727 4304 3795 ad

2756 3824 3123 3919 Angelum.

2841 3939 2907 4003 3.
2953 3935 3153 4021 Item,
3204 3936 3440 4007 Missio
3482 3940 3554 4007 tit
3592 3942 3694 4025 (ut
3750 3939 3913 4009 dicit
3971 3944 4303 4034 Augusti·

2752 4065 2882 4112 nus
2911 4044 2982 4114 iu
3009 4046 3409 4116 auctoritate
3448 4070 3656 4140 supra
3698 4050 3943 4139 posita)
3992 4061 4063 4118 ut
4113 4075 4300 4120 reve·

2749 4160 2940 4220 cetur
2979 4153 3095 4244 qui
3154 4152 3646 4223 aberraverat:
3712 4157 4015 4250 Angelus
4083 4158 4302 4229 bonus

2747 4281 3127 4351 numquam
3157 4259 3498 4329 aberravit
3533 4281 3549 4331 t
3584 4288 3749 4354 ergo
3781 4287 3917 4333 non
3953 4268 4021 4334 tit
4070 4270 4301 4336 missio

2746 4367 2833 4434 ad
2863 4366 3234 4459 Angelum.

2837 4476 2905 4543 4.
2934 4475 3136 4558 Item,
3179 4476 3414 4548 llissio
3468 4481 3545 4549 tit
3606 4479 3694 4549 ad
3746 4485 4299 4557 sanctificandam

2744 4591 3159 4666 creaturam,
3191 4586 3614 4657 sanctificare
3643 4598 3872 4657 autem
3914 4601 4015 4660 est
4052 4592 4134 4662 de
4162 4617 4301 4665 non

2746 4701 2983 4763 saneto
3013 4693 3233 4765 facere
3272 4704 3641 4766 sanctum:
3697 4695 3825 4766 boc
3891 4722 4029 4768 non
4080 4712 4294 4791 potest

2747 4801 2890 4869 [ieri
2916 4802 2985 4869 in
3015 4802 3309 4894 Ange10,
3346 4826 3467 4872 nec
3499 4826 3825 4897 umquam
3858 4806 4108 4875 sanctum
4141 4819 4237 4878 est
4273 4833 4291 4879 ε

2743 4930 2933 4999 ergo,
2978 4914 3106 4976 ete.

2831 5017 2968 5086 Seu
2994 5040 3255 5090 uomnA
3288 5041 3306 5088 ε

2836 5126 2897 5195 1.
2923 5124 3033 5196 Ad
3051 5149 3212 5199 eum
3234 5127 3350 5220 qui
3374 5137 3474 5199 est
3496 5134 3771 5197 sanctus
3793 5152 3928 5200 non
3954 5131 4095 5200 futu
4107 5156 4175 5200 ra
4192 5143 4291 5204 est

2743 5234 2984 5303 missio
3013 5234 3390 5305 secundum
3420 5234 3551 5305 boc
3582 5237 3711 5306 nisi
3762 5238 3999 5320 semel,
4040 5240 4294 5311 scilicet

2740 5341 2813 5409 in
2850 5344 3074 5434 prima
3107 5345 3353 5434 gratia,
3401 5345 3589 5436 quod
3629 5345 3874 5415 falsum
3913 5357 4015 5416 est
4076 5372 4092 5417 ε
4136 5351 4296 5441 quia

2739 5450 2902 5520 dicit
2961 5454 3417 5546 Augustinus„
3478 5455 3663 5548 quod
3715 5459 3916 5526 toties
3980 5458 4293 5540 mittitur,

4319 5056 4416 5105 Sed
4442 5065 4628 5107 centn.
4666 5030 4679 5041 ²
