4897 6388
395 4626 600 4677 Solunte.

415 5427 501 5469 Ad.

682 343 814 410 524

682 511 800 594 lio,
834 512 1225 601 praepositio
1269 534 1425 579 cum
1465 499 1564 578 sit'
1587 509 1961 588 transitiva,
2005 529 2230 574 neces-

678 621 857 688 sario
926 622 1254 710 importat
1320 619 1622 709 aliquam
1670 617 2218 685 distinctionem:

677 750 819 795 non
868 737 1097 796 autem
1159 737 1261 796 est
1303 727 1648 794 distinctio
1689 726 1816 791 nisi
1857 721 2223 790 secundum

681 835 1081 903 relationem
1116 837 1401 926 originis
1439 859 1453 902 :
1490 857 1648 924 ergo
1689 832 1978 910 videtur,
2040 829 2222 919 quod

678 950 866 1009 notet
888 944 1359 1009 auctoritatem
1383 941 1602 1008 Patris
1626 939 1709 1006 ad
1738 938 1982 1004 Filium
2017 959 2033 1002 :
2069 958 2219 1003 cum

679 1059 907 1118 autem
948 1050 1193 1117 dicitur
1234 1072 1270 1118 e
1320 1070 1676 1131 conver50‚
1734 1046 1944 1114 Filius
2001 1052 2100 1112 est
2152 1044 2221 1110 in

679 1157 907 1234 Patre,
954 1156 1191 1224 eadem
1231 1159 1494 1224 ratione
1547 1153 1813 1222 notabit
1855 1152 2222 1219 distinctio-

680 1287 864 1348 nem,
890 1273 957 1332 et
997 1287 1136 1332 non
1165 1263 1292 1332 sub
1321 1263 1559 1332 eadem
1602 1264 1857 1342 ratione
1896 1281 2027 1350 qua
2079 1259 2222 1348 pri-

682 1393 794 1437 mo
830 1393 844 1436 :
882 1392 1045 1462 ergo
1076 1369 1369 1450 videtur,
1404 1369 1590 1460 quod
1645 1391 1782 1435 non
1848 1364 2078 1433 eadem
2123 1386 2221 1430 ra-

676 1480 861 1546 tione
895 1478 1102 1545 Pater
1138 1485 1240 1545 est
1267 1479 1340 1544 in
1379 1476 1575 1556 Filio,
1610 1484 1676 1542 et
1729 1473 1935 1540 Filius
1988 1473 2056 1538 in
2095 1471 2220 1537 Pa-

675 1596 799 1667 tre,
844 1596 910 1655 et
950 1587 1188 1654 eadem
1219 1586 1390 1653 ratio
1413 1592 1515 1653 est
1552 1584 1633 1652 de
1658 1582 1912 1674 Spiritu
1957 1587 2213 1648 sancto,

763 1696 830 1763 3.
864 1692 1383 1773 ltem,Quorum
1426 1705 1528 1762 est
1556 1714 1767 1759 unum
1798 1689 1883 1757 ad
1903 1689 2213 1768 alterum,

673 1811 750 1871 ut
778 1802 1172 1871 distinctum
1211 1800 1393 1890 apud
1443 1800 1854 1881 distinctum,
1905 1803 2216 1864 neutrum

674 1913 948 1981 illorum
970 1913 1160 1980 estin
1182 1911 1395 1979 altero
1423 1933 1438 1977 ε
1465 1909 1580 1977 sed
1602 1907 1903 1976 Verbum
1925 1905 2007 1973 ab
2033 1913 2220 1972 aeter-

673 2043 767 2089 no
808 2027 955 2087 erat
992 2018 1171 2108 apud
1212 2017 1465 2096 Deum,
1498 2024 1574 2083 ut
1610 2015 1999 2082 distinctum
2038 2009 2217 2101 apud

675 2128 1069 2196 distinctum
1096 2148 1111 2195 :
1141 2147 1306 2217 ergo
1334 2122 1818 2214 videtur,quod
1849 2142 2219 2209 numquam

678 2235 980 2303 fueritin
1019 2232 1247 2313 Patre,
1290 2255 1416 2301 nec
1443 2231 1646 2298 Pater
1691 2233 1761 2297 in
1799 2229 1971 2319 ipso,
2014 2234 2083 2294 et
2127 2227 2223 2294 sic

681 2341 849 2410 nihil
878 2340 1183 2433 estquod
1212 2340 1324 2408 hic
1352 2340 1620 2407 dicitur.
2175 2429 2183 2437 .

775 2451 839 2516 4.
876 2448 1076 2529 Item,
1110 2446 1468 2538 Duplicem
1509 2443 1973 2514 habitudinem
2030 2440 2225 2510 vide-

687 2566 798 2623 tur
825 2558 1194 2645 importare
1226 2554 1295 2646 ly
1326 2556 1399 2621 in
1446 2552 1717 2644 quando
1747 2551 1990 2619 dicitur
2027 2549 2226 2617 Pater

687 2686 834 2732 esse
865 2664 935 2731 in
983 2662 1184 2741 Filio,
1240 2661 1504 2730 scilicet
1553 2661 1879 2728 unitatem
1920 2658 2225 2725 essentias

689 2795 843 2865 quae
867 2773 1169 2863 tangitur
1205 2769 1320 2839 hic
1346 2768 1432 2837 ab
1464 2769 1724 2837 llilario
1747 2775 1813 2837 et
1842 2766 2223 2858 Augustino

685 2889 751 2951 et
781 2880 1245 2963 Ambrosi0,et
1274 2878 1479 2947 etiam
1513 2877 1883 2946 existentia}
1905 2876 2226 2945 relativo-

684 3015 835 3059 rum
858 3012 1065 3081 quam
1080 2990 1297 3080 tangit
1319 2987 1779 3064 Damascenus
1796 2985 2225 3057 :unumenim

683 3097 1123 3166 relativorum
1162 3104 1264 3164 est
1321 3096 1391 3163 in
1456 3094 1591 3164 alio
1621 3118 1742 3186 per
1769 3092 2219 3162 intellectum:

684 3230 847 3298 ergo
868 3206 1162 3291 videtur,
1195 3206 1381 3297 quod
1401 3206 1609 3275 semel
1640 3206 1855 3297 posita
1883 3205 2225 3296 aequivoce

683 3315 1060 3384 secundum
1100 3314 1268 3382 duas
1299 3314 1728 3383 habitudines
1763 3324 2093 3381 sumatur.

774 3428 839 3494 5.
876 3424 1243 3502 Item,Tres
1280 3423 1577 3493 illustres
1617 3426 1969 3493 Doctores¹
2013 3446 2222 3514 expo·

684 3542 857 3603 nunt
885 3532 1017 3601 hoc
1046 3532 1128 3600 de
1166 3533 1429 3601 unitate
1473 3532 1813 3600 essentiae:
1865 3540 1932 3598 et
1969 3552 2222 3621 quaero,

687 3643 763 3711 ln
802 3666 937 3736 qua
975 3641 1374 3711 habitudine
1421 3651 1731 3711 sumatur
1766 3643 1855 3710 ibi
1906 3642 1974 3733 ly
2013 3643 2108 3723 in,
2157 3648 2224 3709 et

681 3752 1016 3833 dicamus,
1051 3750 1254 3820 Pater
1280 3758 1382 3819 est
1449 3752 1517 3818 in
1548 3752 1837 3818 essentia
1867 3750 2121 3823 divina.
2155 3754 2220 3815 et

685 3859 895 3927 Filius
923 3868 1026 3928 est
1063 3860 1132 3925 in
1181 3857 1417 3927 eadem
1474 3859 1762 3926 essentia
1790 3859 1827 3925 ⁴?
1866 3858 1999 3923 Aut
2046 3857 2223 3923 enim

683 3974 783 4033 est
814 3964 989 4034 sicut
1021 3965 1091 4032 in
1133 3972 1278 4033 toto
1317 3964 1502 4055 quod
1548 3963 1718 4031 infra
1764 3970 2062 4039 notatur,
2103 3970 2218 4029 aut

684 4081 786 4141 est
843 4072 1018 4140 sicut
1057 4072 1124 4140 in
1190 4070 1435 4150 torma,
1497 4071 1603 4138 vel
1662 4070 1835 4138 sicut
1888 4069 1957 4136 in
2013 4067 2222 4137 loco:

684 4188 953 4249 constat
989 4189 1245 4257 autem,
1289 4179 1471 4270 quod
1514 4177 1700 4245 nullo
1756 4176 1959 4244 modo
1995 4199 2010 4243 :
2061 4199 2222 4266 ergo

684 4287 754 4378 ly
789 4287 860 4354 in
901 4308 1041 4353 non
1081 4295 1274 4353 notat
1302 4283 1766 4352 habitudinem
1797 4284 2126 4362 essentiae,
2163 4292 2231 4350 et

685 4394 779 4462 sic
812 4392 988 4460 male
1009 4392 1397 4481 exponitur.

779 4604 1088 4671 Somno.
1139 4601 1549 4684 Dicendum,
1605 4598 1787 4692 quod
1837 4601 1905 4667 in
1953 4601 2231 4668 veritate

685 4716 859 4782 sicut
889 4712 1146 4780 dictum
1167 4720 1268 4781 est
1301 4714 1370 4779 in
1401 4710 1808 4800 objiciendO,
1843 4710 2228 4800 praepositio

687 4831 877 4892 notat
909 4822 1247 4914 duplicem
1281 4821 1772 4903 habitudinem,
1817 4819 2065 4888 scilicet
2085 4821 2229 4887 ori-

683 4932 889 5023 ginis,
923 4930 1031 4999 vel
1075 4930 1447 5009 relationiS,
1493 4939 1559 4998 ct
1601 4929 1967 4997 identitatis
1998 4951 2232 4995 essen—

682 5042 822 5123 tiae,
856 5048 924 5109 et
962 5038 1189 5131 quoad
1246 5039 1434 5108 illam
1482 5062 1634 5131 qum
1700 5021 1810 5106 ess
1859 5035 2226 5112 relationis,

685 5170 825 5215 non
873 5148 1116 5216 eodem
1174 5147 1383 5217 modo
1443 5149 1689 5216 dicitur
1734 5167 1880 5213 esse
1923 5143 2120 5211 Pater
2155 5144 2228 5211 in

689 5255 886 5333 Filio,
957 5267 1025 5324 et
1101 5257 1310 5325 Filius
1350 5259 1418 5324 in
1471 5256 1693 5334 Patre,
1727 5262 1792 5322 et
1829 5252 1912 5320 de
1978 5251 2231 5341 Spiritu

689 5373 924 5433 sancto
951 5365 1266 5434 similiter
1303 5374 1429 5434 est.

777 5472 882 5539 An
923 5495 1180 5540 ramus:
1227 5471 1617 5551 dicendum,
1661 5471 1844 5562 quod
1874 5467 2058 5537 nullo
2089 5466 2234 5534 illo-

762 5661 778 5695 ¹
812 5658 1048 5717 Scilicet
1074 5662 1462 5736 Augustinus„
1494 5660 1748 5717 Hilarius
1777 5668 1837 5716 et
1863 5660 2228 5719 Ambrosius.

1686 340 1767 407 D.
1817 337 2014 406 ALB.
2065 336 2282 405 MAG.
2336 334 2542 404 ORD.
2596 335 2891 402 PRAED.

2335 528 2486 573 rum
2520 507 2879 574 modorum
2911 506 3204 574 sumitur
3231 502 3343 570 hic
3373 503 3446 568 in
3481 524 3495 567 ε
3542 503 3704 592 quia
3729 500 3886 567 Phi·
3927 501 3943 546 ἵ

2333 615 2660 705 losoplius
2693 615 2782 681 ibi
2851 638 2990 682 non
3056 613 3278 703 tangit
3335 609 3577 677 modos
3639 608 3887 699 quibus

2331 722 2588 812 aliquid
2630 732 2728 789 est
2776 725 2843 789 in
2894 723 3148 812 aliquo,
3205 721 3334 786 nisi
3377 739 3532 807 quae
3582 715 3881 805 aliquam

2331 827 2585 895 habent
2647 828 3162 894 similitudinem
3221 849 3376 893 cum
3448 824 3567 890 illo
3647 823 3877 898 mod0,

2331 960 2467 1027 quo
2492 937 2743 1028 aliquid
2775 947 2873 1003 est
2910 939 2979 1003 in
3010 936 3144 1003 alio
3178 939 3349 1002 sicut
3383 938 3451 1001 in
3511 935 3690 1018 loc0,
3726 934 3884 1022 quia

2329 1045 2567 1113 de‘illo
2608 1044 2753 1112 solo
2824 1045 2913 1111 ibi
2983 1043 3324 1111 intendit:
3383 1051 3613 1132 posset
3656 1051 3879 1108 tamen

2327 1156 2485 1225 licet
2514 1166 2770 1225 remote
2812 1156 3039 1224 reduci
3071 1156 3156 1223 ad
3196 1155 3389 1221 illum
3457 1176 3596 1244 quo
3639 1176 3880 1220 causa-

2327 1275 2472 1332 tum
2504 1275 2604 1333 est
2646 1265 2712 1330 in
2742 1287 2944 1331 causa
2982 1287 2995 1330 :
3042 1264 3202 1353 quia
3234 1261 3387 1328 licet
3426 1283 3633 1328 causa
3673 1262 3743 1326 in
3775 1259 3880 1326 di-

2325 1373 2503 1440 vinis
2536 1394 2670 1439 non
2700 1374 2810 1455 sit,
2837 1379 2939 1438 est
2971 1381 3199 1437 tamen
3233 1369 3321 1436 ibi
3368 1369 3671 1458 potentia
3704 1368 3879 1457 prin·

2325 1463 2504 1571 cip‘ti.

2412 1589 2518 1655 An
2564 1611 2760 1656 Auen
2807 1596 2992 1678 patet
3037 1589 3185 1676 jam
3244 1588 3495 1654 solutio
3549 1608 3672 1675 per
3723 1591 3877 1651 ante

2325 1696 2527 1764 dicta.

2412 1805 2518 1872 An
2563 1828 2758 1874 amun
2786 1804 3176 1883 dicendum,
3211 1805 3392 1897 quod
3425 1805 3494 1898 ly
3528 1808 3725 1897 apud
3760 1830 3878 1873 no-

2325 1920 2422 1980 tat
2459 1912 2960 1980 distinctionem
3003 1911 3276 2001 perfecti
3338 1921 3403 1979 et
3443 1912 3729 2004 aequalis
3780 1937 3878 1980 sc·

2325 2018 2621 2086 cundum
2651 2018 2928 2085 modum
2962 2018 3388 2110 significandi
3419 2042 3435 2088 z
3469 2022 3628 2110 quia
3672 2023 3738 2086 in
3772 2043 3881 2087 re-

3988 1593 4153 1639 Adt.

3987 1812 4066 1854 Ad
4116 1809 4159 1854 3.

2325 2125 2455 2193 bus
2491 2123 2957 2215 corporalibus
2998 2125 3251 2194 dictum
3311 2133 3501 2194 notat
3561 2127 3881 2195 vicinita-
3980 2137 3987 2144 ‘

2329 2242 2465 2302 tem
2522 2232 2869 2302 lateralem
2947 2242 3015 2301 et
3111 2231 3230 2300 illa
3307 2233 3623 2301 vicinitas
3689 2237 3881 2325 ponit

2327 2340 2782 2434 aequalitatem
2830 2365 2845 2409 :
2906 2350 3137 2409 tamen
3187 2343 3254 2409 in
3314 2339 3566 2409 divinis
3602 2366 3738 2410 non
3782 2366 3877 2409 re·

2327 2461 2562 2520 movet
2629 2452 2793 2543 quin
2862 2451 3339 2518 distinctorum
3418 2475 3599 2519 unus
3666 2455 3878 2543 possit

2328 2582 2475 2627 esse
2516 2559 2582 2626 in
2624 2558 2784 2642 alio,
2830 2568 2971 2625 tum
3042 2582 3165 2648 per
3230 2558 3648 2627 intellectum
3691 2562 3883 2650 prin-

2328 2664 2486 2755 cipii
2510 2673 2575 2732 et
2604 2665 2952 2733 existentis
2989 2663 3074 2732 do
3114 2664 3472 2755 principio,
3508 2674 3654 2732 tum
3681 2666 3881 2732 etiam

2331 2792 2453 2860 per
2489 2772 2814 2839 unitatem
2856 2771 3164 2838 essentiae
3208 2793 3224 2838 ε
3295 2770 3413 2838 sed
3472 2771 3539 2838 in
3569 2794 3885 2861 corpora-

2330 2877 2510 2946 libus
2540 2901 2691 2970 quoe
2726 2901 2861 2946 non
2901 2888 3189 2968 possunt
3226 2900 3373 2946 esse
3415 2881 3618 2948 unius
3648 2902 3883 2947 essen-

2333 2987 2440 3056 tiae
2471 2990 2526 3056 si
2559 2987 2873 3056 distincta
2912 2996 3095 3066 sunt,
3139 3010 3376 3056 verum
3410 2997 3511 3056 est
3550 2988 3736 3079 quod
3769 3011 3881 3055 se-

2332 3099 2565 3191 quitur
2592 3095 2937 3166 conclusio
2971 3096 3154 3164 illius
3179 3096 3489 3164 rationis.

2421 3208 2743 3275 Anauon
2771 3205 3162 3284 dicendum,
3188 3205 3371 3296 quod
3403 3206 3561 3274 licet
3592 3230 3876 3298 persona

2332 3322 2398 3382 et
2428 3315 2718 3383 essentia
2772 3312 3084 3381 differant
3151 3312 3525 3380 secundum
3597 3313 3876 3381 modum

2332 3419 2781 3511 significandi,
2825 3429 3052 3488 tamen
3113 3419 3384 3487 realiter
3439 3419 3618 3488 idem
3659 3429 3818 3488 sunt
3858 3440 3875 3488 ζ

2332 3538 2398 3598 et
2465 3529 2614 3596 ideo
2678 3531 2881 3597 etiam
2951 3527 3294 3597 distinctio
3351 3528 3756 3620 personalis,
3818 3539 3881 3595 et

2330 3638 2558 3704 unitas
2587 3636 2963 3704 essentialis
3003 3659 3141 3703 uno
3176 3640 3468 3704 termino
3510 3638 3876 3727 significari

2333 3743 2740 3835 quandoque
2780 3752 3066 3835 possunt
3106 3765 3124 3812 ε
3177 3754 3241 3811 et
3284 3766 3423 3812 non
3460 3754 3560 3812 est
3602 3746 3874 3833 signum

2331 3852 2782 3942 (equivocum,
2862 3853 3023 3942 quia
3107 3873 3321 3918 unuin
3409 3853 3738 3942 accipitur
3812 3857 3876 3920 in

2333 3961 2496 4042 alin,
2545 3963 2715 4029 sicut
2765 3964 2969 4030 etiam
3010 3984 3217 4052 supra
3274 3963 3710 4053 explanatum
3753 3974 3874 4030 est.

2423 4070 2528 4137 Λυ
2575 4093 2770 4139 Auen
2791 4071 3180 4154 dicendum,
3225 4073 3405 4161 quod
3441 4096 3577 4141 non
3613 4075 3879 4164 proprie

2334 4176 2604 4256 «licitur,
2630 4177 2850 4244 ‘Pater
2888 4187 2986 4245 est
3018 4181 3087 4245 in
3118 4178 3410 4245 essentia
3442 4179 3674 4245 divina
3712 4202 3727 4246 τ
3761 4180 3874 4246 sed

2336 4294 2562 4375 posset
2593 4285 2745 4360 dici,
2802 4285 3011 4352 Filius
3054 4296 3151 4351 est
3205 4288 3270 4352 in
3331 4297 3571 4354 natura
3631 4286 3735 4353 vel
3777 4312 3886 4353 cs-

2336 4396 2552 4462 sentia
2585 4395 2826 4473 Patris,
2868 4395 2975 4463 vel
3031 4420 3068 4462 e
3116 4418 3490 4463 converso:
3554 4396 3664 4463 ubi
3703 4406 3887 4463 nota·

2338 4512 2522 4571 retur
2575 4501 2801 4593 aliqua
2842 4502 3210 4576 distinctio.
3255 4526 3394 4570 non
3456 4503 3732 4594 quidem
3782 4529 3885 4571 es-

2336 4610 2568 4677 sentiae
2599 4611 2679 4677 ad
2722 4632 3108 4701 personam.
3142 4609 3258 4677 sed
3284 4632 3594 4700 persona!
3618 4611 3701 4679 ad
3734 4636 3888 4703 per-

2337 4739 2606 4796 sonam,
2640 4740 2789 4807 quae
2819 4740 3050 4784 secum
3084 4726 3180 4783 est
3216 4739 3430 4785 unum
3467 4718 3533 4785 in
3565 4720 3882 4787 essentia.

2339 4828 2412 4894 Si
2482 4836 2708 4896 tamen
2766 4827 3202 4905 concedatur,
3273 4837 3434 4896 tunc
3493 4828 3884 4913 dicendum,

2338 4937 2522 5028 quod
2598 4940 3056 5028 praepositioni
3126 4938 3369 5005 suflicit
3449 4942 3760 5008 transitio
3821 4945 3886 5008 in

2340 5042 2545 5113 modo
2585 5045 3039 5135 significandi,
3118 5070 3256 5114 non
3325 5048 3392 5112 in
3466 5069 3534 5114 re
3569 5068 3586 5115 t
3650 5055 3716 5116 et
3780 5050 3889 5117 ille

2341 5152 2586 5220 modus
2614 5154 3036 5244 significandi
3072 5156 3223 5232 erit,
3258 5153 3442 5244 qnod
3477 5154 3680 5222 Pater
3698 5166 3795 5223 est
3823 5158 3888 5223 in

2339 5263 2655 5341 essentia,
2700 5264 2872 5330 sicut
2903 5264 3053 5352 quis
3095 5265 3162 5330 in
3199 5286 3335 5354 quo
3378 5275 3504 5345 est,
3539 5276 3602 5333 et
3656 5289 3893 5333 essen-

2342 5371 2429 5439 tia
2475 5373 2541 5439 in
2577 5369 2772 5439 l’atre
2837 5374 3011 5440 sicut
3086 5394 3223 5463 quo
3293 5382 3395 5441 est
3447 5374 3516 5442 in
3583 5377 3734 5466 quis
3766 5398 3788 5442 :
3829 5384 3894 5442 et

2340 5481 2500 5569 quia
2541 5479 2990 5547 indifferentia
3022 5490 3123 5547 est
3156 5481 3221 5546 in
3254 5479 3506 5548 divinis
3538 5484 3714 5549 inter
3742 5484 3895 5573 quis

2340 5671 2488 5728 vide
2518 5672 2577 5727 in
2607 5677 2793 5742 textu,
2820 5689 2950 5745 cap.
2988 5674 3051 5728 Ε.

3992 4061 4070 4107 Ad
4114 4060 4161 4107 5.
