4897 6388
718 492 814 536 Sed
851 502 1032 538 consta.

775 922 974 971 Suiutio.

1693 321 1785 388 IN
1838 325 1865 390 1
1917 325 2341 430 semem.
2403 329 2839 420 ms'r.·xx,
2893 339 2975 416 A,
3020 340 3218 410 ΛΒΤ.
3273 347 3309 410 3
3351 347 3458 412 ΕΤ
3497 349 3558 413 4.
3591 417 3606 444 ,-

1162 474 1295 543 Seu
1344 503 1595 550 coxrnA
1659 509 1674 551 ε

1067 711 1230 780 ergo
1266 715 1387 760 nec
1428 701 1768 783 potentiae.

1156 901 1467 974 Summo,
1518 907 2287 1000 Suprnfluternstnatun]
2332 905 2432 989 est
2464 921 2616 1005 hoc,

1063 1011 1247 1097 quod
1305 1017 1609 1100 potentia
1650 1023 2074 1091 considerata
2115 1029 2182 1093 in
2225 1029 2444 1096 radice
2496 1055 2620 1120 po·
2727 1047 2913 1106 ctum
2944 1051 3045 1108 est
3075 1067 3276 1133 supra
3315 1048 3335 1079 ³

1061 1119 1288 1185 tentiae
1331 1143 1480 1210 quae
1541 1135 1641 1192 est
1695 1133 2010 1210 essentia,
2072 1135 2272 1201 unius
2334 1138 2619 1206 rationis

1060 1231 1160 1288 est
1207 1247 1221 1292 ε
1267 1229 1383 1294 sed
1445 1234 1870 1305 conside-rata
1910 1248 1982 1304 ut
2021 1250 2121 1307 est
2171 1245 2615 1333 conjunctum

1057 1335 1265 1412 actui,
1310 1345 1410 1402 est
1450 1338 1732 1410 alterius
1774 1347 2076 1415 rationis.

1495 1775 1999 1849 Alt't'tCULUS
2049 1785 2167 1852 ΙΙΙ.

1049 1990 1158 2056 Au
1210 1991 1280 2056 in
1341 1995 1482 2060 Deo
1517 1997 1724 2086 prior
1782 2002 1875 2068 sil
1916 2010 2232 2094 potentia
2285 2014 2610 2103 spirandi

1345 2123 1557 2190 quam
1583 2109 1897 2194 potentia
1926 2116 2258 2202 operandi
2279 2115 2322 2183 ?

1140 2427 1276 2497 Sed
1306 2439 1466 2501 tunc
1497 2437 1696 2505 tertio
1728 2443 2075 2530 quaeritur,
2102 2447 2269 2526 Quae
2302 2451 2387 2519 sit
2416 2455 2608 2544 prior

1050 2534 1118 2600 in
1152 2534 1355 2605 Deo?

1136 2641 1427 2712 Videtur
1490 2659 1748 2738 autem,
1815 2659 2000 2747 quod
2067 2668 2368 2752 potentia
2428 2694 2602 2761 ope·

1047 2750 1278 2820 randi:
1311 2757 1470 2843 quia
1495 2756 1606 2826 itta
1634 2771 1733 2829 est
1766 2769 2180 2838 essentialis:
2208 2783 2271 2842 et
2305 2782 2600 2847 essentia

1044 2858 1422 2929 secuudum
1445 2868 1779 2937 rationem
1811 2883 1912 2941 est
1944 2886 2097 2945 ante
2148 2904 2514 2970 personam
2581 2912 2597 2956 :

1044 2985 1210 3056 ergo
1242 2972 1546 3057 potentia
1593 2979 1973 3050 essentialis
2010 2997 2163 3055 ante
2225 2994 2600 3074 potentiam

1046 3077 1503 3162 personalem.

695 3215 787 3260 3⁶4
826 3222 1013 3265 eoum.
1139 3182 1275 3250 Si-:o
1332 3211 1580 3257 comm
1654 3217 1671 3259 ε
1733 3196 2097 3268 Anselmus
2153 3205 2339 3289 «licit,
2413 3211 2600 3301 quod

737 4939 934 4986 Solutio.

1036 3401 1247 3468 sionis
1277 3414 1738 3478 creaturarum
1774 3432 1791 3482 ε
1835 3416 2004 3484 sicut
2035 3420 2240 3492 etiam
2284 3416 2476 3515 vpatet
2527 3429 2594 3495 in

1038 3506 1155 3574 itto
1197 3532 1437 3580 versu:
1484 3514 1639 3606 lpse
1667 3517 1874 3601 dixit,
1918 3534 1981 3590 el
2013 3529 2206 3615 [urla
2237 3543 2400 3598 seen!
2431 3557 2457 3600 .·
2500 3536 2598 3627 ip-

1031 3637 1103 3679 se
1154 3618 1538 3700 mandarit,
1599 3634 1663 3691 et
1718 3638 1947 3697 creata
2001 3638 2210 3702 smat·
2262 3659 2278 3704 ε
2321 3648 2385 3706 et
2447 3639 2590 3722 itte,

1053 3723 1255 3790 Verbo
1307 3728 1593 3798 Domini
1630 3736 1787 3801 coela·
1823 3739 2092 3827 structili
2142 3757 2331 3828 sunl,
2382 3757 2588 3818 etc.¹.

1035 3832 1233 3908 Quod
1267 3858 1614 3924 exponens
1664 3842 2110 3935 Augustinus,
2143 3850 2303 3922 dicit
2347 3876 2364 3922 :
2413 3855 2596 3927 Ver-

1035 3937 1195 4006 bum
1258 3947 1491 4030 genuit
1535 3949 1601 4012 in
1661 3972 1798 4039 qno
1838 3964 1978 4022 erat
2041 3969 2105 4023 ut
2153 3962 2342 4029 tieret
2380 3986 2396 4031 ε
2433 3990 2588 4034 cuni

1034 4071 1198 4136 vrgo
1256 4072 1457 4118 eausa
1514 4056 1601 4122 sit
1661 4067 1815 4126 ante
1873 4076 2251 4146 causatum,
2325 4073 2595 4142 videtur

1034 4157 1218 4246 quod
1264 4165 1559 4248 potentia
1627 4190 1760 4257 qua
1823 4172 2190 4261 procedunt
2253 4201 2587 4268 perseum,

1031 4264 1121 4333 sit
1154 4278 1310 4333 ante
1369 4278 1745 4360 potentiam
1796 4283 2064 4350 creandi
2125 4294 2185 4352 et
2230 4291 2586 4378 operandi.

1035 4370 1217 4440 idem
1281 4380 1630 4469 accipitur,
1693 4384 1898 4455 Joan.
1940 4413 1981 4467 ι,
2026 4394 2066 4458 3
2109 4415 2124 4459 z
2174 4398 2429 4465 (lumin
2465 4422 2594 4489 per

1031 4481 1257 4570 ipsum
1298 4489 1493 4573 sacia
1521 4502 1684 4557 sem!
1719 4515 1732 4559 ζ
1778 4519 1939 4585 ergo
1977 4521 2245 4567 necess«.-
2277 4513 2375 4570 est
2415 4504 2591 4574 Yet·-

1032 4586 1195 4654 Ιιιιιιι
1221 4600 1283 4656 et
1320 4597 1691 4680 potentiani
1725 4604 2177 4688 processionis
2205 4605 2409 4675 Verbi
2444 4635 2591 4678 ιιιιι-

1035 4696 1235 4765 nibus
1264 4721 1811 4794 pi·a·supponere.

1121 4910 1427 4981 Somno.
1469 4917 1568 4984 ,td
1607 4918 1733 4989 hoc
1774 4924 2013 4993 eodeni
2058 4930 2262 4999 inodo
2308 4932 2586 5003 solven-

1029 5017 1193 5084 dum
1226 5030 1325 5088 est
1376 5025 1548 5093 sicut
1587 5027 1980 5101 immediate
2018 5046 2198 5118 ante,
2251 5041 2437 5131 quod
2472 5068 2588 5134 po-

1030 5128 1242 5194 tentia
1324 5133 1795 5206 consideratur
1866 5139 2250 5233 dupliciter,
2329 5149 2588 5219 scilicet

1103 5378 1118 5410 ¹
1157 5378 1306 5434 l‘sat.
1346 5397 1521 5449 xxxii,
1555 5392 1587 5440 u
1618 5392 1677 5442 et
1698 5405 1921 5460 (ηιμ-ιιι,
1954 5396 2007 5450 Ξὶ.

1099 5467 1121 5500 ²
1157 5468 1308 5526 l’sal.
1333 5487 1508 5543 xxxii,
1538 5479 1591 5532 ὓ.

1743 488 2052 557 Potentia
2110 493 2441 561 diftinitur
2510 520 2628 586 per

1067 591 1294 650 actum
1334 598 1441 655 :et
1470 601 1661 658 actus
1694 617 1830 661 non
1871 607 2029 663 sunt
2062 601 2258 666 unius
2294 603 2618 670 rationis:

4146 356 4274 424 547

2737 506 3111 574 secundum
3144 511 3431 579 radicem
3464 515 3531 581 in
3564 538 3695 605 qua
3725 526 3822 583 est
3859 542 3873 583 ε
3906 527 3976 585 et
4005 521 4102 587 sic
4140 545 4276 589 una

2736 615 2802 673 et
2831 609 3069 677 eadem
3094 624 3191 680 est
3217 621 3513 704 potentia
3534 623 3925 708 generandi,
3946 626 4268 712 spirandi,

2733 725 2798 782 et
2831 721 3101 786 creandi
3139 745 3152 787 :
3194 725 3307 789 scd
3340 727 3422 791 ad
3464 727 3648 794 aliud
3697 741 3795 797 est
3836 734 3900 797 in
3944 731 4165 813 Patre,
4210 747 4277 802 ct

2731 822 2817 889 ad
2858 825 3044 893 aliud
3075 830 3144 894 in
3186 830 3353 898 Filio
3385 845 3485 900 est
3516 845 3581 901 et
3612 835 3866 924 Spiritu
3891 849 4123 906 sancto
4157 864 4274 930 po-

2730 932 2942 998 tentia
3007 939 3375 1023 generandi
3435 948 3501 1006 et
3556 943 3877 1031 spirandi,
3948 948 4121 1013 sicut
4168 948 4274 1014 di-

3382 1071 3397 1112 :
3462 1071 3592 1114 nna
3632 1058 3853 1116 autem
3914 1061 3979 1118 et
4035 1055 4270 1122 eadem

2728 1145 2796 1210 in
2838 1148 3055 1216 tribus
3078 1156 3405 1240 personis.
3448 1153 3517 1221 Si
3552 1166 3774 1225 autem
3809 1161 4273 1229 consideratur

2722 1253 2807 1319 ad
2839 1264 3062 1324 actum
3103 1259 3569 1346 determinata,
3603 1265 3698 1332 sic
3733 1276 3833 1333 est
3871 1267 4003 1335 alia
4044 1279 4110 1337 et
4137 1271 4270 1339 alia

2719 1366 3027 1450 potentia
3069 1387 3083 1433 :
3138 1376 3204 1435 et
3250 1374 3549 1457 potentia
3595 1376 3960 1462 generandi
4018 1387 4083 1446 et
4124 1382 4268 1469 spi-

2722 1468 2910 1536 randi
2942 1473 3315 1564 secundum
3353 1478 3681 1545 rationem
3714 1480 4132 1572 intelligendi
4165 1496 4266 1553 ost

2717 1588 2873 1646 ante
2914 1567 3286 1671 potentiani
3326 1584 3623 1664 creandi,
3680 1590 3850 1657 sicut
3899 1591 4261 1681 probatum

2718 1695 2819 1753 cst
2859 1688 2927 1754 in
2970 1689 3350 1778 objectione
3385 1716 3400 1761 :
3437 1704 3503 1762 et
3543 1721 3660 1787 per
3689 1696 3819 1767 hoc
3850 1707 4032 1790 patet
4070 1702 4262 1770 solu-

2722 1792 2815 1860 tio
2857 1795 2943 1861 ad
2983 1804 3227 1865 totum.
3893 1834 3897 1838 ·

3155 2254 3656 2327 ARthtJLUS
3706 2260 3822 2328 IV.

2710 2470 2819 2535 An
2854 2471 3050 2537 solus
3067 2474 3374 2564 Spiritus
3408 2489 3683 2548 sanctus
3723 2493 3942 2572 potest
3980 2496 4252 2557 lantum

2979 2594 3315 2671 quantum
3346 2588 3559 2656 Pater
3586 2600 3648 2657 el
3687 2593 3752 2659 F
3749 2593 3913 2661 ilius
3937 2595 3978 2662 ἶ)

2796 2901 3057 2971 Deinde
3097 2909 3424 2995 quaeritur
3450 2912 3533 2978 de
3572 2911 3700 2981 hoc
3748 2917 3930 3006 quod
3974 2919 4134 2989 dicit
4186 2924 4253 2989 in

2704 3010 2972 3076 Littera
3004 3012 3072 3078 in
3105 3024 3291 3103 parte
3341 3019 3585 3107 prima,
3649 3020 3762 3089 ubi
3819 3022 4003 3108 dicit,
4070 3029 4252 3119 quod

2707 3143 2740 3177 α
2785 3140 2904 3184 nec
2934 3118 3103 3210 plus
3132 3133 3353 3212 polest
3389 3128 3602 3194 Pater
3638 3139 3701 3194 el
3737 3130 3966 3201 Filius
4008 3135 4249 3220 simul,

2702 3248 2909 3315 qnam
2941 3230 3133 3299 Solus
3159 3235 3466 3324 Spe'rilus
3491 3250 3789 3311 sancho-5.
3822 3268 3851 3304 ι

2796 3332 2873 3402 Si
2905 3336 3091 3406 enim
3143 3339 3329 3408 solus
3387 3342 3682 3433 Spiritus
3728 3358 4000 3417 sanctus
4027 3360 4252 3441 potest

2704 3450 2998 3526 tantuin,
3041 3457 3372 3538 quantuni
3416 3450 3616 3522 Pater
3670 3464 3736 3524 et
3795 3455 4001 3527 Filius
4044 3480 4061 3529 :
4115 3483 4250 3531 nun

2699 3572 2865 3640 ergo
2899 3550 3101 3621 Pater
3144 3568 3360 3646 potest
3401 3570 3689 3643 tantuin,
3733 3574 4061 3655 quantuni
4114 3567 4250 3637 l’a·

2698 3665 2801 3723 ter
2839 3667 2902 3725 et
2948 3657 3179 3743 Filius,
3223 3666 3403 3756 quod
3446 3666 3685 3737 falsum
3727 3684 3848 3739 est.

2787 3868 2894 3935 Ao
2941 3892 3071 3940 noc
3123 3874 3513 3958 dicendum,
3554 3883 3734 3970 quod
3782 3883 3923 3954 haec
3960 3900 4064 3959 est
4109 3891 4242 3960 du-

2698 3973 2877 4063 plex,
2931 3976 3121 4045 solus
3162 3982 3452 4071 Spiritus
3491 3999 3763 4057 sanctus
3819 4004 4033 4081 potest
4087 4008 4241 4066 tau-

2697 4087 2873 4158 tum,
2908 4094 3239 4172 quantum
3277 4087 3475 4158 Pater
3493 4103 3555 4158 et
3584 4092 3786 4163 Filius
3810 4119 3824 4165 ε
3852 4124 3931 4167 ex
3951 4104 4239 4194 eoquod

2695 4185 2902 4255 dictio
2935 4191 3303 4271 exclusiva,
3339 4198 3587 4268 seilicet
3622 4201 3686 4294 ty
3708 4206 3896 4273 solus
3919 4220 4131 4298 potest
4157 4214 4243 4279 si·

2692 4305 2869 4362 stere
2908 4299 2971 4363 in
3005 4302 3335 4389 subjecto,
3371 4317 3432 4373 et
3489 4311 3581 4376 sic
3642 4335 3798 4379 vera
3856 4325 3952 4383 est
3987 4317 4241 4388 lorutiu

2693 4402 2819 4470 sub
2846 4403 2979 4475 hoc
2996 4414 3420 4491 sensu‚solees
3439 4418 3742 4507 Spiritus
3757 4436 4054 4509 sauctus,
4083 4439 4208 4497 etr.
4225 4482 4240 4508 ,

2697 4510 2759 4577 id
2793 4522 2920 4590 est.
2969 4515 3078 4584 itte
3118 4521 3231 4607 qui
3264 4521 3449 4588 sotus
3483 4535 3581 4593 cst
3622 4527 3913 4618 Spiritus
3942 4547 4240 4622 sanctus,

2699 4621 2786 4685 ita
2821 4622 3004 4711 quod
3038 4624 3209 4691 alius
3269 4651 3400 4696 nou
3443 4641 3538 4699 est
3602 4635 3892 4724 Spiritus·
3938 4654 4239 4724 sanctuS,

2694 4735 2920 4816 potest
2979 4739 3269 4816 tantum,
3312 4746 3439 4804 etc.
3505 4741 3578 4807 Si
3633 4752 3856 4814 autem
3921 4751 4010 4818 sit
4063 4753 4241 4821 eirca

2693 4832 3075 4922 subjectum
3119 4841 3185 4907 in
3235 4849 3737 4935 comparatione
3785 4854 3869 4922 ad
3908 4857 4240 4945 praedica-

2693 4948 2868 5018 tum,
2907 4951 3068 5015 tunc
3098 4947 3389 5021 excludit
3422 4952 3587 5022 alias
3614 4979 3936 5047 personas
3967 4987 4004 5030 a
4036 4968 4238 5055 parti·

2691 5047 3033 5138 cipatione
3099 5056 3461 5144 praedicati,
3505 5071 3570 5130 et
3626 5066 3719 5133 sic
3761 5066 3920 5136 falsa
3978 5080 4101 5151 est,
4170 5083 4238 5142 et

2692 5155 2788 5224 sic
2817 5160 3126 5248 procedit
3157 5162 3450 5252 objectio
3482 5170 3650 5239 facta
3683 5173 3749 5239 in
3792 5181 4232 5249 contrarium.

2762 5527 2789 5562 ⁸
2815 5529 2902 5586 Cf.
2937 5532 3146 5603 Supra,
3181 5535 3324 5591 nist.
3360 5539 3472 5595 vn.

4339 3927 4541 3974 sonatio.
