4897 6388
2067 219 2161 286 lN
2207 219 2237 284 I
2287 215 2710 285 SENTENT.
2765 211 2989 280 DIST.
3045 212 3270 294 XXII,
3316 214 3399 292 Β.

1134 396 1274 455 tem
1309 399 1411 457 est
1451 392 1522 457 in
1561 385 1699 459 uno
1732 393 1802 458 in
1830 390 2337 482 comparatione
2367 385 2454 453 ad
2517 383 2684 451 alte-

1138 519 1315 572 rum,
1362 507 1483 565 aut
1520 497 1896 566 secundnm
1924 530 1928 534 ·
1954 495 2395 586 quantitatem
2435 493 2686 559 virtua-

1132 603 1293 680 lem,
1322 612 1441 670 aut
1461 603 1834 671 secundum
1854 602 2247 693 qualitatem
2270 600 2676 668 bonitatum.

1137 710 1209 776 Si
1240 712 1464 799 primo
1507 709 1738 790 modo,
1774 718 1889 777 aut
1947 710 2361 799 comparatio
2420 714 2520 775 est
2569 728 2681 773 se-

1133 816 1436 884 cundum
1501 818 2038 906 proportionem,
2107 825 2223 883 aut
2305 815 2679 883 secundum

1128 945 1491 990 excessum
1558 925 1705 992 sine
1766 925 2229 1015 proportione.
2302 921 2406 989 Si·
2457 923 2707 1013 primo·

1125 1029 1362 1108 mode,
1409 1031 1504 1099 sic
1536 1039 1634 1098 est
1676 1033 2005 1122 inaequale
2048 1055 2062 1098 ε
2098 1033 2155 1098 si
2184 1028 2479 1099 secundo
2523 1052 2677 1097 mo·

1126 1137 1239 1217 d0,
1284 1137 1380 1206 sic
1411 1146 1514 1206 est
1537 1161 1891 1229 magnum,
1939 1147 2006 1207 et
2060 1160 2371 1228 parvum.
2437 1135 2509 1203 Si
2549 1159 2677 1203 au-

1126 1254 1265 1313 tem
1297 1255 1398 1313 est
1428 1245 1664 1314 relatio
1697 1268 1834 1314 una
1863 1247 1948 1314 ad
1977 1247 2260 1314 alterum
2300 1244 2673 1313 secundum

1123 1357 1719 1446 participationem
1760 1357 2081 1425 bonitatis
2113 1379 2262 1447 quae
2302 1356 2464 1424 dicit
2501 1378 2674 1447 qua-

1123 1463 1383 1533 litatem
1420 1487 1436 1534 :
1482 1474 1600 1535 aut
1638 1474 1843 1534 estut
1873 1465 2292 1556 distinguens
2337 1466 2405 1533 in
2460 1464 2671 1556 gradu

1119 1573 1672 1663 participantium
1712 1596 1849 1642 non
1890 1574 2094 1657 idem,
2136 1583 2202 1643 et
2240 1577 2336 1643 sic
2365 1583 2468 1643 est
2503 1572 2670 1641 alte-

1123 1703 1304 1762 rum,
1340 1688 1407 1748 et
1432 1681 1611 1749 idem
1656 1701 1673 1751 ε
1707 1690 1826 1750 aut
1854 1690 1954 1751 est
1980 1681 2349 1750 secundum
2389 1703 2670 1772 compa-

1120 1786 1459 1855 rationem
1499 1789 1704 1857 unius
1732 1788 1817 1857 ad
1856 1788 2143 1857 alterum
2211 1812 2333 1879 per
2385 1789 2668 1857 modum

1120 1895 1612 1983 proportionis,
1653 1902 1722 1962 et
1753 1903 1914 1963 tunc
1950 1903 2049 1962 est
2079 1893 2324 1974 simile,
2361 1904 2428 1963 et
2466 1894 2668 1963 dissi-

1119 1998 1308 2068 mile.

1206 2107 1434 2176 Tertio
1500 2117 1730 2178 autem
1798 2111 2001 2180 modo
2059 2119 2217 2179 sunt
2273 2110 2550 2179 effectus
2625 2132 2666 2178 a

1121 2215 1370 2306 quibus
1432 2219 1828 2286 nominatur
1882 2218 2065 2286 Deus
2128 2216 2234 2285 vel
2291 2217 2661 2308 perfectum

1120 2344 1268 2390 esse
1319 2346 1336 2390 ε
1384 2332 1451 2391 et
1480 2322 1612 2392 hoc
1649 2324 1866 2393 tribus
1896 2325 2138 2407 modis,
2181 2324 2428 2415 quibus
2458 2346 2663 2392 omne

1119 2429 1307 2520 quod
1342 2439 1469 2512 est,
1504 2430 1708 2501 habet
1734 2455 1807 2501 se
1853 2433 1938 2500 ad
1996 2433 2499 2523 perfectionem,
2540 2432 2665 2501 sci-

1117 2534 1277 2604 licet
1313 2537 1690 2606 secundum
1732 2547 1993 2607 motum
2032 2539 2117 2606 ad
2147 2538 2393 2621 Deum,
2425 2562 2664 2608 secun-

1116 2646 1280 2715 dum
1338 2650 1664 2717 virtutem
1729 2659 2142 2731 moventem,
2183 2659 2249 2719 et
2288 2650 2658 2719 secundum

1116 2753 1249 2823 hoc
1285 2755 1472 2846 quod
1512 2758 1750 2847 recipit
1778 2756 1862 2824 ab
1929 2759 2075 2847 ipso
2141 2758 2326 2849 quod
2371 2758 2654 2850 perlicit.

1118 2861 1513 2931 Secundum
1548 2872 1813 2934 motum
1843 2875 2071 2933 autem
2113 2865 2492 2956 dupliciter,
2526 2867 2663 2936 sci-

1114 2968 1270 3037 licet
1309 2971 1686 3040 secundum
1718 2972 1901 3064 quod
1931 2981 2032 3041 est
2070 2971 2154 3041 ab
2223 2973 2368 3065 ipso
2434 2982 2661 3042 motus

1117 3078 1184 3145 in
1219 3084 1504 3165 moveri,
1537 3089 1603 3149 et
1643 3083 1711 3149 in
1750 3084 2079 3174 attingere
2112 3084 2357 3174 ipsum.
2403 3082 2479 3151 Si
2515 3085 2661 3173 pri·

1113 3209 1229 3255 mo
1260 3188 1496 3270 modo,
1528 3198 1630 3258 est
1673 3200 1926 3271 motuS,
1968 3201 2032 3259 et
2097 3190 2396 3261 secundo
2454 3190 2659 3261 modo

1113 3304 1354 3364 status.
1402 3296 1793 3365 Secundum
1859 3299 2181 3367 virtutem
2237 3308 2464 3368 autem
2506 3322 2661 3368 mo-

1111 3411 1382 3470 ventem
1426 3406 1659 3472 omnia
1715 3404 1798 3473 ad
1867 3405 2086 3496 ipsum
2144 3415 2245 3474 est
2274 3405 2654 3497 dupliciter,

1112 3509 1368 3579 scilicet
1430 3511 1804 3579 secundum
1860 3515 2180 3582 virtutem
2258 3516 2325 3581 in
2399 3538 2498 3594 se,
2548 3513 2655 3582 vel

1109 3618 1381 3686 virtutis
1404 3617 1920 3709 dispositionem
1954 3643 1971 3689 ε
2006 3622 2074 3687 in
2103 3644 2174 3689 se
2206 3630 2305 3689 est
2334 3620 2657 3713 omnipo-

1110 3732 1258 3790 tens
1288 3727 1405 3815 qui
1456 3727 1688 3793 omnia
1719 3736 1938 3817 potest
1967 3727 2181 3795 facere
2221 3738 2285 3795 et
2326 3750 2600 3798 movere
2635 3752 2651 3799 ε

1108 3829 1484 3898 secundum
1526 3831 2037 3924 dispositionem
2097 3844 2325 3904 autem
2385 3836 2655 3903 virtutis

1108 3947 1210 4006 est
1249 3940 1574 4028 antiquus
1630 3940 1919 4009 dierum.
1958 3940 2349 4010 Secundum
2425 3943 2491 4010 id
2529 3966 2657 4011 au-

4224 209 4355 279 569

3890 295 3921 315 A·

2800 390 2936 449 tem
2981 384 3167 472 quod
3207 384 3431 451 inssuit
3468 383 3879 473 perficiendo
3919 391 4024 452 est
4051 382 4358 451 conside-

2799 488 2971 554 ratio
3002 488 3273 577 triplex,
3317 487 3574 556 scilicet
3611 489 3988 557 secundum
4045 478 4355 556 substan·

2796 594 2961 660 tiam
3029 595 3455 683 perfectam,
3500 605 3565 663 et
3612 595 3988 663 secundum
4026 596 4350 662 virtutem

2793 704 3181 792 perfectam,
3220 714 3285 773 et
3323 704 3695 772 secundum
3740 707 4230 795 quietationem
4279 706 4348 771 in

2793 811 2929 879 fine
2975 835 2991 878 ε
3040 820 3105 880 et
3143 814 3363 902 primo
3399 813 3602 881 modo
3645 823 3746 881 est
3819 814 4221 904 perfectum,
4283 821 4351 881 et

2791 940 3009 985 unum
3055 940 3070 985 :
3115 928 3182 986 et
3219 919 3515 988 secundo
3548 919 3755 987 modo
3787 942 3907 1011 per
3936 943 4007 988 se
4064 922 4207 988 vita
4264 918 4350 988 ad

2788 1034 3131 1107 naturam,
3167 1035 3232 1096 et
3270 1051 3391 1118 per
3446 1051 3517 1096 se
3555 1028 3772 1096 virtus
3833 1028 3917 1096 ad
3982 1029 4348 1119 perfec-tio-

2789 1156 2948 1201 nem
2979 1136 3486 1227 superadditam
3512 1151 3541 1204 ἐ
3606 1138 3938 1227 quietatio
3970 1146 4201 1206 autem
4273 1138 4342 1205 in

2789 1243 2922 1312 sine
2964 1253 3064 1312 est
3102 1267 3234 1334 pax
3271 1266 3287 1313 ε
3322 1246 3630 1335 sequitur
3659 1255 3886 1314 autem
3931 1269 4220 1338 regnum
4272 1248 4343 1313 in

2786 1351 3105 1419 omnibus
3169 1351 3299 1434 his,
3373 1353 3558 1443 quod
3614 1355 3941 1443 competit
3998 1377 4145 1423 esse
4201 1377 4341 1422 non

2784 1461 3116 1545 causanti,
3150 1461 3267 1527 sed
3306 1462 3681 1529 continenti
3739 1462 3925 1552 quod
3983 1469 4339 1530 causatum

2785 1577 2911 1648 est,
2946 1577 3013 1636 et
3043 1569 3419 1637 secundum
3477 1569 3647 1639 illud
3702 1578 3805 1637 est
3841 1579 4143 1652 sanctuS,
4191 1594 4336 1654 rex,

2781 1683 2844 1743 et
2877 1675 3218 1743 Dominus
3264 1699 3280 1743 ;
3320 1684 3389 1745 et
3417 1685 3691 1745 sanctus
3720 1685 3927 1768 prout
3983 1679 4160 1770 regit
4198 1701 4338 1747 nou

2780 1784 3161 1863 immixtus,
3211 1784 3330 1852 sed
3370 1784 3704 1853 excedens
3762 1786 3994 1853 omnia
4025 1786 4340 1858 materia-

2777 1887 2931 1958 liter
2996 1891 3426 1981 inquinantia
3487 1915 3504 1961 ε
3562 1890 3902 1961 Dominus
3958 1901 4192 1962 autem
4249 1894 4335 1961 ad

2777 1999 3129 2089 supposita
3162 2020 3178 2066 :
3218 2021 3336 2067 rex
3366 2006 3597 2066 autem
3629 1999 3714 2068 ad
3744 2000 4003 2069 ordinis
4057 2011 4125 2069 et
4163 1999 4333 2092 legis

2775 2106 3105 2174 naturalis
3136 2108 3638 2176 discretionem.

2862 2323 2967 2389 An
2999 2345 3294 2390 uernum-1
3334 2322 3721 2406 dicendum,
3747 2321 3932 2414 quod
3952 2322 4208 2416 duplex
4227 2331 4330 2393 est
4413 2366 4493 2413 M
4539 2368 4568 2409 ο

2771 2428 3151 2507 translatio,
3187 2430 3443 2498 scilicet
3490 2429 3863 2498 secundum
3905 2454 4076 2516 rem,
4120 2441 4186 2500 et
4214 2454 4329 2500 se-

2771 2538 3071 2606 cundum
3129 2560 3408 2608 nomen.
3503 2537 3882 2608 Translatio
3951 2539 4327 2609 secundum

2770 2668 2917 2714 rem
2959 2645 3026 2713 in
3064 2645 3313 2715 divinis
3347 2645 3737 2715 nominibus
3776 2670 3914 2714 non
3954 2655 4057 2717 est
4095 2649 4223 2716 nisi
4259 2650 4327 2717 in

2769 2756 3190 2847 symbolicis,
3226 2757 3295 2825 in
3335 2757 3584 2848 quibus
3621 2757 4025 2826 transfertur
4072 2759 4334 2850 signiti-

2769 2870 2950 2936 catio
2981 2866 3066 2934 ad
3123 2867 3689 2958 significationem
3737 2889 3754 2937 ε
3820 2877 3894 2935 ut
3942 2876 4212 2960 pratum
4249 2870 4333 2937 ri·

2770 2973 2909 3058 det,
2942 2997 3025 3042 eo
3058 2975 3239 3065 quod
3280 2975 3589 3066 quaedam
3632 2974 3940 3043 dilatatio
3961 2985 4331 3067 generatur

2768 3083 2838 3150 in
2898 3081 3237 3150 floritione
3310 3088 3656 3172 pratorum
3724 3105 3740 3151 ε
3800 3091 3866 3150 et
3921 3083 4017 3151 sic
4084 3083 4332 3152 dicitur

2768 3190 2953 3260 Deus
2978 3189 3369 3282 crapulatus
3419 3189 3521 3258 vel
3576 3189 3857 3259 ebrius:
3909 3191 4085 3260 sicut
4137 3191 4327 3273 dicit,

2769 3296 2952 3365 Psal.
2991 3319 3239 3381 cxxvn,
3276 3300 3360 3365 63
3395 3320 3412 3365 ε
3440 3298 3810 3367 Excitatus
3838 3308 3936 3365 est
3966 3307 4327 3391 tamquam

2768 3405 3117 3473 dormiens
3136 3408 3505 3485 Dominus,
3538 3418 3892 3498 [utinquam
3920 3416 4163 3498 polens
4180 3430 4329 3476 cra-

2760 3513 3055 3605 pulatus
3085 3538 3128 3581 α
3158 3515 3338 3581 vino.
3379 3513 3760 3582 Translatio
3810 3524 4038 3584 autem
4100 3516 4325 3583 nomi-

2767 3623 2875 3689 nis
2929 3631 3033 3691 est
3074 3623 3348 3714 quando
3405 3646 3655 3691 nomeu
3708 3646 3847 3692 non
3914 3624 4330 3694 sufficienter

2767 3740 3205 3820 repraesentat
3273 3730 3338 3798 id
3398 3732 3482 3799 ad
3538 3730 3724 3822 quod
3793 3731 4323 3824 significandum

2767 3840 3162 3918 assumitur,
3230 3847 3302 3906 ut
3357 3841 3591 3907 oninia
3645 3843 3928 3908 nomina
3985 3839 4163 3908 dicta
4240 3839 4321 3910 de

2768 3944 2934 4013 Deo.

1324 4494 1411 4568 Β.
1457 4493 1901 4569 ΡΝιηηίεειὶς
1933 4492 2147 4569 addit
2174 4495 2524 4593 qva-eclam
2568 4520 2727 4571 esse
2768 4497 3114 4591 uomina,
3143 4521 3316 4597 quoe
3369 4497 3899 4596 temporaliter
3952 4500 4122 4576 Deo

2051 4622 2540 4716 conveniunt,
2571 4631 2644 4698 el
2674 4622 2995 4698 relative
3024 4623 3392 4699 (licuntur

1201 4980 1340 5056 llis
1379 4961 1895 5077 adjiciendum
1938 4990 2048 5056 est
2090 4980 2442 5079 quaedam
2487 5005 2657 5057 esse
2689 4982 3009 5057 nomina
3061 4983 3177 5084 (ut
3222 4984 3708 5081 Augustinus
3747 4986 3851 5061 ait
3904 4987 3978 5062 in
4016 4990 4214 5068 libro
4253 4994 4320 5067 V

1099 5119 1192 5193 «le
1235 5118 1632 5209 Trinilale)
1688 5138 1864 5215 quoe
1909 5142 2001 5194 ex
2035 5128 2374 5217 tempore
2406 5118 2569 5194 Deo
2610 5120 3114 5199 conveniunt.
3150 5132 3225 5195 et
3259 5121 3573 5197 relative
3610 5122 3701 5198 ad
3728 5137 4162 5203 creaturam
4196 5130 4321 5204 di-

1100 5267 1385 5331 cuntur
1419 5277 1436 5328 :
1465 5276 1797 5353 quorum
1829 5255 2181 5352 quaedam
2224 5255 2317 5330 de
2359 5255 2723 5331 omnibus
2753 5255 3120 5331 dicuntur
3142 5257 3520 5356 personiS,
3571 5258 4065 5357 utdomiuuS,
4095 5287 4317 5341 crea-

1100 5402 1246 5485 tor,
1284 5390 1665 5486 refugium
1707 5413 1723 5465 :
1770 5398 2122 5488 quaedem
2155 5402 2409 5469 autem
2455 5418 2608 5469 non
2638 5392 2734 5469 de
2763 5397 3157 5491 omnibuS,
3209 5403 3292 5469 ut
3318 5394 3677 5486 donatus,
3711 5395 3963 5499 datus,
4001 5402 4308 5481 missus.
