4897 6388
700 5156 903 5203 solutio.

1812 279 1906 393 m
1956 328 1983 394 1
2035 327 2458 401 SENTENT.
2511 334 2739 411 ms‘r.
2796 339 2916 428 lx,
2974 342 3057 421 K,
3109 342 3309 422 ΛΒΤ.
3367 342 3481 420 1&

1041 491 1202 581 quia
1263 515 1403 561 non
1466 506 1643 565 esset
1701 498 1876 566 [ilius
1944 502 2072 567 nisi
2149 513 2321 573 esset
2395 509 2596 598 geni-

1037 605 1172 666 tus.

1127 707 1190 771 2.
1227 707 1426 786 ltem,
1464 706 1809 801 Quidquid
1841 736 2108 808 semper
2136 727 2235 786 est
2282 722 2352 789 in
2381 745 2595 813 gene-

1035 813 1191 888 rari,
1233 838 1613 906 numquam
1648 827 1747 887 est
1786 822 2200 913 completum
2233 851 2354 919 per
2381 854 2597 921 gene-

1035 922 1371 989 rationem
1412 945 1427 991 :
1473 948 1635 1016 ergo
1669 930 1724 994 si
1776 927 1985 998 Filius
2052 955 2320 1027 semper
2384 948 2486 1008 est
2523 943 2594 1009 in

1033 1029 1373 1117 generari,
1419 1031 1631 1101 Filius
1662 1058 2039 1127 numquam
2098 1050 2198 1110 est
2256 1034 2591 1134 perfectus

1035 1142 1103 1204 et
1159 1135 1543 1228 completus
1627 1165 1748 1233 per
1802 1150 2337 1235 generationem,
2408 1158 2594 1246 quod

1035 1243 1281 1312 iterum
1312 1246 1563 1316 falsum
1623 1258 1725 1319 est.
1767 1275 1782 1320 ε
1847 1276 2007 1347 ergo
2052 1262 2399 1349 generatio
2447 1264 2593 1353 ejus

1033 1376 1173 1422 non
1206 1364 1308 1424 est
1337 1356 1631 1428 infinita.

1130 1561 1205 1631 Si
1235 1564 1446 1646 dicaS,
1491 1570 1678 1659 quod
1709 1572 1887 1641 idem
1915 1584 2023 1644 est
2062 1579 2130 1645 in
2178 1583 2495 1670 generari
2526 1593 2595 1653 et

1036 1671 1348 1760 genitum
1387 1684 1559 1745 esse.
1596 1676 1867 1747 Com-mi
1911 1704 1927 1748 :
1978 1683 2116 1750 Aut
2163 1708 2326 1777 ergo
2384 1690 2591 1759 simul

1032 1784 1193 1845 sunt
1222 1778 1583 1850 duratione
1622 1787 1931 1874 generari
1969 1798 2036 1858 et
2071 1794 2380 1882 genitum
2411 1819 2586 1882 esse,

1029 1886 1151 1955 sed
1172 1910 1312 1956 non
1341 1896 1629 1960 natura:
1666 1901 1785 1963 aut
1812 1898 2018 1967 simul
2048 1908 2315 1982 natura,
2342 1912 2410 1973 et
2424 1913 2592 1975 tem·

1026 2017 1219 2085 pore.
1256 1994 1333 2064 Si
1364 2000 1589 2088 primo
1631 2004 1882 2073 modo:
1916 2029 2079 2099 ergo
2119 2015 2429 2101 generari
2488 2023 2590 2087 est

1026 2104 1216 2195 prius
1253 2115 1500 2176 natura
1531 2131 1738 2201 quam
1776 2116 2079 2205 genitum
2123 2142 2269 2190 esse
2315 2147 2331 2192 ε
2376 2125 2585 2194 sedin

1026 2214 1350 2284 omnibus
1382 2215 1632 2288 talibus
1659 2219 1848 2312 prius
1874 2223 2074 2294 infert
2119 2233 2484 2320 posterius,
2518 2244 2588 2304 et

1023 2344 1166 2391 non
1211 2327 1689 2397 convertitur:
1732 2352 1872 2401 non
1929 2333 2112 2403 enim
2176 2341 2485 2432 sequitur
2512 2343 2585 2413 in

1022 2429 1470 2501 millesimum
1503 2457 1787 2518 annum,
1821 2440 1878 2510 si
1928 2443 2235 2533 genitum
2268 2456 2391 2529 est,
2420 2473 2581 2545 ergo

1020 2549 1389 2633 generatur
1430 2566 1446 2612 :
1484 2546 1604 2615 sed
1677 2549 1988 2643 sequitur
2035 2552 2231 2638 bene,
2265 2559 2322 2626 si
2377 2583 2583 2653 gene·

1022 2658 1231 2731 ratur,
1276 2674 1442 2746 ergo
1490 2656 1804 2750 genitum
1835 2666 1937 2729 est
1979 2684 1996 2729 :
2032 2685 2194 2756 ergo
2233 2689 2389 2738 cum
2423 2694 2580 2741 mo·

1018 2759 1107 2828 do
1146 2784 1386 2831 verum
1430 2765 1543 2851 sit,
1606 2770 1786 2858 quod
1859 2768 2067 2841 Filius
2123 2782 2225 2844 est
2273 2779 2572 2872 genitus,

1017 2892 1159 2939 non
1215 2879 1318 2941 est
1373 2897 1616 2944 verum
1676 2879 2323 2974 quod-generatur:
2391 2887 2579 2982 quod

1015 2977 1262 3047 salsum
1292 2986 1419 3061 est,
1454 3005 1611 3051 cum
1644 2987 1923 3078 recipiat
1953 2987 2118 3060 fides
2176 2991 2573 3086 hujusmodi

1015 3085 1424 3167 locutiones,
1469 3088 1682 3161 Filius
1717 3117 1988 3188 semper
2035 3111 2450 3193 generatur:
2500 3113 2577 3177 ut

1015 3192 1128 3264 hic
1163 3194 1409 3287 probat
1439 3198 1792 3293 Magister.

1107 3300 1182 3372 Si
1233 3304 1418 3374 dicas
1448 3308 1632 3399 quod
1669 3315 2020 3402 generatio
2059 3315 2209 3387 Filii
2252 3328 2351 3389 est
2384 3321 2574 3394 finita

1017 3409 1100 3479 ad
1131 3413 1443 3505 genitum
1485 3438 1657 3487 esse.
1713 3416 2001 3491 Videtur
2054 3423 2301 3496 salsum
2366 3452 2566 3504 esse:

1015 3519 1179 3609 quia
1207 3527 1372 3589 tunc
1396 3519 1769 3615 aliquando
1791 3526 2368 3625 fuitincompleta,
2402 3537 2570 3608 etin

1011 3628 1323 3720 genitum
1356 3653 1505 3702 esse
1535 3632 1710 3703 facta
1739 3643 1840 3704 cst
1869 3640 2231 3731 completa.

1100 3734 1465 3817 Praeterea‚
1502 3735 1929 3835 Quandoque
1959 3745 2080 3816 fuit
2112 3748 2181 3817 in
2220 3755 2563 3844 generari,

1010 3845 1428 3937 quandoque
1506 3856 1736 3919 autem
1806 3851 1878 3919 in
1944 3857 2253 3946 genitum
2292 3882 2468 3946 esse,
2502 3870 2572 3932 et

1009 3956 1101 4022 ita
1138 3957 1431 4025 variatio
1476 3966 1578 4026 est
1608 3959 2122 4054 injaeternitate,
2167 3970 2351 4061 quod
2387 3980 2567 4043 stare

1007 4084 1163 4130 cum
1194 4060 1591 4153 praehabitis
1630 4089 1768 4135 uon
1808 4064 2085 4161 potest.'

1099 4168 1284 4251 ires«,
1332 4170 1539 4242 Estne
1599 4178 2109 4250 concedendum
2164 4185 2404 4256 saltem
2446 4211 2566 4257 se·

1006 4279 1306 4348 cundum
1350 4281 1794 4364 intellectum,
1831 4290 2015 4379 quod
2069 4296 2378 4384 generari
2462 4304 2564 4367 cst

1004 4397 1160 4456 ante
1191 4391 1502 4480 genitum
1555 4414 1700 4461 esse
1731 4395 1767 4462 ⁴?
1821 4394 2110 4469 Videtur
2172 4401 2356 4494 quod
2407 4405 2555 4475 sic:

1003 4518 1162 4563 cum
1203 4494 1417 4566 Filius
1476 4520 1616 4569 non
1663 4500 1947 4596 accipiat
1989 4530 2134 4578 csse
2182 4511 2366 4603 quod
2424 4523 2552 4594 est,

1001 4603 1130 4672 nisi
1163 4628 1293 4696 per.
1323 4610 1892 4699 generationem:
1947 4638 2109 4708 ergo
2175 4620 2553 4711 generatio,

1000 4724 1076 4782 ut
1128 4716 1423 4796 videtur,
1493 4729 1593 4788 «est
1669 4731 1849 4793 antc.
1924 4723 1996 4792 Si
2090 4726 2219 4798 hoc
2293 4729 2493 4799 datur
2534 4755 2551 4801 :

1001 4822 1272 4892 Cos-raa
1330 4836 1433 4895 est
1500 4828 1878 4900 intellectus
1944 4838 2367 4921 aeternitatis,
2436 4843 2552 4932 qui

1001 4939 1334 5001 aeternum
1375 4937 1570 5028 ponit
1611 4944 1829 5007 totum
1861 4963 2007 5010 esse
2052 4942 2278 5014 simul.

1089 5143 1406 5216 Somno.
1469 5149 1874 5233 Dicendum,
1935 5158 2118 5249 quod
2169 5165 2296 5230 ista
2357 5187 2553 5256 quae-

994 5255 1125 5325 stio
1160 5258 1228 5324 in
1298 5257 1550 5326 divinis
1607 5283 1746 5331 non
1802 5261 2005 5335 habet
2059 5267 2286 5340 locum
2331 5297 2346 5344 ε
2389 5277 2553 5369 quia

994 5387 1118 5433 nec
1148 5364 1241 5432 ibi
1281 5372 1382 5433 est
1426 5365 1720 5454 linitum,
1754 5392 1878 5439 nec
1909 5373 2270 5447 infinitum.
2308 5379 2552 5452 lntini-

992 5482 1140 5541 tum
1192 5495 1332 5541 non
1372 5481 1523 5542 est:
1571 5477 1732 5567 quia
1760 5477 1929 5549 illud
1958 5492 2059 5552 est
2109 5487 2551 5580 imperfectis·

992 5580 1271 5661 simum,
1341 5581 1536 5671 cujus
1586 5594 1811 5674 partes
1858 5591 2210 5682 accipienti
2276 5619 2549 5690 semper

4118 337 4267 407 299ss

2707 513 2777 580 in
2862 515 3281 583 naturalibus
3344 504 3839 583 mathematicis
3911 514 4254 583 infinitum

2709 644 2846 691 non
2885 631 2988 692 est
3017 623 3144 690 nisi
3184 624 3252 689 in
3282 645 3361 691 eo
3409 623 3592 714 quod
3628 629 3729 690 est
3758 622 4024 689 finitum
4072 631 4249 704 actu,

2712 740 2781 798 et
2863 733 2933 799 in
3015 734 3317 822 potentia
3393 733 3463 798 in
3513 731 3625 800 illo
3681 738 3746 798 et
3829 752 3968 798 non
4034 739 4247 800 actu:

2708 839 3051 907 infinitum
3083 841 3265 908 enim
3321 838 3502 930 quod
3555 837 3911 908 iteratione
3961 839 4102 906 sive
4157 859 4254 907 re-

2709 950 3143 1041 generatione
3173 948 3473 1039 ejusdem
3515 953 3736 1015 motus
3802 945 4036 1015 circuli
4106 948 4250 1016 sine

2709 1058 2954 1149 quietis
2996 1059 3502 1149 interpositione
3533 1064 3638 1125 est
3684 1054 4050 1137 infinitum,
4111 1079 4248 1125 non
4363 1121 4367 1124 Α

2705 1172 2931 1259 potest
2970 1166 3060 1235 ibi
3099 1189 3293 1235 esse:
3348 1166 3507 1257 quia
3555 1187 3691 1234 non
3741 1163 4021 1232 iteratur
4065 1187 4251 1234 sem-

2707 1300 2828 1368 per
2857 1275 3094 1345 eadem
3150 1275 3499 1367 generatio
3545 1274 3691 1343 sine
3757 1273 4006 1366 quiete,
4075 1276 4248 1344 sicut

2706 1391 2935 1453 motus
2965 1382 3197 1452 circuli
3233 1382 3539 1451 infinitus
3582 1382 3825 1450 dicitur
3885 1391 4250 1475 regenera-

2706 1492 2892 1560 tione
2932 1500 3264 1585 quantum
3314 1490 3399 1560 ad
3464 1488 3792 1583 principia
3845 1490 4181 1591 naturalia
4222 1512 4240 1563 t

2702 1599 2883 1668 unde
2926 1599 3114 1668 nullo
3172 1599 3377 1668 modo
3440 1605 3540 1667 est
3587 1597 3678 1665 ibi
3751 1596 4094 1667 infinitum
4148 1600 4245 1669 sic

2703 1715 3082 1801 acceptum,
3115 1709 3243 1776 nisi
3273 1707 3403 1777 hoc
3431 1705 3631 1776 modo
3688 1727 3823 1798 quo
3886 1711 4091 1799 supra
4137 1708 4245 1776 di-

2702 1825 2887 1886 ctum
2945 1826 3069 1898 est,
3129 1815 3311 1909 quod
3365 1817 3707 1886 infinitum
3766 1825 3868 1885 est
3913 1840 4052 1886 non
4094 1817 4243 1887 fini-

2697 1932 2873 2004 tum,
2942 1924 3051 1993 vel
3117 1933 3582 1993 mensuratum
3656 1929 3988 2016 tempore,
4055 1923 4233 2005 loc0,

2699 2030 2808 2101 vel
2867 2041 3199 2126 potestate
3268 2030 3902 2126 comprehendentis
3966 2033 4240 2103 intelle-

2697 2150 2867 2211 ctus.
2924 2141 3221 2210 Finitum
3277 2142 3480 2210 etiam
3544 2147 3814 2213 nonest
3866 2140 4013 2209 ibi:
4076 2143 4236 2235 quia'

2699 2251 2970 2321 finitum
2999 2253 3264 2337 dicitur,
3312 2251 3421 2323 vel
3476 2251 3660 2345 quod
3721 2250 3995 2345 attingit
4038 2275 4236 2322 com-

2693 2357 3113 2451 plementum
3139 2369 3292 2452 post
3327 2366 3620 2445 motum,
3659 2359 3932 2451 quando
3980 2358 4233 2431 scilicet

2691 2473 2848 2555 post
2895 2468 3156 2536 moveri
3212 2474 3312 2536 est
3362 2467 3431 2536 in
3478 2473 3741 2535 motum
3791 2487 3985 2534 esse:
4030 2473 4097 2536 et
4132 2467 4229 2537 sic

2691 2596 2829 2643 non
2855 2581 3079 2666 potest
3109 2595 3253 2643 esse
3292 2574 3362 2644 in
3383 2573 3629 2643 divinis
3665 2571 3938 2666 penitus
3977 2572 4226 2643 immu-

2690 2680 3035 2751 tabilibus.
3113 2680 3268 2751 Alio
3360 2681 3565 2751 modo
3640 2681 3887 2752 dicitur
3959 2682 4227 2754 linitum

2686 2797 3080 2859 contentum
3113 2789 3288 2870 intra
3314 2790 3483 2859 lines
3520 2791 3960 2860 terminantes
4003 2791 4225 2882 ipsum

2685 2900 2888 2981 intra,
2921 2895 3029 2967 vel
3060 2907 3248 2968 extra
3290 2922 3307 2968 ε
3340 2898 3514 2969 sicut
3551 2922 3656 2970 res
3707 2899 4111 2969 terminatur
4138 2901 4225 2969 ad

2685 3008 2975 3077 formam
3006 3016 3072 3077 et
3102 3008 3387 3102 liguram
3428 3032 3648 3090 suam,
3693 3007 3803 3078 vel
3851 3007 3936 3078 ad
3992 3032 4228 3081 essen-

2682 3116 2847 3186 tiam
2940 3140 3160 3198 suam,
3229 3126 3419 3187 extra
3501 3141 3704 3212 quam
3762 3117 3844 3189 de
3918 3141 3990 3187 re
4055 3116 4225 3189 nihil

2681 3238 2806 3298 cst.
2828 3229 3048 3298 Extra
3080 3238 3303 3298 autem
3335 3232 3506 3299 sicut
3546 3253 3648 3299 res
3703 3231 4108 3300 terminatur
4135 3230 4221 3302 ad

2682 3335 2934 3406 locum.
3002 3336 3088 3406 Et
3179 3346 3489 3408 neutrum
3548 3336 3819 3408 illorum
3896 3342 4222 3432 competit

2678 3443 2978 3513 divinis:
3026 3445 3181 3535 quia
3233 3443 3373 3514 Deo
3429 3468 3568 3515 non
3609 3446 4041 3515 constituitur
4082 3455 4221 3516 ter-

2679 3549 2909 3616 minus
2955 3573 3094 3617 sua}
3124 3552 3429 3619 essentiae
3466 3573 3481 3619 ε
3514 3550 3668 3620 licet
3718 3552 3859 3643 ipse
3899 3552 4029 3621 sibi
4061 3551 4221 3620 fini-

2678 3665 2787 3724 tus
2817 3656 2927 3736 sit,
2962 3665 3188 3726 tamen
3220 3680 3357 3726 non
3398 3658 3629 3728 linitur
3665 3657 3750 3726 ad
3788 3657 4046 3752 aliquid
4070 3682 4222 3729 cre-

2677 3770 2928 3832 atum:
2997 3787 3154 3833 cum
3212 3788 3479 3857 semper
3536 3766 3625 3835 sit
3688 3789 3829 3835 non
3888 3766 4211 3848 inclusus,

2675 3868 2795 3940 sed
2860 3880 3048 3941 extra
3108 3874 3744 3965 incomparabiliter.
3804 3872 3999 3944 Unde
4056 3872 4219 3945 dici-

2678 4002 2858 4061 mus,
2920 3979 3103 4072 quod
3166 3981 3513 4073 generatio
3577 3981 3805 4051 divina
3854 4005 3979 4054 uec
4025 3983 4216 4053 linita

2672 4096 2799 4174 est,
2823 4111 2947 4158 uec
2969 4089 3234 4159 infinita
3260 4099 3386 4176 est,
3409 4090 3526 4160 sed
3557 4090 3870 4184 simplex.
3908 4089 4213 4184 Simplex

2672 4196 2883 4280 enim,
2936 4204 3007 4264 ut
3062 4196 3224 4267 dicit
3304 4196 3788 4290 Philosophus,
3869 4222 3994 4268 nec
4064 4200 4215 4268 fini·

2668 4309 2841 4385 tum,
2876 4325 3001 4371 nec
3047 4303 3385 4372 inlinitum
3418 4312 3542 4373 est.

2759 4409 2897 4477 Nec
2937 4408 3064 4478 lioc
3101 4421 3275 4479 esset
3305 4412 3664 4481 dicendum
3694 4413 3879 4505 quod
3921 4436 4212 4507 genera-

2665 4516 2721 4585 ri
2778 4515 3040 4584 differat
3106 4543 3144 4585 a
3208 4521 3513 4611 genitum
3571 4543 3767 4592 esse:
3840 4523 4001 4614 quia
4060 4525 4206 4614 jam

2663 4647 2864 4714 supra
2926 4624 3285 4716 probatum
3334 4637 3459 4708 est,
3511 4629 3690 4722 quod
3740 4639 3842 4699 est
3898 4631 4041 4700 fieri
4089 4630 4210 4700 ali-

2663 4731 2845 4825 quod
2885 4734 3219 4805 anccdcns
3269 4737 3539 4820 Filium,
3587 4762 3710 4808 nec
3751 4740 3926 4809 actio
3977 4741 4203 4833 aliqua

2662 4845 2838 4913 inter
2872 4844 3141 4915 Patrem
3181 4857 3247 4917 et
3284 4850 3556 4936 Filium,
3606 4874 3727 4942 per
3754 4875 3960 4945 quam
4009 4863 4205 4923 exeat

2661 4949 2870 5021 Filius
2908 4978 2947 5022 a
2978 4954 3179 5025 Patre
3214 4980 3230 5026 ε
3265 4958 3383 5027 sed
3411 4962 3757 5051 generatio
3788 4960 3948 5029 dicit
4005 4963 4205 5031 ratio-

2660 5082 2816 5129 nem
2848 5084 2969 5152 per
3006 5086 3211 5155 quam
3251 5065 3462 5136 Filius
3501 5078 3600 5137 est
3629 5092 3669 5137 a
3716 5068 3918 5138 Patre
3953 5093 3969 5139 ε
4023 5071 4200 5141 unde

2656 5173 3004 5261 generatio
3034 5175 3250 5243 active
3283 5174 3616 5244 intellecta
3646 5176 3822 5246 idem
3887 5187 3987 5248 est
4016 5179 4199 5271 quod

2654 5281 3023 5369 paternitas
3096 5281 3206 5349 vel
3265 5281 3485 5364 Pater,
3548 5284 3700 5353 licet
3763 5285 4076 5356 differant
4124 5290 4193 5356 in

2655 5391 2860 5460 modo
2924 5394 3370 5485 significandi.
3435 5394 3783 5479 Similiter,
3849 5402 4195 5492 generatio

2652 5501 2920 5590 passive
2978 5512 3275 5593 accepta,
3336 5503 3514 5571 idem
3580 5513 3681 5573 est
3738 5507 3922 5598 quod
3986 5508 4196 5578 Filius

2652 5605 2967 5677 differens
3022 5610 3093 5677 in
3157 5610 3362 5680 modo
3416 5612 3835 5705 intelligendi
3897 5623 4187 5687 tantum.

992 5694 1095 5755 est
1123 5685 1384 5778 aliquid
1415 5698 1605 5760 extra
1645 5693 1988 5798 accipere:
2031 5707 2095 5767 et
2126 5698 2277 5771 ideo
2335 5707 2539 5777 etiam
2648 5711 2733 5781 Et
2774 5713 2925 5784 ideo
2956 5715 3125 5785 nihil
3159 5726 3258 5786 est
3304 5719 3486 5810 quod
3533 5722 3878 5813 quaeritur,
3939 5725 4183 5796 Utrum
