4897 6388
411 841 490 887 Ad
520 841 559 884 4.

423 2122 492 2165 Διί
523 2123 563 2165 ὅ.

668 329 798 397 492

672 521 749 566 so
790 498 905 566 dat
932 521 1027 578 se,
1064 510 1128 569 et
1167 491 1376 567 mittit
1405 523 1476 568 se
1522 523 1536 568 ε
1580 499 1697 567 sed
1735 521 1873 566 non
1908 521 2029 590 per
2091 496 2219 564 hoc

673 606 931 676 tollitur
967 612 1315 702 generatio
1356 609 1464 677 vel
1493 607 1854 676 causalitas
1892 605 2215 674 inssuendi

675 738 879 805 super
908 716 1141 782 omnia
1180 716 1360 784 dona
1391 725 1638 784 creata.

766 823 869 889 An
906 845 1102 889 Auno
1134 823 1523 901 dicendum,
1561 823 1743 914 quod
1783 821 1994 888 Filius
2025 820 2218 887 datur

675 931 747 996 in
784 952 866 997 eo
907 929 1091 1020 quod
1122 938 1320 996 natus
1360 939 1424 997 et
1461 931 1676 997 factus
1715 937 1814 996 est
1848 952 1862 994 :
1899 937 1967 995 et
2012 929 2081 994 in
2138 948 2215 994 eo

672 1035 854 1126 quod
886 1035 984 1101 sio
1023 1035 1216 1103 datus
1249 1043 1374 1121 est,
1410 1035 1606 1102 datus
1646 1043 1747 1102 est
1777 1036 1848 1101 in
1877 1033 2009 1100 hoc
2038 1033 2216 1100 dono

671 1142 856 1233 quod
911 1144 1344 1232 appropriate
1400 1151 1502 1210 est
1560 1140 1854 1231 Spiritus
1919 1147 2212 1216 sanctuS‚

669 1250 846 1315 sicut
910 1246 1234 1337 Magister
1305 1247 1709 1315 determinat
1754 1248 1824 1313 in
1890 1245 1985 1311 111
2058 1266 2218 1313 sen-

665 1355 1034 1423 tentiarum
1087 1375 1103 1422 :
1172 1354 1377 1433 unde,
1445 1354 1646 1422 Joan.
1727 1377 1823 1434 ιιι,
1892 1354 1971 1421 16
2020 1377 2035 1421 :
2105 1353 2219 1421 Sic

670 1465 857 1531 Deus
896 1461 1145 1528 dilexit
1180 1461 1545 1540 mundum,
1591 1472 1668 1528 ut
1696 1461 1962 1529 Filium
2016 1483 2218 1528 suum

676 1570 1112 1660 uniqenicum
1151 1570 1372 1636 daret.
1437 1569 1646 1636 Filius
1703 1578 1929 1636 autem
1987 1591 2220 1637 secun-

677 1677 838 1744 dum
898 1683 1222 1743 aeternam
1282 1677 1794 1766 generationem
1841 1675 2221 1743 nonhabet

1700 327 1781 397 D.
1833 326 2033 396 ALB.
2083 322 2296 392 MAG.
2350 324 2556 395 om).
2608 326 2904 394 PRAED.

2328 500 2647 586 possibile
2720 507 3013 590 ponatur
3081 486 3380 587 Spiritus
3431 502 3701 560 sanctus
3733 515 3868 559 non

2328 628 2497 688 esse,
2531 611 2835 698 sequitur
2874 606 3057 698 quod
3095 607 3299 672 Pater
3338 610 3402 671 et
3458 602 3671 668 Filius
3730 623 3867 667 non

2329 717 2597 783 mittant
2635 726 2703 785 et
2740 716 2900 784 dent
2937 736 3246 783 amorem
3305 711 3755 802 personalem,
3801 710 3869 774 in

2328 844 2464 910 quo
2494 826 2719 890 omnia
2751 823 2881 890 alia
2912 822 3091 890 dona
3122 821 3368 889 dentur
3404 843 3417 886 :
3463 817 3580 885 scd
3636 817 3869 906 sequi-

2328 937 2458 1008 tur,
2489 930 2670 1020 quod
2703 933 2770 997 in
2802 951 3032 998 amore
3073 926 3412 996 essentiali
3442 926 3685 993 dentur
3740 923 3870 990 do-

2327 1059 2436 1115 na,
2471 1041 2574 1106 cui
2608 1061 2745 1106 non
2784 1038 3100 1106 convenit
3141 1037 3343 1120 mitti,
3389 1058 3513 1102 nec
3542 1030 3868 1123 procede-

2327 1164 2396 1208 re
2426 1143 2883 1233 temporaliter
2910 1142 2993 1209 ab
3026 1143 3212 1231 ipsiS‚
3248 1142 3424 1207 sicut
3460 1161 3582 1205 nec
3640 1158 3873 1214 essen-

2327 1251 2435 1316 tiae
2483 1252 2820 1318 convenit.
2866 1249 3062 1318 Unde
3128 1270 3267 1315 non
3326 1247 3651 1336 sequitur,
3687 1241 3869 1334 quod

2325 1353 2580 1445 aliquid
2642 1358 2972 1446 accipiant
3024 1378 3065 1421 a
3123 1353 3382 1445 Spiritu
3449 1360 3707 1428 sancto,
3752 1349 3867 1416 sed

2328 1463 2508 1550 quod
2577 1471 2735 1530 tunc
2789 1485 2926 1530 non
3004 1464 3277 1528 mittent
3330 1481 3663 1541 amorem,
3741 1477 3865 1524 nec

2328 1575 2628 1662 procedit
2656 1597 2849 1642 amor
2887 1572 3354 1664 temporaliter
3390 1593 3404 1637 ε
3438 1572 3619 1660 ‚quia
3688 1566 3869 1658 quod

2329 1681 2665 1767 processio
2698 1678 3088 1770 temporalis
3116 1679 3189 1745 in
3229 1700 3300 1745 se
3356 1676 3607 1743 claudit
3670 1682 3869 1741 aeter-

678 1784 1013 1851 rationem
1045 1782 1234 1860 doni,
1269 1784 1427 1873 quia
1458 1783 1554 1850 sic
1578 1805 1715 1849 non
1743 1762 1843 1851 est
1871 1806 1910 1850 a
1963 1781 2217 1872 Spiritu

680 1900 914 1961 sancto
959 1914 975 1959 t
1018 1893 1133 1959 sed
1166 1892 1562 1982 temporalis
1589 1893 1733 1980 ejus
1780 1895 2125 1984 generatio
2182 1916 2221 1960 a

683 2000 944 2094 Spiritu
974 2004 1139 2069 etin
1180 1999 1438 2092 Spiritu
1478 2010 1712 2069 sancto
1743 2009 1866 2069 est.

774 2111 880 2177 An
912 2131 1109 2176 Αιιυῐ)
1140 2109 1530 2186 dicendum,
1566 2108 1748 2199 quod
1804 2108 1858 2175 si
1914 2130 2036 2197 per
2091 2107 2223 2174 im-

2330 1787 2514 1864 namss
2574 1787 2702 1855 hoc
2755 1796 2856 1855 est
2911 1810 2995 1855 ex
3059 1786 3472 1876 proprietate
3530 1781 3864 1873 personali

2332 1893 2646 1985 Spiritus,
2682 1918 2820 1963 non
2851 1919 2931 1963 ex
2972 1895 3203 1985 aliquo
3261 1892 3522 1960 defectu
3564 1890 3867 1958 essentiae

2330 2002 2597 2072 divinae.

779 2695 864 2768 B.
912 2695 1182 2768 Utrum
1218 2695 1482 2770 eadem
1515 2694 1811 2768 ratione
1839 2692 2182 2791 Spiritus
2199 2703 2503 2770 sanctus
2530 2683 2840 2771 dicatur'
2868 2695 3185 2789 donum,
3219 2702 3293 2770 et
3329 2695 3588 2770 datum
3617 2695 3775 2768 sive

2067 2828 2428 2905 donatum
2465 2838 2497 2904 ?

775 3168 1161 3247 Proeterea
1190 3172 1603 3271 diligenter
1647 3171 2284 3249 considerandum
2319 3185 2432 3249 est
2464 3198 2636 3249 cum
2670 3171 3001 3271 Spiritus
3031 3180 3347 3248 sanctus
3388 3169 3688 3244 dicatur
3746 3169 3875 3244 do-

671 3329 890 3399 num,
923 3316 998 3380 et
1036 3308 1330 3398 datum,
1379 3319 1634 3383 utrum
1669 3319 1740 3383 et
1771 3307 2036 3385 eadem
2074 3309 2363 3383 ratione
2433 3320 2845 3406 utrumque
2913 3331 3197 3383 nomen
3258 3307 3329 3382 ei
3397 3305 3806 3381 conveniat
3843 3329 3860 3380 :

669 3440 875 3538 quod
922 3441 1188 3539 utique
1230 3443 1473 3518 videri
1526 3454 1799 3543 potest.

1692 3991 1774 4064 C.
1824 3988 2076 4080 Quare
2124 3991 2227 4065 ila
2264 4017 2422 4065 esse
2464 3994 2826 4069 videtur?

754 4362 951 4435 Cum
993 4361 1201 4434 onim
1249 4360 1448 4436 idem
1493 4361 1586 4434 sit
1619 4361 1988 4460 Spiritum
2030 4372 2294 4436 sanctu
2315 4388 2386 4436 m
2421 4364 2608 4449 dari,
2643 4374 2712 4437 et
2746 4364 3115 4463 Spiritum
3151 4374 3503 4438 sanctum
3564 4365 3869 4451 «lunari,

676 4522 772 4573 ex
800 4496 1069 4573 eadem
1115 4497 1409 4571 ratione
1443 4496 1747 4570 videtur
1775 4496 2107 4594 Spiritus
2145 4511 2455 4572 sauctus
2483 4498 2629 4572 dici
2664 4500 2923 4573 datum
2965 4509 3040 4573 et
3079 4498 3400 4574 «tonum.
3442 4500 3602 4574 Hoc
3633 4499 3859 4575 etiam

673 4632 980 4708 videtur
1015 4632 1500 4728 Augustinus
1537 4630 1976 4727 significare
2018 4630 2092 4704 in
2129 4632 2318 4706 libro
2350 4633 2483 4705 XV
2514 4635 2605 4708 de
2647 4634 3043 4724 Trinitate,
3088 4657 3262 4709 cum
3307 4634 3412 4708 ait
3455 4658 3472 4708 ε
3531 4634 3862 4734 Spiritus
3930 4672 3935 4677 ⁷

676 4779 990 4847 sanctus
1047 4767 1122 4842 in
1169 4779 1465 4843 tantum
1507 4766 1798 4841 donum
1853 4765 1991 4841 Dei
2060 4776 2198 4855 est,
2271 4765 2345 4840 in
2424 4780 2798 4867 quantum
2857 4767 3084 4844 datur
3119 4768 3233 4845 eis
3264 4766 3550 4867 quibus
3580 4768 3853 4844 datur:

681 4903 886 5005 apud
928 4926 1010 4979 se
1041 4913 1299 4978 autem
1327 4901 1540 4978 Deus
1568 4911 1712 4995 est,
1754 4898 1895 4976 etsi
1944 4900 2231 4975 nemini
2282 4900 2575 4976 datur⁸.
2658 4904 2848 4979 Ecce
2906 4913 3166 5003 aperte
3234 4900 3419 4978 dicit
3492 4901 3860 5003 Spiritum

664 5049 1018 5117 sanctum
1059 5038 1349 5112 donum
1386 5035 1790 5137 appellari,
1836 5034 2016 5134 quia
2055 5034 2302 5109 datur.
2350 5037 2427 5111 Si
2470 5047 2723 5114 autem
2764 5062 2858 5112 ex
2905 5061 2998 5113 eo
3076 5047 3374 5112 tantum
3429 5040 3859 5137 appellatur

664 5174 985 5266 donum,
1021 5172 1202 5270 quia
1231 5171 1485 5265 datur,
1531 5195 1684 5245 non
1720 5170 1815 5244 ab
1854 5177 2145 5243 interno
2178 5169 2310 5243 suit
2353 5171 2670 5265 donum,
2705 5172 2887 5268 quia
2920 5194 3070 5245 non
3106 5170 3334 5245 datur
3365 5170 3511 5246 nisi
3553 5195 3644 5247 ex
3678 5183 3860 5246 tem-

662 5329 874 5407 pore.

730 5662 747 5697 ¹
782 5660 836 5716 S.
870 5642 1408 5730 Acccsrnxcssbib.
1442 5661 1533 5713 xv
1564 5660 1636 5717 de
1666 5660 1971 5732 Trinitate,
2001 5676 2130 5733 cap.
2162 5661 2248 5718 19.
