4897 6388
658 335 786 404 336

653 504 889 592 recipit
920 485 1118 569 Pater
1146 525 1182 568 a
1219 502 1385 568 Filio
1424 523 1437 565 :
1474 522 1635 590 crgo
1667 499 1956 579 videtur,
2014 497 2195 588 quod

654 611 944 699 Spiritus
984 634 1118 677 non
1161 609 1362 677 habet
1391 608 1891 698 processionem
1933 628 2082 696 quae
2110 606 2196 671 sit

652 721 720 785 in
759 719 1003 786 divinis
1033 742 1070 785 a
1103 718 1268 784 Filio
1305 720 1369 781 in
1405 716 1697 782 Patrem.

737 830 801 896 8.
840 829 1035 909 Item,
1060 828 1275 893 Amor
1302 824 1637 915 gratuitus
1670 844 1749 888 ex
1780 821 1927 888 sola
1956 820 2193 888 libera-

648 933 834 1000 litate
899 931 1225 1021 procedit,
1291 939 1364 995 ut
1430 927 1590 994 dicit
1665 925 2040 993 Richardus
2110 924 2191 991 de

649 1049 880 1108 sancto
913 1039 1182 1106 Victore
1220 1058 1234 1105 ε
1270 1060 1462 1104 amor
1492 1043 1717 1102 autem
1750 1034 2012 1101 debitus
2052 1055 2192 1099 ma-

647 1150 750 1238 gis
790 1172 870 1215 ex
903 1147 1428 1236 debitojustitiae
1466 1168 1478 1210 :
1537 1166 1694 1211 cum
1761 1166 1922 1233 ergo
1989 1141 2191 1208 Pater

648 1253 815 1321 nihil
837 1254 1077 1322 debeat
1107 1253 1302 1336 Filio,
1329 1252 1445 1318 scd
1466 1252 1697 1318 omnia
1731 1249 1941 1316 Filius
1975 1249 2181 1330 Patri,

643 1362 913 1429 videtur
971 1362 1154 1451 quod
1185 1383 1322 1427 non
1361 1357 1677 1426 exhibeat
1735 1356 1952 1434 Filius,
2002 1355 2188 1420 Patri

645 1492 946 1537 amorem
980 1470 1390 1557 gratuitum:
1427 1465 1537 1533 hic
1576 1471 1803 1530 autem
1836 1470 1936 1530 cst
1968 1461 2187 1550 Spiri-

645 1583 752 1645 tus
782 1583 1090 1643 sanctus:
1125 1597 1286 1664 ergo
1318 1596 1456 1640 non
1497 1580 1598 1646 est
1634 1571 1974 1659 processio
2015 1591 2053 1635 a
2087 1568 2187 1633 Fi-

643 1681 734 1749 lio
777 1683 846 1748 in
875 1681 1174 1748 Patrem.
1217 1679 1352 1748 Sed
1389 1679 1445 1745 si
1474 1680 1627 1768 quis
1684 1675 1887 1743 vellet
1924 1674 2054 1742 hoc
2083 1673 2186 1739 di-

641 1812 815 1866 cere,
859 1791 1165 1879 sequitur
1222 1810 1305 1854 ex
1356 1785 1488 1852 hoc
1536 1782 1717 1875 quod
1775 1782 1984 1848 Filius
2048 1803 2185 1848 non

642 1896 865 1987 diligit
919 1896 1186 1962 Patrem
1235 1915 1468 1961 amore
1516 1892 1837 1982 gratuite,
1880 1899 1947 1957 ct
2001 1889 2184 1979 quod

637 2027 777 2072 non
797 2003 1019 2097 diligit
1037 2025 1193 2070 eum
1218 1999 1473 2091 Spiritu
1494 2003 1762 2066 sancto:
1783 2020 1935 2087 quoe
1953 1998 2183 2064 omnia

637 2122 796 2181 sunt
830 2122 1063 2181 contra
1095 2110 1504 2178 Sanctorum
1542 2106 1999 2174 auctoritates,

725 2225 792 2290 9.
827 2218 1297 2301 Praeterea,1n
1344 2213 1652 2284 circulari
1708 2222 1901 2280 motu
1966 2235 2178 2280 unum

638 2337 740 2399 est
776 2331 1186 2420 principium
1228 2326 1404 2394 unde
1461 2333 1715 2405 motus,
1784 2326 1958 2392 sicut
2014 2324 2181 2392 dex-

634 2446 815 2506 trum
878 2460 894 2505 :
939 2436 1121 2505 aliud
1161 2443 1387 2504 autem
1444 2442 1544 2503 est
1582 2431 1763 2501 unde
1813 2429 2177 2524 regyratiO,

636 2545 757 2613 sed
795 2568 933 2613 non
966 2544 1144 2612 unde
1186 2550 1434 2625 motus,
1469 2542 1629 2631 quia
1658 2563 1797 2608 non
1826 2549 1927 2609 est
1953 2548 2178 2607 motus

637 2653 768 2720 nisi
806 2677 844 2720 a
885 2653 1142 2720 dextro.
1170 2650 1270 2719 Ita
1296 2651 1566 2718 videtur
1593 2670 1740 2716 esse
1771 2649 1841 2717 in
1873 2649 1999 2716 ista
2024 2671 2180 2738 pro·

638 2759 940 2827 cessione
1000 2785 1015 2826 :
1079 2756 1261 2849 quod
1317 2757 1501 2825 enim
1561 2754 1855 2845 Spiritus
1906 2763 2176 2823 sanctus

636 2867 938 2958 procedit
963 2891 1000 2934 a
1043 2866 1234 2943 l·'ili0‚
1268 2863 1398 2932 hoc
1429 2863 1699 2931 habeta
1739 2862 1962 2943 l‘atre,
1997 2872 2063 2932 et
2089 2863 2179 2930 ita

637 2974 908 3041 videtur
971 2973 1192 3041 adhuc
1228 2970 1472 3040 salvari
1522 2969 1896 3038 similitudo
1952 2981 2177 3039 motus

635 3082 1026 3172 processivi.

731 3192 835 3257 10.
874 3186 945 3253 Si
991 3186 1158 3255 l'orte
1189 3174 1397 3264 dicim,
1449 3185 1623 3252 sicut
1662 3183 1936 3274 quidam
1987 3184 2178 3254 dixe-

639 3307 821 3377 runt,
853 3296 1035 3387 quod
1067 3320 1203 3363 non
1234 3306 1335 3363 est
1367 3294 1453 3361 ibi
1488 3292 1863 3360 similitudo
1908 3317 2176 3384 proces·

638 3407 851 3473 sionis
916 3404 997 3472 ad
1060 3412 1322 3471 motum
1356 3399 1639 3471 localem
1688 3402 2174 3491 processivum,

639 3536 720 3580 co
745 3512 923 3603 quod
951 3511 1157 3578 Filius
1188 3533 1323 3577 non
1357 3520 1454 3578 cst
1489 3518 1559 3577 ut
1625 3508 1707 3576 ad
1767 3530 1968 3597 quem
2008 3510 2181 3576 sicut

639 3619 722 3686 ad
754 3619 1120 3687 terminum
1178 3616 1496 3709 procedat
1546 3615 1842 3706 Spiritus
1878 3624 2174 3692 sanctus,

638 3737 712 3797 ut
744 3731 833 3797 ita
863 3730 949 3796 sit
987 3728 1357 3796 similitudo
1394 3726 1848 3819 processionis
1887 3727 1953 3793 in
1989 3735 2177 3794 motu

642 3845 824 3904 recto
858 3857 874 3904 ε
911 3858 1032 3904 nec
1068 3834 1272 3902 Filius
1310 3843 1414 3903 est
1452 3841 1525 3900 ut
1566 3857 1688 3924 per
1716 3857 1917 3923 quem
1951 3857 2179 3923 regre-

638 3945 865 4013 diatur
893 3946 958 4012 in
1003 3944 1295 4029 Patrem,
1331 3944 1492 4034 quia
1529 3944 1626 4012 sic
1667 3943 1876 4011 Filius
1904 3942 2179 4012 liaberet

638 4054 958 4122 virtutem
991 4053 1405 4121 deiicientem
1435 4052 1518 4120 ad
1567 4053 1960 4143 spirandum
2021 4052 2178 4145 Spi-

636 4159 864 4241 ritum,
899 4161 1070 4242 sicut
1099 4168 1194 4226 est
1226 4159 1494 4227 sinistra
1524 4158 1844 4227 deliciens
1874 4170 2176 4250 respectu

630 4264 922 4334 dextrae:
958 4266 1072 4333 sed
1104 4274 1202 4333 est
1234 4267 1321 4334 ibi
1364 4266 1704 4356 processio
1734 4267 1904 4334 sicut
1934 4291 2175 4335 causa-

629 4379 772 4439 tum
808 4374 1108 4463 procedit
1164 4397 1201 4441 a
1262 4396 1489 4441 causa.
1536 4374 1636 4452 Si,
1708 4374 2012 4465 inquam,
2081 4376 2175 4444 sic

627 4479 913 4560 dicatur,
946 4481 1261 4549 videntur
1300 4481 1465 4548 salsa
1521 4481 1751 4549 omnia
1782 4505 1931 4572 quae
1970 4506 2172 4574 supra

625 4587 1073 4656 determinata
1105 4597 1259 4655 sunt
1308 4588 1388 4654 de
1422 4589 1605 4655 exitu
1640 4597 1711 4655 ut
1745 4613 1957 4658 nexus
2005 4600 2067 4658 et
2103 4599 2174 4657 ut

626 4696 851 4763 unitas
891 4705 955 4763 et
988 4705 1059 4761 ut
1116 4695 1508 4783 conjunctio
1558 4694 1918 4764 amborum
1955 4720 1970 4763 ε
2033 4720 2170 4765 non

624 4804 807 4870 enim
837 4804 1179 4893 conjungit
1213 4813 1564 4870 causatum
1595 4802 1780 4870 aliud
1810 4828 1963 4871 cum
2004 4828 2168 4873 cau-

622 4931 738 4976 sa:
773 4934 935 5000 ergo
976 4910 1270 4987 videtur,
1308 4908 1492 4999 quod
1521 4907 1743 4978 adhuc
1776 4911 1945 4979 redit
1983 4912 2166 5002 quod

620 5016 1078 5084 sitcircularis
1121 5017 1363 5092 exituS,
1410 5024 1481 5082 ut
1533 5018 1600 5082 in
1651 5025 1839 5083 motu
1894 5040 2164 5107 proces-

622 5124 769 5191 sivo
829 5125 1258 5213 progreditur
1329 5147 1523 5191 amor
1595 5146 1680 5192 ex
1745 5134 2014 5193 amante
2097 5127 2163 5193 in

620 5237 921 5298 amatum
962 5240 1027 5299 et
1056 5233 1220 5299 redit
1250 5234 1319 5299 in
1347 5240 1716 5299 amantem.

717 5342 816 5406 ll.
856 5339 987 5405 Seu
1017 5364 1299 5408 coxrnA:
1333 5341 1790 5408 Damascenus
1825 5365 1840 5408 :
1873 5375 1902 5401 ιι
1930 5342 2165 5410 Credi-

621 5467 771 5511 mus
801 5445 869 5511 in
906 5468 1114 5512 unum
1174 5448 1501 5537 Spiritum
1572 5456 1885 5515 sanctum
1942 5448 2162 5516 Deum

694 5676 710 5712 ¹
741 5675 795 5731 S.
826 5677 875 5732 J.
910 5677 1292 5743 ὓΑιιΑευι-ζκικε,
1325 5677 1446 5732 Lib.
1483 5679 1523 5747 l,
1547 5694 1677 5749 cap.
1719 5680 1798 5733 lO.

1678 332 1762 399 D.
1805 331 2001 404 ALB.
2046 330 2260 398 MAG.
2316 329 2522 398 ΟΜ).
2579 330 2873 397 l'RAEl).

2309 506 2374 563 et
2412 498 2869 566 vivificantem
2906 490 3233 567 ex'l‘atr‘c
3260 500 3760 589 procedentem,
3794 509 3859 565 ct

2306 603 2376 669 in
2409 603 2579 671 Filio
2622 607 3156 695 requiescentem
3199 591 3241 676 ¹.
3290 633 3321 671 n
3359 607 3536 697 Ergo
3566 605 3854 687 videtur,

2304 711 2490 799 quod
2520 734 2560 777 a
2617 711 2817 779 Patre
2868 713 3215 804 procedat,
3262 726 3328 781 et
3394 737 3531 781 non
3572 721 3859 781 reverta-

2303 823 2413 879 tur
2458 837 2471 882 :
2508 824 2575 883 et
2615 816 2705 883 ita
2746 817 3013 884 videtur
3072 820 3494 907 processivus
3534 820 3707 886 sumi
3750 817 3853 885 vel

2302 920 2384 986 ad
2421 923 2943 992 similitudinem
3003 927 3257 993 causati
3318 926 3399 993 de
3458 949 3684 1005 causa,
3746 926 3847 994 vel
3918 993 3925 1000 .

2267 1017 2384 1094 'ad
2424 1030 2941 1100 similitudinem
2997 1044 3226 1100 motus
3268 1036 3427 1101 rec-ti
3477 1057 3561 1102 cx
3600 1035 3748 1101 aliis
3786 1043 3852 1102 et

2302 1138 2368 1204 in
2401 1137 2611 1206 aliud.

2391 1245 2584 1322 item,
2661 1246 2955 1337 Spiritus
3015 1258 3287 1316 sanctus
3347 1249 3685 1338 processio
3751 1256 3850 1316 est

2295 1354 2677 1421 secundum
2703 1356 3039 1446 originem
3078 1376 3094 1425 ε
3131 1358 3291 1446 quia
3331 1355 3689 1446 procedere
3719 1355 3845 1423 sihi

2296 1460 2378 1527 ab
2409 1461 2543 1528 alio
2575 1470 2674 1528 est
2713 1485 2859 1531 esse
2913 1461 2996 1529 ab
3053 1462 3185 1532 alio
3232 1486 3246 1529 :
3293 1463 3669 1530 secundum
3700 1465 3844 1530 ori—

2293 1569 2523 1658 ginem
2556 1577 2784 1636 autem
2824 1593 2964 1638 non
2998 1571 3302 1660 procedit
3333 1572 3463 1638 nisi
3495 1579 3842 1639 causatum

2294 1697 2329 1741 a
2361 1698 2564 1743 causa
2602 1699 2615 1743 ε
2653 1699 2815 1768 ergo
2870 1678 3161 1757 videtur,
3224 1679 3409 1769 quod
3452 1678 3580 1746 hoc
3636 1678 3841 1747 modo

2292 1794 2602 1851 sumatur
2633 1785 3004 1854 in'diviniS.

2384 1999 2691 2068 Somno.
2732 2000 3134 2079 Dicendum,
3180 2001 3362 2091 quod
3387 2000 3570 2068 nulla
3608 2002 3839 2069 simili-
3917 2043 4114 2091 Somno,

2289 2108 2453 2175 tudo
2484 2109 2858 2177 secundum
2896 2109 3254 2178 veritatem
3286 2119 3509 2200 potest
3544 2109 3836 2180 demon-

2286 2224 2498 2283 strare
2536 2218 3044 2306 processionem
3087 2227 3436 2301 aeternam,
3489 2219 3664 2287 sicut
3710 2242 3834 2288 nec

2288 2322 2439 2389 Filii
2506 2324 3015 2414 generationem
3060 2334 3370 2394 :ttamen
3463 2326 3830 2414 secundum

2285 2429 2569 2522 aliquid,
2603 2430 2805 2523 longe
2864 2433 3308 2501 similitudine
3366 2443 3661 2525 sumpta,
3728 2458 3837 2502 su·

2288 2540 2496 2606 mitur
2560 2541 2729 2608 ratio
2785 2543 3243 2630 processionis
3302 2566 3340 2610 a
3402 2544 3831 2633 processione

2285 2648 2569 2727 causati,
2613 2655 2678 2715 et
2705 2647 3083 2717 secundum
3115 2649 3297 2717 aliud
3328 2673 3370 2716 a
3397 2652 3826 2740 processione

2287 2762 2514 2822 motus
2541 2755 2936 2844 processivi.
2974 2752 3269 2847 Spiritus
3314 2758 3499 2825 enim
3566 2767 3834 2827 sanctus

2282 2863 2589 2951 procedit
2618 2865 2879 2933 ratione
2918 2887 3227 2955 personat
3259 2865 3593 2936 distincta)
3620 2891 3660 2935 a
3696 2867 3834 2935 l'a-

2283 2978 2384 3039 tre
2413 2980 2482 3038 ct
2511 2970 2709 3049 Filio.
2733 2979 2808 3039 ut
2836 2971 2921 3039 ab
2954 2993 3093 3040 uno
3116 2973 3486 3063 principio:
3523 2982 3590 3043 et
3610 2974 3832 3064 quoad

2281 3078 2415 3146 hoc
2453 3078 2748 3145 sumitur
2787 3080 3005 3170 magis
3049 3079 3426 3162 similitudo
3480 3105 3521 3148 a
3570 3103 3829 3171 proces·

2281 3187 2472 3255 sione
2503 3186 2756 3255 causati
2798 3209 2837 3254 a
2889 3209 3118 3267 causa,
3154 3188 3351 3279 'quod
3402 3190 3829 3280 processione

2282 3298 2387 3364 sui
2418 3295 2558 3363 exit
2582 3294 2666 3376 ab
2716 3319 2794 3362 ea
2833 3304 2898 3364 et
2946 3295 3390 3387 distinguitur
3432 3297 3516 3364 ab
3575 3322 3701 3367 ea:
3767 3309 3832 3369 et

2281 3415 2447 3473 noto
2475 3405 2682 3474 modo
2709 3428 2986 3474 causam
3018 3406 3449 3485 efficientem,
3504 3417 3572 3477 ct
3606 3432 3831 3479 causa·

2282 3523 2425 3582 tum
2483 3536 2702 3581 causa}
2770 3513 3124 3582 efficientis
3183 3515 3522 3584 effectum.
3580 3518 3830 3587 Secun-

2280 3619 2443 3687 dum
2478 3629 2706 3688 autem
2747 3621 2927 3711 quod
2979 3622 3348 3690 attenditur
3387 3624 3630 3692 modus
3669 3650 3829 3717 pro-

2281 3727 2633 3803 cessionis,
2675 3730 2833 3817 quia
2863 3728 3117 3797 scilicet
3158 3730 3457 3819 procedit
3484 3738 3556 3799 ut
3585 3755 3775 3800 amor
3807 3755 3823 3802 ε

2282 3838 2377 3904 sic
2444 3835 2648 3903 habet
2705 3834 3349 3910 similitudinem.ad
3415 3839 3596 3909 aliud
3649 3841 3830 3931 quod

2281 3951 2380 4010 est
2413 3943 2481 4009 in
2514 3952 2703 4010 motu
2748 3943 3162 4031 processivo,
3205 3944 3375 4011 sicut
3407 3945 3492 4012 ad
3525 3970 3824 4016 amorem

2283 4050 2395 4141 qui
2440 4058 2670 4117 movet
2703 4051 2767 4115 in
2804 4050 3193 4140 processivo
3246 4061 3431 4119 motu
3471 4076 3487 4120 ε
3542 4053 3824 4145 diligens

2280 4158 2464 4225 enim
2496 4155 3006 4247 quodammodo
3047 4157 3392 4246 egreditur
3422 4162 3486 4227 in
3522 4184 3657 4229 rem
3720 4162 3827 4228 di-

2280 4263 2551 4341 lectam,
2586 4272 2652 4331 et
2706 4263 2992 4331 dilectus
3043 4264 3110 4330 in
3166 4265 3584 4356 rediligendo
3651 4292 3826 4359 quo-

2278 4372 2649 4440 dammodo
2707 4371 3109 4461 regreditur,
3166 4381 3229 4440 et
3298 4375 3437 4463 ipse
3496 4398 3690 4444 amor
3727 4386 3823 4445 cst

2278 4480 2577 4548 medium
2617 4478 2973 4568 egrediens
3010 4479 3096 4546 ab
3137 4482 3256 4547 eis.
3298 4480 3376 4547 Et
3426 4484 3649 4573 quoad
3695 4483 3826 4554 hoc

2276 4595 2373 4655 est
2394 4586 2769 4655 similitudo
2801 4586 2953 4655 licet
2985 4588 3231 4678 exigua
3262 4588 3349 4656 ad
3380 4601 3641 4660 motum
3675 4617 3823 4684 pro·

2272 4696 2634 4763 cessivum.
2684 4694 2818 4762 Sed
2849 4694 3076 4785 quoad
3117 4695 3248 4765 hoc
3304 4697 3485 4788 quod
3528 4698 3819 4791 Spiritus

2274 4811 2547 4871 sanctus
2578 4811 2679 4870 cst
2710 4801 3036 4869 ineadem
3078 4805 3370 4871 essentia
3419 4829 3573 4873 cum
3625 4807 3821 4875 Patre

2273 4920 2339 4979 et
2371 4910 2567 4995 Filio,
2592 4919 2691 4979 est
2713 4910 3194 4979 dissimilitudo
3217 4913 3298 4980 ad
3322 4916 3820 5004 processionem

2273 5020 2529 5087 causati
2571 5042 2608 5086 a
2657 5041 2912 5086 causa:
2970 5022 3130 5109 quia
3185 5030 3534 5090 causatum
3603 5046 3821 5092 causae.

2273 5126 2627 5194 efficientis
2670 5149 2806 5193 non
2838 5134 2937 5194 est
2970 5126 3274 5214 ejusdem
3307 5131 3614 5199 essentiae
3666 5155 3819 5199 cum

2269 5259 2496 5302 causa.
2535 5234 2778 5314 Quoad
2808 5234 2939 5301 hoc
2959 5256 3123 5302 vcro
3159 5237 3342 5326 quod
3374 5262 3511 5307 non
3542 5247 3643 5309 est
3673 5264 3821 5330 pro·

2268 5345 2483 5411 cessio
2516 5342 2773 5410 distans
2839 5363 2960 5432 per
2996 5338 3225 5410 locum
3277 5352 3341 5411 et
3390 5356 3678 5426 motum,
3721 5357 3820 5415 est

2267 5448 2749 5518 dissimilitudo
2782 5449 2866 5516 ad
2896 5458 3163 5517 motum
3197 5455 3681 5541 processivum.
