4897 6388
2121 197 2219 262 IN
2265 195 2297 263 1
2345 194 2773 322 S„ENTENT·
2827 196 3055 266 ms‘r.
3110 198 3165 278 1,
3218 147 3302 266 H}
3707 228 3710 231 -
4219 201 4303 266 47

1641 708 1734 783 1⁴1.
1805 711 2081 787 Utrum
2123 709 2519 801 utendum,
2565 732 2668 781 an
2715 705 3142 801 fruendum
3171 705 3274 779 sic
3305 705 3709 780 virtutibus
3739 706 3784 781 ,9

1194 1070 1339 1145 Hic
1404 1068 2052 1145 considerandum
2121 1079 2262 1163 est,
2368 1069 2639 1144 Utrum
2721 1069 3139 1144 virtutibus
3206 1071 3303 1144 sit
3364 1070 3759 1162 utendum,
3847 1092 3943 1142 an
4037 1068 4300 1142 fruen-

1093 1206 1279 1307 ‹1an
1315 1205 1357 1277 ⁶?
1434 1204 1909 1292 Quibusdam
1982 1204 2290 1279 videtur
2363 1205 2570 1302 quod
2614 1204 2729 1279 eis
2771 1204 2871 1279 sit
2913 1206 3317 1298 utendum,
3381 1214 3454 1280 et
3515 1228 3668 1279 non
3714 1203 4121 1277 fruendum
4167 1227 4182 1277 :
4230 1214 4305 1277 et

1095 1343 1244 1416 hoc
1319 1337 1784 1413 confirmant
1840 1337 2293 1414 auctoritate
2368 1338 2788 1435 Augustini
2831 1342 2877 1431 ¹,
2942 1339 3105 1436 qui,
3189 1348 3273 1413 ut
3346 1348 3843 1438 praetaxatum
3903 1345 4043 1431 est,
4124 1337 4306 1411 dicit

1096 1498 1253 1549 non
1295 1497 1465 1550 esse
1505 1475 1917 1550 fruendum
1968 1471 2119 1547 nisi
2176 1470 2572 1567 Trinitate,
2635 1472 2712 1546 id
2771 1483 2913 1568 est,
2960 1496 3266 1547 summo
3316 1482 3391 1549 et
3420 1470 4024 1548 incommutabili
4069 1471 4297 1545 bono.

1096 1611 1316 1705 Item,
1395 1610 1667 1684 dicunt
1733 1607 1904 1683 ideo
1982 1631 2142 1683 non
2201 1629 2369 1683 esse
2430 1607 2850 1684 fruendum
2920 1609 3031 1684 eis
3105 1633 3120 1684 ε
3203 1607 3387 1706 quia
3435 1618 3746 1707 propter
3803 1629 3886 1682 se
3952 1607 4304 1682 amandae

1097 1768 1254 1827 non
1315 1753 1525 1839 sunt,
1597 1743 1726 1818 sed
1807 1752 2123 1843 propter
2170 1751 2544 1836 aeternam
2603 1742 3194 1818 beatitudinem.
3253 1743 3448 1817 lllud
3524 1753 3777 1817 autem
3830 1764 3982 1839 quo
4048 1741 4299 1815 fruen-

1098 1880 1283 1955 dum
1326 1887 1470 1974 est,
1503 1888 1819 1977 propter
1865 1901 1949 1953 se
1989 1852 2409 1953 amandum
2453 1886 2594 1954 est.
2642 1876 2795 1954 Sed
2857 1879 3063 1975 quod
3107 1879 3429 1952 virtutes
3469 1888 3779 1976 propter
3824 1899 3905 1952 se
3953 1876 4304 1951 amandae

1100 2038 1260 2090 non
1300 2008 1493 2109 sint,
1566 2013 1722 2088 imo
1796 2022 2110 2111 propter
2166 2012 2733 2090 beatitudinem
2811 2013 3086 2107 solam,
3133 2012 3464 2110 probant
3524 2010 3970 2087 auctoritate
4043 2013 4311 2108 Augu-

1103 2147 1318 2244 stini,
1364 2146 1500 2246 qui
1548 2146 1626 2221 in
1671 2146 1867 2222 libro
1907 2147 2086 2221 Xlll
2147 2146 2242 2221 de
2312 2147 2713 2235 Tm‘m'lale,
2769 2157 3039 2222 contra
3102 2147 3475 2244 quosdam
3521 2147 3676 2220 ait:
3723 2147 3940 2219 Forte
3998 2144 4321 2219 virtutes

1103 2308 1301 2385 quas
1341 2292 1660 2383 propter
1698 2284 1944 2359 solam
2016 2283 2572 2360 beatitudinem
2624 2307 3010 2376 amamuS,
3065 2283 3175 2358 sic
3217 2282 3441 2358 nobis
3498 2282 3958 2382 persuadere
3998 2280 4310 2374 audent,

1105 2431 1191 2496 ut
1255 2418 1504 2519 ipsam
1559 2417 2114 2495 beatitudinem
2185 2442 2339 2492 non
2410 2441 2769 2494 amemus
2813 2441 2829 2492 :
2877 2417 3084 2516 quod
3154 2417 3216 2492 si
3270 2416 3582 2505 faciunt,
3631 2416 3856 2491 etiam
3920 2414 4133 2514 ipsas
4175 2413 4325 2487 uti-

1104 2578 1258 2655 que
1323 2577 1587 2631 amare
1647 2535 2122 2644 desistimus»,
2193 2553 2506 2653 quando
2559 2553 2777 2629 illam
2838 2563 3153 2651 propter
3208 2576 3441 2651 quam
3526 2553 3764 2626 solam
3845 2551 4028 2625 istas
4103 2573 4321 2624 ama-

1102 2689 1389 2783 vimuS,
1456 2713 1609 2765 non
1680 2712 2035 2764 amamus
2064 2682 2114 2761 ⁸.
2181 2690 2376 2764 Ecce
2440 2688 2565 2763 his
2616 2687 2881 2764 verbis
2956 2687 3263 2762 videtur
3326 2686 3804 2784 Augustinus
3879 2685 4309 2777 ostendere,

1106 2824 1313 2922 quod
1386 2821 1709 2897 virtutes
1739 2846 1891 2897 non
1960 2832 2272 2920 propter
2332 2847 2437 2909 se,
2498 2821 2632 2898 sed
2699 2832 3015 2921 proptor
3079 2822 3323 2897 solam
3378 2820 3924 2896 beatitudinem
3967 2818 4316 2893 amandae

1107 2956 1287 3033 sint.
1371 2955 1593 3042 Quod
1652 2956 1714 3029 si
1793 2956 1894 3029 ita
1962 2963 2104 3049 est,
2184 2978 2369 3053 ergo
2437 2956 2551 3032 eis
2629 2956 3044 3033 fruendum
3117 2980 3271 3030 non
3343 2964 3482 3030 est.
3557 2954 3744 3029 Aliis
3799 2976 3984 3028 vero
4052 2962 4318 3026 contra

1102 3090 1440 3187 videtur,
1495 3090 1791 3167 scilicet
1855 3089 2064 3189 quod
2142 3090 2554 3166 fruendum
2626 3090 2743 3166 eis
2801 3091 2899 3166 sit
2956 3115 2971 3165 :
3052 3091 3236 3188 quia
3316 3099 3625 3189 propter
3680 3112 3760 3164 se
3831 3087 4176 3185 petcndze
4245 3095 4319 3161 et

1101 3223 1457 3300 amandoe
1532 3232 1741 3301 sunt.
1814 3224 1906 3298 Et
1982 3224 2127 3299 hoc
2208 3221 2678 3299 confirmant
2754 3224 3208 3298 auctoritate
3276 3222 3657 3298 Ambrosii
3734 3220 3865 3318 qui
3920 3220 4021 3293 ait
4081 3242 4313 3317 super

1094 3357 1284 3433 illud
1337 3360 1594 3434 locum
1666 3357 2029 3458 Epistola}
2087 3358 2181 3434 ad
2260 3359 2507 3435 Galat.
2557 3386 2632 3450 v,
2678 3360 2772 3432 22
2841 3384 2857 3434 ε
2908 3361 3243 3434 Fructus
3289 3364 3546 3434 antem
3613 3357 3930 3454 xpim'lus
3988 3362 4101 3429 est
4137 3353 4321 3430 clea-

1092 3493 1312 3590 ritoe,
1352 3494 1758 3593 qaecdium,
1795 3518 1987 3594 pac,
2020 3494 2433 3594 patientia,
2482 3506 2601 3572 etc
2636 3524 2683 3569 υ.
2735 3495 2881 3570 llic
2923 3520 3073 3568 nnn
3122 3494 3460 3568 nominat
3506 3517 3767 3591 opera,
3803 3491 3940 3566 sed
3998 3492 4312 3579 fructus,

1096 3628 1284 3727 quia
1323 3637 1639 3728 propter
1668 3652 1749 3704 se
1783 3629 2113 3727 petenda
2173 3639 2354 3704 sunt
2401 3653 2418 3705 :
2465 3630 2529 3703 si
2601 3654 2792 3705 vero
2848 3640 3160 3728 propter
3218 3655 3300 3704 se
3336 3628 3660 3727 petenda
3719 3634 3925 3719 sunt,
3992 3649 4176 3721 crgo
4234 3634 4306 3700 et

1094 3771 1408 3862 propter
1434 3785 1517 3838 se
1551 3763 1914 3837 ainanda.

1193 3896 1352 3971 Nos
1391 3908 1653 3971 autem
1699 3897 1971 3970 harum
2047 3920 2227 3995 qum
2275 3897 2586 3996 videtur
2630 3898 3209 3972 'attctnritatmn
3268 3895 3854 3995 repugnantiam
3921 3895 4014 3969 ‹le
4057 3895 4320 3969 medio

1092 4032 1432 4109 eximere
1495 4029 1927 4131 cupienteS,
1996 4030 2329 4108 dicimus
2382 4031 2586 4131 quod
2634 4031 2962 4106 virtutes
3019 4042 3332 4131 propter
3369 4056 3450 4105 se
3503 4030 3849 4129 petendm
3905 4038 3976 4103 ct
4036 4053 4306 4104 aman-

1090 4165 1209 4241 da·
1286 4175 1496 4260 sunt,
1577 4174 1961 4242 ettamen
2028 4178 2338 4266 propter
2417 4167 2662 4240 solam
2737 4165 3364 4242 beatitudinem:
3450 4176 3757 4264 propter
3840 4191 3921 4240 se
4002 4164 4313 4263 quidem

1093 4299 1452 4375 amandae
1491 4309 1703 4393 sunt,
1748 4300 1935 4398 quia
2000 4301 2381 4376 delectant
2451 4300 2573 4375 sui
2613 4324 3109 4399 possessores
3172 4301 3474 4376 sincera
3541 4310 3610 4373 ct
3651 4310 3916 4373 sancta
3978 4299 4314 4375 delecta-

1091 4436 1329 4528 tione,
1376 4443 1453 4509 et
1531 4432 1606 4507 in
1665 4433 1779 4509 eis
1836 4434 2154 4533 pariunt
2219 4435 2593 4533 gaudium
2667 4435 3103 4535 spirituale.
3172 4434 3716 4509 Verumtamen
3779 4457 3932 4506 non
4003 4444 4117 4507 est
4192 4433 4313 4508 hie

1091 4568 1715 4663 consistendum,
1758 4569 1891 4644 sed
1947 4571 2147 4645 ultra
2215 4570 2765 4667 gradiendum.
2838 4571 3010 4644 Non
3078 4571 3200 4644 hic
3244 4572 3529 4645 luvreat
3595 4568 4027 4644 dilectionis
4100 4593 4305 4665 gres·

1094 4729 1260 4801 sus,
1331 4728 1588 4804 neque
1640 4704 1765 4780 hic
1831 4705 1930 4778 sit
2000 4705 2439 4783 dilectionis
2529 4706 2910 4782 terminus
2991 4729 3007 4780 :
3083 4704 3218 4780 sed
3308 4706 3676 4780 referatur
3738 4704 3881 4776 linc
3954 4704 4049 4778 ad
4118 4704 4304 4780 illud

1096 4864 1492 4916 summum
1560 4839 1881 4936 bonum,
1926 4841 2049 4916 cui
2117 4841 2263 4917 soli
2318 4842 2642 4917 omnino
2697 4841 3249 4918 inliwrendum
3291 4850 3465 4915 est:
3522 4839 3703 4937 quia
3757 4838 3946 4913 illud
4001 4849 4313 4939 propter

1094 4984 1508 5052 setantum
1552 4974 1972 5060 amandum
2005 4984 2148 5070 est,
2205 4985 2277 5050 et
2340 4977 2539 5051 ultra
2600 4976 2793 5051 illud
2875 4975 3066 5050 nillil
3137 4974 3646 5073 quit-rendum
3689 4983 3798 5047 cst
3873 4995 3889 5046 :
3953 4973 4140 5047 illud
4196 4983 4310 5049 est

1160 5340 1177 5373 ¹
1210 5337 1267 5392 S.
1302 5341 1678 5404 Aenesi-mus,
1711 5336 1836 5393 Lib.
1868 5337 1890 5390 1
1920 5334 1995 5391 de
2026 5335 2307 5392 Doctrina
2336 5335 2688 5403 christiana,
2711 5352 2842 5408 cap.
2878 5338 2969 5392 33.

1158 5426 1184 5463 ‘
1211 5428 1366 5497 Inna,
1402 5426 1531 5484 Lib.
1562 5427 1689 5483 xm
1718 5427 1790 5483 de
1819 5426 2132 5493 Trinitate,
2161 5442 2293 5498 cap.
2325 5427 2382 5483 8.

1171 5516 1197 5554 ³
1227 5520 1489 5577 Habetur
1518 5519 1579 5576 in
1609 5518 1812 5577 Glossa
1836 5516 2233 5587 interlineari,
2265 5534 2445 5591 super
2475 5519 2602 5576 hoec
2635 5518 2815 5576 verba
2849 5515 3133 5590 Apostoli,
3167 5514 3241 5571 ad
3269 5514 3454 5571 Galat.
3492 5533 3545 5584 v,
3572 5521 3659 5573 22.
