4897 6388
744 3572 930 3628 Queat.

1802 234 1897 301 IN
1940 234 1973 300 Ι
2012 229 2436 299 SENTENT.
2488 226 2716 295 DIST.
2768 226 2855 306 ΙΙ,
2909 226 2994 304 D.
3046 228 3248 295 ART.
3306 232 3413 299 11.

1003 407 1261 477 Omnes
1326 416 1551 477 autem
1608 407 1752 472 istae
1816 404 2267 472 derivationes
2323 401 2556 470 dicunt

1004 540 1203 608 opuS.
1247 518 1427 606 Ergo
1469 515 1648 581 Deus
1688 521 1787 581 est
1825 535 2075 581 nomen
2114 512 2554 603 operationis,

1011 634 1078 692 et
1105 647 1245 692 non
1273 634 1550 690 naturae.

1096 734 1161 799 2.
1201 732 1399 808 Item,
1434 729 1801 822 Dionysius
1839 732 1910 798 in
1946 730 2118 799 libro
2167 732 2249 799 de
2284 730 2561 798 Divinis

1006 837 1402 906 nominibus
1432 862 1453 904 .·
1486 838 1819 906 Divinitas
1857 839 2101 907 dicitur
2131 861 2281 929 quoe
2328 837 2561 905 omnia

1006 945 1194 1014 videt
1269 946 1693 1037 providentia
1750 956 1816 1015 et
1878 946 2180 1013 bonitate
2237 944 2554 1036 perfecta,

1009 1054 1244 1122 omnia
1308 1055 1878 1144 circumspicieuS,
1931 1062 1997 1122 et
2052 1056 2429 1132 continenS‚
2495 1062 2561 1121 et

1009 1165 1080 1231 in
1146 1166 1368 1255 seipsa
1420 1163 1735 1254 implenS,
1795 1172 1862 1231 et
1924 1164 2253 1232 excedens
2330 1164 2562 1230 omnia

1007 1275 1443 1366 providentia
1472 1275 1615 1364 ipsa
1653 1274 1909 1341 utentia
1940 1274 1984 1343 ¹.
2034 1274 2394 1342 Providere
2435 1295 2564 1340 au-

1010 1389 1175 1460 tem,
1248 1378 1552 1468 implere,
1612 1386 1679 1445 et
1736 1379 2077 1446 continere
2135 1380 2563 1468 operationes

1009 1496 1192 1555 sunt.
1280 1486 1459 1576 Ergo
1526 1484 1709 1552 Deus
1792 1492 1891 1552 cst
1972 1507 2223 1553 nomen
2319 1506 2565 1575 opera-

1011 1594 1242 1663 tioniS.

1100 1700 1402 1780 3.1tem,
1456 1700 1795 1767 Maximus
1856 1723 1872 1768 z
1931 1699 2078 1768 Hoc
2140 1721 2393 1768 nomen
2426 1715 2564 1777 θεός

1012 1809 1358 1878 derivatur
1395 1830 1435 1875 a
1475 1806 1711 1875 Graeco
1740 1806 1949 1875 verbo
1983 1824 2302 1898 οιωρὲω-ῶ,
2338 1807 2405 1874 id
2437 1815 2561 1889 cst,

1011 1916 1240 1997 video,
1274 1918 1417 1985 sive
1463 1915 1910 2006 contemplor,
1956 1918 2097 1984 sive
2150 1915 2507 1984 considero
2547 1939 2562 1982 :

1013 2022 1125 2092 vel
1188 2028 1230 2092 a
1265 2022 1475 2092 verbo
1523 2039 1654 2104 οὲω,
1697 2021 1764 2090 id
1821 2031 1943 2103 est,
2003 2023 2254 2092 circuio
2317 2046 2334 2091 :
2405 2023 2568 2114 quia

1018 2132 1250 2201 omnia
1289 2131 1767 2221 circumspicit,
1828 2138 1890 2199 et
1928 2133 2160 2199 omnia
2213 2130 2572 2221 providen-

1020 2242 1116 2308 tia
1199 2239 1434 2307 circuit
1505 2262 1519 2306 :
1580 2238 2093 2329 circumspicere
2187 2246 2440 2318 autem,
2503 2247 2570 2306 et

1021 2347 1304 2417 circuire
1353 2355 1510 2415 sunt
1559 2347 1986 2437 operationes
2026 2370 2042 2415 :
2087 2370 2249 2438 ergo
2301 2356 2404 2416 est
2448 2369 2572 2415 no-

1023 2478 1182 2524 men
1224 2455 1660 2545 operationis,

1112 2564 1178 2630 4.
1213 2561 1401 2630 Idem
1458 2584 1577 2654 per
1630 2562 1962 2630 rationem
2019 2561 2395 2653 probatur:
2433 2585 2570 2631 non

1023 2671 1208 2738 enim
1255 2667 1460 2737 habet
1507 2690 1756 2736 nomen
1822 2668 1948 2736 nisi
2004 2667 2234 2737 datum
2283 2691 2323 2736 a
2369 2668 2572 2738 nobis

1022 2777 1578 2847 nominantibus:
1610 2800 1737 2845 nos
1765 2786 1990 2846 autem
2018 2801 2158 2846 non
2214 2779 2575 2871 cognosci-

1024 2909 1179 2953 mus
1218 2887 1441 2977 ipsum
1470 2886 1601 2952 nisi
1631 2907 1750 2975 per
1777 2906 1986 2975 opera
2026 2907 2042 2952 ε
2085 2908 2248 2978 ergo
2277 2884 2568 2962 videtur,

1024 2994 1211 3085 quod
1269 3015 1404 3061 non
1462 2993 1590 3060 nisi
1631 2992 1715 3060 ab
1773 2993 2090 3083 operibus
2138 2994 2574 3061 nominamus

1023 3126 1183 3172 eum
1217 3125 1233 3171 ε
1278 3125 1432 3171 cum
1463 3102 1668 3193 igitur
1702 3124 2024 3170 vocemus
2054 3105 2274 3194 ipsum
2323 3103 2572 3183 Deum,

1025 3211 1297 3280 videtur
1353 3210 1534 3301 quod
1566 3210 1751 3278 Deus
1793 3214 1881 3280 sit
1920 3235 2173 3280 nomen
2236 3213 2575 3304 operatio·

1030 3319 1162 3399 nis,
1205 3327 1274 3386 et
1309 3341 1449 3387 non
1477 3328 1759 3388 naturae.

1126 3534 1457 3604 Uaramus
1505 3534 1831 3624 quoeritur
1868 3535 2065 3622 juxta
2121 3532 2275 3614 hoc,
2338 3533 2581 3602 Utrum

1038 3643 1362 3712 divinitas
1398 3639 1981 3710 communicabilis
2021 3642 2106 3708 sit
2145 3650 2493 3709 creaturae.

1139 3752 1198 3818 l.
1237 3749 1542 3827 Videtur,
1576 3748 1758 3839 quod
1796 3749 1890 3815 sic
1924 3771 1941 3816 2
1975 3748 2133 3839 quia
2182 3771 2384 3839 super
2423 3747 2589 3816 illud

1042 3859 1379 3953 Apostoli,
1423 3860 1450 3927 Ι
1489 3858 1572 3927 ad
1603 3857 1908 3930 Corinth.
1941 3882 2083 3938 vm,
2118 3862 2159 3928 ὅ
2220 3882 2235 3928 t
2281 3861 2464 3929 Nam
2503 3872 2591 3929 et·

1038 3972 1103 4036 si
1163 3978 1326 4037 sunt
1363 3970 1484 4060 qui
1521 3968 1841 4035 dicantur
1912 3968 2016 4034 dia·
2045 3991 2068 4035 .·
2112 3967 2352 4036 Glossa
2399 3968 2588 4051 dicit,

1042 4077 1556 4168 participatione
1611 4075 1982 4142 divinitatis
2033 4098 2048 4142 ε
2097 4098 2260 4166 ergo
2297 4075 2594 4159 videtur,

1045 4183 1231 4275 quod
1294 4182 1610 4250 divinitas
1687 4184 1773 4249 sit
1854 4183 2249 4251 attributum
2318 4185 2385 4250 in
2454 4182 2597 4250 Deo

1047 4291 1231 4383 quod
1262 4299 1359 4358 est
1392 4289 1854 4381 participabile
1885 4313 1922 4357 a
1953 4300 2282 4371 creatura,
2318 4299 2382 4359 et
2414 4313 2601 4360 com-

1051 4397 1490 4467 municabile.

1138 4509 1203 4574 2.
1258 4505 1454 4585 ltem,
1506 4504 1832 4573 Cantatur
1878 4505 1959 4574 de
1998 4505 2264 4574 Christo
2304 4529 2319 4574 ε
2361 4532 2396 4569 ι
2431 4505 2602 4574 Lar-

1047 4614 1231 4707 gitus
1277 4620 1377 4680 est
1424 4610 1621 4679 nobis
1661 4609 1976 4679 deitatem
2029 4634 2045 4680 :
2103 4638 2137 4675 n
2186 4636 2348 4705 ergo
2406 4634 2603 4681 com-

1054 4718 1465 4789 municabile
1498 4729 1598 4789 est
1630 4743 1878 4788 nomen
1909 4718 2198 4790 deitatis.

1142 4831 1210 4899 3.
1245 4828 1439 4905 hem,
1476 4828 1552 4897 In
1583 4828 1856 4897 Psalmo
1888 4852 2111 4912 cxxxi,
2152 4832 2193 4898 6
2227 4853 2243 4898 ε
2296 4834 2452 4922 qu
2491 4830 2607 4898 di-

1050 4939 1342 5009 25:12&
1387 4939 1564 5005 estis.
1626 4937 1734 5018 Et,
1806 4938 1873 5006 in
1929 4938 2143 5009 Exod.
2195 4963 2314 5017 vn.
2382 4942 2441 5018 1,
2521 4939 2608 5008 ad

1055 5046 1340 5140 Moysen
1380 5068 1395 5113 z
1434 5046 1775 5115 Constitui
1829 5055 1892 5114 te
1927 5049 2149 5115 Deum
2189 5047 2603 5116 Pharaonis.

1058 5155 1258 5235 ltem,
1302 5155 1457 5223 Diis
1506 5176 1640 5222 non
1690 5153 2040 5222 detrahes-¹
2070 5176 2086 5226 :
2121 5178 2284 5248 ergo
2342 5156 2611 5224 videtur

1062 5261 1248 5355 quod
1276 5285 1526 5331 nomen
1566 5261 1697 5331 hoc
1725 5262 1811 5330 sit
1837 5262 2426 5332 communicabile.

1154 5372 1221 5439 4.
1266 5369 1462 5455 Item,
1526 5369 1686 5440 Sive
1742 5371 1918 5440 dicat
1963 5372 2489 5463 providentiam,
2532 5378 2609 5441 ut

1141 5610 1159 5648 ¹
1192 5608 1248 5663 S.
1281 5608 1593 5674 Dioxvsics,
1627 5608 1705 5665 De
1733 5606 1945 5664 divinis
1975 5607 2339 5674 nominibus,
2361 5626 2491 5683 cap.
2520 5611 2605 5665 12.

1367 5739 1475 5779 xxv

2665 384 2825 468 dicit
2863 400 3356 481 DamascenuS,
3402 397 3548 464 sive
3617 391 4088 466 circuitionem
4154 401 4223 465 et

2663 511 3184 587 continentiam,
3228 509 3373 576 sive
3412 507 3621 574 etiam
3652 506 3881 596 ignem
3926 504 4226 573 charita-

2665 621 2752 685 tis
2791 627 3313 686 consumentem
3352 622 3709 707 peccatum
3753 635 3769 681 ι
3805 615 4041 681 omnia
4105 612 4224 681 illa

2665 725 3268 795 communicabilis.
3345 734 3506 792 sunt
3578 732 3905 792 creaturae
3967 743 3982 788 t

2667 844 2992 904 creaturae
3051 834 3438 924 provident,
3501 840 3767 916 curant,
3846 842 3912 900 ot
3995 833 4226 899 inten-

2669 945 2838 1012 dunt
2872 967 2886 1011 :
2933 966 3097 1036 ergo
3127 942 3398 1010 videtur
3450 965 3597 1011 esse
3637 939 4224 1010 communicabilis

2669 1056 2906 1123 deitas·

2758 1166 2822 1231 5.
2863 1162 3060 1242 Item,
3104 1162 3318 1230 Actus
3360 1183 3535 1252 quos
3573 1160 3770 1251 ponit
3820 1159 4221 1249 DionysiuS,

2668 1271 3057 1362 providere,
3099 1270 3411 1347 circuire,
3472 1269 3783 1359 implere,
3846 1268 4223 1346 continere,

2670 1380 2903 1446 omnia
2932 1375 3538 1446 communicabilis.
3566 1384 3727 1443 sunt
3760 1398 3774 1442 :
3832 1397 3994 1466 ergo
4031 1373 4230 1443 vide-

4133 225 4298 295 65·

4269 376 4284 384 Α

4063 723 4225 811 quia
4350 768 4354 772 »

2669 1495 2805 1564 tur,
2833 1484 3019 1576 quod
3041 1484 3255 1552 deitas
3277 1484 3482 1552 etiam
3504 1479 4094 1551 communicabilis
4110 1481 4222 1550 sit.
4331 1492 4334 1495 ’

2763 1593 2896 1662 San
2944 1616 3200 1661 commi
3242 1614 3257 1658 ε

2764 1706 2826 1772 1.
2886 1702 3135 1769 Errant
3203 1702 3319 1793 qui
3377 1707 3648 1792 ponunt
3710 1700 3938 1791 plures
3995 1700 4219 1769 deos:

2673 1833 2836 1901 ergo
2883 1809 3179 1887 videtur,
3218 1808 3405 1900 quod
3481 1809 3695 1877 deitas
3739 1807 3828 1876 sit
3865 1807 4088 1876 forma
4126 1808 4230 1875 in-

2672 1916 3268 1987 communicabilis
3306 1917 3637 1985 creaturis
3669 1939 3687 1986 :
3724 1938 3886 2008 ergo
3929 1914 4222 1993 videtur,

2673 2026 2861 2118 quod
2913 2048 3056 2094 non
3113 2031 3405 2117 possunt
3478 2046 3626 2093 esse
3691 2023 3785 2092 dii
3853 2023 3972 2115 qui
4019 2021 4228 2093 creati

2674 2140 2858 2202 sunt.

2765 2242 2825 2308 2.
2893 2238 3090 2318 Item,
3151 2237 3575 2306 Anselmus:
3619 2235 3805 2306 Deus
3861 2243 3965 2304 est
4005 2235 4230 2323 majus

2678 2369 2884 2439 quam
2962 2346 3333 2437 excogitari
3396 2345 3616 2438 possit
3681 2365 3699 2414 ε
3794 2342 3913 2412 sed
4007 2344 4232 2433 majus

2679 2477 2885 2546 quam
2953 2453 3240 2545 cogitari
3306 2453 3526 2544 possit
3579 2473 3719 2519 non
3783 2456 4008 2541 potest
4083 2471 4231 2518 esse

2677 2559 3252 2631 communicabile
3290 2559 3603 2651 pluribus
3638 2581 3654 2627 :
3698 2580 3861 2650 ergo
3892 2580 4033 2626 non
4070 2564 4231 2648 pot-

2678 2678 2779 2738 est
2833 2668 3330 2738 communicari
3375 2690 3392 2733 z
3456 2675 3522 2735 et
3577 2667 3675 2735 sic
3721 2665 4045 2735 divinitas
4101 2665 4231 2735 erit

2678 2777 3082 2847 attributum
3115 2774 3785 2845 incommunicabile.

2773 2989 3106 3059 Uaramus
3145 2990 3502 3080 quaeritur,
3554 2988 3772 3057 Penes
3826 2985 3991 3079 quid
4051 2985 4233 3056 acci-

2682 3100 2910 3190 piatur
2948 3121 3278 3167 numerus
3307 3097 3814 3168 derivationum
3860 3097 4236 3166 Damasce-

2683 3209 2781 3286 ni,
2814 3215 2878 3275 et
2918 3215 3196 3275 actuum
3235 3205 3604 3299 Dionysii?

2781 3424 3026 3493 Annuc,
3083 3425 3290 3492 etiam
3348 3423 3704 3514 quaeritur,
3763 3420 4005 3490 Glossa
4055 3419 4239 3488 enim

2690 3554 2897 3621 super
2953 3530 3331 3621 Epistolam
3401 3531 3693 3621 primam
3749 3527 3836 3596 ad
3929 3525 4238 3596 Corinth.

2692 3661 2838 3719 vin,
2882 3640 2949 3716 5,
2994 3636 3182 3719 dicit,
3218 3635 3404 3727 quod
3439 3636 3620 3705 Deus
3658 3635 3905 3704 dicitur
3958 3632 4247 3725 triplici-

2695 3754 2822 3822 ter,
2885 3745 3144 3813 scilicet
3223 3741 3674 3822 substantive,
3769 3740 4115 3832 adoptive.
4181 3747 4250 3809 et

2698 3853 3164 3943 nuncupative
3234 3873 3253 3920 t
3323 3849 3677 3919 dubitatur
3728 3852 3939 3927 enim,
4006 3847 4253 3919 Utrum

2699 3962 3051 4053 aequivoce
3090 3958 3355 4028 dicatur
3382 3958 3466 4028 de
3498 3958 3658 4027 illis.

2800 4079 2857 4144 1.
2884 4077 2972 4146 Et
3002 4075 3299 4156 videtur,
3334 4076 3521 4167 quod
3549 4077 3687 4144 sic:
3719 4074 3882 4166 quia
3910 4076 4263 4166 aequivoca

2704 4193 2864 4252 sunt
2923 4207 3220 4276 quorum
3286 4183 3511 4252 solum
3589 4206 3845 4252 nomen
3894 4205 4265 4254 commune

2705 4301 2832 4372 est,
2867 4300 2930 4360 et
2965 4293 3138 4359 ratio
3179 4290 3579 4360 substantiae
3622 4299 3723 4361 est
3760 4291 4075 4363 diversa:
4148 4292 4269 4362 sed

2709 4400 2818 4468 hie
2848 4399 3074 4468 solum
3115 4421 3372 4468 nomen
3401 4422 3770 4469 commune
3810 4408 3937 4478 est,
3990 4409 4057 4469 et
4094 4402 4267 4470 ratio

2710 4506 3108 4577 substantiae
3138 4506 3411 4576 diversa
3444 4530 3460 4576 :
3507 4530 3672 4600 ergo
3728 4507 4079 4600 aequivoce
4107 4507 4273 4578 dici-

2709 4628 2820 4687 tur
2848 4616 2932 4684 de
2965 4615 3126 4686 illis.

2802 4729 2868 4794 2.
2896 4722 3084 4792 ldem
3109 4723 3380 4794 videtur
3407 4724 3619 4816 accipi
3651 4748 3735 4795 ex
3765 4732 3954 4794 textu
3985 4723 4267 4805 ibidem.

2716 4833 2832 4901 ubi
2876 4830 3067 4914 dicit,
3136 4834 3296 4903 Etsi
3328 4843 3491 4902 sunt
3529 4834 3654 4926 qui
3719 4833 4045 4902 dicantur
4104 4833 4211 4903 dia·
4243 4856 4273 4906 .·

2714 4963 2853 5010 non
2885 4941 3076 5026 dicit,
3110 4941 3227 5033 qui
3257 4948 3440 5009 sunt.

2806 5053 2872 5120 3.
2946 5049 3135 5119 Idem
3203 5073 3289 5120 ex
3346 5049 3554 5119 modo
3622 5049 3947 5142 loquendi
4015 5048 4273 5121 Glossae

2717 5181 2868 5251 quae
2905 5156 3096 5239 dicit,
3140 5155 3322 5248 quod
3351 5156 3600 5226 dicitur
3638 5157 3991 5249 tripliciter
4051 5180 4069 5227 ε
4111 5158 4276 5250 quia

2716 5266 2989 5335 videtur
3017 5264 3435 5357 distinguere
3474 5264 3934 5358 significatum
3960 5267 4177 5347 vocis,
4206 5275 4275 5336 et

2716 5398 2859 5444 non
2884 5375 3400 5468 suppositorum
3433 5397 3451 5444 :
3486 5374 3641 5444 talis
3668 5383 3898 5446 autem
3927 5375 4270 5446 distinctio

2789 5608 2812 5644 ⁸
2840 5606 3023 5664 Exod.
3056 5622 3193 5675 xxn,
3225 5608 3316 5664 28.

4253 1602 4355 1650 Sed
4373 1606 4546 1650 contra

4286 3002 4476 3059 omi.
4501 3002 4546 3050 2.

4295 3438 4485 3496 Quat.
4512 3441 4561 3493 8.
