4897 6388
652 332 779 424 364

1011 897 1018 903 .
1119 845 1622 914 ARTlCULUS
1665 845 1716 910 Ι.

654 1065 902 1150 Qualis
942 1073 1038 1130 est
1066 1063 1458 1153 differentia
1475 1060 1934 1149 qenerationis
1954 1068 2016 1125 et
2037 1080 2199 1150 pro-

1030 1170 1347 1237 cessionis
1387 1169 1458 1233 in
1507 1166 1816 1236 divinis?

738 1493 979 1562 Incidit
1007 1499 1237 1559 autem
1277 1488 1559 1557 dubium
1593 1488 1769 1555 circa
1796 1487 2096 1577 primum
2118 1484 2201 1552 de

648 1586 1029 1671 differentia
1084 1595 1547 1699 generationis
1611 1603 1678 1662 et
1717 1594 2194 1684 processionis.

646 1709 935 1778 Videtur
965 1714 1193 1775 autem
1225 1703 1415 1771 nulla
1444 1724 1589 1769 esse
1619 1700 1999 1769 differentia
2028 1700 2197 1768 mul·

645 1820 731 1888 tis
762 1815 1165 1897 rationibuS,
1200 1834 1489 1903 quarum
1522 1809 1838 1901 quaedam
1868 1817 2027 1876 sunt
2055 1808 2203 1876 uni-

642 1926 964 2004 versaleS,
1009 1933 1077 1992 et
1131 1920 1520 2013 probabiles
1566 1918 1926 2009 :quaedam
1972 1925 2200 1985 autem

644 2035 963 2128 propriae.

731 2136 1169 2212 Universales
1208 2144 1370 2207 sunt
1397 2136 1544 2204 istae
1575 2157 1591 2201 ε

735 2253 798 2319 1.
860 2247 1045 2317 Inter
1081 2245 1380 2336 speciem
1428 2250 1493 2311 et
1549 2263 1770 2333 genus
1824 2238 2204 2308 differentia

650 2380 791 2425 non
831 2355 1242 2444 assignatur,
1274 2348 1395 2417 sed
1427 2349 1602 2415 inter
1640 2345 1933 2437 speciem
1965 2353 2032 2413 et
2058 2367 2206 2435 spe·

653 2462 825 2530 ciem
864 2458 1170 2550 ejusdem
1202 2455 1473 2548 generis
1515 2475 1533 2522 2
1583 2474 1742 2521 cum
1792 2473 1958 2543 ergo
1999 2472 2202 2518 omne

651 2567 832 2658 quod
864 2566 1187 2641 nascitur,
1222 2559 1566 2653 procedat,
1601 2570 1668 2626 et
1695 2580 1835 2626 non
1858 2580 1894 2626 e
1925 2579 2205 2626 conver-

647 2699 750 2753 so,
801 2681 878 2741 ut
924 2672 1086 2740 dicit
1123 2672 1193 2737 in
1233 2670 1364 2736 ista
1408 2666 1699 2735 lectione
1751 2664 2199 2756 Augustinus,

650 2784 828 2850 inter
857 2777 1371 2871 generationem
1401 2781 1467 2843 et
1496 2773 2002 2866 processionem
2040 2771 2204 2838 nul-

651 2889 716 2958 la
746 2898 847 2958 est
875 2887 1281 2965 differentia,
1315 2891 1391 2951 ut
1418 2881 1708 2950 videtur.

738 3000 805 3064 2.
841 2994 1039 3071 item,
1083 2992 1181 3060 Ea
1212 3013 1364 3083 quae
1420 2989 1848 3078 distinguunt
1877 2984 2208 3077 hyposta-

649 3127 757 3171 ses
787 3102 1091 3192 ejusdem
1132 3108 1424 3181 naturae,
1459 3104 1576 3164 aut
1612 3093 1934 3162 disserunt
1963 3114 2210 3159 nume-

652 3234 755 3293 ro,
825 3218 942 3278 aut
1000 3208 1251 3298 specie.
1314 3205 1386 3271 Si
1448 3226 1734 3271 numero
1800 3224 1816 3269 ε
1878 3199 2009 3269 hoc
2062 3221 2205 3267 non

653 3325 873 3410 potest
931 3339 1076 3384 esse
1140 3337 1155 3382 :
1219 3314 1381 3405 quia
1437 3310 1706 3379 diss'erre
1744 3330 2061 3387 numero,
2104 3316 2208 3375 est

650 3425 921 3495 differre
973 3423 1253 3491 materia
1313 3442 1330 3488 ε
1385 3442 1548 3510 ergo
1593 3419 1648 3486 si
1698 3418 2211 3507 distinguuntur

651 3533 1054 3624 hypostases
1091 3529 1342 3597 divinae
1410 3533 1698 3604 naturas,
1739 3546 1863 3615 per
1922 3546 2003 3591 ea
2059 3544 2208 3614 quae

651 3639 975 3707 disserunt
1006 3637 1228 3727 specie
1282 3640 1553 3724 oportet
1589 3631 2005 3721 distinguere
2039 3650 2056 3699 z
2091 3628 2209 3697 sed

652 3746 1015 3839 procedere
1045 3751 1112 3811 et
1156 3742 1340 3811 nasci
1385 3762 1524 3809 non
1564 3740 1883 3806 differunt
1932 3738 2152 3828 specie
2185 3758 2202 3803 ε

653 3877 816 3947 ergo
847 3854 1021 3920 inter
1041 3874 1122 3919 ea
1162 3848 1303 3918 non
1332 3858 1433 3917 est
1464 3846 1617 3916 talis
1647 3846 2023 3914 dill'erentia
2053 3868 2206 3936 quae

651 3961 1089 4032 constitutiva
1136 3958 1225 4025 sit
1263 3955 1684 4025 diversarum
1732 3975 2205 4047 personarum.

745 4074 811 4140 3.
881 4069 1077 4146 item,
1147 4064 1497 4156 Quidquid
1551 4062 1926 4131 secundum
2001 4085 2208 4130 unam

657 4180 987 4250 rationem
1020 4177 1121 4243 sui
1156 4174 1456 4243 nominis
1515 4172 1820 4263 pluribus
1862 4172 2207 4254 convenit,

659 4310 796 4356 non
830 4282 1185 4373 distinguit
1232 4280 1410 4347 inter
1465 4278 1580 4346 illa
1637 4297 1654 4347 ε
1717 4283 1880 4369 er'go
1928 4301 1967 4345 a
2006 4277 2208 4344 simili

661 4389 992 4485 quidquid
1047 4386 1421 4456 secundum
1468 4408 1676 4452 unam
1729 4384 2060 4452 rationem
2104 4386 2205 4452 sui

664 4498 962 4569 nominis
991 4495 1315 4562 convenit
1335 4492 1504 4561 Filio
1536 4501 1598 4560 et
1633 4491 1915 4582 Spiritui
1947 4499 2206 4568 sancto,

662 4629 800 4675 non
840 4602 1194 4693 distinguit
1246 4603 1422 4667 inter
1463 4598 1704 4667 Filium
1763 4606 1827 4667 et
1880 4598 2210 4689 Spiritum

661 4723 967 4781 sanctum
1029 4728 1047 4779 2
1118 4708 1484 4799 procedere
1539 4716 1769 4773 autem
1834 4705 2208 4774 secundum

664 4843 871 4888 unam
911 4818 1245 4886 rationem
1275 4816 1379 4883 sui
1420 4816 1718 4882 nominis
1747 4816 2066 4883 convenit
2099 4815 2211 4882 Fi-

663 4928 752 4995 lio
780 4936 847 4994 et
889 4923 1169 5016 Spiritui
1223 4930 1460 4990 sancto
1513 4944 1528 4990 τ
1581 4945 1743 5009 ergo
1791 4944 1929 4988 non
1969 4921 2210 4988 distin-

661 5036 809 5126 guit
839 5035 1012 5101 inter
1039 5053 1182 5099 eos.

748 5142 813 5208 4.
867 5140 1229 5214 Praeterea,
1277 5137 1376 5205 Ex
1414 5138 1706 5227 propriis
1742 5135 2011 5203 videtur
2048 5159 2213 5226 pro-

664 5250 833 5332 bari,
876 5249 1056 5339 quod
1111 5246 1298 5315 nulla
1346 5246 1726 5314 differentia
1775 5248 1860 5313 sit
1917 5266 1933 5312 ε
1985 5245 2210 5312 omnis

661 5360 842 5426 enim
883 5357 1223 5423 emanatio
1255 5354 1361 5422 vel
1404 5355 1625 5420 ssuxus
1654 5354 1939 5442 alicujus
1969 5353 2050 5420 de
2081 5352 2212 5419 ali-

662 5487 822 5556 quo,
874 5472 989 5530 aut
1039 5462 1480 5552 distinguitur
1516 5484 1722 5551 penes
1762 5461 2128 5527 terminum
2170 5484 2207 5528 a

662 5593 825 5662 qu0,
858 5578 977 5637 aut
1012 5569 1454 5659 distinguitur
1477 5590 1685 5658 penes
1725 5568 2094 5635 terminum
2123 5569 2207 5635 ad

664 5699 894 5770 quem,
952 5687 1070 5743 aut
1123 5697 1331 5766 penes
1386 5675 1601 5764 ipsam
1674 5677 2201 5753 emanationem,

1629 354 1711 423 D.
1749 353 1965 451 ‚ALB.
2015 349 2234 420 MAG.
2288 348 2497 419 ORD.
2551 351 2850 424 PRAED.

2307 531 2422 590 aut
2458 547 2670 614 penes
2729 525 2863 593 duo
2912 515 3187 593 illorum
3237 547 3684 615 quaecumque
3722 529 3858 593 sint

2307 630 2537 709 simul,
2572 641 2688 700 aut
2714 655 2922 722 penes
2952 635 3182 701 omnia
3212 633 3341 700 tria
3380 655 3395 700 ε
3430 633 3548 700 sed
3576 635 3646 700 in
3677 632 3856 701 divi-

2308 739 2414 804 nis
2455 747 2613 805 sunt
2651 738 2800 806 duae
2840 741 3307 808 emanationes
3338 739 3488 807 Filii
3518 749 3586 808 et
3634 739 3857 830 Spiri-

2307 853 2415 912 tus
2446 846 2686 929 sancti,
2720 854 3005 937 utraque
3046 871 3087 913 a
3116 846 3494 915 substantia
3519 848 3763 926 Patris,
3794 856 3859 915 et

2306 959 2597 1042 utraque
2643 950 2715 1018 in
2761 951 3164 1032 substantia,
3223 960 3292 1020 et
3357 961 3641 1044 utraque
3693 954 3860 1022 sub-

2309 1057 2606 1126 stantiali
2635 1056 2767 1126 hoc
2804 1059 3009 1126 modo
3042 1061 3517 1138 emanationis,
3562 1060 3724 1150 quia
3761 1061 3859 1126 ni-

2308 1164 2404 1232 hil
2436 1164 2519 1233 de
2560 1166 2900 1235 accidente
2932 1175 3033 1235 est
3059 1167 3377 1245 mixtum,
3412 1176 3481 1236 et
3509 1166 3678 1235 nihil
3727 1169 3860 1234 mi-

2308 1295 2437 1340 nus
2496 1274 2739 1363 accipit
2792 1297 2971 1342 unus
3036 1274 3119 1345 de
3190 1276 3563 1343 substantia
3637 1275 3858 1343 Patris
3969 1264 3973 1268 ⁴

2311 1402 2518 1470 quam
2558 1377 2731 1448 alius
2773 1402 2788 1446 :
2825 1402 2987 1471 ergo
3016 1381 3309 1462 videtur,
3343 1381 3528 1472 quod
3557 1382 3628 1450 in
3667 1380 3857 1449 nullo

2310 1487 2647 1556 differant.

2398 1599 2464 1666 5.
2498 1595 2572 1664 Si
2602 1598 2775 1666 forte
2801 1597 3011 1680 dicaS,
3047 1595 3232 1688 quod
3264 1596 3556 1688 Spiritus
3585 1605 3859 1666 sanctus

2310 1712 2416 1773 est
2469 1727 2510 1772 a
2564 1704 2832 1773 duobus
2896 1704 3106 1779 :,hoc
3160 1726 3301 1772 non
3357 1704 3561 1773 solvit
3621 1728 3638 1773 ε
3699 1706 3860 1796 quia

2311 1812 2538 1903 posito
2580 1810 2765 1904 quod
2803 1811 2891 1879 sit
2926 1810 3011 1879 ab
3052 1833 3216 1892 uno,
3276 1810 3499 1880 adhuc
3563 1808 3859 1903 Spiritus

2309 1927 2586 1989 sanctus
2649 1943 2790 1988 non
2847 1920 2971 1988 erit
3067 1919 3304 2001 Filius,
3373 1921 3548 1989 sicut
3628 1921 3863 1990 dicunt

2309 2025 2583 2116 Graeci„
2616 2024 2691 2095 Si
2749 2035 2976 2096 autem
3034 2026 3240 2107 dicaS,
3293 2026 3478 2117 quod
3513 2027 3723 2096 Filius
3761 2037 3863 2098 est

2311 2136 2541 2226 imago
2573 2132 2818 2219 Patris,
2854 2142 2921 2202 et
2949 2157 3090 2202 non
3124 2133 3416 2226 Spiritus
3445 2144 3760 2205 sanctus:
3798 2144 3865 2206 et

2310 2240 2442 2310 hoc
2480 2244 2727 2310 iterum
2768 2264 2906 2310 non
2941 2241 3150 2311 solvit
3183 2263 3199 2311 :
3237 2244 3399 2333 quia
3424 2265 3564 2310 non
3603 2266 3751 2313 esse
3778 2243 3866 2312 si-

2311 2347 2545 2417 milem
2596 2349 2667 2415 in
2732 2347 2839 2417 his
2878 2371 3032 2439 quae
3090 2351 3282 2439 quasi
3347 2350 3641 2417 exterius
3708 2358 3865 2419 sunt

2307 2456 2811 2537 convenientia,
2852 2478 2994 2525 non
3051 2455 3312 2524 dirimit
3354 2457 3693 2527 rationem
3739 2480 3865 2549 ge-

2310 2564 2684 2634 nerationis
2722 2573 2788 2633 et
2814 2564 3186 2649 filiationiS,
3219 2564 3591 2635 dummodo
3620 2564 3867 2656 hujus-

2311 2673 2499 2742 modi
2537 2674 2878 2743 emanatio
2927 2674 3018 2743 sit
3053 2673 3144 2742 ibi
3197 2674 3731 2744 substantialiter
3766 2676 3865 2744 si-‘-

2311 2779 2495 2849 milis
2530 2802 2546 2850 ε
2603 2779 2900 2872 Spiritus
2947 2790 3176 2850 autem
3216 2789 3487 2851 sanctus
3524 2781 3595 2850 in
3633 2784 3863 2852 omni-

2312 2887 2440 2955 bus
2504 2885 3063 2956 substantialibus
3128 2887 3368 2956 similis
3430 2898 3532 2958 est
3594 2888 3782 2959 Patri
3841 2911 3858 2957 t

2310 3016 2478 3085 ergo
2507 3017 2650 3063 non
2679 3002 2781 3063 est
2812 2993 3155 3064 distinctio
3195 2995 3371 3064 inter
3405 2995 3556 3065 Filii
3585 3018 3865 3089 genera-

2310 3100 2597 3182 tionem,
2639 3107 2707 3167 et
2735 3100 3241 3191 processionem
3290 3100 3585 3192 Spiritus
3622 3102 3859 3171 sancti.

2404 3208 2469 3273 6.
2516 3204 2593 3274 Si
2624 3206 2791 3274 sorte
2834 3205 3044 3274 velles
3084 3205 3326 3287 dicere,
3372 3207 3558 3300 quod
3594 3217 3696 3277 est
3733 3207 3867 3277 dis-

2314 3314 2596 3383 serentia
2636 3316 2704 3383 in
2767 3312 2972 3382 modo
3011 3315 3461 3384 emanationis
3497 3315 3596 3385 sic
3644 3338 3662 3385 t
3705 3318 3865 3407 quia

2312 3420 2662 3511 generatio
2690 3429 2793 3488 est
2831 3420 2902 3486 in
2931 3418 3153 3489 simile
3190 3420 3413 3511 specie
3442 3430 3510 3489 et
3536 3420 3758 3490 forma
3792 3430 3861 3491 et

2314 3528 2604 3613 ratione,
2647 3528 2990 3619 processio
3037 3536 3265 3596 autem
3306 3550 3446 3596 non
3502 3550 3521 3597 ι
3572 3526 3706 3598 hoc
3750 3531 3861 3599 ni-

2313 3632 2407 3702 hil
2440 3643 2592 3702 est:
2644 3657 2769 3701 nos
2816 3635 2999 3702 enim
3041 3656 3178 3704 non
3217 3634 3563 3726 litigamus
3608 3634 3691 3704 de
3735 3660 3865 3705 no-

2313 3742 2522 3822 mine,
2556 3742 2674 3809 sed
2704 3742 2787 3809 de
2828 3765 2899 3810 re
2932 3743 3076 3833 ipsa
3110 3763 3128 3810 t
3175 3742 3468 3833 Spiritus
3506 3766 3668 3835 ergo
3706 3766 3861 3813 cum

2311 3851 2398 3917 sit
2453 3848 2698 3917 similis
2755 3848 2940 3918 Patri
2974 3850 3041 3916 in
3101 3849 3343 3930 forma,
3395 3851 3466 3918 in
3503 3852 3748 3941 specie,
3794 3852 3862 3918 in

2315 3964 2582 4039 natura,
2625 3958 2693 4026 in
2732 3957 3137 4033 substantia.
3187 3967 3254 4027 et
3283 3957 3353 4026 in
3390 3957 3710 4027 omnibus
3748 3958 3863 4026 ab·

2313 4066 2580 4149 solutis,
2612 4067 2882 4135 videtur
2926 4066 3113 4159 quod
3154 4068 3447 4159 Spiritus
3495 4068 3623 4137 erit
3660 4077 3859 4137 natus

2314 4171 2487 4239 sieut
2530 4171 2763 4239 Filius.

2405 4277 2478 4343 Si
2512 4277 2682 4345 forte
2711 4278 2920 4356 dicas,
2957 4277 3140 4367 quod
3178 4279 3527 4369 generatio
3557 4287 3659 4348 est
3686 4301 3861 4370 opus

2315 4394 2601 4463 naturae,
2642 4386 2986 4476 processio
3015 4393 3244 4454 autem
3274 4393 3374 4453 est
3412 4408 3594 4476 opus
3621 4386 3864 4454 volun-

2316 4491 2497 4574 tatis,
2530 4514 2613 4558 eo
2654 4491 2838 4581 quod
2888 4491 3183 4583 Spiritus
3226 4491 3527 4582 procedit
3565 4515 3686 4583 per
3719 4515 3866 4561 mo-

2313 4598 2480 4666 dum
2509 4596 2909 4668 dilectionis,
2954 4597 3223 4667 Commi
3263 4621 3280 4668 :
3325 4597 3513 4691 Opus
3547 4598 3864 4669 volunta-

2314 4711 2425 4785 tis,
2478 4714 2553 4773 ut
2610 4706 2768 4775 dicit
2824 4706 3314 4784 Damascenus‚
3346 4716 3475 4776 est
3529 4710 3779 4777 creatio
3840 4731 3904 4777 :-

2312 4834 2480 4904 ergo
2509 4813 2881 4881 secundum
2913 4811 3045 4882 hoc
3066 4813 3360 4905 Spiritus
3379 4822 3552 4883 esset
3572 4823 3859 4895 creatus,

2314 4920 2499 5013 quod
2529 4920 2772 4989 l'alsum
2806 4931 2908 4990 est
2941 4943 2958 4991 ε
2994 4946 3157 5013 ergo
3198 4944 3337 4991 non
3367 4924 3494 4991 erit
3524 4925 3862 5014 processio

2317 5032 2613 5123 Spiritus
2642 5055 2814 5122 opus
2842 5031 3217 5101 voluntatis
3245 5031 3618 5100 secundum
3677 5032 3862 5102 illam

2317 5140 2650 5206 rationem
2690 5162 2825 5230 qua
2878 5138 3205 5206 dividitur
3259 5161 3432 5228 opus
3484 5138 3864 5208 voluntatis

2312 5254 2549 5314 contra
2589 5269 2763 5336 opus
2802 5253 3060 5313 naturae
3122 5268 3138 5313 ε
3180 5244 3353 5313 redit
3389 5269 3553 5337 ergo
3611 5245 3858 5332 adhuc,

2312 5351 2495 5443 quod
2524 5353 2869 5442 processio
2902 5350 3197 5441 Spiritus
3226 5351 3313 5418 sit
3341 5373 3515 5441 opus
3541 5361 3803 5421 naturae
3841 5376 3857 5420 ε

2311 5466 2377 5527 et
2407 5459 2501 5526 ita
2532 5458 2828 5549 Spiritus
2856 5467 2957 5527 est
2986 5466 3185 5526 natus
3217 5450 3392 5526 sicut
3433 5458 3661 5530 Filius.

2399 5568 2466 5634 ἶ.
2510 5566 2708 5651 Item,
2752 5567 2831 5635 ln
2879 5565 3313 5635 inferioribus
3362 5577 3463 5634 est
3516 5578 3743 5638 motus
3796 5581 3864 5641 et

2307 5674 2625 5759 mutati0,
2664 5681 2732 5742 et
2788 5682 3015 5743 motus
3047 5681 3115 5741 et
3160 5675 3447 5742 mutatio
3484 5674 3687 5744 simul
3722 5699 3739 5746 ε
3793 5688 3863 5750 et
