4897 6388
276 1469 422 1515 Ado.

282 2005 432 2051 Ad?-

286 2758 437 2808 Ads.

296 2979 367 3022 Ad
388 2982 432 3025 9.

274 3837 432 3882 Adtt

276 4585 440 4632 Adit

542 291 670 357 232
732 337 736 341 -
1521 295 1608 366 D.
1664 296 1857 364 ALB.
1903 297 2097 365 MAG

542 457 741 526 datur
777 461 1186 554 inseaquia
1217 487 1423 534 omne
1474 466 1658 557 quod
1708 468 1777 532 in
1825 488 1898 533 se
1954 465 2095 532 dis-

538 568 864 650 tenditur,
889 570 1093 640 habet
1121 573 1384 664 partem
1426 583 1761 652 remotam
1796 596 1834 640 a
1855 580 2085 662 parte:

541 676 661 743 sed
689 677 1009 766 distensio
1042 687 1145 745 est
1183 680 1252 746 in
1288 680 1448 756 alio,
1488 681 1646 769 quia
1676 686 1778 746 est
1798 677 1881 745 ab
1913 679 2089 768 ipso,

540 793 609 853 et
645 785 771 853 sub
803 788 949 877 ipso
979 810 993 854 ε
1019 798 1084 855 et
1111 792 1207 856 sic
1238 793 1365 857 erit
1385 798 1575 856 stans
1605 790 1676 855 in
1706 811 1800 869 se,
1832 787 2092 855 habens

541 892 667 960 sub
716 915 789 961 se
816 893 1189 960 distensum
1222 898 1290 962 in
1363 895 1727 986 temporali
1792 903 1858 962 et
1911 903 2093 962 tem-

538 1021 705 1089 pore
738 1000 921 1091 quod
978 1002 1285 1069 excellit:
1332 1011 1399 1070 et
1460 1005 1606 1092 ipsa
1662 1025 1802 1071 non
1849 1003 2093 1070 dicitur

538 1107 837 1188 durati0,
899 1131 978 1176 eo
1052 1111 1233 1200 quod
1298 1111 1729 1190 distenditur,
1826 1111 1943 1179 sed
2010 1131 2090 1178 eo

543 1213 728 1303 quod
758 1214 1082 1282 distensio
1135 1216 1260 1283 sub
1313 1219 1463 1307 ipso
1503 1240 1643 1284 non
1702 1217 1948 1296 deficit,
2018 1225 2110 1285 ut.

541 1319 705 1388 dicit
740 1322 1161 1412 Augustinus
1210 1324 1282 1390 in
1320 1326 1606 1391 Littera.

633 1428 737 1494 An
765 1451 896 1495 noc
918 1429 1100 1519 quod
1130 1429 1450 1519 objicitur
1488 1430 1571 1497 de
1622 1431 1884 1497 ratione
1930 1451 2091 1519 pos-

543 1535 889 1612 sessionis,
950 1535 1310 1602 ‹licendum
1358 1535 1542 1626 quod
1607 1537 2094 1603 transsumitur

543 1641 629 1709 ad
666 1642 872 1719 aliud,
919 1644 1171 1711 scilicet
1209 1643 1295 1710 ad
1326 1644 1395 1711 id
1444 1645 1628 1734 quod
1679 1644 1969 1712 habetur
2006 1643 2091 1711 ad

540 1757 809 1829 nutum,
843 1759 921 1817 ut
956 1751 1098 1818 vita
1137 1758 1277 1818 tota
1327 1751 1531 1819 simul
1577 1751 1918 1834 substans,
1969 1775 2093 1821 cu-

534 1861 650 1950 jus
688 1862 760 1927 in
788 1862 1037 1929 virtute
1074 1861 1347 1929 vivendi
1387 1861 1559 1930 nihil
1591 1870 1687 1930 est
1745 1853 1936 1931 extra
1988 1885 2085 1930 se.

631 1971 737 2036 An
783 1992 979 2036 aum)
999 1971 1144 2059 jam
1176 1976 1362 2060 patet
1399 1969 1693 2039 solutio:
1738 1972 1898 2062 quia
1948 1970 2091 2038 haec

542 2086 644 2146 est
672 2076 867 2158 falsa,
911 2077 1095 2169 quod
1127 2078 1391 2146 nullum
1413 2081 1813 2170 protensum
1853 2080 1942 2146 sit
1977 2086 2089 2146 to-

542 2193 686 2253 tum
746 2185 993 2253 simul:
1048 2193 1409 2275 potensum
1461 2189 1643 2254 enim
1709 2184 1842 2253 hoc
1904 2185 2089 2276 quod

538 2294 637 2361 sic
664 2293 1117 2384 protenditur,
1153 2294 1337 2384 quod
1374 2294 1564 2363 nulla
1591 2299 1937 2385 protensio
1958 2294 2086 2363 sub

538 2401 688 2491 ipso
711 2400 961 2481 deficit,
1001 2408 1103 2469 est
1134 2409 1355 2468 totum
1386 2402 1634 2470 simul:
1679 2409 1747 2470 et
1775 2400 1906 2470 hoc
1934 2401 2086 2471 ideo

539 2515 666 2587 est,
709 2507 869 2597 quia
906 2529 1049 2573 non
1088 2507 1432 2597 protendit
1488 2516 1749 2598 partem
1789 2531 1831 2575 a
1867 2517 2084 2598 parte,

539 2614 656 2682 sed
686 2622 819 2681 stat
846 2636 1060 2680 unum
1102 2616 1169 2680 in
1210 2622 1354 2682 tota
1394 2614 1771 2683 duratione.

628 2722 733 2787 Au
781 2742 976 2788 Αιωι)
1035 2720 1422 2802 dicendum,
1470 2722 1654 2812 quod
1713 2745 2085 2813 numquam

541 2826 768 2895 deficit
794 2848 918 2916 per
947 2825 1076 2894 hoc
1127 2827 1311 2917 quod
1357 2828 1548 2896 adest
1591 2836 1815 2896 totum
1854 2828 2083 2898 simul.

630 2935 736 3000 Ao
774 2955 971 3000 Αιιυο
999 2933 1385 3014 dicendum,
1429 2935 1611 3025 quod
1659 2943 1877 3003 totum
1926 2935 2090 3004 dicit

542 3040 656 3111 hic
683 3042 860 3110 idem
893 3042 1077 3132 quod
1105 3044 1506 3132 perfectum,
1541 3045 1734 3134 cujus
1779 3044 1948 3111 nihil
1985 3055 2087 3113 est

541 3158 735 3219 extra
774 3173 847 3219 se
900 3161 1390 3242 exspectatum,
1448 3152 1557 3221 vel
1633 3152 1960 3221 amissum
2019 3153 2088 3222 in

542 3260 923 3350 praeterito:
960 3260 1163 3327 simul
1205 3268 1433 3328 autem
1468 3270 1772 3329 removet
1828 3284 2089 3329 succes·

454 3392 460 3397 ¹
542 3366 849 3435 sionem:
897 3365 1073 3434 unde
1115 3376 1334 3435 totum
1368 3367 1613 3436 dicitur
1655 3390 1776 3457 per
1809 3369 2091 3460 opposi-

543 3474 799 3541 tionem
838 3471 923 3539 ad
973 3480 1194 3562 partes
1239 3472 1542 3541 diversas
1600 3484 2090 3565 componentes

542 3579 795 3647 durans
854 3577 1147 3668 aliquid:
1186 3580 1390 3648 simul
1438 3590 1667 3648 autem
1723 3583 2093 3673 opponitur

542 3708 680 3753 non
712 3684 1042 3776 partibus,
1066 3687 1203 3779 ⁸sed
1228 3687 1522 3777 partium
1562 3688 1995 3755 successioni.

630 3797 737 3861 An
776 3818 974 3862 Λιιτι)
1014 3796 1402 3871 dicendum,
1450 3794 1637 3886 quod
1695 3805 1917 3862 totum
1973 3818 2092 3863 ac—

543 3901 790 3991 cipitur
827 3898 937 3969 hic
975 3902 1349 3969 secundum
1374 3900 1562 3990 quod
1590 3899 1750 3968 dicit
1783 3899 2095 3968 Philoso-

544 4005 722 4096 phus
786 4007 856 4074 in
897 4006 987 4073 ΙΙΙ
1025 4008 1521 4097 I’laeysicorum:
1566 4005 1815 4073 Totum
1863 4016 2091 4074 autem

544 4120 611 4179 et
639 4111 1008 4202 perfectum
1078 4112 1258 4181 idem
1298 4110 1450 4179 dico
1497 4134 1514 4179 ε
1550 4132 1687 4179 non
1717 4112 1899 4179 enim
1950 4134 2096 4179 om-

546 4221 711 4287 nino
742 4221 1113 4310 perlectum
1137 4230 1261 4297 est,
1291 4218 1477 4310 quod
1522 4227 1782 4309 partem
1850 4227 2096 4309 poten-

548 4329 656 4395 tiae
686 4328 792 4396 vel
834 4338 1021 4395 actus
1061 4330 1164 4394 sui
1208 4326 1414 4397 habet
1453 4327 1523 4393 in
1590 4327 2095 4418 exspectatione

552 4437 787 4504 futuri.
1874 4497 1878 4501 .

638 4547 745 4611 An
774 4566 969 4611 Αιιιή
1027 4541 1414 4615 «licendum,
1476 4540 1655 4631 quod
1748 4539 1934 4609 lsaac
1964 4540 2097 4607 dir-

554 4654 702 4720 tinit
741 4650 1115 4718 formaliter
1140 4649 1615 4728 (eternitatem,
1660 4657 1859 4738 prout
1896 4658 1996 4715 est
2027 4650 2094 4714 in

551 4760 814 4827 ratione
847 4778 1222 4824 mensurae:
1269 4756 1429 4845 quia
1495 4756 1592 4822 sic
1648 4754 1973 4845 accipitur
2022 4764 2097 4822 ut

548 4876 738 4934 extra
766 4874 1137 4933 aeternum:
1187 4861 1359 4930 nihil
1400 4862 1585 4930 enim
1615 4860 1922 4930 intraneo
1965 4861 2096 4929 sibi

547 4973 818 5065 proprie
861 4979 1317 5049 mensuratur,
1351 4968 1470 5037 sed
1501 4969 1843 5060 quantitas
1879 4969 2097 5037 intra-

548 5102 679 5147 nea
759 5079 1138 5169 quantitato
1225 5077 1545 5146 exteriori
1632 5084 2089 5155 mensuratur,

547 5188 679 5256 nisi
733 5189 867 5258 hoc
921 5185 1129 5254 modo
1207 5208 1343 5275 quo
1415 5204 1740 5250 uumerus
1796 5183 2090 5272 partium

549 5302 939 5365 mensurat:
1008 5293 1102 5359 sic
1177 5292 1360 5358 enim
1426 5298 1653 5378 partes
1720 5297 2092 5357 numeratae

547 5402 778 5492 aliquo
809 5398 1015 5467 modo
1048 5405 1265 5465 totum
1292 5403 1710 5463 mensurant.
1741 5391 1874 5461 Sed
1905 5403 2095 5461 aeter·

548 5512 725 5576 nitas
766 5509 834 5573 in
868 5504 1245 5571 difinitione
1322 5502 1512 5569 Isaac
1560 5500 1982 5590 significatur
2021 5509 2091 5566 ut

549 5633 868 5680 mensura
923 5610 1339 5675 extrinsecus
1392 5605 1755 5694 adjacens:
1819 5612 1885 5672 et
1950 5626 2090 5671 non

2106 349 2121 363 .
2175 294 2383 364 ORD.
2438 294 2739 362 PRAED.

2194 464 3018 556 vocatipsamspatium,
3082 489 3164 534 eo
3196 467 3383 557 quod
3438 459 3758 535 distendi-

2196 578 2306 638 tur
2335 562 2684 659 partibus:
2722 572 2885 661 quia
2914 574 3013 639 sic
3051 582 3171 641 aut
3209 584 3435 665 partes
3484 594 3756 662 perma-

2196 684 2457 753 nerent,
2502 685 2569 744 et
2616 685 2782 744 tunc
2811 699 2955 745 non
2989 678 3294 747 differret
3352 702 3390 745 a
3428 681 3754 746 continuo

2196 779 2488 850 habente
2521 783 2963 872 positionem,
3006 793 3084 851 ut
3110 783 3317 864 linea,
3363 784 3467 853 vel
3515 807 3756 873 super-

2200 890 2381 958 ficies
2419 914 2434 957 :
2472 899 2591 957 aut
2630 913 2770 958 non
2810 902 3327 980 permanerent,
3362 903 3430 961 et
3467 895 3561 959 sic
3616 913 3757 957 non

2197 993 2496 1067 differret
2532 1023 2574 1067 a
2621 1008 2980 1090 tempore:
3028 1003 3149 1070 sed
3189 1003 3341 1070 ideo
3398 1004 3558 1069 dicit
3608 1023 3758 1090 spa·

2197 1108 2394 1185 tium,
2440 1109 2600 1198 quia
2640 1130 2784 1176 non
2824 1108 3204 1177 deficiendo
3238 1110 3520 1178 includit
3550 1117 3614 1175 et
3637 1131 3753 1175 ex-

2195 1212 2380 1280 cellit
2418 1215 2679 1291 omnia,
2725 1237 2868 1299 non
2908 1214 3287 1283 deficiendo
3337 1225 3563 1283 autem
3616 1238 3753 1282 uon

2196 1319 2634 1400 distenditur,
2705 1320 2825 1389 sed
2856 1330 2994 1389 stat
3033 1324 3104 1389 in
3131 1331 3285 1411 toto·
3325 1324 3542 1413 spatio
3593 1344 3757 1389 cur-

2197 1434 2384 1493 rente
2422 1426 2550 1493 sub
2593 1427 2789 1517 ipso:
2826 1435 2894 1512 et
2922 1428 3077 1496 ideo
3109 1436 3314 1497 vocat
3353 1429 3752 1497 continuum

2196 1554 2235 1598 a
2272 1538 2479 1613 statu,
2513 1541 2581 1600 et
2609 1555 2749 1600 non
2789 1534 3232 1602 intersectum
3265 1557 3280 1603 ε
3315 1536 3475 1625 quia
3492 1557 3628 1601 non
3650 1536 3760 1600 in·
3868 1553 3873 1558 ·

2196 1639 2572 1729 tercipitur·
2610 1641 2827 1731 priori
2884 1650 2953 1709 et
3000 1643 3364 1731 posteriori
3425 1640 3758 1732 quemad-

2194 1745 2482 1813 modum
2524 1755 2825 1837 tempus.

2284 1853 2386 1920 An
2453 1877 2652 1921 AmUD
2696 1854 3090 1935 dicendum,
3147 1857 3334 1947 quod
3388 1855 3755 1948 Dionysius

2198 1971 2394 2029 vocat
2440 1963 2804 2053 antiquum
2865 1986 2907 2031 a
2953 1964 3258 2033 carentia
3304 1964 3457 2032 finis
3492 1987 3507 2031 ε
3542 1976 3610 2034 et
3655 1974 3758 2034 est

2194 2068 2443 2136 modus
2484 2068 2813 2160 loquendi
2865 2068 3296 2151 Graecorum,
3342 2074 3514 2141 sicut
3550 2074 3755 2141 etiam

2195 2176 2601 2268 Philosophi
2653 2179 2936 2268 quidam
2992 2182 3474 2271 antiquitatem
3531 2190 3758 2250 motus

2194 2293 2261 2353 et
2294 2286 2530 2354 mundi
2573 2289 3030 2355 aeternitatem
3061 2289 3426 2369 vocabant,
3458 2288 3609 2358 licet
3639 2289 3760 2357 fat-

2194 2418 2348 2463 sum
2393 2396 2742 2464 dixerunt.
2807 2396 3254 2467 Immutabile
3312 2409 3540 2467 autem
3598 2398 3759 2467 dicit

2194 2527 2275 2573 eo
2315 2505 2499 2596 quod
2546 2527 2689 2573 non
2736 2504 2949 2574 habet
3003 2508 3194 2597 prius
3251 2516 3320 2577 et
3366 2510 3750 2599 posterius:

2193 2612 2582 2681 universale
2610 2621 2845 2681 autem
2894 2613 3056 2681 dicit
3099 2616 3471 2693 metiendo,
3514 2625 3579 2683 et
3625 2615 3759 2683 alia

2198 2719 2553 2788 translatio
2593 2718 2826 2801 habet,
2879 2747 2914 2784 α
2963 2729 3184 2789 totum
3233 2723 3605 2791 secundum
3654 2732 3759 2790 to·

2194 2837 2337 2896 tum
2371 2829 2597 2896 metiri
2631 2852 2648 2897 ε
2678 2853 2712 2894 ι
2747 2829 2911 2919 quia
2941 2852 3027 2897 ex
3058 2840 3249 2919 parte
3278 2833 3508 2898 oeterni
3541 2854 3658 2920 per
3685 2854 3757 2899 se

2197 2943 2548 3002 mensurat
2588 2956 2737 3003 esse
2777 2943 2845 3003 et
2882 2958 3085 3026 posse
3114 2945 3183 3005 et
3221 2945 3448 3004 actum
3479 2960 3614 3005 uno
3649 2939 3758 3034 in-

2196 3040 2517 3109 divisibili
2568 3049 2795 3109 stante
2835 3065 3023 3112 nuuc
3055 3065 3072 3110 ε
3109 3044 3204 3111 ita
3252 3044 3440 3134 quod
3467 3045 3640 3113 sicut
3674 3067 3758 3112 ex

2194 3157 2383 3240 parte
2420 3149 2659 3217 aeterni
2691 3147 2861 3217 nihil
2893 3158 2997 3218 est
3028 3149 3113 3220 de
3156 3152 3456 3243 potentia
3495 3161 3762 3242 proten·

2196 3280 2346 3325 sum
2387 3267 2582 3326 extra
2610 3279 2708 3335 se,
2775 3259 2867 3326 ita
2910 3280 3095 3328 nunc
3122 3261 3515 3328 aeternitatis
3544 3268 3757 3340 stans,

2196 3373 2265 3432 et
2292 3385 2432 3431 non
2474 3385 2763 3433 movens
2803 3388 2980 3447 sese,
3015 3374 3091 3433 ut
3119 3365 3281 3435 dicit
3321 3367 3627 3449 Boetius,
3660 3369 3762 3435 ni·

2197 3469 2293 3538 hil
2331 3470 2538 3539 habet
2576 3473 2647 3540 in
2676 3471 2909 3541 futuro
2944 3473 3167 3542 :sicut
3220 3472 3422 3541 habet
3468 3497 3761 3563 praesens

2197 3585 2470 3666 tempus
2524 3577 2721 3666 cujus
2778 3599 2938 3668 pars
2999 3581 3224 3669 prima
3291 3582 3636 3668 praeteriit,
3693 3589 3759 3647 ct

2199 3706 2356 3774 pars
2387 3684 2456 3751 in
2495 3684 2774 3752 instanti
2807 3693 2934 3762 est,
2976 3695 3044 3754 et
3073 3710 3232 3777 pars
3282 3689 3352 3755 in
3383 3688 3605 3757 futuru
3635 3712 3760 3756 ex-

2199 3801 2565 3884 spectatur.

2595 4214 3107 4284 AnthULrS
3157 4217 3280 4288 lx.

2210 4432 2399 4514 Quid
2448 4442 2546 4498 es!
2591 4442 2954 4517 aeternum,
3006 4444 3072 4501 e!
3117 4445 3351 4503 ulrum
3385 4461 3599 4529 poena’
3655 4443 3761 4508 iu·

2293 4529 2482 4627 servii
2532 4550 2831 4630 possunt
2881 4539 3024 4608 dici
3067 4551 3361 4627 aeteruae,
3419 4555 3484 4611 c!
3533 4559 3759 4615 utrum

2296 4646 2468 4711 anni
2506 4656 2568 4711 ct
2601 4655 2916 4736 tempora
2957 4658 3251 4738 possunt
3298 4649 3437 4718 diri
3484 4662 3755 4722 aetcrua.

2294 4964 2612 5033 Secundo
2646 4967 3007 5056 quaeritur,
3037 4966 3218 5047 Quid
3251 4971 3338 5037 sit
3377 4982 3705 5041 aeternum
3729 4977 3764 5042 ‘2

2304 5075 2358 5140 Ι.
2444 5070 2735 5139 Videtur
2809 5081 3068 5155 autem,
3152 5076 3334 5165 quod
3412 5079 3496 5145 sit
3578 5081 3763 5150 solus

2208 5179 2389 5246 Deus
2419 5202 2541 5270 per
2582 5178 2991 5247 Anseimum
3053 5181 3122 5248 in
3171 5184 3593 5275 Monoloqio.
3640 5189 3761 5257 Yet

2207 5282 2336 5352 hoc
2367 5286 2515 5352 solo
2555 5307 2792 5353 veram
2840 5286 3291 5356 aeternitatem
3343 5291 3469 5359 soli
3514 5292 3605 5362 illi
3650 5299 3765 5363 ‘iu-

2205 5412 2352 5459 esse
2397 5390 2796 5458 substantiae
2843 5412 2996 5479 quae
3040 5391 3185 5459 sola
3220 5417 3359 5463 non
3412 5397 3607 5478 facta,
3645 5402 3760 5470 sed

2205 5498 2435 5567 factrix
2481 5521 2628 5567 esse
2679 5500 2957 5565 inventa
3013 5509 3139 5580 est,
3189 5513 3421 5593 aperte
3476 5513 3761 5600 percipi-

2205 5615 2312 5674 tur
2354 5630 2368 5674 :
2415 5607 2747 5697 quoniam
2794 5629 2957 5674 vera
3003 5612 3401 5680 aeternitatis
3450 5617 3756 5708 principii

3862 1907 4026 1955 Adit
