4897 6388
1894 254 1991 321 nv
2037 252 2068 319 1
2118 252 2546 323 SENTENT.
2591 220 2820 320 msT.
2873 250 2962 332 11,
3011 250 3092 332 E,
3142 250 3341 318 ΛΒΤ.
3401 253 3505 318 19.

1074 452 1160 497 ne
1213 450 1229 499 :
1286 426 1834 519 singularitatem
1894 435 2119 494 autem
2159 434 2357 495 vocat
2395 425 2638 493 indivi-

1080 536 1480 604 duationem
1539 555 1662 621 per
1720 533 2117 613 accidentia,
2177 556 2329 625 quae
2388 531 2636 598 divinis

1078 665 1219 711 non
1259 647 1661 730 competunt
1701 664 1723 707 .·
1765 640 2201 709 solitudinem
2241 647 2467 707 autem
2505 661 2635 705 vo·-

1077 757 1184 817 cat
1214 747 1719 838 separationem
1749 771 1872 839 per
1900 748 2150 816 locum.

1478 1178 1986 1250 ARTICULUS
2038 1178 2228 1248 xlx.

1071 1397 1181 1464 An
1221 1395 1502 1463 termini
1537 1394 1930 1462 numerales
1967 1395 2040 1459 in
2069 1392 2318 1459 divinis
2356 1391 2638 1483 aliquid

1681 1510 1954 1594 ponant
1988 1498 2028 1567 ?

1160 1815 1427 1886 Deinde
1494 1817 1821 1908 quaeritur
1876 1818 1958 1886 de
2022 1818 2153 1886 hoc
2223 1817 2407 1908 quod
2474 1817 2635 1886 dicit

1074 1925 1402 2018 Magister
1438 1927 1510 1993 in
1541 1925 1786 1995 eodem
1835 1924 2161 2018 capitulo,
2207 1923 2324 1992 ubi
2372 1924 2632 1995 recolli-

1068 2035 1171 2126 git
1197 2056 1544 2102 summam
1585 2032 1925 2102 dictorum
1974 2033 2237 2118 Ililarii,
2284 2042 2350 2101 et
2404 2034 2566 2102 dicit
2606 2054 2622 2104 ε

4205 247 4290 314 ’Π

2742 444 2950 513 penes
3013 420 3355 488 formam:
3419 412 3624 510 penes
3706 398 4061 487 materiam
4147 443 4291 488 non

2744 538 2844 595 est
2874 530 2943 597 in
2974 528 3221 596 divinis
3254 554 3269 594 :
3302 548 3464 618 ergo
3491 526 3545 592 si
3605 533 3728 607 est,
3780 534 3878 592 est
3921 548 4129 615 penes
4159 527 4293 593 for-

2743 660 2953 705 mam.
2996 638 3130 704 Aut
3171 658 3332 727 ergo
3390 657 3599 725 penes
3671 633 3958 700 fot-mam
3990 636 4285 724 generiS,

2742 754 2860 813 aut
2886 746 3130 835 speciei
3167 768 3181 812 :
3219 753 3282 811 et
3306 752 3509 833 patet,
3545 742 3729 833 quod
3756 751 3996 810 neutro
4027 741 4233 810 modo
4269 763 4285 811 ε

2742 875 2905 943 ergo
2944 850 3232 934 videtur,
3267 850 3450 940 quod
3481 852 3548 915 in
3579 849 3826 916 divinis
3873 870 4012 915 non
4059 848 4291 917 salve-

2741 967 2852 1025 tur
2891 961 3061 1026 ratio
3093 957 3538 1025 terminorum
3579 956 4058 1024 numeralium.

2832 1068 2897 1135 6.
2931 1064 3125 1145 Item,
3170 1063 3629 1154 Philosophus
3668 1064 3852 1145 dicit,
3931 1065 4114 1156 quod
4143 1066 4295 1132 infi-

2741 1174 2965 1240 nitum
3005 1173 3074 1239 in
3105 1193 3392 1239 numero
3431 1178 3749 1237 causatur
3786 1172 3870 1237 ab
3914 1172 4178 1239 infinito
4222 1174 4291 1238 in

2741 1280 3064 1347 continuo
3100 1301 3116 1348 ε
3179 1281 3340 1369 quia
3410 1286 3742 1368 quantum
3826 1277 4150 1346 dividitur
4220 1281 4291 1347 in

2740 1389 3090 1470 continuo,
3136 1394 3402 1454 tantum
3433 1385 3798 1477 apponitur
3848 1388 3918 1453 in
3943 1409 4231 1455 numero
4269 1410 4284 1454 ε

2740 1516 3103 1563 numerum
3171 1494 3354 1561 enim
3413 1494 3888 1583 cognoscimus
3954 1492 4291 1562 divisione

2739 1603 3102 1673 continui:
3137 1624 3300 1693 ergo
3365 1602 3658 1681 videtur,
3731 1600 3915 1693 quod
3964 1625 4292 1671 numerus

2740 1732 2881 1778 non
2911 1711 3000 1777 sit
3029 1709 3301 1799 proprie
3347 1708 3479 1775 nisi
3534 1708 3605 1774 in
3652 1706 4104 1776 naturalibus·

2828 1819 2895 1887 7.
2964 1818 3326 1895 Praeterea,
3432 1815 3776 1884 Numerus
3843 1822 3943 1884 est
4033 1820 4293 1907 species

2740 1926 3129 2017 quantitatis
3160 1924 3463 1993 discretae
3499 1946 3515 1991 ε
3559 1947 3722 2016 ergo
3754 1925 4022 1993 termini
4054 1948 4295 1995 nume-

2739 2036 2912 2105 rales
2970 2034 3222 2127 aliquid
3271 2042 3538 2125 ponunt
3577 2034 3752 2102 circa
3816 2056 4016 2102 suum
4074 2034 4296 2127 subJe·

1070 2168 1105 2209 «
1139 2147 1365 2235 Atque
1391 2143 1817 2233 siqnificavit
1844 2144 2116 2210 nomae'ne
2142 2144 2490 2219 consortii,
2524 2142 2634 2210 vel
2736 2154 2947 2213 ctum.
2976 2143 3054 2211 ln
3075 2142 3321 2211 divinis
3342 2149 3567 2211 autem
3591 2150 3692 2210 est
3712 2143 4106 2212 omnimoda
4133 2146 4297 2212 sim-

1060 2250 1512 2343 pluralt‘tatis
1539 2273 1677 2318 non
1698 2252 1873 2342 poni
1908 2249 2207 2342 aliquid,
2238 2250 2360 2317 sed
2405 2272 2629 2318 remo-
2735 2251 3000 2343 plicitas
3044 2275 3060 2320 :
3095 2274 3257 2343 ergo
3297 2249 3467 2318 nihil
3497 2257 3762 2341 ponunt
3791 2253 3862 2320 in
3891 2250 4048 2335 illis,
4116 2254 4293 2320 sicut

1070 2357 1240 2436 veri,
1291 2365 1421 2425 etc.
1462 2386 1495 2420 η

1170 2471 1232 2535 1.
1264 2468 1352 2536 Et
1375 2489 1461 2535 ex
1483 2465 1616 2536 hoc
1636 2466 1908 2536 videtur
1925 2467 2161 2557 accipi,
2179 2465 2362 2557 quod
2381 2488 2631 2535 seeun-

1071 2575 1236 2643 dum
1298 2574 1703 2665 Magistrum
1760 2573 2033 2643 termini
2125 2571 2510 2641 numerales
2560 2574 2629 2639 in

1072 2682 1327 2750 divinis
1357 2681 1530 2750 nihil
1560 2689 1849 2772 ponunt,
1880 2679 2001 2750 sed
2028 2688 2276 2773 negant
2308 2680 2529 2772 magis
2566 2688 2632 2747 et

1070 2791 1303 2857 minus
1337 2810 1353 2856 ε
1390 2799 1464 2858 ut
1495 2812 1653 2858 cum
1685 2788 1934 2858 dicitur
1957 2811 2092 2858 una
2130 2809 2446 2878 persona,
2494 2809 2633 2855 non

1067 2901 1363 2984 ponatur
1388 2892 1647 2985 aliquid
1686 2894 1864 2962 circa
1903 2914 2290 2983 personam,
2342 2890 2462 2960 sed
2524 2914 2637 2959 re-

1071 3007 1434 3070 moveatur
1462 3001 1583 3082 sic,
1613 3000 1680 3068 id
1705 3008 1834 3077 est,
1869 3022 2008 3068 non
2046 2999 2219 3080 duae,
2273 3021 2412 3067 non
2440 3007 2578 3067 tres
2613 3020 2631 3068 t

1066 3118 1135 3178 et
1198 3132 1357 3177 cum
1426 3108 1748 3177 dicuntur
1802 3107 1957 3176 duae
2007 3130 2337 3199 personae,
2409 3106 2477 3174 id
2509 3116 2632 3207 est,

1064 3239 1206 3287 non
1245 3240 1383 3286 una
1418 3225 1713 3299 tantum,
1746 3216 1857 3286 vel
1886 3226 2022 3287 tres
2055 3239 2071 3284 ε
2109 3224 2174 3285 et
2205 3239 2360 3284 cum
2393 3216 2640 3285 dicun-

1064 3333 1179 3393 tur
1207 3335 1374 3412 tres,
1441 3325 1851 3418 intelligitur
1909 3347 2045 3394 non
2113 3347 2272 3401 una,
2320 3323 2430 3393 vel
2488 3323 2638 3392 duae

1066 3441 1362 3513 tantum,
1424 3433 1531 3501 vel
1564 3433 1797 3525 plures
1853 3431 2097 3501 tribus.

1159 3547 1226 3613 2.
1264 3544 1348 3612 Et
1377 3543 1508 3612 hoc
1545 3544 1818 3612 videtur
1860 3543 2065 3611 etiam
2126 3565 2244 3633 per
2276 3541 2635 3623 isidorum,

1072 3654 1189 3746 qui
1222 3654 1408 3731 dicit,
1454 3652 1636 3745 quod
1668 3676 1993 3721 numerus
2033 3653 2277 3720 dicitur
2314 3675 2354 3719 a
2411 3661 2579 3721 nutu
2617 3675 2635 3721 ε

1071 3775 1282 3833 nutus
1318 3774 1585 3833 sautem
1654 3788 1897 3833 sensus
1935 3772 2084 3832 est:
2153 3785 2317 3853 ergo
2372 3762 2640 3831 videtur

1070 3894 1213 3939 non
1271 3895 1421 3940 esse
1452 3894 1781 3940 numerus
1822 3872 1949 3938 nisi
1982 3871 2050 3937 in
2080 3868 2544 3937 sensibilibus.

1158 3985 1225 4052 3.
1254 3982 1453 4059 Item,
1493 3981 1772 4048 Boetius
1806 4002 1821 4046 ε
1851 3980 2132 4047 Diversa
2164 4001 2452 4047 numero
2482 3986 2643 4047 sunt

1070 4091 1137 4156 in
1172 4088 1424 4180 quibus
1457 4089 1803 4157 invenitur
1841 4087 2198 4156 diversitas
2257 4087 2325 4153 in
2389 4108 2640 4155 nume-

1066 4198 1284 4264 rando
1330 4197 1500 4266 :sed
1551 4199 1618 4265 iu
1668 4196 1980 4288 personis
2035 4194 2284 4261 divinis
2332 4216 2472 4261 non
2537 4201 2640 4263 est

1068 4305 1431 4375 diversitas
1476 4329 1494 4374 ε
1530 4328 1696 4396 ergo
1731 4328 1859 4373 nec
1898 4327 2249 4373 numerus.
2285 4302 2487 4383 Quod
2516 4325 2635 4371 au·

1070 4423 1208 4481 tem
1242 4438 1383 4482 non
1414 4415 1499 4481 sit
1542 4414 1904 4482 diversitas
1936 4414 2004 4480 in
2037 4413 2309 4491 (livinis,
2353 4419 2539 4503 patet
2568 4415 2635 4481 in

1066 4521 1308 4591 eadem
1339 4522 1747 4589 auctoritate
1792 4519 2058 4587 llilarii.

1157 4634 1222 4701 4.
1271 4633 1441 4702 Item
1485 4630 1950 4722 Philosophus
1993 4653 2009 4698 ε
2084 4631 2159 4697 ln
2191 4631 2438 4720 quibus
2496 4654 2633 4700 non

1068 4749 1170 4810 est
1203 4740 1513 4817 materia,
1558 4762 1697 4808 non
1738 4747 1837 4807 est
1888 4760 2241 4814 numerus,
2312 4739 2444 4806 nisi
2511 4762 2634 4829 pe·

1065 4872 1188 4917 nes
1227 4871 1507 4917 causam
1548 4856 1616 4916 et
1651 4855 2007 4916 causatum
2050 4868 2065 4913 ε
2100 4844 2219 4914 sed
2251 4847 2318 4913 in
2384 4846 2634 4916 divinis

1068 4979 1208 5025 non
1240 4963 1342 5024 est
1373 4956 1660 5024 materia
1692 4978 1707 5023 ε
1746 4977 1910 5045 ergo
1951 4954 2003 5021 si
2054 4976 2380 5021 numerus
2427 4963 2529 5023 est
2562 4958 2630 5024 in

1064 5066 1190 5145 eis,
1233 5071 1334 5131 est
1375 5084 1585 5153 penes
1624 5084 1900 5131 causam
1932 5069 1996 5129 et
2034 5071 2412 5143 causatum,
2447 5063 2633 5153 quod

1065 5174 1315 5241 iterum
1347 5194 1488 5240 non
1536 5172 1912 5241 convenit:
1955 5171 2111 5262 quia
2142 5192 2281 5238 non
2323 5170 2634 5240 concedi·

1067 5291 1178 5349 tur
1205 5282 1392 5373 quod
1425 5304 1560 5348 una
1588 5302 1883 5371 persona
1921 5281 2007 5348 sit
2061 5302 2265 5348 causa
2321 5280 2624 5350 alterius.

1156 5390 1222 5457 5.
1259 5388 1458 5467 ltem,
1499 5389 1963 5456 Damascenus
1992 5386 2176 5464 dicit,
2220 5387 2403 5477 quod
2432 5387 2631 5458 diss'e-

1070 5499 1290 5565 rentia
1325 5505 1427 5565 est
1464 5518 1669 5566 causa
1730 5496 1997 5564 numeri
2036 5518 2052 5563 ε
2117 5496 2341 5562 omnis
2398 5503 2630 5565 autem

1068 5602 1454 5674 differentia
1501 5612 1620 5673 aut
1649 5611 1752 5674 est
1806 5625 2014 5700 penes
2070 5605 2451 5685 materiam,
2513 5613 2632 5673 aut

2735 2361 3059 2452 Magister
3087 2360 3272 2429 dicit.

2827 2468 2959 2538 San
3004 2492 3257 2538 cosma
3292 2493 3308 2537 ε

2829 2579 2889 2645 1.
2922 2576 3103 2646 Dicit
3158 2574 3640 2666 l‘hilosoplmS,
3673 2576 3856 2668 quod
3911 2576 4146 2647 eadem
4188 2585 4292 2645 est

2738 2686 2911 2753 ratio
2977 2681 3302 2763 hominiS,
3345 2691 3411 2751 et
3478 2684 3679 2752 unius
3735 2683 4033 2753 hominis
4075 2707 4292 2776 :ergo

2738 2792 3010 2861 videtur
3057 2790 3243 2883 quod
3298 2814 3512 2859 unum
3543 2790 3713 2859 nihil
3751 2792 3954 2861 addat
3981 2816 4187 2885 supra
4228 2791 4295 2862 id

2743 2899 3171 2991 quod-unum
3205 2907 3332 2985 est,
3374 2900 3504 2967 nisi
3535 2899 4013 2970 indivisionem
4060 2901 4296 2971 formae

2743 3006 3052 3076 indivisae
3095 3008 3163 3075 in
3193 3030 3289 3086 se,
3325 3016 3391 3076 et
3438 3008 3914 3100 distinguentis
3938 3008 4022 3077 ab
4088 3009 4239 3078 aliis
4273 3032 4292 3080 ε

2746 3122 2813 3184 et
2851 3117 2944 3183 ita
2981 3114 3253 3184 videtur
3288 3115 3359 3183 in
3388 3116 3636 3184 divinis
3664 3116 4028 3185 convenire
4057 3125 4122 3185 et
4178 3140 4300 3209 po·

2751 3247 2935 3293 nere.

2834 3334 2901 3403 2.
2935 3332 3130 3412 ltem,
3174 3333 3455 3403 Boetius
3482 3333 3642 3402 dicit
3670 3334 3742 3401 in
3778 3332 3950 3402 libro
3990 3332 4070 3414 de
4091 3336 4300 3403 Dua-

2748 3438 2872 3508 bus
2898 3441 3170 3509 naturis
3209 3443 3279 3509 in
3312 3463 3452 3507 una
3474 3462 3766 3531 persona
3799 3441 4075 3520 Christi,
4113 3440 4299 3532 quod

2745 3570 2960 3616 unum
3002 3556 3068 3617 et
3097 3571 3219 3618 ens
3248 3556 3759 3617 convertuntur.

2833 3657 2900 3723 3.
2948 3655 3143 3733 ltem,
3198 3655 3748 3748 Unumquodque
3796 3679 3836 3725 a
3919 3657 4135 3725 forma
4174 3678 4301 3725 sua

2745 3785 2959 3831 unum
2991 3771 3116 3831 est.
3151 3762 3324 3831 Cum
3354 3764 3561 3855 igitur
3590 3764 3966 3856 proprietas
3985 3787 4297 3856 personae

2744 3869 2943 3940 faciat
2981 3894 3133 3939 eam
3175 3871 3535 3940 indivisam
3569 3873 3637 3940 in
3668 3895 3766 3955 se,
3799 3881 3866 3940 et
3891 3871 3976 3940 ab
4000 3871 4151 3940 aliis
4190 3871 4302 3942 di-

2744 3980 2990 4064 visam,
3034 3989 3102 4049 et
3154 3980 3251 4048 sic
3305 3982 3392 4047 sit
3447 3981 3639 4072 quasi
3709 3981 3952 4063 forma,
4028 3980 4300 4050 videtur

2746 4086 2926 4178 quod
2965 4109 3180 4155 unum
3210 4097 3420 4178 ponat
3451 4089 3520 4155 in
3576 4090 3885 4180 personis
3914 4091 4298 4182 proprieta-

2744 4203 2910 4266 tem.

2839 4406 3147 4478 Somno.
3180 4408 3587 4494 Dicendum,
3622 4410 3804 4502 quod
3826 4413 4048 4479 unitas
4067 4433 4295 4479 essen-

2742 4520 2854 4586 tiae
2885 4525 2985 4586 est
3017 4519 3160 4609 ipsa
3205 4519 3495 4586 essentia
3527 4538 3545 4583 ε
3580 4518 3698 4587 sed
3728 4517 3858 4587 alia
3887 4521 4148 4589 ratione
4187 4526 4293 4588 est

2743 4627 3059 4705 essentia,
3103 4633 3170 4693 et
3207 4623 3339 4692 alia
3370 4647 3531 4693 una.
3567 4624 3875 4694 Essentia
3938 4628 4122 4695 enim
4189 4634 4293 4696 est

2741 4734 2934 4823 cujus
2962 4740 3152 4802 actus
3206 4742 3306 4801 est
3355 4755 3524 4803 esse.
3586 4733 3763 4804 Dicit
3810 4736 3993 4803 enim
4036 4734 4295 4804 Ansel-

2742 4866 2918 4923 mus,
2971 4841 3156 4935 quod
3202 4842 3521 4924 essentia,
3572 4865 3746 4926 esse,
3804 4851 3871 4911 et
3917 4866 4038 4913 ens
4092 4843 4291 4912 diss'e·

2740 4962 2944 5022 runt:
2990 4955 3165 5022 sicut
3228 4951 3372 5031 lux,
3426 4951 3673 5035 lucere,
3724 4962 3790 5023 et
3844 4952 4102 5024 lucens,
4153 4953 4290 5023 Sed

2737 5085 2877 5130 una
2907 5064 3102 5131 estin
3156 5067 3489 5153 quantum
3547 5062 3616 5128 in
3664 5084 3736 5131 se
3800 5084 3937 5131 una
3994 5064 4293 5131 existens

2739 5173 2880 5239 suis
2926 5173 3026 5262 (ut
3073 5173 3165 5238 ita
3211 5170 3457 5260 dicam)
3485 5171 4042 5267 proprietatibus
4099 5181 4293 5239 natu·

2740 5279 2994 5349 ralibus
3049 5280 3134 5349 ab
3177 5280 3327 5349 aliis
3387 5279 3846 5371 distinguitur,
3915 5302 4064 5374 quae
4131 5289 4292 5352 sunt

2741 5391 2886 5481 ipsa
2917 5389 3233 5459 essentia.
3275 5389 3362 5458 Et
3381 5411 3689 5481 personae
3738 5390 3960 5458 unitas
3998 5398 4099 5459 est
4134 5413 4292 5483 pro-

2736 5499 2989 5589 prietas
3018 5520 3172 5590 quae
3229 5506 3332 5566 est
3373 5519 3689 5590 persona,
3748 5507 3816 5567 et
3869 5499 4095 5566 unitas
4150 5521 4289 5568 no-

2737 5606 2945 5675 tionis
2997 5612 3096 5675 est
3143 5607 3358 5684 notio,
3426 5605 3583 5676 licet
3626 5603 3821 5675 aliter
3868 5607 3935 5674 in
3992 5606 4286 5676 termino

4318 2480 4616 2529 Sedeotnru.

4374 4449 4578 4499 sotuuo.
