4897 6388
749 1596 934 1652 Qum.
964 1605 1007 1653 Ι.

720 4186 893 4238 Qun-t.
922 4187 967 4234 ³.

738 5153 940 5200 Sotntlo.

1797 373 1800 374 f
1849 321 1941 390 lN
1993 325 2020 390 1
2071 323 2494 420 SENTENT.
2547 330 2775 406 msT.
2832 335 2953 424 lx,
3010 338 3093 416 K,
3146 337 3345 418 ΛΒΤ.
3404 338 3605 434 1³³³)-
4154 335 4303 403 2⁹9-

1076 487 1237 578 quia
1301 513 1439 558 non
1502 504 1679 561 esset
1737 493 1912 562 tilius
1980 498 2107 563 nisi
2185 509 2357 569 essct
2432 505 2632 594 geni·
2745 509 2814 575 in
2898 510 3316 579 naturalibus
3379 508 3875 578 mathematicis
3947 509 4290 577 infinitum
4391 563 4395 567 »

1073 601 1209 663 tus·
2744 640 2884 686 non
2921 627 3024 687 est
3052 619 3180 686 nisi
3220 619 3289 686 in
3319 641 3397 686 eo
3446 619 3629 709 quod
3664 623 3764 686 est
3794 618 4061 685 finitum
4108 626 4286 699 actu,

1163 704 1226 768 2.
1263 703 1463 783 ltem,
1500 703 1844 797 Quidquid
1878 732 2145 803 semper
2171 723 2271 783 est
2318 718 2388 784 in
2417 741 2632 809 gene·
2748 736 2817 795 et
2900 729 2968 795 in
3051 730 3353 818 potentia
3430 729 3498 794 in
3548 726 3661 794 illo
3718 733 3783 793 et
3866 747 4005 793 non
4071 734 4224 794 actu
4267 748 4283 795 τ

1072 810 1227 884 rari,
1269 833 1650 902 numquam
1684 823 1784 882 est
1823 819 2235 909 completum
2269 847 2390 915 per
2417 851 2633 918 gene-
2745 835 3088 902 infinitum
3121 836 3302 903 enim
3357 833 3539 926 quod
3590 833 3947 903 iteratione
3997 834 4139 901 sive
4193 854 4291 902 re-

1072 917 1406 985 rationem
1448 941 1464 987 2
1509 943 1672 1012 crgo
1706 925 1761 990 si
1813 924 2021 994 Filius
2088 951 2357 1023 semper
2421 945 2537 1037 est⁸
2561 939 2629 1005 in
2745 947 3179 1036 generatione
3209 944 3510 1034 ejusdem
3550 950 3773 1010 motus
3839 941 4071 1011 circuli
4143 943 4286 1010 sine

1069 1025 1411 1113 generari,
1455 1027 1668 1097 Filius
1701 1054 2073 1123 numquam
2134 1047 2234 1107 est
2294 1042 2627 1131 perfectus

1072 1139 1140 1199 et
1195 1134 1580 1225 completus
1664 1160 1784 1229 per
1838 1146 2373 1232 generationem,
2444 1152 2630 1242 quod

1072 1240 1600 1313 iterumvfalsum
1660 1254 1762 1316 est
1804 1271 1818 1316 ε
1883 1272 2044 1342 ergo
2089 1259 2437 1345 generatio
2486 1260 2629 1348 ejus

1071 1373 1210 1418 non
1242 1360 1344 1422 est
1374 1353 1667 1425 infinita.

1167 1558 1241 1627 Si
1272 1560 1481 1642 dicaS,
1530 1565 1715 1656 quod
1746 1568 1924 1637 idem
1951 1581 2060 1639 est
2100 1575 2167 1641 in
2215 1579 2533 1666 ‘generari
2563 1589 2632 1649 et

1072 1668 1384 1757 genitum
1423 1680 1596 1742 esse.
1633 1672 1904 1743 Cmvraa
1948 1699 1963 1743 :
2015 1679 2152 1747 Aut
2199 1703 2363 1773 ergo
2420 1685 2627 1754 simul

1068 1782 1229 1842 sunt
1258 1774 1620 1848 duratione
1659 1784 1966 1871 generari
2006 1794 2073 1854 et
2108 1790 2415 1878 genitum
2448 1815 2622 1877 esse,

1066 1882 1187 1951 sed
1208 1905 1349 1953 non
1377 1893 1665 1956 natura:
1701 1897 1820 1959 aut
1848 1893 2055 1962 simul
2086 1902 2352 1978 natura,
2378 1908 2445 1969 et
2462 1909 2628 1971 tem·

1062 2013 1255 2082 pore.
1294 1991 1367 2061 Si
1399 1997 1627 2085 primo
1668 1999 1919 2069 modo:
1953 2025 2115 2095 ergo
2155 2011 2468 2098 generari
2524 2018 2627 2082 est

1064 2101 1252 2192 prius·
1290 2112 1537 2173 natura
1567 2129 1774 2198 quam
1812 2112 2118 2201 genitum
2159 2139 2306 2186 esse
2351 2142 2368 2187 ε
2413 2121 2623 2191 sedin

1064 2210 1387 2280 omnibus
1418 2212 1669 2284 talibus
1694 2215 1884 2308 prius
1910 2219 2110 2291 infert
2154 2230 2520 2317 posterius,
2555 2239 2624 2300 et

1059 2340 1201 2388 non
1248 2323 1725 2393 convertitur:
1769 2347 1907 2395 non
1965 2328 2149 2399 enim
2213 2338 2521 2428 sequitur
2549 2338 2620 2408 in

1059 2427 1506 2498 millesimum
1540 2453 1824 2515 annum,
1859 2436 1916 2504 si
1964 2439 2271 2529 genitum
2305 2449 2429 2525 est,
2457 2470 2618 2541 ergo

1057 2548 1425 2629 generatur
1467 2563 1483 2609 :
1520 2542 1640 2611 sed
1713 2546 2027 2638 sequitur
2071 2548 2267 2633 bene,
2301 2555 2358 2622 si
2414 2579 2619 2648 gene·

1059 2656 1268 2727 ratur,
1313 2671 1478 2741 ergo
1527 2652 1841 2746 genitum
1872 2664 1974 2725 est
2016 2680 2033 2725 :
2069 2681 2231 2753 ergo
2271 2685 2426 2733 cum
2460 2689 2617 2737 mo-

1055 2756 1143 2825 do
1183 2781 1423 2827 verum
1466 2761 1580 2847 sit,
1643 2764 1826 2855 quod
1896 2764 2105 2837 Filius
2160 2779 2261 2841 est
2310 2774 2608 2868 genitus,

1052 2889 1195 2936 non
1252 2876 1354 2937 est
1411 2892 1654 2940 verum
1712 2875 2360 2971 quod-generatur:
2427 2884 2612 2979 quod

1053 2973 1299 3044 falsum
1328 2982 1456 3058 est,
1490 3001 1649 3048 cum
1683 2983 1961 3074 recipiat
1990 2983 2155 3056 fides
2213 2986 2611 3081 hujusmodi

1054 3082 1462 3164 locutiones,
1506 3084 1719 3157 Filius
1755 3112 2025 3185 semper
2073 3106 2487 3189 generatur:
2536 3109 2613 3173 ut

1054 3188 1164 3260 hic
1201 3191 1445 3286 probat
1476 3194 1828 3290 Magister.

1145 3298 1221 3369 Si
1269 3301 1456 3371 dicas
1485 3305 1670 3397 quod
1708 3312 2057 3401 generatio
2097 3312 2246 3383 Filii
2289 3324 2389 3385 est
2420 3316 2611 3391 [inita

1053 3406 1137 3476 ad
1168 3410 1480 3501 genitum
1522 3434 1694 3484 esse.
1750 3412 2038 3487 Videtur
2092 3420 2338 3492 falsum
2403 3447 2603 3499 esse:

1053 3516 1217 3606 quia
1243 3524 1409 3586 tunc
1433 3517 1806 3612 aliquando
1828 3522 1953 3594 suit
1971 3526 2405 3621 incompleta,
2438 3541 2508 3603 et
2537 3533 2606 3603 in

1049 3625 1359 3716 genitum
1393 3649 1542 3699 esse
1572 3627 1748 3699 facta
1776 3640 1878 3701 est
1906 3635 2268 3730 completa.

1137 3731 1503 3813 Praeterea,
1539 3733 1965 3830 Quandoque
1998 3740 2118 3812 tuit
2150 3743 2218 3813 in
2257 3750 2600 3839 generari,

1047 3842 1466 3933 quandoque
1543 3852 1772 3915 autem
1844 3848 1915 3915 in
1981 3853 2290 3941 genitum
2329 3877 2505 3942 esse,
2538 3866 2606 3928 et

1046 3952 1137 4020 ita
1176 3953 1468 4023 variatio
1513 3964 1616 4023 est
1646 3955 2159 4050 injaeternitate,
2203 3966 2387 4057 quod
2424 3976 2603 4041 stare

1043 4080 1201 4126 cum
1232 4056 1630 4150 praehabitis
1667 4084 1806 4131 non
1845 4060 2122 4156 potest.‘

1138 4165 1322 4247 hau,
1368 4166 1578 4238 Estne
1637 4173 2145 4246 concedendum
2201 4181 2441 4251 saltem
2484 4207 2603 4253 se·

1043 4274 1344 4344 cundum
1387 4277 1832 4361 intellectum,
1869 4286 2052 4376 quod
2106 4292 2415 4380 generari
2500 4300 2601 4365 est

1042 4394 1199 4453 ante
1228 4388 1540 4477 genitum
1593 4411 1738 4458 esse
1769 4391 1805 4459 ἱ)
1858 4390 2147 4464 Videtur
2210 4398 2395 4490 quod
2445 4401 2592 4472 sic:

1040 4514 1199 4560 cum
1242 4491 1455 4562 Filius
1513 4517 1655 4565 non
1700 4497 1985 4592 accipiat
2027 4526 2173 4575 esse
2219 4507 2405 4599 quod
2461 4518 2590 4589 est,

1036 4600 1169 4669 nisi
1201 4625 1331 4693 per.
1362 4607 1930 4695 generationem:
1984 4634 2146 4705 ergo
2213 4617 2591 4706 generatio,

1037 4721 1113 4779 ut
1167 4712 1461 4792 videtur,
1532 4725 1631 4784 est
1707 4727 1887 4789 ante.
1960 4718 2034 4789 Si
2126 4721 2256 4794 hoc
2331 4725 2530 4795 datur
2572 4751 2589 4797 ε

1038 4819 1309 4888 Com-aa
1367 4832 1469 4891 est
1537 4824 1916 4896 intellectus
1983 4834 2404 4917 aeternitatiS,
2474 4838 2590 4928 qui

1038 4936 1372 4998 aeternum
1414 4932 1608 5024 ponit
1648 4939 1866 5003 totum
1899 4959 2045 5006 esso
2090 4938 2315 5010 simul.

1127 5140 1444 5214 Somno.
1506 5146 1912 5230 Dicendum,
1973 5153 2157 5244 quod
2209 5160 2334 5225 ista
2395 5183 2591 5251 quae-

1032 5252 1162 5322 stio
1197 5255 1264 5321 in
1336 5253 1588 5323 divinis
1644 5279 1784 5326 non
1840 5259 2044 5330 habet
2098 5262 2323 5336 locum
2368 5292 2384 5340 ε
2427 5272 2591 5364 quia

1031 5383 1156 5430 nec
1185 5360 1279 5429 ibi
1319 5369 1419 5430 est
1462 5361 1757 5450 finitum,
1792 5389 1916 5436 nec
1947 5368 2308 5443 infinitum.
2346 5375 2590 5448 lntini-

1030 5480 1178 5538 tum
1229 5492 1369 5537 non
1410 5478 1561 5539 est:
1609 5473 1769 5563 quia
1798 5472 1966 5546 illud
1996 5488 2097 5548 est
2148 5483 2589 5575 imperfectis-

1029 5578 1310 5658 simum,
1378 5578 1574 5668 cujus
1624 5590 1849 5671 partes
1895 5587 2247 5678 accipienti
2314 5615 2587 5687 semper

2746 1055 2990 1146 quietis
3030 1054 3540 1145 interpositione
3569 1060 3674 1122 est
3719 1050 4087 1132 infinitum,
4147 1073 4285 1120 non

2740 1169 2967 1253 potest
3005 1163 3098 1230 ibi
3136 1184 3329 1231 esse:
3383 1162 3544 1253 quia
3591 1183 3728 1230 non
3778 1159 4058 1228 iteratur
4103 1182 4286 1229 sem-

2742 1295 2865 1364 per
2893 1272 3131 1341 eadem
3188 1271 3536 1362 generatio
3583 1270 3727 1338 sine
3794 1268 4043 1361 quiete,
4112 1271 4285 1339 sicut

2742 1388 2971 1448 motus
3002 1377 3232 1448 circuli
3270 1377 3576 1446 infinitus
3619 1377 3861 1446 dicitur
3922 1387 4286 1470 regenera-

2742 1488 2928 1556 tione
2968 1495 3302 1579 quantum
3350 1485 3432 1555 ad
3499 1484 3828 1578 principia
3883 1485 4217 1588 naturalia
4259 1508 4275 1557 ε

2738 1596 2919 1664 unde
2961 1595 3151 1664 nullo
3210 1594 3413 1664 modo
3476 1602 3578 1662 est
3625 1592 3715 1660 ibi
3787 1591 4130 1662 infinitum
4185 1595 4281 1664 sic

2740 1710 3118 1795 acceptum,
3151 1705 3279 1771 nisi
3310 1703 3440 1772 hoc
3468 1701 3668 1771 modo
3724 1722 3861 1793 quo
3923 1723 4127 1794 supra
4174 1703 4281 1771 di-

2739 1820 2924 1881 ctum
2981 1821 3106 1893 est,
3162 1810 3348 1905 quod
3401 1812 3743 1881 infinitum
3801 1819 3905 1880 est
3950 1834 4087 1880 non
4131 1812 4280 1882 fini-

2734 1928 2910 2000 tum,
2980 1918 3089 1988 vel
3155 1927 3616 1989 mensuratum
3694 1923 4024 2010 tempore,
4091 1918 4269 1999 loco,

2735 2027 2845 2096 vel
2905 2036 3236 2120 potestate
3304 2025 3938 2121 comprehendentis
4003 2027 4277 2098 intelle-

2734 2145 2904 2207 ctus.
2961 2137 3258 2205 Finitum
3312 2138 3515 2206 etiam
3580 2143 3851 2207 nonest
3904 2135 4049 2204 ibi:
4112 2138 4273 2229 quia'

2736 2247 3005 2317 finitum
3034 2248 3300 2333 dicitur,
3350 2248 3459 2318 vel
3512 2247 3695 2341 quod
3759 2246 4032 2340 attingit
4074 2270 4272 2317 com-

2730 2354 3149 2446 plementum
3176 2364 3329 2448 post
3364 2363 3656 2441 motum,
3696 2353 3969 2448 quando
4016 2354 4270 2426 scilicet

2727 2469 2885 2551 post
2931 2463 3191 2531 moveri
3249 2470 3349 2531 est
3397 2463 3468 2530 in
3514 2468 3778 2530 motum
3827 2482 4021 2530 esse:
4066 2469 4134 2530 et
4169 2462 4266 2532 sic

2727 2591 2864 2638 non
2893 2576 3289 2661 potestesse
3329 2569 3400 2638 in
3419 2568 3665 2638 divinis
3703 2567 3974 2662 penitus
4012 2567 4263 2638 immu-

2725 2675 3073 2746 tabilibus.
3147 2675 3304 2746 Alio
3397 2677 3602 2746 modo
3678 2676 3923 2747 dicitur
3995 2677 4262 2749 finitum

2723 2792 3116 2854 contentum
3148 2785 3325 2865 intra
3350 2785 3520 2854 fines
3557 2787 3996 2854 terminantes
4038 2786 4261 2877 ipsum

2722 2895 2924 2975 intra,
2957 2891 3065 2962 vel
3096 2902 3285 2963 extra
3327 2917 3344 2964 ε
3377 2894 3550 2964 sicut
3588 2917 3692 2965 res
3744 2893 4149 2963 terminatur
4175 2894 4261 2964 ad

2720 3003 3010 3073 formam
3042 3011 3107 3073 et
3139 3004 3426 3097 figuram
3466 3026 3685 3084 suam,
3730 3004 3841 3073 vel
3888 3003 3974 3073 ad
4029 3027 4264 3076 essen-

2717 3112 2884 3181 tiam
2976 3135 3197 3191 suam,
3267 3121 3455 3182 extra
3538 3136 3741 3205 quam
3798 3113 3882 3183 de
3956 3136 4027 3183 re
4091 3112 4261 3183 nihil

2717 3232 2842 3294 est.
2864 3224 3086 3294 Extra
3115 3234 3340 3294 autem
3371 3227 3545 3295 sicut
3582 3250 3686 3295 res
3741 3226 4144 3296 terminatur
4171 3227 4258 3296 ad

2717 3331 2970 3401 locum.
3039 3332 3124 3401 Et
3217 3342 3527 3403 neutrum
3585 3332 3856 3403 illorum
3933 3337 4259 3427 competit

2715 3437 3015 3508 divinis:
3063 3440 3218 3531 quia
3270 3440 3411 3509 Deo
3468 3463 3605 3510 non
3647 3442 4079 3510 constituitur
4119 3450 4258 3511 tcr-

2716 3544 2945 3612 minus
2992 3569 3131 3613 suae
3162 3548 3466 3615 essentiae
3502 3568 3518 3615 τ
3551 3546 3706 3616 licet
3755 3548 3896 3638 ipse
3938 3547 4066 3616 sibi
4099 3546 4258 3616 fini-

2714 3661 2824 3719 tus
2853 3652 2964 3733 sit,
2999 3660 3224 3722 tamen
3258 3677 3396 3722 non
3436 3653 3665 3723 finitur
3702 3653 3787 3722 ad
3826 3651 4084 3748 aliquid
4107 3678 4259 3724 cre-

2713 3763 2902 3828 atum
2949 3783 2965 3827 :
3034 3783 3190 3828 cum
3249 3783 3516 3854 semper
3573 3761 3661 3830 sit
3726 3784 3866 3830 non
3925 3760 4249 3843 inclusus,

2712 3865 2833 3937 sed
2897 3876 3084 3937 extra
3145 3869 3781 3961 incomparabiliter.
3843 3866 4037 3940 Unde
4094 3868 4257 3940 dici-

2715 3998 2895 4057 mus,
2957 3976 3141 4068 quod
3203 3978 3550 4069 generatio
3613 3976 3844 4047 divina
3892 4001 4017 4050 nec
4063 3978 4254 4048 finita

2710 4092 2836 4170 est,
2861 4107 2984 4153 nec
3006 4084 3270 4155 infinita
3298 4094 3423 4170 est,
3447 4085 3563 4156 sed
3594 4087 3909 4180 simplex.
3945 4086 4251 4180 Simplex

2710 4192 2920 4277 enim,
2972 4201 3044 4260 ut
3102 4191 3262 4262 dicit
3341 4192 3826 4286 PhilosophuS,
3907 4217 4031 4265 nec
4102 4195 4253 4263 fini-

2706 4305 2878 4381 tum,
2913 4321 3037 4367 nec
3085 4299 3424 4367 infinitum
3455 4308 3579 4369 est.

2797 4405 2934 4473 Nec
2973 4405 3102 4474 hoc
3139 4416 3313 4475 esset
3343 4407 3702 4477 dicendum
3732 4409 3918 4501 quod
3959 4432 4251 4502 gencra-

2703 4512 2758 4580 ri
2815 4511 3079 4581 disserat
3143 4539 3181 4580 a
3246 4517 3552 4606 genitum
3609 4538 3804 4587 esse:
3878 4518 4038 4609 quia
4097 4520 4243 4610 jam

2701 4643 2902 4711 supra
2963 4621 3323 4712 probatum
3372 4633 3496 4703 est,
3549 4624 3728 4717 quod
3777 4635 3880 4695 est
3937 4626 4080 4696 fieri
4127 4627 4247 4695 ali-

2701 4729 2886 4819 quod
2923 4730 3257 4800 ancedeus
3307 4732 3576 4815 Filium,
3624 4758 3747 4804 nec
3788 4736 3964 4805 actio
4015 4734 4242 4828 aliqua

2698 4840 2876 4908 inter
2911 4841 3179 4911 Patrem
3220 4853 3283 4913 et
3323 4845 3593 4931 Filium,
3644 4870 3765 4938 per
3792 4870 3998 4939 quam
4047 4858 4243 4919 exeat

2698 4947 2908 5017 Filius
2946 4974 2986 5018 a
3017 4951 3216 5021 Patre
3252 4976 3267 5022 ε
3302 4953 3418 5023 sed
3448 4957 3794 5046 generatio
3826 4956 3986 5025 dicit
4042 4959 4243 5026 ratio·

2697 5078 2855 5124 nem
2885 5081 3008 5149 per
3044 5082 3249 5151 quam
3290 5061 3499 5132 Filius
3538 5074 3636 5132 est
3667 5087 3707 5132 a
3754 5064 3956 5134 Patre
3991 5088 4007 5133 :
4061 5066 4238 5136 unde

2694 5168 3042 5256 generatio
3072 5171 3287 5239 active
3320 5170 3655 5241 intellecta
3684 5171 3860 5241 idem
3924 5183 4025 5244 est
4054 5173 4238 5267 quod

2693 5277 3062 5364 paternitas
3133 5276 3242 5345 vel
3304 5278 3525 5359 Pater,
3587 5279 3738 5349 licet
3801 5280 4115 5352 differant
4162 5285 4232 5352 in

2695 5387 2900 5456 modo
2962 5389 3407 5480 significandi.
3472 5390 3821 5473 Similiter,
3888 5398 4233 5487 generatio

2691 5497 2959 5585 passive
3015 5506 3313 5589 accepta,
3374 5497 3553 5567 idem
3619 5509 3719 5569 est
3776 5503 3959 5593 quod
4024 5503 4233 5573 Filius

2688 5600 3006 5673 differens
3062 5605 3132 5672 in
3196 5606 3400 5675 modo
3454 5608 3871 5701 intelligendi
3935 5620 4225 5683 tantum.

1030 5691 1132 5752 est
1161 5682 1420 5775 aliquid
1452 5695 1643 5756 extra
1682 5690 2025 5794 accipere:
2069 5704 2134 5763 et
2163 5694 2316 5767 ideo
2373 5703 2578 5773 etiam
2686 5707 2770 5776 Et
2812 5708 2963 5780 ideo
2995 5710 3165 5780 nihil
3198 5720 3298 5781 est
3342 5714 3524 5806 quod
3571 5718 3915 5808 quaeritur,
3975 5720 4221 5791 Utrum
