4897 6388
1864 261 1961 328 IN
2007 259 2530 367 ΙΕΕΝΤΕΝΤιν
2574 258 2794 364 DJST.
2847 260 2967 339 111,
3020 261 3108 340 Χ,
3162 260 3358 328 ART.
3411 263 3521 332 36.

1162 431 1268 498 An
1316 452 1580 498 ramum
1610 429 1996 518 proceditur
2024 428 2120 497 sic
2164 451 2179 495 t

1167 540 1226 604 1.
1254 541 1449 605 Mens
1473 538 1577 625 (ut
1599 535 1759 602 dicit
1784 536 2130 627 Magister)
2161 537 2271 604 hic
2291 537 2636 627 accipitur

1068 669 1207 712 non
1240 669 1370 736 pro
1411 646 1678 728 anima,
1728 668 1857 735 pro
1904 668 1979 713 eo
2028 645 2219 735 quod
2255 645 2330 711 in
2394 646 2633 711 anima

1068 752 1519 820 excellentius
1577 763 1674 819 est
1723 776 1745 819 .·
1785 754 1904 821 sed
1958 752 2405 821 excellentius
2454 752 2521 818 in
2555 773 2633 819 ea

1067 870 1172 929 est
1220 861 1530 950 potentia
1574 880 1589 928 2
1635 883 1797 953 ergo
1851 883 2058 952 penes
2112 859 2523 949 potentiam,
2567 866 2632 926 et

1067 989 1211 1035 non
1240 988 1452 1058 penes
1490 966 1803 1035 habitum
1843 961 2169 1056 accipitur
2210 987 2425 1033 mens,

1159 1075 1225 1141 2.
1299 1072 1500 1154 Item,
1572 1073 1754 1142 Dicit
1808 1073 2155 1165 Magister,
2228 1072 2415 1161 quod
2487 1070 2631 1141 haec

1064 1183 1199 1250 tria
1228 1205 1447 1250 unum
1486 1191 1647 1250 sunt
1675 1190 1720 1261 ¹,
1757 1184 1915 1273 quia
1945 1182 2018 1247 in
2047 1182 2278 1248 anima
2308 1178 2631 1248 substan-

1062 1292 1319 1360 tialiter
1355 1292 1657 1359 existunt
1690 1312 1706 1359 t
1752 1290 1923 1357 nihil
1962 1297 2191 1357 autem
2220 1287 2631 1357 substantia·

1060 1398 1217 1468 liter
1245 1400 1477 1468 existit
1506 1400 1640 1467 nisi
1686 1400 2014 1490 potentia,
2056 1406 2134 1466 ut
2186 1421 2393 1488 supra
2428 1397 2626 1465 hatn-

1062 1516 1210 1576 tum
1250 1513 1352 1575 est
1387 1529 1403 1574 ε
1448 1528 1613 1597 ergo
1658 1506 1808 1574 haec
1836 1506 1966 1573 tria
2013 1521 2383 1575 sumuntur
2417 1527 2626 1594 penes

1057 1614 1427 1705 potentias,
1464 1624 1533 1683 et
1561 1636 1698 1681 non
1724 1636 1932 1704 penes
1977 1612 2277 1694 habitus,
2309 1620 2386 1680 ut
2426 1612 2623 1680 multi

1060 1721 1321 1792 dicunt.

1152 1830 1218 1899 3.
1261 1828 1461 1908 Item,
1536 1828 1764 1898 Utitur
1829 1828 1944 1895 tali
2004 1827 2211 1895 modo
2266 1826 2619 1919 loquendi,

1056 1938 1253 2004 Mens
1291 1936 1485 2004 novit
1509 1958 1605 2018 se,
1650 1944 1714 2003 et
1760 1945 1953 2002 amat
1988 1957 2059 2002 se
2095 1958 2119 2001 .·
2158 1932 2433 2002 habitus
2482 1958 2622 2005 non

1059 2053 1163 2114 est
1198 2065 1404 2111 nosse
1435 2065 1533 2122 se,
1564 2050 1632 2111 et
1660 2063 1890 2109 amare
1938 2064 2036 2120 se,
2070 2041 2189 2109 sed
2224 2042 2454 2132 potius
2494 2040 2621 2109 ha-

1056 2152 1280 2221 bentis
1338 2148 1651 2218 habitum
1691 2149 2066 2218 secundum
2134 2149 2357 2240 ipsum
2416 2148 2620 2217 habi-

1054 2268 1203 2329 tum
1233 2259 1342 2329 vel
1373 2282 1496 2352 per
1522 2260 1745 2349 ipsum
1776 2257 2087 2326 habitum
2128 2266 2230 2325 est
2269 2279 2472 2326 nosse
2515 2280 2614 2340 se,

1052 2378 1121 2440 et
1148 2392 1382 2439 amare
1412 2391 1485 2437 se
1520 2391 1536 2437 ε
1571 2390 1734 2459 ergo
1774 2390 1968 2435 mens
1999 2388 2138 2434 non
2167 2367 2464 2435 sumitur
2491 2390 2614 2457 pro

1052 2480 1296 2550 habitu
1329 2479 1588 2571 aliquo.

1140 2589 1207 2656 4.
1255 2585 1330 2656 Si
1359 2586 1534 2655 forte
1574 2585 1861 2665 dicatur,
1894 2585 2069 2653 sicut
2107 2583 2385 2676 quidam
2415 2583 2613 2654 dixe-

1049 2704 1235 2780 runt,
1272 2694 1645 2788 quodlicet
1702 2716 1895 2762 mens
1950 2715 2091 2761 non
2144 2701 2458 2760 sumatur
2487 2714 2608 2783 pro

1046 2807 1314 2886 habitu,
1375 2814 1603 2874 tamen
1684 2805 1924 2872 notitia
1962 2803 2123 2872 dicit
2159 2801 2501 2881 habitum,
2544 2812 2612 2871 et

1046 2915 1366 2985 similiter
1402 2936 1598 2983 amor
1655 2933 1671 2982 ε
1734 2912 2005 2980 CoxraA
2036 2910 2167 2980 hoc
2225 2920 2350 2990 est,
2423 2911 2607 3003 quod

1043 3047 1205 3094 cuin
1244 3022 1584 3092 memoria
1612 3022 1802 3089 novit
1830 3043 1899 3088 se
1937 3022 2040 3110 (ut
2071 3019 2237 3089 dicit
2275 3020 2606 3110 Augusti-

1034 3133 1200 3225 nus)
1232 3134 1428 3204 novit
1480 3153 1553 3201 se
1599 3137 1999 3224 praesentem
2047 3129 2202 3214 sibi,
2244 3137 2308 3198 et
2350 3150 2490 3197 non
2536 3152 2608 3199 se

1043 3244 1288 3338 quaerit
1325 3242 1679 3311 absentem
1724 3263 1739 3308 ε
1774 3262 1938 3331 ergo
1997 3239 2144 3330 ipsa
2189 3260 2312 3329 per
2347 3239 2450 3307 sui
2492 3262 2607 3307 es-

1036 3352 1331 3423 sentiam
1358 3349 1489 3419 sibi
1532 3370 1829 3441 praesens
1868 3354 1967 3415 est
2001 3368 2017 3414 t
2064 3368 2203 3415 non
2235 3347 2444 3437 igitur
2471 3368 2596 3437 per

1036 3460 1383 3539 habitum,
1422 3455 1534 3525 vel
1579 3478 1699 3547 per
1744 3453 2039 3545 speciem
2086 3452 2390 3545 aliquam
2426 3476 2443 3521 ε
2500 3475 2603 3521 ει·-

1037 3592 1127 3661 go
1160 3590 1286 3637 nec
1324 3566 1571 3635 notitia
1599 3586 1753 3656 quoe
1802 3570 1999 3631 sonat
2046 3582 2186 3631 rem
2229 3569 2472 3639 notam·
2499 3562 2601 3649 (ut

1036 3674 1201 3744 dicit
1240 3672 1694 3764 Augustinus)
1751 3669 1912 3738 dicit
1949 3667 2256 3736 habitum
2321 3689 2339 3735 ε
2399 3667 2601 3737 etsie

1033 3781 1284 3851 falsum
1323 3779 1599 3849 videtur
1626 3775 1810 3870 quod
1849 3775 2107 3844 dicunt.
2142 3774 2475 3843 Similiter
2494 3775 2597 3841 vi-

1035 3890 1238 3960 detur
1267 3888 1349 3957 de
1380 3908 1616 3956 amore
1661 3907 1677 3953 :
1713 3884 1873 3976 quia
1903 3906 2100 3952 amor
2125 3880 2238 3951 hic
2270 3884 2600 3974 accipitur

1033 4021 1158 4090 pro
1200 4006 1459 4080 amato,
1492 3996 1668 4064 sicut
1704 3993 1865 4062 dicit
1915 3992 2366 4085 Augustinus.
2409 3992 2597 4083 quod

1032 4106 1323 4176 verbum
1363 4104 1450 4171 sit
1479 4103 1720 4170 notitia
1761 4099 1985 4168 amata
2013 4122 2029 4166 ε
2057 4121 2212 4167 cum
2237 4098 2446 4189 igitur
2484 4101 2597 4166 ni-

1031 4213 1129 4282 hil
1169 4221 1476 4281 amatum
1507 4210 1692 4279 sitin
1724 4217 1976 4285 mente,
2021 4206 2149 4274 nisi
2182 4213 2422 4274 notum
2460 4228 2475 4273 ε
2529 4214 2595 4274 et

1031 4330 1275 4392 notum
1306 4321 1394 4390 ait
1441 4317 1818 4388 substantia
1848 4316 2121 4394 mentis,
2163 4323 2236 4383 ut
2265 4314 2539 4383 videtur
2570 4338 2586 4383 ε

1032 4452 1234 4499 amor
1287 4428 1495 4497 etiam
1559 4423 1938 4494 substantia
1998 4430 2063 4492 et
2119 4445 2259 4492 non
2316 4420 2592 4490 habitus

1031 4538 1188 4617 erit,
1230 4543 1308 4604 ut
1339 4534 1631 4603 videtur.

1124 4747 1460 4818 Umnms
1517 4744 1849 4837 quaeritur
1883 4743 2081 4834 juxta
2126 4739 2280 4820 hoc,
2343 4740 2589 4811 Utrum

1031 4877 1227 4926 mens
1294 4853 1665 4945 accipiatur
1717 4851 1829 4921 hic
1892 4872 2016 4942 pro
2094 4851 2455 4928 memoria,
2514 4858 2591 4917 ut

1031 4963 1310 5057 quidam
1377 4960 1667 5030 dicunt?
1701 4960 1788 5028 Et
1841 4956 2113 5026 videtur
2166 4957 2351 5048 quod
2417 4959 2515 5027 sic
2567 4980 2583 5026 :

1031 5074 1195 5167 quia
1226 5094 1430 5142 nosse
1458 5072 1559 5160 (ut
1589 5070 1748 5139 dicit
1788 5067 2239 5160 Augustinus)
2278 5075 2381 5135 est
2411 5069 2588 5136 noti-

1025 5185 1193 5254 tiam
1233 5180 1419 5274 apud
1456 5202 1528 5250 se
1566 5188 1795 5249 tenere
1838 5200 1853 5246 :
1915 5175 2047 5246 hoc
2092 5183 2322 5245 autem
2379 5199 2586 5267 supra

1029 5283 1435 5361 attributum
1468 5297 1573 5358 est
1598 5288 1946 5357 memoriae
1988 5308 2005 5357 ε
2041 5308 2196 5355 cum
2229 5284 2437 5377 igitur
2473 5283 2586 5354 hic

1089 5540 1107 5573 ¹
1141 5537 1228 5594 Cr.
1257 5552 1444 5609 supra
1474 5535 1538 5593 in
1567 5540 1733 5591 textu
1761 5533 2042 5609 Magistri,
2066 5530 2176 5590 sub
2200 5532 2318 5590 tine
2339 5549 2469 5607 cap.
2497 5532 2534 5590 S
2563 5550 2578 5592 :

1023 5630 1165 5689 Ilaec
1196 5626 1310 5684 tria
1341 5644 1467 5684 cum
1493 5628 1604 5683 sint
1633 5626 1895 5685 distincta
1941 5643 1975 5681 α
2004 5642 2058 5683 se
2085 5624 2344 5697 invicem,
2373 5625 2579 5683 dicun·

1256 5760 1367 5801 XXV

4179 264 4300 332 145

2751 429 2949 508 dicat,
2995 430 3178 521 quod
3218 453 3410 498 mens
3452 432 3643 499 novit
3691 456 3786 514 se,
3839 436 4050 501 menti
4101 436 4295 502 attri-

2748 536 2894 604 buit
2922 547 3146 605 actum
3180 540 3526 607 memoriae
3562 564 3576 607 :
3612 565 3765 608 eum
3808 542 4013 632 igitur
4049 551 4287 631 poten·

2748 647 2840 711 tia
2880 646 3247 713 diffiniatur
3294 669 3413 736 per
3459 657 3672 730 actus,
3717 673 3907 716 mens
3958 651 4084 716 erit
4142 673 4292 716 me-

2747 754 2984 820 moria.
3026 752 3158 819 San
3188 777 3441 821 CONTRA
3479 754 3609 823 hoc
3638 757 3902 824 videtur
3934 780 4076 824 esse
4107 757 4289 846 quod

2743 858 2853 927 hic
2918 860 3255 927 diffiniens
3323 871 3642 938 mentem,
3726 863 4031 930 eamdem
4099 867 4289 952 ponit

2745 968 3215 1037 diffinitionem
3250 994 3452 1060 qnam
3482 994 3683 1061 supra
3714 976 3962 1062 posuit,
4005 974 4280 1052 scilicet,

2743 1075 2926 1162 quod
2957 1098 3145 1142 mens
3175 1078 3541 1166 accipiatur
3573 1076 3680 1143 hic
3712 1100 3848 1144 non
3879 1101 3997 1168 pro
4027 1081 4279 1161 anima,

2741 1181 2858 1248 sed
2897 1205 3017 1271 pro
3059 1204 3139 1249 eo
3182 1183 3359 1273 quod
3402 1184 3471 1249 in
3529 1206 3607 1251 ea
3647 1192 3748 1251 est
3794 1184 4224 1253 excellentius
4261 1209 4276 1252 ε

2738 1298 2803 1357 et
2834 1292 2926 1358 ita
2944 1291 3259 1359 diffinivit
3288 1314 3493 1382 supra
3521 1301 3730 1361 totam
3764 1293 3946 1360 illam
3980 1302 4265 1383 partem,

2737 1419 2886 1486 quae
2928 1398 2993 1463 in
3032 1419 3103 1463 se
3137 1399 3310 1465 sicut
3349 1398 3415 1464 in
3445 1397 3748 1487 subjecto
3781 1400 4089 1489 proximo
4120 1422 4275 1466 con·

2735 1513 2903 1571 tinet
2950 1507 3375 1589 memoriam,
3424 1505 3968 1597 intelligentiam,
4029 1516 4094 1574 et
4142 1531 4272 1574 vo-

2734 1609 3084 1679 luntatem.

2823 1827 3130 1896 Summo.
3203 1828 3493 1909 Quidam
3561 1830 3812 1910 dicunt,
3891 1833 4071 1923 quod
4139 1835 4263 1902 ista

2728 1937 2989 2003 trinitas
3018 1935 3243 2006 differt
3270 1961 3306 2005 a
3338 1939 3782 2029 praecedente,
3814 1942 3882 2008 in
3921 1940 4049 2010 hoc
4080 1943 4262 2033 quod

2729 2044 2845 2112 illa
2907 2046 3200 2113 sumitur
3253 2069 3458 2135 penes
3527 2051 3861 2138 potentias
3925 2050 4256 2131 absolute,

2726 2152 2850 2219 ista
2909 2161 3135 2219 autem
3203 2175 3408 2242 penes
3492 2157 3827 2244 potentias
3888 2157 4259 2225 secundum

2727 2260 2908 2351 quod
2957 2269 3441 2329 convertuntur
3496 2263 3580 2330 ad
3637 2264 3897 2353 objecta
3956 2288 4100 2354 quoe
4148 2290 4265 2357 per

2726 2371 3085 2435 essentiam
3118 2379 3274 2437 sunt
3307 2370 3483 2437 idem
3516 2370 3697 2460 quod
3738 2373 3921 2462 ipsae.
3960 2373 4092 2440 Sed
4133 2373 4262 2442 hoc

2725 2473 2890 2542 nihil
2922 2484 3020 2544 est
3052 2497 3068 2544 ε
3107 2479 3265 2566 quia
3312 2477 3486 2544 idem
3537 2478 3842 2546 habitum
3891 2490 3991 2548 est
4028 2506 4255 2572 supra,

2723 2581 2905 2672 quod
2946 2585 3271 2651 memoria
3315 2585 3622 2652 meminit
3652 2588 3781 2662 sui.
3817 2586 4124 2678 intelligit
4159 2612 4254 2667 se,

2720 2696 2847 2756 etc.
2902 2687 3057 2755 ideo
3097 2687 3208 2756 alii
3262 2690 3516 2771 dicunt,
3575 2692 3758 2781 quod
3816 2692 3938 2759 ista
3996 2696 4257 2761 trinitas

2720 2802 2861 2861 tota
2888 2797 3179 2863 sumitur
3217 2819 3423 2886 penes
3454 2795 3745 2875 habitus,
3782 2809 3848 2865 ct
3894 2801 4073 2888 quod
4114 2803 4259 2867 sin-

2716 2901 2876 2991 gula
2916 2905 3320 2995 respondent
3378 2905 3687 2996 singuliS‚
3738 2916 3804 2972 et
3845 2907 4023 2998 quod
4067 2931 4257 2975 mens

2716 3007 2827 3076 hic
2858 3012 3127 3099 ponitur
3157 3035 3277 3102 pro
3329 3011 3562 3081 habitu
3609 3015 3877 3092 mentis,
3913 3024 3976 3081 et
4017 3017 4257 3081 notitia

2728 3138 2849 3206 pro
2881 3116 3111 3186 habitu
3144 3119 3542 3203 intellectus,
3585 3131 3645 3186 et
3681 3143 3872 3187 amor
3902 3146 4022 3213 pro
4059 3120 4257 3187 liabi-

2712 3234 2784 3293 tu
2817 3227 3184 3296 voluntatis
3228 3253 3244 3297 :
3305 3239 3369 3296 et
3417 3240 3792 3320 exponunt,
3830 3230 4018 3298 Mens
4062 3235 4249 3299 novit

2713 3356 2784 3402 se
2825 3359 2942 3426 per
2979 3360 3282 3418 causam,
3318 3338 3379 3405 id
3431 3348 3558 3416 est.
3595 3362 3786 3407 mens
3824 3339 3977 3407 facit
4010 3351 4081 3407 ut
4127 3341 4257 3408 ha-

2711 3441 2894 3511 bitus
2951 3442 3135 3534 quod
3189 3444 3432 3535 aliquis
3492 3447 3680 3512 novit
3742 3470 3813 3513 se
3878 3449 4249 3516 secundum

2713 3558 3034 3619 mentem.

2801 3656 2933 3724 Sed
2965 3659 3121 3749 quia
3154 3667 3220 3727 et
3251 3658 3416 3727 alias
3441 3657 3688 3727 multas
3718 3669 4014 3728 extortas
4035 3685 4251 3753 expo-

2709 3767 2989 3835 sitiones
3030 3766 3232 3835 habet
3260 3766 3408 3835 haec
3443 3770 3704 3857 opinio,
3736 3780 3799 3837 et
3835 3793 3968 3838 uon
4004 3773 4250 3839 uniun-

2706 3887 2816 3945 tur
2843 3876 3113 3945 habitus
3134 3877 3685 3959 substantialiter,
3736 3892 3811 3948 ut
3851 3879 3989 3949 lure
4021 3882 4174 3951 dicit
4223 3905 4239 3952 :

2704 3999 2975 4078 propter
3015 3987 3144 4055 hoc
3182 3986 3375 4056 aliter
3410 3998 3512 4057 est
3548 3989 3933 4071 dicendum,
3964 3992 4241 4068 scilicet.

2703 4094 2883 4183 quod
2919 4096 3041 4161 ista
3073 4094 3336 4161 trinitas
3361 4097 3652 4162 sumitur
3680 4120 3885 4187 penes
3918 4110 4239 4179 mentem.

2706 4212 2772 4270 et
2802 4201 3073 4270 habitus
3110 4202 3716 4272 consubstantiales
3748 4211 4015 4275 mentis
4053 4208 4243 4287 Qua-

2710 4310 2861 4379 liter
2922 4322 3147 4379 autem
3235 4310 3501 4380 habitus
3575 4314 3848 4405 quidem
3932 4318 4247 4387 dicuutur

2704 4417 3314 4488 consubstantiales
3370 4422 3606 4499 menti,
3691 4435 3921 4513 postea
3984 4428 4108 4493 erit
4173 4428 4241 4494 in

2699 4527 3094 4617 quaestione.
3160 4526 3325 4595 Dico
3384 4529 3590 4619 igitur
3656 4530 3800 4599 siue
3851 4533 4238 4623 pra-judicio

2697 4657 2852 4703 eum
2909 4635 3260 4727 MagistrO,
3322 4638 3504 4728 quod
3553 4661 3746 4707 mens
3793 4643 4083 4709 sumitur
4129 4641 4239 4709 hic

2696 4746 3152 4815 communiter
3178 4756 3252 4815 ut
3290 4771 3494 4839 supra
3541 4771 3663 4839 pro
3693 4760 3882 4841 parte
3926 4774 4077 4842 quae
4111 4751 4239 4819 ha-

2694 4850 2807 4919 bet
2873 4854 3243 4943 potentiam
3309 4857 3786 4946 cognoscendi,
3857 4867 3924 4928 et
3988 4868 4236 4949 poten-

2691 4959 2855 5027 tiam
2911 4960 3260 5053 diligendi.
3322 4962 3631 5032 Potentia
3702 4973 3928 5033 autem
3986 4990 4237 5057 cogno-

2693 5068 2915 5137 scendi
2950 5067 3305 5161 dupliciter
3340 5072 3574 5140 unitur
3602 5072 3682 5139 ad
3732 5082 3956 5142 actum
3986 5098 4226 5155 unum,

2689 5177 3271 5270 scilicetlpotentia
3301 5167 3668 5262 memorate,
3700 5190 3767 5250 et
3796 5185 4097 5273 potentia
4124 5186 4233 5252 in-

2689 5284 3044 5357 tellectus:
3087 5295 3188 5355 est
3233 5286 3419 5357 enim
3469 5287 3579 5357 hic
3618 5289 3795 5360 idem
3853 5314 4052 5361 nosse
4109 5316 4229 5383 per

2689 5545 2782 5594 tur
2809 5544 2988 5595 tamen
3018 5554 3129 5597 esse
3156 5556 3322 5597 unum
3358 5558 3371 5596 t
3401 5544 3536 5614 quia
3572 5542 3628 5599 in
3659 5542 3846 5601 animo
3892 5545 4223 5603 substantia·

2686 5628 2812 5684 liter
2839 5631 3102 5686 existunt.

4363 1896 4564 1945 solutio.
