4897 6388
693 313 823 454 m
1621 358 1627 363 ’
1702 374 1784 459 n.
1838 373 2037 457 Ata.
2089 371 2303 456 MAG.
2354 373 2561 460 om)
2612 368 2913 455 ruffio.

1450 465 1488 489 Α

691 557 936 635 lium:
977 561 1164 660 quia
1193 572 1267 638 et
1294 535 1562 640 Mariae
1603 577 2045 664 conceptuS,
2080 574 2153 639 et
2184 574 2474 662 partuS,
2518 560 2862 661 operatio
2903 560 3292 636 Trinitatis
3320 567 3461 635 est.
3529 559 3713 653 Sed,
3775 561 3901 633 in-

691 681 860 792 quit
917 679 1228 794 aliquis,
1284 693 1671 796 quomodo
1722 695 1958 772 Pater
2002 720 2172 772 eum
2236 695 2462 784 misit,
2519 694 2583 769 si
2637 694 2799 792 ipse
2849 719 2932 770 se
2978 685 3236 769 misit?
3288 694 3428 768 Cui
3464 691 3893 791 respondeo

691 851 1054 927 quaerens
1091 840 1173 905 ut
1201 833 1430 926 dicat,
1469 833 1867 920 Quomodo
1908 855 2080 906 eum
2117 832 2339 904 Pater
2366 828 2900 924 sanctificavit,
2937 832 2999 905 si
3043 840 3117 904 et
3147 831 3309 927 ipse
3343 854 3426 904 se
3468 827 3895 904 sanctifica-

688 964 857 1037 vit?
891 964 1326 1064 Utrumque
1376 967 1583 1040 enim
1625 967 2002 1040 Dominus
2034 965 2136 1038 ait
2179 989 2194 1037 :
2265 961 2504 1052 Quem
2560 963 2821 1050 Pater,
2881 963 3159 1061 inquit,
3220 961 3760 1127 sainctificavit,
3823 969 3898 1037 ec

687 1100 902 1174 miset
931 1100 1014 1173 in
1046 1099 1498 1175 mundum&
1537 1103 1628 1176 Et
1669 1101 1905 1175 alibi:
1937 1099 2094 1173 Pro
2137 1101 2245 1172 eis
2276 1123 2408 1195 eqo
2438 1098 2831 1195 sanctifico
2873 1094 3330 1197 meipsum&
3370 1099 3589 1189 Item,
3625 1111 3891 1196 ‘quaero

688 1211 1079 1331 quomodo
1125 1215 1355 1309 Pater
1393 1258 1571 1310 eum
1611 1221 1947 1328 tradidit,
1990 1234 2052 1308 si
2097 1234 2255 1332 ipse
2287 1256 2369 1308 se
2403 1223 2773 1306 tradidit?
2802 1227 3231 1329 Utrumque
3302 1231 3509 1308 enim
3581 1221 3887 1329 legitur.

685 1366 930 1441 Credo
976 1369 1185 1465 quod
1245 1369 1764 1467 respondebit,
1809 1369 1873 1443 si
1914 1351 2145 1467 probe
2199 1366 2423 1465 sapit,
2486 1366 2671 1465 quia
2728 1390 2887 1441 una
2943 1368 3304 1441 voluntas
3371 1376 3487 1440 est
3525 1346 3778 1439 Patris
3817 1375 3896 1440 et

685 1500 886 1595 Filii,
931 1510 1008 1575 et
1045 1501 1583 1601 inseparabilis
1613 1503 1982 1602 operatio.
2028 1501 2152 1576 Sic
2193 1483 2424 1596 igitur
2463 1501 2840 1598 intelligat
2916 1501 3126 1575 illam
3159 1500 3775 1574 incarnationem
3815 1510 3892 1574 et

690 1657 783 1708 ex
821 1634 1144 1732 Virgine
1195 1636 1703 1732 nativitatem,
1775 1637 1854 1710 in
1910 1658 2062 1734 qua
2101 1634 2336 1708 Filius
2392 1633 2843 1730 intelligitui
2874 1635 3187 1728 missus,
3251 1653 3412 1708 nna
3464 1633 3891 1731 eademque

686 1761 1136 1867 operatione
1170 1757 1420 1845 Patris
1457 1779 1532 1846 et
1567 1757 1799 1845 Filii
1780 1763 2391 1868 inseparabiliter
2445 1793 2617 1846 esse
2684 1770 2990 1864 factam,
3054 1793 3208 1843 non
3290 1766 3468 1844 inde
3536 1777 3890 1866 separato

687 1885 979 2003 Spiritu
1014 1900 1352 1981 sancto&
1400 1908 1600 2004 Frgo
1634 1906 1931 1980 aPatre
1962 1915 2035 1980 ct
2077 1904 2263 1978 lilio
2307 1904 2591 1980 missus
2630 1916 2744 1980 est
2777 1905 2980 2014 idem
3014 1904 3283 1995 Filius,
3329 1903 3516 2002 quia
3563 1928 3610 1979 a
3665 1903 3890 1977 Patre

685 2049 761 2116 et
786 2038 1046 2115 Verbo
1087 2039 1258 2138 ejus
1301 2040 1579 2116 factum
1620 2049 1738 2116 est
1778 2049 1860 2114 ut
1900 2039 2344 2126 mitteretur,
2376 2039 2452 2113 id
2484 2050 2625 2134 est,
2670 2040 3122 2115 incarnatus
3162 2038 3616 2113 hominibus
3645 2061 3887 2138 appa-

647 2179 654 2186 '
687 2183 915 2251 reret.
950 2174 1126 2250 Non
1164 2174 1371 2251 enim
1407 2175 1691 2251 missus
1720 2184 1836 2250 est
1867 2174 2229 2249 mutando
2260 2175 2543 2269 locum,
2578 2174 2763 2273 quia
2793 2175 2871 2249 in
2908 2174 3197 2250 mundo
3231 2184 3420 2249 erat.
3496 2171 3894 2272 Quaprop-

687 2313 857 2407 pter
884 2315 961 2384 et
997 2297 1228 2385 Pater
1255 2303 1669 2384 invisibilis
1703 2315 1857 2383 ‘una
1884 2331 2058 2383 cum
2089 2304 2280 2381 Filio
2310 2323 2571 2383 secum
2604 2301 3003 2402 invisibili,
3053 2306 3411 2382 eumdem
3457 2297 3733 2380 Filium
3774 2301 3889 2377 vi-

687 2443 991 2519 sibilem
1021 2427 1403 2540 faciendO,
1452 2429 1749 2520 misisse
1787 2467 1963 2519 eum
1995 2442 2244 2534 dictus
2268 2451 2380 2518 est
2424 2466 2440 2517 ε
2488 2442 2617 2541 qui
2651 2443 2715 2516 si
2757 2443 2864 2518 ita
2893 2440 3225 2518 visibilis
3258 2441 3502 2537 fieret,
3549 2450 3633 2517 ut
3706 2463 3884 2517 cum

688 2579 915 2654 Patre
948 2578 1361 2655 invisibilis
1390 2602 1559 2654 esse
1591 2578 2016 2671 desisteret,
2061 2577 2132 2650 id
2172 2586 2312 2670 est,
2355 2576 2418 2650 si
2444 2571 2466 2607 ⁸
2539 2577 2975 2653 substantia
3017 2576 3445 2652 >invisibilis
3511 2575 3741 2651 Verbi
3807 2576 3882 2648 in

685 2720 1120 2790 creaturam
1162 2712 1546 2790 visibilem
1580 2716 1872 2789 mutata
1908 2723 1982 2788 et
2013 2713 2390 2789 transiens
2419 2722 2871 2808 verteretur,
2908 2713 3015 2790 ita
3044 2713 3325 2788 missus
3355 2732 3400 2788 a
3457 2707 3683 2787 Patre
3765 2710 3891 2784 in-

686 2829 1167 2945 telligeretur
1196 2843 1463 2943 Filius,
1500 2856 1584 2923 'ut
1625 2845 1921 2924 tantum
1967 2846 2270 2942 missus,
2315 2871 2469 2922 non
2501 2845 2729 2922 etiam
2764 2844 3076 2956 mittens
3106 2872 3282 2923 cum
3318 2837 3545 2923 Patre
3596 2844 3893 2922 inveni-

689 2993 929 3061 retur.
967 2984 1160 3059 Cum
1204 3007 1396 3060 vero
1436 2983 1547 3060 sic
1578 2993 1694 3060 est
1721 2994 2029 3084 accepta
2068 2984 2308 3058 foruna
2356 2984 2589 3078 servi,
2663 2994 2744 3059 ut
2812 2994 3159 3061 maneret
3236 2982 3895 3059 incommutabilis

691 3120 936 3197 forma
963 3118 1139 3217 Dei,
1176 3118 1667 3197 manifestum
1700 3128 1812 3196 est
1843 3119 2046 3219 quod
2075 3143 2119 3196 a
2149 3118 2372 3196 Patre
2410 3130 2479 3194 et
2525 3120 2714 3196 Filio
2769 3142 2925 3194 non
2995 3117 3554 3221 apparentibus
3612 3119 3892 3194 factum

691 3251 817 3349 sit,
851 3254 1057 3353 quod
1100 3258 1508 3355 appareret
1546 3254 1621 3329 in
1659 3253 1876 3347 Filio,
1921 3251 1991 3328 id
2020 3264 2159 3347 est,
2202 3254 2299 3330 ab
2331 3253 2694 3330 invisibili
2746 3256 2973 3331 Patre
3012 3278 3190 3331 cum
3235 3252 3607 3329 invisibili
3668 3249 3887 3344 Filio,

690 3386 893 3465 idem
938 3390 1101 3490 ipse
1141 3386 1382 3464 Filius
1417 3380 1746 3465 visibilis
1786 3388 2230 3465 mitteretur.

1153 4068 1244 4143 G.
1282 4067 1750 4144 Summotim
1782 4066 2074 4167 colle‘ye‘!
2109 4095 2277 4169 ’ματ
2316 4094 2416 4145 αι·
2443 4069 2845 4169 praedietis
2873 4067 3402 4145 adstruendum

789 4510 901 4585 Ex
940 4508 1328 4609 prmdictis
1366 4519 1626 4608 aperte
1661 4521 2147 4603 monstratur,
2190 4512 2392 4609 quod
2429 4512 2663 4586 Filius
2695 4512 2981 4586 missus
3005 4519 3120 4584 cst
3149 4533 3195 4583 ιι
3228 4510 3451 4585 Patre
3484 4519 3556 4585 et
3589 4509 3878 4609 Spiritu

690 4656 986 4739 sancto,
1056 4655 1131 4721 et
1196 4670 1242 4720 a
1299 4646 1552 4745 seipso
1618 4669 1635 4721 ε
1681 4653 1759 4720 et
1814 4670 1988 4744 qua·
2045 4646 2135 4719 sit
2190 4647 2351 4745 ipsa
2410 4647 2693 4732 missin,
2756 4646 3050 4721 scilicet
3112 4644 3576 4740 incarnatio,
3622 4646 3881 4739 idest,

691 4778 897 4879 quod
942 4781 1184 4856 sactus
1222 4790 1339 4854 est
1370 4781 1628 4874 humo,
1661 4803 1798 4879 per
1835 4779 2035 4878 quod
2082 4780 2401 4856 visibilis
2439 4781 2794 4880 apparuit
2830 4806 2846 4857 :
2881 4781 3084 4879 quod
3120 4793 3230 4853 est
3274 4805 3474 4878 opus
3532 4805 3890 4854 rotumn-

690 4937 788 4990 ne
821 4914 1102 5007 Patris,
1139 4923 1214 4989 ct
1256 4914 1453 5008 Filii,
1488 4925 1560 4988 et
1591 4914 1926 5013 Spiritus
1956 4915 2224 4989 sancti.

761 5254 977 5309 ¹Joan.
1010 5269 1069 5324 x,
1109 5256 1199 5312 36.

758 5344 978 5400 stoan.
1009 5359 1145 5408 xvn,
1177 5349 1265 5401 ¹9.

761 5430 787 5465 ³
817 5435 874 5489 S·
904 5437 1282 5503 Aucusrmus,
1314 5435 1439 5493 Lib.
1470 5437 1520 5491 ΙΙ
1567 5436 1642 5493 de
1669 5437 1977 5501 Trinitate,
2007 5452 2134 5508 cap.
2174 5439 2226 5490 5”.

761 5530 785 5563 ⁴
812 5526 964 5584 Edit.
986 5528 1156 5583 loun.
1180 5521 1484 5581 Alleaume
1513 5524 1676 5581 addit
1719 5526 1800 5593 in,
1832 5525 1933 5581 sed
1962 5524 2039 5580 sal
2045 5542 2107 5580 so
2133 5532 2190 5579 ut
2221 5506 2390 5580 nobis
2422 5523 2669 5579 videtur.
