4897 6388
1967 322 2138 389 1N‘l
2188 320 2890 413 smmum-mss.
2942 320 3166 401 xxv,
3217 322 3301 388 n.

1061 497 1431 566 conveniat
1466 501 1796 562 creaturae
1842 515 1856 558 ε
1894 493 2052 582 quia
2097 493 2168 559 in
2225 490 2337 557 illa
2375 491 2609 557 omnia
2715 497 2982 557 tantum
3012 490 3297 557 existere
3355 488 3577 555 solum
3619 511 3736 578 per
3773 511 3843 556 se
3883 487 4259 555 secundum

1057 603 1436 673 secundum
1468 600 1947 691 proprietatem
1979 600 2417 666 inveniuntur
2451 619 2601 686 quae

1057 720 1412 802 ponuntur
1458 711 1526 775 in
1582 707 1982 775 diffinitione
2041 729 2346 798 personae
2408 727 2422 771 :
2487 705 2600 772 sed

1057 843 1199 888 non
1242 827 1342 886 est
1368 818 1467 883 sic
1513 815 1581 881 in
1638 814 1783 882 Deo
1825 816 1939 905 qui
1979 815 2259 882 omnino
2314 812 2603 903 simplex

1061 936 1164 995 est
1197 948 1211 992 :
1249 947 1412 1015 ergo
1452 945 1572 1013 per
1590 923 1776 1013 prius
1815 923 2136 991 convenit
2164 920 2445 989 homini.

1153 1139 1457 1208 Somno.
1512 1139 1682 1208 Dico
1741 1140 1887 1207 sine
1942 1137 2357 1229 praejudicio‚
2422 1137 2604 1228 quod

2715 592 2997 661 modum
3046 592 3396 661 rationalis
3443 601 3700 660 naturae
3767 616 3781 658 :
3828 603 3894 660 et
3940 592 4092 660 ideo
4142 614 4259 660 ve-

2712 701 2854 767 rius
2884 709 2985 767 est
3013 722 3305 791 persona
3345 702 3412 766 in
3444 699 3714 782 divinis,
3759 697 3872 764 ubi
3914 720 4055 765 non
4087 696 4256 763 divi·

2712 806 2894 874 ditur
2932 806 3017 874 ab
3063 807 3221 890 alia,
3273 807 3389 874 sed
3420 806 3878 896 distinguitur,
3932 827 4138 895 quam
4187 806 4257 870 in

2715 915 3171 984 inferioribuS.

2799 1023 2905 1090 An
2933 1046 3131 1090 Auen
3162 1021 3548 1106 dicendum,
3591 1020 3773 1112 quod
3830 1018 3960 1087 hoc
4011 1042 4251 1087 verum

2712 1137 2839 1208 est,
2892 1128 3076 1219 quod
3115 1128 3287 1196 nihil
3351 1138 3454 1196 est
3508 1128 3788 1195 omnino
3849 1127 4249 1202 univocum,

754 1193 822 1239 so
843 1194 955 1238 uuo.
1056 1251 1378 1318 convenit
1409 1272 1528 1339 per
1566 1248 1754 1339 prius
1809 1256 1876 1315 et
1928 1249 2263 1337 posterius
2322 1269 2337 1314 ε
2385 1256 2450 1314 et
2500 1270 2604 1314 res
2713 1259 2836 1304 nec
2884 1238 3089 1304 etiam
3138 1245 3239 1304 est
3276 1234 3671 1325 simpliciter
3706 1234 4133 1324 aequivocum
4191 1231 4260 1298 id

1058 1358 1337 1448 quidem
1369 1378 1489 1446 per
1518 1356 1705 1445 prius
1735 1365 1836 1421 est
1867 1356 1935 1421 in
1975 1354 2119 1421 Deo
2152 1376 2353 1445 quam
2397 1353 2466 1419 in
2509 1354 2605 1418 in·
2715 1344 2897 1435 quod
2938 1344 3283 1412 invenitur
3337 1344 3406 1410 in
3472 1351 3775 1411 creatura
3831 1349 3897 1408 et.
3926 1341 3997 1406 in
4045 1340 4259 1408 Crea-

1055 1465 1442 1549 ferioribuS‚
1477 1463 1850 1532 secundum
1882 1485 2082 1530 usum
2121 1471 2345 1530 autem
2387 1462 2607 1528 nomi·
2711 1461 2884 1519 tore·

1057 1575 1163 1642 nis
1192 1596 1315 1663 per
1347 1574 1536 1663 prius
1575 1578 1679 1639 est
1708 1571 1777 1638 in
1809 1569 2260 1637 interioribus,
2799 1561 2905 1626 An
2932 1582 3130 1627 Anno
3154 1557 3546 1636 dicendum,
3584 1556 3763 1647 quod
3795 1556 3863 1647 ly
3892 1555 4260 1622 individua

799 1727 879 1772 Ad
916 1728 952 1772 ¹·
1146 1683 1254 1749 An
1285 1702 1543 1747 ramum
1572 1700 1736 1768 ergo
1766 1676 2151 1756 dicendum,
2210 1677 2392 1768 quod
2447 1699 2605 1767 per-
2711 1694 2851 1739 non
2910 1680 3011 1739 est
3076 1670 3474 1762 simpliciter
3529 1668 3827 1759 negatio,
3888 1667 4063 1735 sicut
4119 1689 4258 1733 non

1055 1811 1228 1856 sona
1267 1789 1337 1855 in
1379 1797 1709 1879 quantum
1740 1783 2070 1853 abstrahit
2097 1785 2182 1854 ab
2214 1784 2344 1854 hoc
2380 1793 2446 1851 et
2486 1783 2602 1851 illo

1056 1896 1291 1977 modo,
1335 1896 1422 1964 ad
1462 1895 1963 1964 distinctionem
2000 1914 2309 1985 personae
2356 1892 2602 1961 divinae

1054 2001 1185 2071 sub
1244 2011 1488 2070 natura
1544 2000 1780 2070 eadem
1842 2009 2254 2081 remanente,
2325 1999 2606 2067 refertur

2714 1779 3090 1861 ambulare,
3153 1781 3220 1845 in
3277 1779 3425 1847 Deo
3466 1786 3531 1846 et
3564 1779 3630 1844 in
3660 1775 3879 1866 lapide
3927 1783 4045 1843 :et
4103 1774 4257 1842 ideo

2714 1906 2853 1952 non
2884 1891 2986 1952 est
3021 1882 3243 1951 simile
3289 1905 3305 1949 ε
3352 1890 3418 1950 et
3445 1891 3674 1950 tamen
3705 1880 3983 1971 quidam
4024 1901 4264 1948 conce-

2712 1990 2879 2059 dunt
2899 1989 3410 2059 conclusionem
3438 1997 3714 2079 propter
3741 1993 4254 2082 argumentum.

4133 317 4276 384 629*

4356 1036 4437 1083 Ad
4464 1039 4507 1078 2.

1058 2109 1404 2179 distinctio
1436 2109 1811 2201 personalis
1841 2109 1910 2176 in
1942 2107 2408 2177 inferioribus:
2444 2108 2604 2199 quia

1056 2223 1230 2289 sicut
1294 2220 1549 2288 dictum
1617 2228 1720 2288 est
1779 2243 2006 2311 supra,
2069 2217 2252 2312 quod
2308 2218 2601 2288 distincti

1058 2339 1219 2397 sunt
1251 2352 1464 2397 unum
1498 2336 1742 2396 natura
1779 2327 1885 2396 vel
1925 2327 2282 2395 diversi‘in
2333 2337 2598 2407 natura,

1056 2437 1227 2505 nihil
1270 2437 1428 2506 facit
1457 2435 1589 2504 hoc
1616 2436 1702 2505 ad
1751 2436 2080 2504 rationem
2119 2458 2444 2527 personae,
2487 2434 2603 2503 sed

2801 2209 2906 2275 An
2955 2231 3022 2275 ιι)
3062 2205 3246 2299 quod
3301 2205 3586 2274 ulterius
3652 2205 4000 2295 quaeritur,
4078 2207 4266 2292 patet
4318 2242 4392 2288 Ad
4417 2247 4590 2302 quo-t.

2712 2317 2965 2386 solutio
3005 2339 3125 2408 per
3153 2323 3312 2384 ante
3351 2313 3556 2382 dicta.

1057 2886 1153 2960 D.
1202 2886 1483 2986 Opinio
1523 2885 2032 2985 quorumdam
2070 2885 2209 2985 qui
2250 2891 2532 2985 putant
2568 2882 2973 2958 essentiam
3039 2880 3478 2980 siynificari
3512 2883 3830 2957 nomine
3869 2903 4259 2979 personoe‚

2082 3043 2257 3094 cum
2298 3018 2630 3094 dice‘mus
2658 3025 2812 3092 tres
2827 3040 3231 3116 personas.

1152 3359 1632 3449 Quibusdam
1675 3359 2005 3454 videtur,
2039 3360 2244 3459 quod
2290 3360 2600 3434 nomine
2621 3383 2983 3460 personae
3022 3359 3508 3457 significetur
3535 3360 3895 3454 essentia,
3941 3383 4119 3435 cum
4162 3359 4269 3433 di·

1052 3497 1280 3593 citur,
1318 3507 1472 3573 tres
1500 3520 1850 3596 persona·
1895 3520 1913 3572 2
1959 3507 2360 3596 propterea
2413 3496 2595 3595 qnia
2625 3496 3110 3593 Augustinus
3183 3496 3367 3572 dicit
3407 3497 3578 3573 ideo
3617 3496 3762 3571 dici
3801 3507 3952 3571 tres
3996 3519 4270 3597 perso-

1058 3656 1226 3725 nas,
1262 3630 1446 3729 quia
1484 3654 1895 3705 commune
1927 3641 2039 3704 est
2080 3628 2192 3705 eis
2233 3629 2306 3704 id
2366 3629 2571 3728 quud
2612 3640 2727 3705 est
2770 3653 3101 3729 persona
3135 3639 3149 3671 ¹
3189 3654 3206 3706 :
3248 3641 3331 3705 nt
3368 3631 3465 3705 sit
3516 3631 3690 3705 talis
3721 3630 4260 3727 intelligentia,

1058 3768 1288 3842 Pater
1317 3779 1391 3840 ot
1435 3766 1672 3841 Filius
1698 3778 1769 3841 et
1812 3766 2142 3865 Spiritus
2181 3776 2495 3840 sanc-tus
2563 3776 2739 3840 sunt
2789 3777 2941 3842 tres
2999 3790 3380 3866 personae,
3427 3766 3500 3840 id
3560 3778 3702 3859 est,
3763 3777 3944 3841 sunt
3985 3777 4141 3843 tres
4193 3767 4263 3841 id

1058 3906 1435 3980 habentes
1464 3927 1876 3977 ennunune
1917 3902 2119 4001 quud
2154 3913 2268 3978 est
2312 3927 2668 4002 persona,
2717 3902 2785 3975 id
2821 3913 2965 3996 est,
3014 3914 3165 3977 tres
3205 3914 3383 3978 sunt
3425 3889 3751 4003 quoruni
3787 3905 4119 4004 quisque
4151 3917 4269 3981 est

1060 4062 1420 4138 persona,
1458 4037 1530 4110 id
1571 4047 1714 4129 est,
1758 4036 2115 4110 essentia.
2164 4036 2310 4110 Sed
2354 4036 2743 4134 quomodo
2794 4037 3017 4133 juxta
3076 4038 3274 4111 lianc
3310 4037 3891 4135 intelligentiam
3944 4038 4265 4126 dicetur,

1057 4175 1227 4250 Alia
1260 4185 1375 4249 est
1419 4197 1750 4272 persona
1787 4172 2060 4263 l‘atriS,
2095 4172 2244 4246 alia
2279 4172 2507 4246 Filii?
2540 4173 2627 4246 Εἰ
2659 4173 2803 4246 hnc
2844 4172 3071 4247 etiarn
3108 4172 3210 4247 ita
3252 4173 3519 4247 volunt
3562 4173 4017 4270 intelligere,
4062 4176 4275 4251 scili-

1058 4319 1206 4402 cet,
1251 4308 1454 4381 alius
1480 4317 1597 4381 est
1639 4306 1890 4394 Pater,
1924 4317 1997 4380 et
2037 4305 2236 4379 alius
2275 4315 2388 4381 est
2433 4305 2697 4400 Filius,
2745 4305 2817 4379 id
2863 4317 3113 4381 tannen
3175 4329 3587 4382 commune
3648 4308 4018 4383 habentes
4062 4311 4268 4408 qnod

1059 4452 1175 4517 est
1218 4464 1575 4541 persona.
1627 4442 1714 4515 Et
1757 4441 1895 4514 hoc
1937 4438 2394 4514 confirmant
2435 4439 2891 4515 auctoritate
2949 4441 3365 4538 Augustini
3418 4442 3549 4540 qui
3610 4443 3679 4517 in
3738 4443 3931 4517 libro
3973 4443 4101 4519 Vll
4173 4445 4266 4520 de

1068 4578 1450 4652 Triunate
1489 4575 1591 4648 ait
1653 4598 1669 4649 ε
1713 4574 1895 4649 Tres
1932 4586 2187 4648 autem
2250 4598 2620 4673 personas
2687 4573 3035 4672 ejusdem
3088 4575 3642 4663 essentia-,sel
3686 4589 3837 4652 tres
3895 4601 4269 4676 personas

1067 4738 1300 4788 unam
1336 4711 1749 4788 essentiam
1782 4710 2160 4784 dicimus:
2208 4720 2361 4784 tres
2399 4722 2653 4784 auten}
2700 4734 3071 4808 personas
3122 4734 3215 4785 ex
3246 4710 3513 4787 eadem
3557 4712 3887 4787 essentia
3949 4738 4102 4789 non
4155 4716 4275 4788 ‹li-

1063 4848 1314 4922 eimus
1351 4872 1367 4922 :
1400 4846 1619 4945 qnasi
1655 4845 1860 4920 aliud
1906 4844 2006 4918 ibi
2040 4845 2136 4917 sit
2175 4846 2379 4942 quod
2422 4844 2756 4920 essentia
2796 4855 2940 4939 est,
2993 4845 3202 4920 alind
3250 4846 3455 4945 quod
3500 4872 3827 4945 persona
3867 4860 3983 4923 est
4012 4863 4059 4923 ².
4111 4850 4272 4925 llac

1060 4981 1516 5057 auctoritate
1548 4992 1618 5055 et
1666 4979 2083 5078 pra-missis
2114 4990 2495 5054 conantur
2546 5002 2920 5075 asserere,
2972 4980 3048 5055 in
3106 4980 3496 5079 przedictis
3552 4982 4072 5058 locutionibus
4128 5010 4276 5059 no-

1065 5141 1238 5192 men
1277 5138 1628 5215 persona)
1660 5113 2070 5187 essentiam
2111 5110 2572 5209 signiticare-
2605 5112 2754 5188 Sed
2789 5114 2972 5211 quid
3018 5113 3595 5211 respondebunt
3624 5116 3716 5189 ad
3754 5115 3823 5189 id
3857 5116 4065 5213 quod
4108 5116 4273 5215 ipse

1062 5248 1546 5345 Augustinus
1587 5246 1662 5320 in
1708 5245 1899 5319 libro
1931 5244 2023 5318 de
2064 5244 2260 5319 Fide
2298 5244 2404 5319 ad
2437 5245 2760 5320 I’ee'rum
2795 5245 2999 5332 dicit,
3032 5245 3327 5321 scilicet
3384 5246 3586 5344 qnod
3649 5248 3848 5322 alius
3886 5259 4003 5324 est
4043 5250 4271 5326 Pater

1134 5600 1150 5635 ¹
1186 5599 1243 5652 S.
1276 5599 1650 5659 Atonsrism,
1685 5594 1805 5650 tit».
1835 5593 1929 5649 vn
1957 5593 2030 5649 de
2057 5593 2367 5660 Trinitaw,
2399 5611 2528 5665 rap.
2553 5598 2606 5653 6.

1135 5689 1157 5724 ²
1190 5689 1342 5749 loen,
1375 5684 1620 5740 ibidem.
