4897 6388
1827 316 1923 384 IN
1970 316 1999 383 1
2050 313 2475 382 SENTENT.
2528 309 2760 380 DIST.
2814 310 2938 398 111,
2991 311 3074 398 G,
3127 311 3326 378 ART.
3379 314 3489 382 20.
3593 397 3610 414 ὁ

1055 488 1286 578 sophis
1343 490 1585 557 dicitur
1651 487 1940 577 adeptus
2005 510 2019 554 ε
2090 495 2353 555 constat
2419 484 2604 577 quod

1055 617 1192 662 non
1245 617 1454 686 agens
1515 616 1530 659 :
1590 596 1749 684 quia
1805 592 1917 661 ille
1974 604 2073 662 est
2130 593 2602 662 universaliter

1052 722 1286 790 agens,
1330 708 1405 766 ut
1433 697 1595 765 dicit
1633 698 2112 791 Philosophus,
2150 724 2284 790 quo
2326 707 2426 768 est
2457 721 2600 766 om-

1053 809 1166 874 nia
1204 804 1659 896 intelligibilia
1694 807 1912 876 facere
1962 831 1976 875 :
2021 816 2087 875 et
2146 830 2350 897 penes
2405 806 2598 871 illum

968 965 971 966 ν
1052 936 1195 981 non
1232 913 1558 1004 accipitur
1611 916 1839 1007 imago
1883 938 1898 982 :
1955 916 2116 1006 quia
2172 915 2241 980 in
2290 913 2418 982 hoc
2458 936 2598 981 non

709 4802 910 4850 Solotte-

1054 1021 1359 1088 imitatur
1419 1022 1846 1103 Trinitatem,
1913 1024 2032 1091 sed
2087 1024 2311 1112 potius
2368 1031 2596 1090 actum

1051 1129 1219 1196 lucis
1259 1129 1344 1197 ad
1389 1129 1708 1209 colorem,
1760 1138 1826 1198 et
1872 1132 2033 1197 artis
2078 1130 2162 1197 ad
2208 1130 2591 1208 materiam,

1052 1245 1127 1303 ut
1172 1237 1335 1306 dicit
1378 1235 1863 1329 Philosophus,
1919 1237 2247 1306 Similiter
2296 1238 2591 1316 videtur,

1019 1345 1235 1436 ‚quod
1272 1368 1414 1414 non
1466 1346 1552 1414 sit
1608 1346 1946 1436 possibilis
2004 1370 2139 1439 quo
2196 1357 2296 1415 est
2361 1347 2594 1415 omnia

1046 1453 1193 1520 fleri
1225 1452 1700 1544 intelligibilia,
1752 1463 1820 1523 et
1853 1455 2155 1546 potentia
2193 1456 2422 1522 omnia
2464 1454 2594 1521 ha-

1044 1557 1183 1637 bet,
1228 1567 1383 1627 actu
1437 1568 1666 1628 autem
1706 1560 1876 1629 nihil
1920 1582 1935 1630 :
1998 1561 2114 1629 sed
2169 1562 2591 1651 Augustinus

1044 1664 1231 1746 dicit,
1268 1667 1453 1757 quod
1493 1668 1869 1737 intellectus
1916 1670 2032 1760 qui
2082 1677 2183 1736 est
2228 1691 2382 1757 pars
2421 1669 2587 1736 ima·

1043 1775 1245 1865 ginis,
1280 1798 1550 1867 semper
1587 1779 1779 1845 novit
1816 1800 1913 1845 se.
1950 1776 2147 1856 Quod
2189 1786 2413 1845 autem
2447 1800 2589 1845 non

1002 1973 1006 1977 Α
1041 1882 1129 1948 sit
1167 1883 1646 1974 speculativuS,
1681 1893 1866 1975 patet
1898 1907 1914 1954 τ
1968 1887 2128 1976 quia
2167 1885 2277 1954 ille
2315 1883 2587 1953 habitus

1039 1992 1669 2083 principiorum,vel
1699 1993 1898 2079 alius,
1920 1996 1976 2062 si
2009 1994 2409 2073 imitaretur,
2445 2016 2586 2063 non

1039 2110 1214 2168 esset
1250 2124 1337 2169 ex
1373 2125 1472 2187 se,
1504 2103 1624 2171 sed
1652 2104 1878 2193 potius
1907 2126 1990 2173 ex
2027 2114 2216 2196 parte
2258 2105 2350 2172 rei
2390 2105 2586 2194 cujus

1040 2215 1143 2276 est
1179 2208 1586 2279 intellectus.
1628 2212 2053 2302 Augustinus
2117 2220 2345 2279 autem
2393 2210 2579 2298 dicit,

1039 2315 1219 2406 quod
1258 2316 1639 2385 intellectus
1669 2318 1751 2387 de
1788 2341 1861 2386 se
1891 2319 2217 2388 imitatur.
2253 2317 2585 2387 Similiter

1037 2446 1176 2491 non
1215 2432 1317 2492 est
1352 2424 1636 2517 adeptus
1687 2449 1703 2492 :
1754 2426 1913 2516 quia
1967 2425 2079 2494 ille
2136 2436 2237 2495 est
2300 2427 2581 2494 scientia

1034 2532 1367 2623 acquisita
1420 2556 1542 2625 per
1595 2535 2083 2619 inventionem,
2150 2534 2255 2602 vel
2325 2534 2581 2602 doctri-

1034 2663 1194 2709 nam
1230 2663 1248 2710 t
1279 2650 1344 2710 et
1374 2650 1540 2711 tunc
1575 2666 1713 2712 non
1753 2645 2057 2712 imitatur
2079 2643 2477 2711 Trinitatem
2506 2643 2576 2711 in

1032 2772 1170 2816 una
1199 2753 1492 2818 essentia
1531 2774 2001 2841 personarum.

1119 2851 1355 2921 Eoum
1402 2854 1610 2923 modo
1665 2856 1952 2934 videtur,
2015 2855 2198 2947 quod
2268 2878 2390 2923 nec
2444 2879 2576 2922 vo-

1027 2960 1254 3029 luntas
1291 2962 1381 3029 sit
1426 2985 1585 3053 pars
1624 2962 1991 3054 imaginis:
2045 2965 2206 3054 quia
2251 2963 2571 3030 voluntas

1026 3069 1128 3155 (ut
1156 3069 1318 3137 dicit
1363 3069 1754 3160 Anselmus)
1795 3093 1932 3138 non
1980 3079 2079 3138 est
2130 3071 2258 3138 nisi
2303 3071 2571 3139 duobus

1025 3175 1270 3256 modiS,
1324 3176 1600 3257 scilicet,
1651 3186 1722 3246 ut
1761 3185 1987 3247 motor
2034 3179 2280 3246 virium
2320 3202 2570 3246 secun-

1022 3282 1185 3352 dum
1227 3285 1412 3376 quod
1468 3287 1884 3355 convertitur
1938 3310 2144 3378 super
2179 3286 2344 3354 alias
2389 3288 2567 3354 vires

1022 3402 1088 3460 et
1130 3400 1365 3462 movet
1392 3416 1507 3462 eas
1546 3395 1630 3462 ad
1677 3405 1931 3474 actum,
1972 3395 2344 3464 secundum
2385 3393 2569 3486 quod

1020 3500 1267 3571 dicitur
1298 3525 1315 3570 :
1349 3501 1529 3572 Volo
1563 3503 1959 3595 intelligere,
2006 3514 2070 3571 et
2102 3505 2258 3573 volo
2300 3526 2571 3572 memo-

1020 3612 1154 3679 rari
1187 3634 1204 3679 :
1240 3614 1338 3682 sic
1364 3621 1591 3681 autem
1625 3635 1762 3681 non
1793 3613 2098 3681 imitatur
2114 3613 2511 3682 Trinitatem
2544 3636 2559 3681 :

1018 3721 1177 3810 quia
1198 3720 1296 3788 sic
1320 3742 1459 3789 non
1482 3730 1578 3789 est
1613 3743 1691 3788 ex
1726 3718 2067 3789 intellectu
2099 3730 2163 3788 et
2186 3723 2560 3789 memoria:

1016 3826 1135 3895 sed
1174 3828 1401 3918 potius
1429 3850 1467 3896 e
1491 3849 1820 3897 converso
1853 3826 1965 3895 illa
2003 3837 2161 3895 sunt
2198 3852 2281 3895 ex
2311 3828 2565 3898 volun-

1014 3942 1178 4002 tate.
1228 3932 1386 4002 Alio
1434 3933 1640 4003 modo
1686 3943 1789 4003 est
1824 3933 2140 4003 voluntas
2198 3959 2347 4026 quae
2394 3961 2560 4006 con·

1013 4040 1302 4109 vertitur
1335 4041 1422 4110 ad
1477 4040 1791 4125 volitum,
1850 4050 1915 4110 et
1981 4044 2076 4110 sic
2139 4044 2378 4110 iterum
2421 4068 2558 4113 non

1017 4147 1321 4216 imitatur
1354 4147 1779 4226 Trinitatem,
1841 4149 1959 4217 sed
2007 4151 2233 4239 potius
2273 4151 2560 4241 imperat

1016 4256 1098 4325 de
1148 4256 1478 4325 imitando
1518 4257 1623 4325 vel
1664 4256 1987 4349 fugiendo
2023 4257 2417 4327 delectabile
2451 4259 2558 4328 vel

1016 4369 1203 4436 triste
1235 4368 1304 4435 in
1357 4368 1725 4459 operibus:
1786 4379 1853 4437 et
1900 4371 1990 4438 ita
2039 4370 2332 4451 videtur,
2373 4371 2558 4463 quod

1012 4477 1277 4545 nullum
1310 4477 1584 4546 illorum
1614 4478 1819 4545 trium
1850 4480 1938 4546 sit
1960 4477 2042 4547 de
2074 4481 2371 4571 imagine
2403 4503 2556 4571 quae

1009 4591 1361 4673 ponuntur
1387 4582 1458 4650 in
1491 4584 1659 4672 ipso.

1103 4795 1413 4865 Somno.
1473 4795 1875 4876 Dicendum,
1919 4797 2101 4888 quod
2160 4800 2227 4867 in
2268 4801 2552 4870 veritate

1009 4907 1208 4991 (sicut
1234 4904 1394 4973 dicit
1425 4906 1872 4995 Augustinus)
1913 4905 2264 4997 integritas
2304 4907 2554 5000 imagi-

1008 5015 1115 5081 nis
1145 5022 1384 5082 creatae
1413 5021 1516 5082 est
1562 5013 1631 5079 in
1678 5012 1783 5081 his
1812 5014 2027 5082 tribus
2060 5038 2076 5081 :
2123 5014 2243 5082 sed
2282 5039 2553 5085 memo-

1008 5122 1106 5188 ria
1157 5144 1294 5188 non
1344 5121 1669 5211 accipitur
1704 5121 2078 5189 secundum
2117 5122 2416 5213 aliquam
2463 5123 2550 5191 il-

1006 5224 1226 5293 larum
1276 5227 1809 5315 assignationum
1868 5251 2017 5318 quae
2065 5229 2256 5297 factae
2314 5239 2474 5298 sunt
2527 5254 2543 5299 ε

1004 5336 1165 5425 quia
1220 5334 1396 5400 sicut
1431 5333 1605 5399 infra
1657 5332 1819 5401 dicit
1854 5333 2174 5426 Magister
2210 5359 2290 5404 ex
2335 5336 2546 5405 verbo

1002 5440 1397 5532 Augustini,
1449 5442 1779 5508 memoria
1816 5451 2017 5531 prout
2061 5441 2170 5512 hic
2221 5443 2549 5534 accipitur

1000 5558 1102 5618 est
1139 5557 1450 5639 respectu
1509 5549 2024 5640 praeteritorum,
2080 5552 2540 5642 praesentium,

1000 5666 1067 5727 et
1102 5657 1487 5727 futurorum
1524 5681 1540 5727 ε
1574 5656 1757 5749 quod
1794 5680 1934 5727 non
1966 5668 2191 5749 posset
2228 5683 2371 5729 esse
2412 5661 2543 5729 nisi

4143 314 4269 382 119

2711 482 3218 553 abstraheretur
3246 483 3330 551 ab
3362 485 3551 552 omni
3584 483 3964 552 differentia
3992 493 4266 575 tempo-

2713 594 2828 672 ris,
2879 592 3055 658 sicut
3103 602 3169 659 et
3209 592 3614 660 intellectus.
3663 592 3748 659 Et
3787 592 3841 659 si
3898 601 4261 682 quaeratur,

2711 696 2887 775 Quid
2922 699 3009 764 sit
3066 698 3215 766 haec
3267 703 3625 777 memoria,
3671 711 3737 768 et
3790 702 3942 791 quis
3981 700 4069 767 sit
4120 701 4266 788 ejus

2711 809 2948 873 actus?
3005 806 3416 884 Dicendum,
3491 808 3677 897 quod
3734 809 4066 876 memoria
4122 806 4267 876 haec

2709 911 2879 978 nihil
2921 912 3107 979 aliud
3146 921 3246 980 est
3285 937 3490 1004 quam
3538 916 3841 1003 potentia
3880 915 4124 981 animae
4165 935 4270 980 ra-

2704 1021 2983 1089 tionalis
3012 1023 3391 1090 secundum
3424 1025 3846 1113 superiorem
3874 1031 4137 1113 partem
4171 1030 4296 1120 te(
4371 1089 4374 1092 ,

2704 1154 2873 1197 nens
2904 1131 3086 1221 apud
3117 1154 3190 1200 se
3251 1131 3561 1199 habitum
3610 1134 3754 1200 veri
3794 1142 3859 1200 et
3887 1132 4050 1200 boni
4083 1131 4269 1224 quod

2703 1241 2849 1328 ipsa
2914 1250 3021 1308 est
3087 1243 3468 1309 secundum
3530 1250 3844 1310 naturam
3906 1264 4128 1323 suam,
4199 1251 4268 1309 et

2703 1348 3015 1417 habitum
3057 1353 3203 1418 veri
3233 1361 3300 1420 et
3328 1352 3492 1419 boni
3523 1352 3708 1442 quod
3737 1352 3923 1420 Deus
3962 1361 4064 1421 est
4105 1376 4120 1422 ε
4154 1353 4267 1420 vel

2701 1456 2871 1525 forte
2913 1457 3101 1548 quod
3134 1461 3365 1526 verius
3397 1469 3496 1527 est
3525 1460 3902 1528 secundum
3932 1460 4266 1551 Augusti-

2701 1588 2891 1647 num,
2937 1574 3176 1634 tenens
3226 1567 3410 1657 apud
3449 1591 3519 1634 se
3562 1568 3879 1635 notitiam
3923 1590 4044 1659 per
4083 1591 4264 1658 prae-

2702 1673 2991 1740 sentiam
3033 1675 3369 1752 essentiae,
3406 1682 3474 1742 et
3504 1699 3641 1743 non
3680 1674 3992 1743 habitum
4023 1675 4166 1744 veri
4196 1684 4262 1744 et

2697 1775 2860 1844 boni
2903 1777 3087 1868 quod
3131 1779 3277 1868 ipsa
3317 1781 3550 1847 anima
3586 1789 3686 1848 est
3724 1780 4103 1848 secundum
4142 1803 4260 1848 na-

2689 1891 2946 1956 turam.
2984 1883 3182 1953 Unde
3224 1886 3655 1978 Augustinus
3694 1886 3878 1966 dicit,
3923 1885 4106 1978 quod
4146 1887 4257 1955 ni-

2695 1989 3225 2090 hil-praesentius
3258 2003 3359 2060 est
3390 1995 3638 2061 animae
3662 2016 3870 2084 quam
3903 1994 4048 2083 ipsa
4076 1992 4204 2061 sibi
4232 2015 4248 2060 :

2693 2095 2809 2163 sed
2841 2095 2924 2164 de
2964 2095 3097 2165 hoc
3135 2097 3309 2165 inira
3354 2096 3739 2167 habebitur.
3782 2099 3993 2167 Actus
4023 2106 4253 2166 autem

2693 2203 2838 2290 ejus
2906 2227 3043 2272 non
3100 2214 3205 2272 est
3266 2206 3335 2272 in
3405 2205 3700 2297 agendO,
3770 2206 3889 2274 sed
3955 2205 4249 2274 tenendo

2692 2312 3058 2401 (sicutjam
3099 2312 3356 2380 dictum
3410 2315 3534 2402 est)
3576 2315 4007 2404 praesentiam
4067 2315 4252 2382 noti-

2689 2419 2799 2485 tiae
2830 2419 2898 2487 in
2931 2420 3250 2502 essentia,
3287 2421 3396 2489 vel
3428 2420 3664 2489 habitu
3702 2421 3932 2511 aliquo
3983 2422 4241 2490 innat0.

2693 2526 2884 2595 Unde
2918 2527 3090 2595 bene
3119 2529 3424 2596 concedo
3469 2528 3533 2595 id
3574 2530 3758 2620 quod
3810 2527 4129 2618 objicitur
4163 2530 4247 2598 de

2689 2635 3047 2716 memoria,
3091 2635 3277 2724 quod
3338 2657 3478 2702 non
3533 2636 3630 2704 sic
3686 2637 4011 2726 accipitur
4052 2634 4165 2705 hic
4223 2659 4241 2704 ε

2688 2764 2808 2813 nec
2839 2743 3147 2835 approbo
3197 2743 3382 2834 quod
3441 2744 3715 2834 quidam
3758 2743 4014 2824 dicunt,
4057 2745 4243 2836 quod

2684 2853 2769 2919 sit
2834 2854 3266 2920 conservatio
3325 2854 3707 2943 specierum
3772 2852 3899 2920 sub
3980 2855 4241 2922 ratione

2683 2959 2874 3051 prius
2913 2961 3071 3045 visi,
3112 2959 3221 3027 vel
3263 2963 3549 3051 accepti,
3599 2960 3708 3029 vel
3749 2960 3963 3029 habiti
4014 2984 4029 3028 ε
4079 2963 4240 3054 quia

2683 3065 2827 3137 baec
2860 3071 3031 3137 ratio
3061 3072 3407 3138 concernit
3442 3079 3733 3162 tempuS,
3769 3079 3835 3138 et
3863 3071 4237 3139 secundum

2679 3202 2919 3247 omnes
2952 3178 3773 3271 l‘hilosophOS,temporis
3803 3189 3901 3249 est
3931 3180 4239 3250 conside-

2678 3309 2826 3353 rare
2861 3284 3042 3353 illius
3082 3289 3403 3376 potentiae
3443 3289 3636 3375 cujus
3675 3298 3776 3355 est
3805 3287 4234 3356 considerare

2679 3395 3160 3483 quantitatem,
3197 3403 3264 3463 et
3311 3393 3441 3463 hoc
3490 3405 3591 3463 est
3629 3397 3925 3485 primum
3966 3395 4238 3465 sensiti-

2675 3523 2867 3568 vum.
2922 3500 2996 3569 Si
3037 3510 3269 3569 autem
3310 3502 3573 3570 dicatur
3621 3501 3804 3592 quod
3856 3503 4027 3570 ratio
4067 3513 4237 3572 tem-

2673 3611 2860 3700 poris
2890 3611 3181 3701 simplex
3213 3620 3342 3683 est.
3387 3621 3452 3678 et
3494 3610 3644 3677 ideo
3687 3620 3907 3701 potest
3945 3634 4092 3679 esse
4134 3612 4237 3679 in-

2672 3719 2982 3787 tellectus
3044 3740 3060 3788 ε
3124 3718 3256 3787 hoc
3326 3742 3563 3787 verum
3625 3730 3727 3787 est
3798 3742 3815 3790 z
3875 3720 3992 3788 sed
4061 3721 4232 3788 ratio

2673 3828 2997 3919 temporis
3047 3826 3405 3918 aequaliter
3471 3852 3541 3895 se
3601 3825 3812 3896 habet
3875 3828 3959 3895 ad
4025 3851 4231 3899 omne

2670 3944 2964 4022 tempus,
3016 3938 3190 4003 sieut
3235 3936 3406 4003 ratio
3438 3934 3739 4005 hominis
3765 3935 4119 4028 aequaliter
4145 3936 4233 4005 ad

2671 4067 2909 4112 omnes
2950 4042 3294 4123 homines,
3331 4054 3395 4111 et
3430 4045 3582 4113 ideo
3631 4054 3793 4113 tunc
3834 4068 3971 4113 non
4002 4044 4232 4113 deter-

2672 4153 2885 4219 minat
2945 4151 3076 4219 hoc
3118 4149 3542 4242 intelligibile
3575 4160 3642 4219 et
3701 4151 3866 4219 illud
3900 4173 3916 4221 :
3953 4162 4018 4220 et
4075 4151 4229 4219 ideo

2669 4259 3062 4340 dicendum,
3096 4260 3281 4351 quod
3322 4260 3721 4351 simpliciter
3758 4259 4021 4328 nullum
4062 4271 4232 4329 tem-

2668 4390 2796 4457 pus
2853 4368 3150 4459 respicit,
3209 4367 3327 4434 sed
3388 4377 3763 4434 extractum
3822 4391 3862 4435 a
3917 4377 4223 4459 tempore

2666 4476 2858 4564 cnjus
2901 4475 3045 4566 ipsa
3077 4477 3409 4542 memoria
3431 4485 3531 4543 est
3560 4477 4050 4543 conservatrix.

2756 4692 2858 4758 An
2910 4714 2974 4757 in
3005 4689 3187 4780 quod
3220 4691 3547 4781 quaeritur
3575 4691 3657 4759 de
3690 4690 4032 4760 intellectu
4074 4692 4216 4762 sive
4244 4687 4503 4750 “¹¹¹⁸’‘-
4524 4692 4567 4742 ¹·

2665 4795 3138 4886 intelligentia,
3183 4795 3545 4864 dicendum
3593 4796 3777 4887 quod
3830 4797 4220 4890 intelligen-
4324 4872 4331 4879 ,

2663 4906 2753 4971 tia
2786 4904 3031 4972 dicitur
3060 4902 3168 4970 hic
3201 4905 3504 4993 potentia
3533 4903 3942 4972 intellectiva
3971 4906 4224 4976 sorma-

2662 5009 2744 5078 lis
2798 5034 2936 5079 non
2977 5009 3403 5101 simpliciter,
3447 5010 3562 5077 sed
3609 5020 3916 5102 respectu
3966 5014 4225 5083 intelli-

2660 5118 2888 5210 gibilis
2918 5117 3273 5207 cujusdam
3318 5117 3707 5215 informata,
3751 5120 3935 5210 quod
3964 5120 4223 5191 scilicet

2659 5251 2930 5316 semper
2971 5247 3272 5317 praesens
3304 5234 3406 5292 est
3444 5226 3513 5291 in
3556 5226 3812 5310 anima,
3854 5229 4026 5296 sicut
4066 5231 4220 5297 ani-

2659 5358 2770 5402 ma
2828 5335 2959 5401 sibi
3007 5342 3109 5402 est
3149 5355 3472 5422 praesenS,
3516 5343 3581 5402 et
3629 5334 3814 5404 Deus
3861 5335 3930 5404 in
3978 5359 4059 5405 ea
4115 5347 4221 5407 est

2659 5442 3133 5521 essentialiter,
3169 5442 3692 5531 praesentialiter
3719 5452 3787 5513 et
3822 5445 4217 5535 potentiali-

2655 5560 2760 5619 ter
2820 5574 2836 5620 ε
2895 5549 3300 5620 naturaliter
3356 5554 3537 5619 enim
3599 5552 3797 5621 nobis
3855 5553 4055 5622 insita
4111 5565 4213 5624 est

2655 5662 2958 5751 cognitio
2991 5658 3113 5727 Dei
3148 5680 3165 5726 ε
3213 5668 3281 5727 et
3310 5658 3462 5727 ideo
3511 5682 3651 5728 non
3679 5661 3985 5752 procedit
4013 5662 4210 5754 obje-
