4897 6388
741 3915 939 3965 ‘dnb-

1689 251 1783 318 IN
1829 252 1857 318 l
1910 247 2331 318 SENTENT.
2387 244 2612 311 DIST.
2662 242 2783 321 111,
2840 243 2917 318 Ε,
2970 241 3170 308 ART.
3228 245 3302 307 1¹
3350 242 3460 308 ΕΤ
3502 246 3606 310 ¹2.

1486 681 1981 806 ARTICUL-US
2038 737 2159 808 XI.

1217 947 1462 1015 Utrum
1494 951 1780 1016 materia
1807 951 2036 1041 prima
2062 951 2152 1016 sit
2190 949 2374 1015 nihil
2400 948 2441 1016 Ρ

1142 1297 1179 1337 α
1219 1272 1717 1340 Intelleoeerunt
1786 1274 1991 1340 etiam
2072 1277 2381 1365 corporis
2441 1297 2593 1365 spe-

1049 1382 1245 1465 ciem,
1274 1390 1403 1450 etc.
1435 1406 1468 1447 1»

1138 1489 1271 1557 Hic
1301 1491 1534 1580 incipit
1583 1502 1819 1581 quarta
1859 1501 1924 1560 et
1988 1492 2226 1560 ultima
2293 1495 2463 1562 ratio
2524 1494 2590 1561 in

1051 1618 1190 1687 qua
1218 1596 1545 1688 Magister
1580 1599 1707 1667 tria
1746 1599 1923 1668 facit.
1959 1599 2218 1681 Primo,
2255 1603 2590 1669 rationem

1050 1704 1348 1786 deducit,
1404 1708 1584 1799 quod
1629 1708 1805 1776 Deus
1861 1718 1962 1777 est
2034 1711 2289 1802 species
2331 1711 2594 1801 specie-

1048 1839 1230 1884 rum.
1277 1814 1618 1902 Secundo,
1672 1818 1841 1886 redit
1881 1819 1963 1886 ad
2010 1821 2331 1911 primum,
2365 1830 2431 1890 et
2471 1843 2595 1889 ex-

1048 1923 1255 2016 plicat
1285 1948 1494 2017 quare
1524 1926 1889 2018 Apostolus
1928 1927 2137 1996 dixit:
2170 1927 2588 2010 invisibilia,

1049 2040 1179 2102 etc.
1221 2031 1475 2118 Tertio,
1528 2034 1747 2102 innuit
1792 2035 2017 2125 plures
2072 2034 2237 2104 alias
2296 2039 2593 2106 rationes

1051 2140 1267 2231 accipi
1296 2162 1337 2207 a
1368 2139 1922 2231 dispositionibus
1951 2151 2432 2213 creaturarum.

1143 2246 1339 2316 Circa
1367 2251 1662 2340 primum
1703 2258 1886 2329 nota,
1951 2250 2134 2342 quod
2178 2252 2425 2342 speeies
2482 2250 2594 2320 hic

1051 2355 1302 2424 dicitur
1346 2355 1589 2441 forma,
1640 2357 1780 2424 sive
1825 2358 1994 2425 ratio
2045 2358 2166 2440 rei,
2217 2358 2592 2427 secundum

1051 2462 1239 2555 quod
1275 2464 1364 2533 ad
1410 2475 1930 2558 cognoscentem
1986 2465 2089 2534 vel
2128 2468 2592 2559 cognitionem

1050 2573 1430 2653 ordinatur,
1464 2584 1530 2644 et
1553 2597 1695 2644 rem
1736 2576 1803 2642 in
1834 2576 2257 2665 speciositate
2299 2575 2591 2646 naturali

1051 2681 1464 2752 manifestat.

1142 2896 1281 2967 Sed
1318 2897 1632 2988 objicitur
1673 2923 1875 2992 super
1938 2899 2067 2970 hoc
2124 2900 2308 2993 quod
2363 2901 2524 2970 dicit
2567 2926 2581 2970 :

1052 3035 1088 3070 α
1119 3007 1204 3076 Si
1248 3019 1480 3077 autem
1526 3009 1715 3076 omni
1757 3009 1970 3100 specie
2012 3033 2239 3078 carere
2283 3021 2585 3103 possent,

1048 3117 1327 3184 omnino
1356 3116 1560 3185 nulla
1598 3126 1834 3186 essent.
1868 3147 1899 3178 υ
1928 3117 2152 3186 Prima
2172 3121 2354 3187 enim
2377 3128 2591 3189 mate-

1047 3223 1148 3291 ria
1186 3225 1470 3294 omnino
1496 3224 1753 3293 nullam
1794 3224 1994 3295 habet
2028 3227 2322 3319 speciem
2366 3251 2382 3296 :
2420 3251 2586 3320 ergo

1045 3335 1332 3404 omnino
1365 3333 1532 3402 nihil
1564 3343 1690 3403 est.
1724 3334 1916 3404 Unde
1947 3336 2369 3429 Augustinus
2400 3340 2468 3406 in
2502 3337 2589 3407 li-

1041 3440 1168 3509 bro
1203 3442 1722 3533 Confessiomtm
1758 3466 1774 3510 ε
1807 3441 2063 3512 Verum
2118 3453 2217 3514 est
2268 3447 2586 3545 informi-

1041 3558 1254 3620 tatem
1294 3575 1449 3645 quae
1479 3575 1688 3645 prope
1717 3552 1884 3622 nibil
1932 3563 2058 3637 est,
2099 3557 2282 3626 vices
2313 3567 2585 3651 tempo·

1041 3683 1197 3728 rum
1230 3659 1481 3731 habere
1510 3685 1646 3731 non
1677 3686 1874 3755 posse
1914 3666 1958 3732 ¹.

1134 3877 1421 3949 Somno
1460 3879 1661 3970 hujus
1690 3880 1975 3951 habetur
2026 3881 2111 3951 ab
2163 3884 2578 3976 Augustino,

1043 3987 1323 4068 ibidem,
1357 3991 1473 4081 qui
1504 3990 1601 4058 sic
1641 3990 1800 4059 dicit
1846 3991 1927 4059 de
1973 3992 2190 4084 prima
2239 3995 2524 4061 materia
2559 4017 2575 4062 ε

1042 4088 1236 4168 Sicut
1265 4098 1554 4168 dicimus
1591 4100 1881 4192 amplius
1910 4102 2166 4171 bonum
2218 4124 2363 4172 esse
2394 4104 2577 4195 quod

1039 4217 1342 4278 creatum
1402 4218 1603 4302 atque
1647 4211 2009 4280 formatum
2060 4221 2211 4282 est:
2272 4214 2363 4281 ita
2412 4213 2581 4282 tate-

1036 4340 1195 4387 mur
1238 4318 1467 4385 minus
1510 4317 1766 4386 bonum
1822 4343 1991 4400 esse,
2051 4321 2234 4412 quod
2286 4322 2577 4392 creabile

1036 4438 1240 4520 atque
1286 4426 1638 4497 formabile
1670 4439 1793 4508 est,
1844 4430 1958 4498 sed
2014 4440 2238 4500 tamen
2289 4432 2575 4502 bonum.

1038 4532 1234 4604 Unde
1275 4536 1557 4605 materia
1582 4536 1805 4627 prima
1834 4559 1951 4628 per
2004 4538 2219 4629 ipsam
2250 4540 2581 4631 privatio·

1034 4666 1192 4712 nem
1243 4668 1449 4736 quam
1481 4642 1705 4720 habet,
1750 4642 1949 4713 habet
1982 4646 2290 4717 ordinem
2332 4647 2416 4716 ad
2445 4648 2580 4716 tor-

1034 4773 1247 4831 mam‚
1292 4754 1452 4843 quia
1490 4753 1633 4843 ipsa
1670 4753 1955 4844 privatio
2012 4753 2167 4822 facit
2222 4777 2372 4823 eam
2403 4755 2578 4824 desi-

1034 4858 1269 4929 derare
1300 4859 1591 4929 sormam
1618 4884 1635 4929 z
1659 4868 1724 4929 et
1754 4862 1847 4929 sic
1877 4859 2078 4930 habet
2107 4860 2334 4954 aliquo
2365 4864 2575 4932 modo

1031 4968 1327 5057 speciem
1370 4969 1439 5035 in
1468 4968 1767 5059 appetitu
1816 4969 2056 5060 speciei
2116 4978 2181 5037 et
2221 4970 2459 5038 ordine
2490 4970 2575 5038 ad

1032 5074 1251 5159 ipsam
1286 5096 1303 5142 ε
1341 5083 1408 5143 et
1437 5074 1589 5144 ideo
1613 5098 1820 5167 prope
1850 5075 2017 5144 nihil
2050 5084 2173 5156 est,
2207 5077 2325 5146 sed
2344 5087 2575 5147 tamen

1027 5203 1170 5250 non
1208 5181 1406 5264 nihil,
1441 5192 1516 5252 ut
1552 5183 1713 5252 dicit
1742 5185 2184 5276 Augustinus.

1094 5637 1112 5674 ¹
1147 5636 1203 5693 S.
1236 5638 1608 5706 Accusas-es,
1639 5633 1761 5692 Lib.
1792 5634 1888 5691 th
1927 5633 2397 5692 confessionum.

4130 238 4253 303 101

3106 732 3616 802 ARTICULUS
3686 733 3842 802 XII.

2709 946 2950 1015 Istrum
2985 968 3069 1011 ex
3092 947 3563 1037 perpetuitate
3594 955 3937 1035 arquatur
3981 946 4255 1012 ‹eterni-

2791 1063 2921 1137 taS,
2956 1064 3019 1119 et
3049 1075 3133 1120 ex
3160 1054 3643 1144 maqnitudine
3666 1055 3986 1144 potentiae
4027 1054 4258 1142 infini-

2791 1169 2895 1228 tas
2921 1159 2960 1227 Ρ

2787 1482 3048 1551 Deinde
3074 1483 3430 1574 {quaeritur
3493 1484 3573 1552 de
3639 1483 3772 1554 hoc
3802 1482 3987 1574 quod
4038 1482 4248 1551 dicit:

2791 1616 2824 1654 α
2868 1592 2986 1657 Ex
3015 1593 3477 1683 perpetuitate
3505 1615 3826 1684 namque,
3860 1599 3990 1662 etc.
4036 1614 4070 1656 ι
4103 1588 4252 1657 Hoc

2698 1702 2882 1768 enim
2920 1701 3190 1769 videtur
3227 1701 3507 1772 falsum:
3554 1706 3717 1795 quia

2792 1812 2850 1876 l.
2890 1809 3314 1900 perpetuitas
3344 1820 3808 1881 creaturarum
3838 1821 3941 1881 est
3958 1812 4254 1880 carentia

2700 1917 2878 1999 finis,
2921 1926 2988 1986 et
3025 1941 3162 1987 non
3211 1920 3522 2011 principii
3559 1942 3575 1987 ε
3628 1920 3808 1989 unde
3854 1920 4123 1988 videtur
4169 1941 4253 1987 ex

2699 2025 2828 2094 hoc
2857 2049 2998 2094 non
3038 2048 3238 2118 posse
3269 2030 3461 2118 argui
3517 2027 3584 2095 id
3624 2027 3808 2121 quod
3837 2036 4019 2098 caret
4063 2029 4257 2119 prin-

2697 2136 2874 2226 cipio
2943 2145 3010 2203 et
3076 2136 3233 2205 tine.
3309 2134 3645 2206 Similiter
3721 2146 3789 2206 et
3845 2134 4250 2229 magnitudo

2696 2252 3163 2311 creaturarum
3208 2266 3350 2312 non
3401 2254 3503 2313 est
3576 2245 3883 2315 infinita:
3948 2268 4110 2336 ergo
4168 2267 4255 2313 ex

2700 2354 2842 2442 ipsa
2875 2352 3142 2421 infinita
3189 2355 3498 2444 potentia
3536 2355 3662 2423 Dei
3721 2377 3873 2447 quae
3932 2356 4256 2445 omnipo-

2698 2465 2908 2530 tentia
2950 2471 3051 2530 est
3083 2471 3152 2530 et
3180 2462 3450 2542 dicitur,
3484 2486 3626 2532 non
3644 2473 3871 2555 potest
3908 2464 4161 2533 inferri.

2787 2574 2852 2639 2.
2876 2570 3241 2650 I‘raeterea,
3269 2570 3442 2640 Cum
3469 2573 3636 2641 ordo
3663 2573 3750 2641 sit
3781 2574 3875 2641 rei
3905 2571 3991 2641 ad
4022 2573 4251 2650 tinem.

2698 2690 2762 2748 et
2800 2701 2839 2746 a
2880 2678 3015 2746 tine
3055 2680 3144 2746 sit
3172 2678 3496 2769 perfectio
3533 2702 3549 2750 :
3584 2679 3859 2749 videtur
3886 2681 4114 2772 potius
4174 2705 4257 2750 ex

2696 2787 2932 2856 ordine
2973 2795 3039 2854 et
3069 2785 3588 2878 dispositionem
3619 2812 3766 2859 esse
3798 2789 4020 2859 bonus
4050 2813 4254 2881 quam

2693 2897 2994 2988 sapiens.

2785 3006 2849 3074 3.
2877 3003 3300 3076 Gubernatio
3323 3007 3527 3076 etiam
3550 3008 3800 3079 directe
3820 3009 4091 3079 videtur
4108 3033 4254 3080 esse

2693 3138 2867 3207 opus
2906 3114 3302 3205 sapientias:
3337 3124 3403 3184 et
3443 3116 3595 3187 ideo
3644 3141 3725 3188 ex
3756 3118 4252 3212 gubernatione

2692 3224 2914 3315 magis
2953 3231 3177 3315 potest
3216 3224 3506 3318 intelligi
3554 3229 3849 3319 sapiens,
3886 3251 4091 3321 quam
4124 3227 4255 3297 bo·
4307 3300 4312 3305 ,

2694 3356 2844 3402 nus.

2782 3557 3092 3628 sou-no.
3127 3557 3534 3644 Dicendum,
3586 3557 3771 3651 quod
3809 3579 4012 3628 omne
4058 3557 4240 3650 quod

2692 3667 2926 3757 incipit
2949 3689 3068 3757 per
3098 3664 3398 3758 aliquem
3424 3665 3710 3734 modum
3740 3665 3865 3735 fuit
3893 3666 3962 3734 in
3992 3674 4239 3757 poten-

2690 3775 2781 3841 tia
2822 3782 2894 3841 ut
2926 3775 3113 3843 tieret
3174 3783 3543 3867 antequam
3589 3776 3815 3844 tieret:
3858 3774 3978 3844 sed
4035 3772 4240 3867 quid-

2689 3882 2850 3973 quid
2892 3891 2993 3950 est
3049 3883 3117 3950 in
3160 3884 3463 3973 potentia
3517 3890 3594 3950 ut
3651 3883 3792 3962 tiat,
3828 3883 3902 3951 tit
3938 3883 4023 3950 ab
4079 3882 4240 3964 alio,

2688 4016 2826 4061 non
2893 4017 2932 4060 a
3008 3994 3259 4085 seipso.
3323 3994 3680 4065 PnonAno.
3760 3993 3974 4063 Detur
4031 3994 4241 4074 enim,

2687 4102 2871 4194 quod
2905 4104 3078 4171 tiata
3109 4104 3335 4194 seipso
3371 4126 3388 4171 ε
3420 4126 3584 4195 ergo
3616 4104 3841 4195 ipsum
3873 4104 4030 4173 facit
4071 4106 4244 4195 seip-

2686 4234 2883 4280 sum:
2926 4211 3045 4280 sed
3077 4210 3409 4304 quidquid
3442 4211 3623 4292 facit,
3677 4214 3822 4305 agit
3853 4232 3871 4282 ε
3905 4236 4069 4305 ergo
4137 4215 4246 4304 ip-

2684 4343 2836 4388 sum
2904 4322 3097 4412 agit:
3151 4328 3218 4388 et
3284 4319 3617 4411 quidquid
3662 4323 3832 4412 agit,
3866 4330 4020 4390 actu
4079 4330 4178 4390 est
4221 4344 4237 4389 ε

2685 4451 2848 4517 ergo
2910 4430 3135 4518 ipsum
3176 4435 3332 4495 actu
3398 4434 3500 4496 est
3542 4450 3558 4496 :
3595 4450 3759 4520 ergo
3808 4438 3908 4497 est
3955 4437 4134 4508 actu,
4178 4437 4244 4497 et

2686 4534 2756 4601 tit
2797 4533 3002 4601 simul
3038 4557 3052 4601 :
3087 4532 3206 4603 sed
3239 4533 3567 4626 quidquid
3601 4536 3700 4618 tit,
3733 4558 3872 4604 non
3901 4545 4043 4605 est:
4079 4559 4241 4627 ergo

2685 4652 2781 4710 est
2823 4654 3005 4718 actu,
3041 4651 3106 4709 et
3154 4665 3296 4710 non
3336 4651 3438 4711 est
3483 4643 3713 4720 simul,
3758 4643 3943 4735 quod
3971 4652 4072 4713 est
4105 4645 4244 4712 im-

2684 4749 3050 4841 possibile:
3085 4772 3251 4842 crgo
3282 4759 3551 4841 oportet
3579 4750 3764 4843 quod
3816 4774 4020 4821 omne
4061 4751 4243 4844 quod

2683 4859 2754 4926 tit
2787 4866 2852 4926 et
2884 4858 3144 4948 incipit,
3182 4859 3300 4925 tiat
3339 4856 3425 4925 ab
3461 4881 3542 4927 eo
3584 4859 3768 4952 quod
3796 4883 3934 4928 non
3986 4860 4083 4941 tit,
4117 4883 4243 4929 nec

2684 4966 2978 5058 incepit:
3043 4965 3162 5033 sed
3192 4976 3603 5059 perpetuum
3657 4967 3780 5038 fit:
3831 4992 3993 5060 ergo
4034 4969 4119 5037 ab
4159 4993 4241 5039 eo

2683 5073 2865 5168 quod
2897 5097 3035 5142 non
3069 5075 3365 5165 incepit:
3402 5083 3470 5144 et
3516 5074 3649 5146 hoc
3696 5085 3799 5146 est
3851 5085 4181 5146 aeternum
4220 5099 4237 5145 :

2680 5205 2844 5275 ergo
2877 5182 2952 5249 fit
2990 5180 3075 5251 ab
3105 5190 3406 5251 aeterno:
3441 5191 3508 5251 et
3546 5186 3645 5253 sic
3673 5205 3757 5253 ex
3793 5187 4241 5276 perpetuitate

2679 5290 2992 5381 arguitur
3035 5298 3396 5370 aeternum,
3439 5312 3526 5360 ex
3577 5290 4049 5384 magnitudine
4112 5315 4242 5361 au-

2678 5404 2817 5464 tem
2879 5397 3190 5488 arguitur
3262 5397 3613 5467 infinitas:
3656 5399 3814 5468 licet
3860 5398 4044 5468 enim
4100 5422 4238 5468 non

4322 3582 4526 3631 smum.

4365 3691 4512 3739 Ad&
