4897 6388
763 754 834 801 Ad
883 756 919 800 1.

752 1501 830 1546 Ad
860 1505 899 1547 2.

786 1937 857 1983 Ad
885 1940 928 1986 ³.

766 2485 843 2530 Ad
875 2491 913 2531 4.

763 3052 832 3095 Διί
862 3056 906 3098 5.

1379 361 1424 436 j‘·
1511 405 1526 432 ·.
1766 335 1860 402 IN
1906 334 1936 401 Ι
1988 332 2407 406 SENTENT.
2461 332 2957 430 DIST3XVll,
3011 331 3088 410 C,
3134 332 3328 399 ART.
3375 335 3437 398 ὅ.

1043 535 1076 572 ι(
1122 509 1540 586 interiorem,
1587 509 1747 598 quia
1783 507 2132 574 certiorem
2178 515 2190 546 ¹
2239 527 2253 568 :
2325 511 2388 569 ct
2455 500 2584 568 hoc

1037 613 1247 681 modo
1280 623 1383 681 est
1421 612 1612 680 facile
1651 610 2054 699 respondere
2093 608 2392 696 objectis,

1128 724 1232 788 An
1286 743 1541 789 ramus(
1581 742 1741 810 ergo
1799 716 2177 792 dicendum,
2223 715 2403 805 quod
2452 713 2582 782 hoo

1032 828 1343 917 procedit
1382 828 1463 893 de
1507 824 1847 892 intellectu
1903 821 2195 890 secundo
2252 821 2481 898 modo,
2515 829 2581 886 ct

1030 934 1411 1003 secundum
1444 941 1845 1023 potestatem
1878 929 2314 1019 intelligentis
2348 950 2362 994 :
2400 937 2467 994 et
2496 927 2576 995 de

1028 1039 1165 1107 hoc
1201 1045 1346 1107 non
1375 1037 1679 1128 loquitur
1713 1037 2158 1126 Augustinus.
2223 1035 2305 1100 Et
2334 1032 2574 1100 eodem

1028 1149 1239 1217 modo
1298 1148 1659 1217 dicendum
1707 1155 1829 1225 est,
1882 1144 2065 1235 quod
2121 1142 2578 1231 Philosophus

1028 1258 1340 1349 loquitur
1369 1257 1451 1326 dc
1483 1256 1824 1325 intellectu
1865 1257 2227 1344 accipiente
2276 1278 2309 1319 a
2352 1251 2576 1342 phan-

1031 1374 1343 1434 tasmate.

1121 1475 1228 1541 An
1264 1498 1464 1542 amun
1494 1472 1877 1551 dicendum,
1932 1472 2110 1561 quod
2153 1470 2356 1537 homo
2405 1468 2575 1536 dici-

1034 1591 1145 1648 tur
1174 1579 1475 1648 humana
1505 1581 1668 1657 vita,
1700 1586 1768 1646 ct
1797 1577 2095 1645 humano
2137 1576 2337 1642 modo
2370 1574 2575 1642 intel-

1033 1688 1283 1777 ligam,
1317 1696 1385 1755 ct
1421 1685 1554 1755 hoc
1599 1694 1698 1755 est
1734 1685 2123 1775 accipiendo
2173 1708 2208 1751 a
2252 1682 2571 1774 phantas-

1034 1803 1248 1863 mate.

1120 1901 1228 1967 Αι)
1275 1922 1473 1968 aum>
1511 1897 1896 1977 dicendum,
1940 1896 2121 1988 quod
2176 1918 2310 1962 non
2342 1899 2571 1963 vivore

1029 2011 1282 2080 dicitur
1307 2013 1482 2080 mori
1515 2008 1740 2101 quoad
1767 2018 1990 2078 actum
2012 2008 2164 2074 vitae
2193 2005 2571 2075 intellectus

1028 2121 1474 2208 conjunctum
1527 2121 1711 2187 carni
1779 2128 1844 2186 et
1893 2114 2477 2208 phantasmatibus
2547 2137 2562 2183 :

1026 2229 1147 2296 sed
1184 2232 1242 2297 si
1274 2228 1457 2297 videt
1487 2227 1755 2319 aliquis,
1791 2228 1956 2295 vivit
1984 2236 2142 2294 tunc
2172 2226 2304 2293 vita
2340 2227 2567 2314 patriae

1024 2335 1255 2427 quoad
1294 2335 1735 2404 intellectum.

1115 2446 1221 2513 An
1268 2468 1468 2513 Αιιυο
1523 2444 1906 2521 dicendum,
1978 2443 2153 2533 quod
2217 2441 2432 2509 Deum
2496 2443 2560 2508 in

1022 2553 1403 2621 substantia
1426 2553 1586 2644 quid
1617 2561 1741 2631 cst,
1775 2574 1973 2619 ncmo
2001 2550 2167 2617 viclit
2190 2571 2510 2639 umquam
2542 2572 2556 2615 :

1020 2662 1181 2750 quia
1214 2660 1347 2729 hoc
1367 2670 1469 2728 cst
1513 2658 2110 2750 comprehendere,
2143 2660 2311 2724 sicut
2354 2681 2558 2747 supra

1017 2768 1276 2836 dictum
1318 2777 1482 2835 estu:
1524 2766 1640 2834 scd
1674 2754 1900 2834 tamen
1933 2765 2379 2832 substantiam
2438 2765 2555 2831 nei

1012 2875 1215 2944 multi
1246 2874 1585 2944 viderunt.

1106 2985 1211 3051 Au
1244 3008 1444 3053 Λιιυι)
1489 2982 1872 3059 «licendum,
1927 2981 2107 3073 qnod
2164 2983 2391 3049 onmia
2443 2982 2554 3049 illa

1012 3091 1395 3182 procedunt
1420 3114 1571 3183 quae
1605 3092 1671 3158 in
1702 3091 2111 3159 contrarium
2143 3090 2558 3177 objiciuntur

1005 3201 1386 3270 secundum
1424 3204 1719 3291 primum
1753 3199 2029 3268 modum
2062 3199 2459 3278 intonet-tw,
2488 3209 2555 3267 ot

1002 3311 1384 3378 secundum
1427 3317 1829 3399 potestatem
1884 3311 2031 3398 ejus
2094 3309 2276 3399 quod
2325 3311 2552 3375 nosci-

1001 3423 1115 3483 tur
1146 3438 1162 3483 ε
1197 3424 1263 3484 ct
1305 3438 1444 3511 nou
1475 3414 1848 3483 secundum
1880 3414 2287 3483 intellectum
2326 3414 2551 3506 phan-

998 3525 1347 3601 tasticum,
1380 3533 1444 3591 ct
1474 3524 1846 3593 secundum
1877 3524 2552 3615 potcstatcmjntclli-

993 3635 1224 3720 gentis
1257 3635 1324 3701 in
1373 3634 1485 3701 via
1549 3635 1613 3701 in
1673 3656 1810 3723 quo
1868 3655 2114 3719 magna
2170 3633 2544 3723 sr‹·qm·ntia

992 3738 1424 3806 sensibilium
1493 3747 1557 3806 ct
1625 3737 2171 3830 phantasmatum
2246 3739 2547 3806 olocawat

994 3846 1273 3915 oculum
1354 3844 1730 3915 intellectus
1800 3848 2168 3914 secundum
2248 3850 2539 3937 primum

995 3954 1280 4021 tnmlum
1322 3953 1752 4023 masidi-rati.

1457 4396 1955 4464 Atrtlttt'mis
2010 4397 2089 4464 Υ.

990 4614 1098 4677 An
1138 4610 1404 4699 aliquis
1446 4620 1666 4701 poles!
1700 4612 1870 4676 scire
1917 4613 1985 4677 iu
2026 4614 2133 4677 ria
2181 4639 2251 4677 se·
2290 4615 2536 4680 luthere

1531 4716 1937 4783 rlmre'Ialem
1967 4718 2006 4782 :²

1081 5026 1342 5096 Deinde
1400 5031 1722 5119 quaeritur
1759 5031 1840 5098 ‹le
1899 5030 2023 5098 hoc
2091 5034 2269 5123 quod
2314 5036 2522 5104 dicit:

989 5162 1023 5199 α
1074 5138 1258 5220 Quia
1281 5137 1692 5214 interiowm,
1726 5141 1893 5229 quia
1921 5143 2289 5220 ree-liorem,
2324 5155 2451 5212 etc.
2492 5174 2523 5206 u

1087 5245 1142 5310 Ι.
1182 5242 1277 5310 Ex
1305 5243 1438 5313 hoc
1472 5247 1655 5312 enim
1697 5245 1980 5326 videtur,
2024 5250 2201 5336 quml
2232 5260 2408 5317 certa
2441 5254 2523 5319 sit

984 5351 1186 5417 nobis
1216 5350 1512 5420 charitas
1553 5354 1618 5420 in
1662 5354 1857 5422 nohis
1909 5377 1925 5423 ι
1970 5380 2130 5446 ergo
2171 5358 2414 5449 aliquis
2456 5364 2521 5428 in

981 5460 1123 5527 vita
1151 5469 1371 5549 potest
1400 5484 1470 5528 se
1499 5465 1668 5530 scire
1698 5462 1943 5532 habere
1966 5464 2381 5536 charitatem.

1058 5699 1074 5732 ¹
1109 5694 1193 5750 Cf.
1229 5696 1438 5767 Supra,
1468 5714 1596 5765 cap.
1623 5700 1664 5754 C
1692 5699 1849 5755 circa
1880 5702 2151 5759 medium.

4122 328 4252 394 473

2794 503 2858 568 2.
2894 500 3092 579 Quod
3125 505 3327 568 ctiam
3368 500 3634 565 videtur
3680 520 3800 588 per
3836 496 4002 563 illud
4059 497 4251 585 Apo-

2698 609 2878 688 stoli,
2928 610 3013 677 ad
3055 610 3344 678 Roman.
3409 633 3550 687 vm,
3615 609 3697 674 38
3762 630 3775 673 :
3825 606 4063 674 Certus
4090 624 4241 671 sum

2696 718 2864 805 quia
2919 741 3134 807 neque
3181 740 3384 792 mora,
3444 740 3657 805 neque
3713 717 3966 797 υἰία,...
4030 735 4244 802 neque

2695 827 2842 893 alia
2873 838 3188 895 creatura
3213 830 3463 917 polerit
3493 849 3613 892 nos
3640 847 3960 916 separare
3998 848 4040 889 α
4080 823 4242 889 clia-

2692 938 2897 1002 rilale
2927 937 3083 1013 Dei,
3120 945 3245 1002 etc.

2781 1044 2846 1111 3.
2891 1043 3086 1120 ltem,
3136 1042 3208 1110 Si
3249 1042 3541 1111 charitas
3579 1050 3680 1109 est
3729 1041 3925 1108 nobis
3967 1042 4237 1120 certior,

2692 1174 2897 1240 quam
2929 1153 3286 1242 proximus
3336 1174 3349 1217 :
3397 1151 3513 1218 scd
3546 1150 3933 1240 proximum
3977 1150 4069 1215 ita
4111 1171 4242 1215 no-

2689 1261 2941 1341 vimus.
2987 1260 3173 1350 quod
3214 1260 3294 1327 de
3352 1262 3497 1349 ipso
3560 1281 3696 1326 non
3756 1257 4147 1325 dubitamus
4219 1280 4234 1323 2

2690 1392 2851 1459 ergo
2893 1370 3187 1452 videtur,
3251 1369 3433 1459 quod
3477 1391 3600 1436 nos
3647 1370 3848 1435 etiam
3898 1369 3989 1434 ita
4039 1367 4240 1434 novi-

2689 1504 2839 1547 mus
2870 1504 3016 1548 esse
3058 1483 3124 1549 in
3165 1481 3514 1561 charitate,
3568 1479 3749 1569 quod
3801 1479 3883 1547 de
3914 1477 4236 1546 charitate

2688 1603 2917 1659 nostra
2951 1591 3117 1659 nihil
3150 1590 3563 1659 dubitamus·

2768 1701 2831 1768 4.
2879 1700 3077 1778 ltem,
3110 1698 3416 1766 Charitas
3448 1698 3678 1764 lumen
3709 1706 3833 1765 cst.
3870 1696 4096 1762 Prima
4128 1719 4236 1763 ca·

2684 1831 2846 1875 non.
2887 1808 3089 1875 ,loan.
3138 1830 3209 1884 ιι,
3260 1808 3335 1873 10
3401 1830 3415 1872 :
3474 1807 3611 1889 Qui
3656 1806 3895 1894 diliqit
3940 1807 4234 1893 fratrem

2680 1938 2913 1994 suum,
2957 1918 3025 1981 in
3070 1914 3331 1982 lumine
3370 1924 3597 1981 mane!
3656 1937 3670 1981 :
3734 1915 3966 1981 lumen
4005 1922 4230 1979 autem

2681 2023 2903 2112 scipso
2936 2022 3457 2090 manifestatur:
3510 2043 3672 2111 crgo
3711 2018 4004 2097 videtur,
4049 2018 4231 2109 qnod
4328 2065 4339 2074 -

2682 2129 2909 2197 nullus
2947 2131 3293 2217 justorum
3336 2128 3577 2196 habeat
3618 2126 3891 2218 aliquod
3945 2126 4229 2193 dubium

2678 2238 2760 2304 ‹lc
2800 2237 3127 2305 charitato
3158 2261 3303 2304 sua.

2769 2349 2901 2415 Sco
2947 2371 3201 2416 cosma
3240 2371 3254 2415 :
3302 2347 3517 2415 Ecclc.
3565 2369 3657 2424 ix,
3702 2348 3719 2412 Ι
3776 2367 3793 2413 :
3835 2345 4061 2412 Nesci!
4099 2343 4225 2408 lm-

2674 2481 2783 2522 mu
2816 2467 3050 2522 utrum
3082 2479 3313 2521 amore
3341 2478 3428 2519 (m
3461 2453 3617 2518 odio
3648 2451 3900 2539 difflues
3922 2451 4039 2516 sit.

2762 2669 3070 2738 Sourno.
3119 2668 3515 2747 Dicendum,
3562 2669 3743 2761 quod
3805 2667 4032 2735 nullus
4068 2670 4215 2737 sinc·

2671 2778 3087 2845 revelatione
3118 2777 3198 2844 ad
3231 2802 3301 2844 sc
3337 2779 3525 2854 ructa,
3563 2787 3784 2868 potest
3812 2780 3984 2845 sciro
4013 2802 4083 2845 sc
4113 2803 4215 2845 es·

2666 2908 2736 2951 sc
2769 2887 2835 2951 in
2866 2885 3219 2964 charitate,
3254 2885 3516 2952 duabus
3556 2886 3638 2953 de
3676 2886 3897 2954 causis
3927 2908 4217 2975 quarum

2665 3018 2799 3060 una
2848 2996 2995 3082 jam
3054 2995 3233 3063 dicta
3271 3006 3370 3062 cst
3431 3019 3444 3062 :
3509 2997 3666 3086 quia
3726 2995 3877 3062 licet
3927 2992 4220 3063 charitas

2665 3105 3020 3171 manifesta
3063 3107 3148 3172 sit
3188 3104 3269 3171 «lc
3308 3129 3405 3178 sc.
3453 3129 3586 3172 non
3631 3114 3856 3173 tamen
3899 3103 4096 3171 nobis
4128 3106 4215 3172 ita

2664 3212 3138 3280 manifestatur
3193 3224 3467 3303 propter
3530 3212 3899 3281 tumultum
3969 3237 4220 3281 concu-

2660 3322 3006 3408 piscentiae
3061 3330 3127 3388 ct
3168 3320 3718 3413 phantasmatum
3782 3322 3846 3386 in
3892 3318 4213 3388 cordibus

2661 3429 2932 3494 nostris.
2972 3429 3124 3496 Alia
3154 3452 3356 3496 causa
3385 3439 3482 3495 cst
3531 3454 3546 3496 :
3592 3430 3750 3520 qnia
3781 3453 3979 3497 amor
4010 3438 4209 3496 natu·

2659 3536 2817 3605 ralis
2867 3537 3294 3605 simillimum
3339 3538 3540 3605 hahet
3597 3548 3823 3606 actum
3856 3562 4013 3607 cum
4055 3549 4208 3605 actu

2654 3642 3000 3712 charitatis
3032 3645 3443 3736 quandoque
3479 3669 3494 3711 :
3530 3656 3596 3712 ct
3648 3646 3797 3711 ich-n
3848 3669 3984 3712 una
4014 3645 4209 3712 vido·-

2655 3763 2766 3818 tnr
2794 3777 2914 3841 pru
2954 3753 3111 3833 alia,
3141 3754 3391 3820 srilic‹·t
3423 3754 3695 3821 dilectio
3728 3753 4052 3820 naturalis
4085 3776 4206 3843 pro

2651 3863 2970 3946 gratuita.

2741 3972 2843 4036 An
2910 3993 3163 4037 rmum
3218 3995 3380 4059 crgo
3445 3969 3833 4052 «licendum,
3894 3972 4064 4037 sicut
4134 3973 4200 4037 in
4256 3983 4265 3994 “

2651 4077 3049 4166 praercilcnti
3111 4080 3483 4169 qua-stium·
3542 4079 3795 4146 «lictum
3857 4090 3981 4157 cst,
4017 4081 4197 4169 qumi

2648 4184 2775 4248 hm·
2816 4194 2914 4251 ‹vs-t
2966 4208 3205 4252 vorum
3266 4187 3489 4275 quoad
3561 4189 3853 4275 primum
3916 4187 4195 4254 modum

2647 4292 3027 4361 intellectus
3056 4304 3119 4361 et
3165 4294 3633 4384 intelligibilis,
3687 4306 3745 4361 vl
3793 4319 3928 4363 non
3971 4297 4193 4386 quoad

2643 4400 3018 4467 soi-mulum
3058 4402 3431 4491 utriusque.

2734 4511 3056 4575 ΛυΛιιυυ
3084 4509 3472 4589 dicendum,
3515 4512 3699 4602 quod
3738 4523 3852 4581 aut
3897 4517 4193 4603 Aposto-

2643 4617 2746 4683 lus
2806 4617 3108 4708 loquitnr
3163 4642 3243 4685 cx
3289 4620 3699 4687 rvvclationc
3739 4622 3821 4689 ael
3861 4647 3933 4687 ει·
3993 4623 4189 4699 factat,

2640 4734 2753 4790 aut
2794 4733 2992 4792 vocat
3052 4727 3361 4792 notitiam
3431 4726 3780 4794 charitatis
3847 4751 3932 4796 cx
3992 4731 4188 4817 signo

2641 4834 2948 4912 lvrvoris,
2991 4845 3058 4902 ct
3097 4832 3514 4921 hujusmodi.

2729 4942 2830 5006 Au
2857 4964 3141 5010 τεκτιωι
3185 4945 3250 5009 in
3311 4945 3527 5033 prima
3585 4944 3927 5014 solutione
3997 4956 4060 5014 ct
4119 4950 4184 5015 in

2636 5050 3014 5137 quaestionc
3076 5050 3472 5138 praecedcnti
3521 5075 3923 5143 responsum
3966 5066 4090 5121 vsi.

2724 5157 2828 5222 An
2874 5180 3073 5224 Λιιυο
3112 5157 3496 5235 dicendum,
3541 5160 3726 5250 quod
3755 5159 4048 5229 charitas
4080 5163 4187 5230 lu-

2636 5284 2787 5327 men
2847 5272 2946 5329 est
3016 5264 3347 5341 cll'cctivc,
3410 5268 3569 5356 quia
3627 5267 3812 5357 pellit
3871 5271 4184 5337 tcnehras

2631 5373 2939 5457 pcccati:
2985 5382 3052 5439 ct
3090 5376 3355 5440 etiamsi
3427 5375 3657 5443 lumen
3709 5388 3884 5445 esset
3938 5401 4056 5468 per
4110 5403 4182 5447 sc

2628 5480 3003 5568 spirituale,
3068 5482 3248 5572 quod
3306 5490 3532 5551 tannen
3593 5488 3808 5574 magis
3864 5490 4183 5557 convenit

2700 5711 2723 5745 ²
2751 5709 2834 5765 Cl'.
2865 5711 3074 5782 Supra,
3111 5712 3243 5767 nist,
3288 5714 3355 5769 ll.

4256 2391 4353 2436 sed
4384 2399 4570 2438 contra.

4315 2746 4518 2799 solutio.

4309 4579 4387 4622 ΑιΙ
4420 4583 4461 4627 2.

4314 5028 4384 5074 Ad
4413 5032 4456 5076 3.

4315 5247 4384 5288 At!
4419 5253 4456 5291 Ι.
