4897 6388
641 309 770 376 466
1645 313 1730 380 D.
1781 313 1981 379 ALB.
2034 310 2250 378 MAG.

532 484 548 500 ‘
643 480 936 571 Spiritus
993 455 1208 566 sancti
1243 483 1363 550 *ad
1430 492 1657 552 actum
1717 483 2190 574 dignissimum

365 1164 437 1208 Ad
462 1163 524 1207 10.

640 591 756 679 qui
796 599 898 658 est
940 590 1246 681 diligere,
1290 615 1432 660 non
1491 594 1766 682 recipiet
1824 593 2191 660 secundum

640 699 825 787 quod
855 708 955 767 est
986 701 1423 768 immediatus
1459 701 1741 790 Spiritui
1774 711 2008 787 sancto
2037 699 2193 768 :sed

639 816 908 895 oportet
960 830 1107 875 esse
1148 807 1457 876 habitum
1515 810 1893 878 elevantem
1946 817 2194 898 poten-

553 943 557 947 *
638 914 804 982 tiam
845 913 930 981 ad
968 912 1100 981 hoc
1144 915 1331 1003 quod
1369 917 1458 982 sit
1507 915 1848 1006 possibilis
1906 917 2193 1004 recipere

636 1023 1066 1090 influentiam
1101 1023 1400 1113 Spiritus
1440 1024 1526 1091 ad
1556 1032 1806 1091 actum.

723 1134 829 1199 An
859 1155 1059 1199 amun
1090 1131 1479 1212 dicendum,
1516 1133 1701 1223 quod
1732 1156 1903 1223 opus
1944 1154 2193 1199 recrea·

636 1242 842 1307 tionis
881 1240 1248 1329 respondet
1286 1243 1478 1331 operi
1535 1242 1896 1308 creationis
1955 1243 2023 1306 in
2064 1238 2192 1305 ali-

636 1331 799 1437 quo,
844 1348 1016 1414 etin
1067 1347 1300 1437 aliquo
1359 1371 1524 1416 non.
1572 1348 1950 1416 Creationis
2007 1347 2188 1414 enim

634 1477 805 1544 opus
836 1461 938 1521 est
969 1453 1297 1521 factivum
1355 1454 1779 1534 substantiae,
1841 1454 1960 1521 sed
2014 1475 2185 1542 opus

633 1564 1071 1630 recreationis
1117 1563 1291 1630 bene
1358 1586 1507 1631 esse
1551 1587 1567 1630 ε
1633 1572 1700 1632 et
1739 1564 1890 1631 ideo
1950 1563 2020 1629 in
2072 1561 2188 1629 illo

636 1692 775 1738 non
814 1671 1037 1760 potuit
1085 1691 1232 1737 esse
1270 1667 1547 1737 habitus
1605 1693 1739 1761 quo
1785 1672 2193 1759 reciperetur

637 1801 810 1868 opus
868 1778 1231 1845 creationis
1275 1798 1290 1843 ε
1338 1778 1500 1868 quia
1537 1787 1695 1845 ante
1744 1776 2191 1844 substantiam

639 1875 867 1952 nullus
905 1893 1010 1953 est
1038 1882 1339 1951 habitus.
1377 1883 1514 1952 Sed
1544 1909 1717 1975 opus
1763 1885 2192 1953 recreationis

546 1992 552 1997 ’
639 2017 780 2062 non
817 1992 1045 2063 educit
1096 1993 1546 2061 substantiam
1605 1993 1690 2062 ad
1750 2016 1921 2073 esse,
1964 1994 2081 2061 sed
2109 1993 2194 2060 ad

378 2904 447 2949 ‚td
471 2905 535 2952 11.

372 3017 454 3065 Ad
487 3019 551 3063 12.

638 2103 811 2171 bene
841 2125 987 2170 esse
1021 2110 1294 2170 tantum
1338 2123 1357 2168 z
1392 2110 1458 2171 et
1495 2102 1580 2170 ad
1622 2101 1791 2169 illud
1839 2102 2009 2170 hene
2048 2123 2193 2170 esse

641 2208 826 2300 quod
862 2231 935 2276 se
977 2215 1204 2276 teneat
1244 2206 1625 2276 formaliter
1659 2209 2043 2290 nobiscum,
2085 2208 2196 2275 in-

640 2319 954 2408 digemus
985 2316 1247 2385 habitu.
1296 2316 1434 2385 Sed
1472 2319 1542 2384 in
1583 2316 1714 2386 hoc
1752 2319 2190 2403 conveniunt,

644 2425 830 2516 quod
857 2433 1227 2516 utrumque
1266 2432 1371 2494 est
1422 2449 1464 2492 a
1518 2425 1665 2494 Deo
1715 2434 2038 2516 operante
2078 2448 2195 2516 per

642 2535 939 2623 seipsum
974 2533 1045 2598 in
1074 2532 1418 2600 creatione
1447 2532 1738 2601 formam
1781 2532 2194 2602 substantia-

643 2643 778 2710 lem
816 2642 1093 2711 dantem
1132 2664 1306 2720 esse,
1349 2640 1462 2710 hic
1490 2651 1720 2710 autem
1762 2643 2049 2710 formam
2081 2642 2193 2710 ha·

647 2752 974 2821 bitualem
1016 2751 1291 2820 dantem
1321 2751 1498 2821 bene
1528 2776 1701 2821 esse.

735 2861 840 2928 An
879 2882 1077 2927 Αιιυο
1117 2867 1302 2950 patet
1347 2859 1598 2928 solutio
1639 2882 1762 2950 per
1799 2869 1953 2927 ante
1988 2860 2189 2928 dicta.

736 2969 841 3035 An
877 2988 1077 3035 Auno
1114 2965 1506 3048 dicendum,
1546 2965 1730 3059 quod
1768 2965 2059 3034 charitas
2095 2990 2197 3034 se·

643 3074 940 3144 cundum
973 3071 1106 3141 hoc
1145 3073 1329 3163 quod
1359 3075 1719 3164 conjuncta
1750 3083 1848 3140 est
1895 3072 2037 3141 Deo
2078 3097 2196 3164 per

637 3180 1155 3249 similitudinem
1213 3203 1356 3249 suoe
1411 3180 1760 3262 bonitatis,
1812 3188 1912 3248 est
1960 3178 2192 3249 valens

627 3290 844 3357 vitam
884 3299 1242 3371 aeternam,
1303 3310 1443 3357 non
1501 3288 1989 3378 condignitate,
2031 3289 2188 3377 quia

623 3400 764 3466 vita
792 3407 1046 3466 aeterna
1083 3397 1263 3465 Deus
1301 3406 1405 3465 est
1441 3398 1549 3466 cui
1604 3397 1768 3465 nihil
1801 3407 1902 3463 est
1948 3397 2190 3465 condi-

2302 310 2506 378 0111).
2563 313 2853 380 PRAED.

2302 487 2593 573 pretium
2632 485 2813 575 quod
2870 486 3113 553 offerre
3170 477 3533 575 possumus
3591 509 3673 553 ex
3712 510 3835 554 suo

2303 593 2506 668 donn,
2553 590 2839 659 charitas
2879 601 3075 659 estet
3105 601 3292 660 actus
3332 593 3700 661 charitatis,

2387 701 2491 764 An
2530 722 2724 766 Auno
2756 700 3139 779 dicendum,
3195 700 3375 789 quod
3418 700 3708 768 charitas
3738 708 3835 768 est

2301 808 2582 897 specieS,
2622 808 2879 886 moduS,
2914 817 2980 875 et
3011 809 3178 876 ordo
3211 808 3579 876 voluntatis
3623 811 3690 874 in
3721 809 3839 876 bo·

2302 938 2465 981 num
2515 916 2838 983 ordinatae
2891 917 3264 984 secundum
3310 917 3493 1007 quod
3549 917 3837 984 diversi-

2301 1021 2502 1090 mode
2560 1024 3077 1091 consideratur:
3143 1026 3213 1091 in
3278 1033 3609 1115 quantum
3659 1026 3837 1092 enim

2302 1139 2404 1198 est
2431 1129 2673 1211 forma,
2717 1140 2816 1199 est
2853 1133 3107 1221 species
3145 1155 3160 1198 τ
3224 1134 3290 1198 in
3330 1141 3661 1222 quantum
3714 1155 3841 1199 au-

2304 1247 2438 1306 tem
2497 1238 2697 1308 habet
2736 1251 2996 1309 tantum
3052 1264 3251 1331 posse
3306 1241 3390 1309 ad
3439 1251 3697 1324 actum,
3743 1250 3843 1309 est

2303 1347 2544 1415 modus
2582 1371 2596 1414 ε
2632 1349 2797 1417 ordo
2837 1358 3062 1417 autem
3096 1359 3199 1418 est
3227 1373 3430 1440 penes
3464 1351 3695 1428 tinem,
3729 1374 3840 1418 se-

2301 1457 2599 1524 eundum
2631 1480 2833 1548 quem
2864 1468 2964 1526 est
2994 1457 3345 1526 vinculum
3376 1459 3832 1549 perfectionis.

2302 1564 2379 1631 In
2408 1587 2480 1632 se
2508 1574 2735 1633 autem
2776 1568 2979 1635 etiam
3012 1566 3217 1634 habet
3248 1568 3376 1636 ista
3408 1589 3423 1633 ε
3468 1568 3626 1657 quia
3667 1568 3838 1635 ratio

2299 1668 2561 1753 formae,
2596 1680 2657 1738 et
2701 1673 2867 1739 ratio
2901 1695 3093 1761 posse
3120 1673 3251 1750 sui,
3285 1681 3351 1739 et
3383 1675 3551 1740 ratio
3583 1672 3839 1739 ordinis

2302 1776 2387 1842 ad
2445 1779 2646 1844 tinem
2706 1778 2961 1868 aliquid
3017 1788 3176 1846 sunt
3217 1781 3282 1846 in
3324 1781 3468 1869 ipsa
3509 1801 3524 1846 ε
3589 1801 3713 1847 nec
3742 1788 3840 1846 est

2300 1909 2566 1965 verum,
2609 1888 2791 1977 quod
2840 1890 2905 1954 in
2945 1889 3264 1955 omnibus
3305 1890 3428 1956 ista
3475 1890 3601 1956 tria
3641 1888 3840 1955 diuni-

2301 1994 2582 2062 nuibilia
2613 1996 2744 2063 sint
2765 1997 2909 2063 sine
2930 1996 3382 2065 destructione
3411 1997 3835 2064 substantiae:

2303 2102 2481 2171 unde
2511 2102 2801 2171 charitas
2830 2102 2973 2172 haec
3003 2127 3142 2172 non
3173 2106 3503 2173 amittitur
3523 2113 3842 2172 manente

2304 2206 2629 2298 subjecto,

2394 2315 2497 2382 An
2566 2337 2857 2384 urrunnu
2917 2315 3302 2399 dicendum,
3373 2317 3556 2406 quod
3621 2315 3842 2404 subje-
3925 2360 4000 2400 Α..
4094 2394 4107 2407 ‚

2306 2432 2489 2491 ctum
2541 2445 2676 2490 non
2733 2433 2830 2491 est
2886 2424 3231 2513 potentius
3280 2423 3650 2504 accidente,
3713 2425 3836 2490 nisi

2309 2539 2669 2621 utrumque
2707 2530 3194 2599 considerando
3241 2530 3613 2598 secuudum
3652 2539 3846 2598 natu-

2313 2663 2454 2708 ram
2486 2642 2587 2707 sui
2618 2640 2907 2731 generiS‚
2939 2638 3193 2707 scilicet
3222 2638 3597 2728 subjectum
3637 2641 3704 2706 in
3747 2663 3843 2707 ra·

2309 2751 2493 2818 tione
2549 2750 2963 2824 substantiae,
3015 2758 3081 2816 et
3118 2748 3427 2816 accidens
3469 2747 3536 2815 in
3584 2750 3842 2816 ratione

2309 2855 2695 2938 accidentis.
2769 2855 2904 2922 Sed
2960 2855 3177 2945 gratia
3232 2862 3300 2922 et
3344 2852 3638 2923 charitas
3678 2854 3843 2920 alias

2307 2964 2558 3035 habent
2596 2963 3169 3033 considerationes
3213 2984 3228 3028 :
3282 2965 3442 3053 quia
3498 2964 3702 3031 etiam
3744 2986 3844 3031 se·

2306 3072 2603 3142 cundum
2657 3069 3149 3160 Philosophum
3200 3093 3336 3138 non
3384 3070 3673 3137 dicimus
3725 3068 3845 3136 ho·

2307 3183 2559 3249 minem
2599 3179 2979 3256 alteratum,
3018 3177 3289 3268 quando
3320 3177 3589 3266 attingit
3619 3177 3836 3244 virtu·

2304 3300 2466 3363 tem.
2499 3288 2613 3356 sed
2645 3290 2868 3378 potius
2907 3285 3304 3377 perfectum.
3353 3284 3543 3353 Unde
3597 3283 3841 3371 hujus-

2302 3396 2483 3464 modi
2570 3393 2835 3461 habitus
2900 3393 3150 3461 habent
3217 3393 3548 3460 rationem
3634 3390 3842 3481 perti-

619 3528 838 3598 gnum
872 3505 1035 3574 :sed
1067 3508 1497 3596 reputatione
1520 3504 1775 3580 divina.
1810 3507 1970 3596 quia
2005 3504 2185 3572 Deus
2294 3507 2616 3573 cientium
2680 3502 3050 3571 secundum
3109 3501 3279 3568 bene
3344 3523 3489 3569 esse
3554 3522 3638 3568 ex
3712 3497 3839 3566 hoc

616 3634 756 3680 non
803 3621 1069 3681 tantum
1101 3612 1310 3703 exigit
1343 3636 1384 3680 a
1415 3612 1616 3680 nobis
1644 3637 1767 3704 pro
1807 3616 1946 3680 vita
1984 3621 2184 3680 zeter·
2296 3616 2476 3706 quud
2516 3625 2670 3683 sunt
2703 3614 3066 3682 influentia·
3097 3611 3406 3703 qua-dam
3438 3611 3683 3679 divinae
3713 3607 3837 3675 lur-

618 3743 706 3787 na
738 3732 1075 3813 quantum
1113 3718 1322 3796 valet,
1365 3721 1483 3788 sed
1515 3730 1848 3813 quantum
1900 3744 2024 3787 nos
2054 3742 2182 3787 va-

620 3824 839 3894 lemus
879 3826 1041 3895 dare
1071 3850 1154 3895 ex
1204 3848 1333 3893 suo
1382 3826 1566 3894 dono
1609 3850 1625 3894 ε
1683 3828 1904 3914 majus
1943 3836 2168 3893 autem

2297 3727 2523 3815 gitalis
2563 3734 2625 3791 rt
2667 3723 3008 3797 bonilatis,
3053 3731 3179 3788 ete.

622 4342 711 4417 B.
758 4340 1286 4416 Praemiuicm·
1323 4340 1688 4437 quiddam
1742 4341 1847 4415 m!
1898 4341 2093 4415 lemec
2132 4341 2635 4415 ostensionem
2694 4340 3236 4431 ue‹,·es.s·m·imu,
3278 4337 3570 4413 scilicet
3622 4340 3828 4438 quod

868 4474 1214 4572 Spiritus
1250 4482 1559 4549 suiectus
1590 4483 1700 4548 est
1726 4474 2059 4548 clem-{tax
2097 4500 2247 4575 qm!
2278 4474 2675 4572 ‹Iiliyinms
2718 4475 2963 4547 lunum
2999 4484 3072 4547 el
3093 4473 3574 4572 proxinmm.

721 4814 884 4888 lloe
923 4826 1178 4892 autem
1236 4829 1318 4892 ut
1380 4818 1943 4915 intelligibilius
1982 4817 2265 4912 doceri,

2301 4843 2387 4891 ac
2432 4818 2732 4915 plenius
2773 4818 3096 4916 perspici
3144 4818 3419 4911 valeat,
3467 4819 3823 4915 praemit·

621 4944 935 5022 tendum
977 4958 1088 5022 est
1122 4947 1488 5047 quiddam
1523 4949 1616 5023 ad
1660 4951 1805 5024 hoc
1839 4950 2056 5024 valde
2099 4951 2643 5026 necessarium.
2678 4950 2977 5025 Dictum
3025 4949 3335 5049 quidem
3389 4960 3501 5025 est
3552 4975 3813 5051 supra,

621 5091 696 5154 et
735 5080 1006 5156 sacris¹
1051 5082 1637 5158 auctoritatibus
1677 5096 2097 5179 ostensum,
2122 5084 2325 5183 quod
2358 5084 2687 5183 Spiritus
2717 5096 3028 5160 sam-tus
3059 5109 3278 5158 autur
3307 5096 3422 5159 est
3462 5084 3710 5160 Patris
3745 5095 3818 5160 et

3920 727 3995 768 Ad
4025 731 4068 768 isst

628 5215 822 5306 Filii,
859 5241 1013 5315 quo
1044 5242 1127 5293 se
1170 5216 1499 5294 invicem
1561 5231 1819 5295 ainaut
1862 5230 1936 5295 et
1976 5245 2140 5294 nus.
2212 5221 2344 5294 llis
2382 5232 2635 5296 autem
2707 5221 3142 5297 addendum
3203 5230 3344 5313 est,
3389 5221 3590 5319 quod
3654 5222 3813 5321 ipse
3845 5256 3933 5301 use
3957 5269 4049 5302 no..
4077 5267 4144 5309 ι..

3872 5318 4010 5373 netur
4041 5318 4137 5361 M..

3924 5375 4096 5417 nint-r.

626 5348 823 5423 idem
869 5349 1203 5448 Spiritus
1243 5364 1558 5427 sanctus·
1599 5363 1708 5429 est
1753 5378 1968 5427 arnor
1997 5356 2156 5429 sive
2190 5356 2549 5450 charitas,
2612 5380 2763 5455 qua
2812 5381 2950 5430 nus
3003 5354 3400 5451 diligimus
3439 5356 3685 5430 Deum
3742 5369 3808 5431 et

696 5687 709 5722 ¹
744 5685 894 5746 Edit.
927 5689 1091 5747 Joan.
1128 5691 1664 5764 Alleaume,sactae‘s.
