4897 6388
798 4339 998 4388 solutio.

1720 375 1887 442 INJ
1941 355 2638 458 sssNrEN'rjmsT.
2691 374 2777 448 x,
2835 375 2917 454 G,
2969 376 3171 448 ART.
3232 381 3298 443 ιι
3351 378 3458 444 ET
3503 380 3605 443 12.

1095 560 1293 607 suum
1326 552 1430 610 est
1460 525 1800 632 praedicari
1848 546 1935 613 de
2002 543 2226 611 multis
2293 553 2361 610 et
2417 544 2632 609 inesse

1092 650 1211 713 εἰς.
1259 647 1586 718 Similiter
1616 649 1821 718 homo
1854 651 1937 718 ab
2004 651 2279 718 homine
2349 649 2634 716 habetur

1092 757 1598 844 participative:
1635 767 1699 824 et
1731 757 2022 826 breviter
2067 758 2376 837 dicende,
2421 757 2634 847 quod-

1092 859 1254 926 libet
1283 863 1660 949 superiusa
1714 887 1838 931 suo
1892 865 2228 932 inferiori:
2292 865 2453 953 quia
2510 887 2632 930 su—

1089 968 1805 1058 perius-particulatur
1834 980 1902 1039 et
1929 971 2345 1040 contrahitur
2410 973 2479 1037 in
2525 974 2630 1037 in-

1092 1072 1340 1143 feriori.
1380 1076 1494 1145 Sic
1552 1088 1775 1145 autem
1837 1102 1973 1147 non
2029 1080 2469 1171 particulatur
2506 1100 2629 1146 nec

1090 1186 1513 1254 contrahitur
1587 1193 1877 1257 essentia
1932 1193 1998 1258 in
2067 1191 2263 1258 Patre
2312 1198 2377 1257 et
2411 1190 2624 1256 Filio:

1088 1295 1205 1362 sed
1271 1298 1432 1385 quia
1488 1297 1689 1364 Pater
1754 1308 1820 1367 et
1892 1300 2102 1367 Filius
2160 1323 2296 1367 non
2359 1306 2626 1365 tantum

1092 1426 1304 1471 unum
1335 1415 1494 1473 sunt
1533 1408 1598 1472 in
1627 1410 1941 1488 essentia,
1996 1409 2127 1477 sed·
2168 1411 2368 1476 etiam
2411 1410 2481 1475 in
2546 1431 2627 1475 eo

1091 1510 1276 1601 quod
1330 1520 1489 1578 sunt
1571 1534 1874 1602 personae
1959 1515 2286 1582 distinctae
2379 1514 2633 1581 habent

1089 1619 1634 1688 convenientiam
1675 1622 2144 1711 procedentem
2177 1622 2258 1688 ab
2293 1622 2389 1686 eis
2428 1623 2498 1687 in
2547 1643 2628 1688 eo

1091 1721 1274 1812 quod
1348 1744 1652 1812 personae
1735 1735 1916 1810 sunt,
1974 1727 2070 1794 sic
2122 1728 2320 1793 etiam
2390 1746 2632 1792 conve·

1090 1834 1289 1900 niunt
1316 1832 1499 1901 dono
1537 1834 1639 1900 sui
1672 1836 1948 1915 amoris,
1983 1835 2170 1925 quod
2227 1841 2466 1903 neuter
2518 1856 2633 1902 eo-

1092 1961 1244 2005 rum
1309 1948 1432 2007 est.
1503 1938 1641 2008 Nec
1698 1943 1903 2009 etiam
1961 1951 2199 2010 natura
2273 1942 2627 2031 permittit,

1091 2067 1219 2114 nec
1273 2045 1654 2114 intellectus
1718 2049 1920 2137 capit,
1983 2048 2162 2140 quod
2187 2047 2558 2139 procedens
2588 2069 2629 2114 a

1087 2173 1379 2242 persona
1452 2151 1762 2221 distincta
1830 2156 1917 2222 sit
1981 2155 2157 2224 idem
2220 2156 2292 2222 in
2337 2175 2629 2244 persona

1088 2282 1241 2327 cum
1285 2265 1429 2351 ipsa
1484 2282 1524 2327 a
1587 2283 1721 2351 qua
1748 2263 2089 2354 procedit:
2140 2262 2341 2332 habet
2396 2272 2627 2331 tamen

1088 2372 1421 2440 rationem
1451 2371 1750 2441 unientis
1792 2396 1915 2464 per
1978 2373 2252 2442 modum
2329 2372 2627 2441 distincti

1090 2477 1173 2544 ab
1205 2477 1414 2546 unitis
1444 2487 1519 2546 ut
1545 2501 1739 2547 amor
1776 2487 1843 2547 et
1870 2479 2189 2559 amicitia,
2222 2479 2396 2547 sicut
2423 2501 2628 2570 supra

1090 2584 1345 2653 dictum
1386 2594 1528 2655 est:
1564 2595 1633 2654 et
1660 2585 1788 2656 hoc
1817 2596 1919 2656 est
1962 2588 2142 2680 quod
2190 2588 2373 2670 dicit,
2442 2588 2628 2678 quod

1088 2714 1213 2759 suo
1245 2691 1427 2760 dono
1457 2702 1730 2761 servant
1766 2695 2091 2763 unitatem
2124 2697 2298 2780 sicut
2344 2694 2411 2760 in
2470 2695 2629 2761 vin-

1089 2800 1242 2869 culo
1285 2803 1489 2891 pacis.

1525 3244 2024 3315 AnTtCULUS
2058 3246 2176 3315 xl.

1085 3457 1191 3521 An
1222 3455 1528 3543 Spiritus
1553 3465 1827 3522 sanctus
1852 3458 1943 3523 sit
1972 3455 2248 3547 aliquid
2272 3479 2627 3527 commune

1552 3565 1753 3630 Patra·
1790 3574 1855 3631 et
1901 3563 2148 3631 Filio?

1178 3876 1431 3944 Deinde
1488 3879 1811 3969 quaeritur
1865 3878 1946 3946 de
2003 3877 2131 3946 hoc
2196 3879 2376 3969 quod
2414 3879 2617 3948 dicit:

1095 4012 1125 4047 α
1154 3986 1462 4075 Spiritus
1487 3995 1762 4052 sanctus
1789 4008 2140 4052 commum·
2177 3997 2271 4052 est
2317 3987 2618 4077 aliquid,

1082 4105 1208 4162 otc.
1247 4119 1280 4158 ι

1172 4204 1479 4283 Qualiter
1505 4206 1682 4271 enim
1715 4216 1815 4273 est
1845 4208 2256 4273 commune?

1176 4313 1552 4380 ilasi-ossio.
1604 4313 1998 4403 Dupliciter,
2065 4315 2314 4384 scilicet
2375 4339 2618 4383 secun-

1079 4421 1250 4501 dum,
1276 4422 1604 4488 rationem
1636 4422 1969 4513 principii,
2012 4424 2170 4513 quia
2199 4432 2298 4490 est
2328 4422 2410 4489 ab
2432 4434 2616 4492 utro·

1078 4551 1255 4619 que:
1316 4537 1380 4596 et
1438 4528 1803 4595 secundum
1882 4531 2209 4597 rationem
2279 4530 2509 4609 medii,
2551 4542 2617 4600 et

1074 4645 1300 4702 aetum
1342 4636 1595 4701 amoris
1623 4645 1689 4701 et
1733 4636 1995 4713 formae,
2057 4638 2215 4728 quia
2263 4639 2617 4727 conjungit

1073 4753 1137 4812 et
1170 4745 1316 4810 unit
1347 4766 1360 4810 :
1394 4743 1509 4809 sed
1541 4742 2014 4812 dissimilitudo
2044 4746 2317 4835 ponitur
2344 4745 2425 4813 ad
2448 4750 2617 4814 ami·

1073 4854 1300 4919 citiam
1336 4850 1728 4918 inferiorum
1758 4874 1771 4917 :
1809 4854 1969 4942 quia
1996 4852 2107 4920 illa
2141 4855 2381 4921 uniens
2438 4854 2614 4922 duos

1071 4960 1328 5027 aiiiicos
1366 4981 1504 5025 non
1535 4968 1633 5024 est
1670 4958 2069 5036 substantia,
2105 4984 2224 5028 nec
2283 4959 2614 5052 hyposta-

1071 5066 1164 5131 sis
1194 5065 1506 5131 distinc'ta
1535 5065 1617 5130 ab
1648 5066 1743 5130 eis
1785 5068 2187 5155 participans
2224 5065 2425 5135 talem
2485 5092 2614 5136 na-

1071 5180 1292 5236 turam
1328 5167 1624 5237 hominis
1654 5192 1808 5236 cum
1839 5171 2044 5260 ipsis:
2088 5171 2203 5238 sed
2235 5173 2300 5238 in
2360 5173 2611 5242 divinis

1072 5287 1347 5368 propter
1375 5275 1850 5366 perfectionem
1891 5287 1991 5345 est
2038 5277 2416 5368 hypostasis
2466 5280 2613 5349 dis-

1074 5387 1305 5464 tincta,
1365 5392 1433 5451 et
1487 5393 1587 5451 est
1643 5387 2066 5474 suppositum
2123 5385 2420 5474 ejusdem
2490 5413 2612 5457 na-

1070 5502 1282 5560 turae:
1318 5489 1496 5558 unde
1536 5492 1706 5558 sicut
1730 5491 2014 5560 verbum
2055 5493 2143 5559 ibi
2185 5492 2387 5561 habet
2441 5518 2611 5585 pro-

1072 5601 1296 5689 prium
1364 5604 1584 5662 actum
1646 5595 1858 5677 verbi,
1905 5605 1970 5664 et
2011 5607 2231 5665 tamen
2263 5608 2363 5666 est
2397 5599 2610 5693 hypo-

1071 5704 1314 5772 stasis:
1379 5702 1468 5767 ita
1534 5722 1726 5767 amor
1790 5702 1878 5770 ibi
1942 5706 2283 5793 proprium
2379 5718 2606 5778 actum

4170 375 4297 442 329

2742 539 2950 609 habet
2978 547 3259 625 amoriS,
3317 556 3381 612 et
3450 556 3678 612 tamen
3752 554 3854 612 est
3910 543 4291 634 hypostasis
4371 567 4375 571 ’

2742 648 3058 717 distincta
3096 661 3165 718 et.
3194 675 3325 718 una
3350 675 3637 741 persona
3669 653 3738 717 in
3792 651 4154 718 Trinitate:
4229 660 4294 719 et

2742 756 2872 826 hoc
2905 760 3217 826 intendit.

3143 1182 3649 1252 ARTICULUS
3700 1182 3851 1252 Xll.

2737 1400 2846 1463 An
2878 1397 3122 1488 plures
3170 1399 3436 1488 possint
3499 1421 3636 1465 esse
3690 1399 3937 1465 divina?
3987 1421 4290 1489 personae

3298 1526 3505 1593 quam
3550 1501 3749 1570 tres?

2823 1828 3089 1897 Deinde
3147 1830 3473 1919 quaeritur
3536 1828 3618 1897 de
3670 1827 3801 1898 hoc
3865 1828 4049 1920 quod
4089 1829 4286 1898 dicit:

2741 1963 2775 1995 «
2813 1937 2973 2003 Tria
3001 1959 3163 2025 erqo
3188 1948 3375 2014 sunt,
3409 1946 3471 2003 et
3517 1958 3653 2004 non
3690 1937 4018 2028 amplius,
4088 1944 4215 2006 etc.
4253 1962 4287 2005 ι

2827 2043 2913 2111 Et
2974 2054 3077 2112 est
3134 2043 3246 2112 hic
3310 2045 3624 2134 quaestio,
3706 2044 3947 2113 Utrum
4031 2044 4295 2135 possint

2737 2174 2885 2220 esse
2943 2174 3251 2243 personae
3309 2152 3555 2219 divinae
3613 2152 3818 2243 quam
3865 2153 4054 2221 tres?
4082 2152 4167 2219 Et
4194 2175 4297 2221 se·

2736 2258 2989 2338 cundo,
3033 2259 3284 2327 Utrum
3319 2281 3589 2328 necesse
3618 2259 3705 2326 sit
3742 2280 3887 2327 esse
3921 2260 4080 2327 istas
4128 2267 4288 2338 tres,

2735 2374 2802 2434 et
2841 2388 2981 2434 non
3019 2365 3244 2434 alias?

2824 2580 3116 2649 Videtur
3179 2589 3432 2658 autem,
3507 2579 3710 2669 quod
3759 2579 3985 2670 plures
4035 2581 4296 2670 possint

2736 2710 2912 2771 esse,
2944 2697 3012 2756 et
3040 2687 3355 2757 debeant.

2832 2798 2889 2862 l.
2908 2795 3089 2864 Dicit
3108 2797 3293 2864 enim
3312 2796 3614 2878 BoetiuS,
3632 2795 3816 2886 quod
3832 2795 4123 2863 essentia
4135 2817 4294 2863 con·

2735 2906 2905 2976 tinet
2931 2908 3289 2986 unitatem,
3333 2906 3571 2975 relatio
3611 2916 3839 2975 autem
3892 2904 4292 2996 multiplicat

2730 3014 3134 3082 Trinitatem
3161 3038 3177 3082 ε
3256 3015 3372 3082 sed
3433 3014 3667 3083 relatio
3699 3037 3836 3083 non
3867 3023 3971 3083 est
4005 3016 4148 3082 sine
4179 3036 4293 3082 ex-

2733 3122 2968 3190 tremis
3018 3121 3406 3192 relationis:
3443 3145 3607 3214 ergo
3666 3121 4036 3190 secundum
4105 3122 4289 3213 quod

2732 3229 2945 3320 exigit
2974 3253 3303 3319 numerus
3354 3230 3787 3311 relationum,
3821 3232 3946 3298 erit
3978 3229 4295 3298 multitu-

2732 3334 2820 3404 do
2860 3358 3354 3426 personarum:
3409 3360 3565 3404 cuni
3631 3360 3794 3428 ergo
3859 3359 3995 3405 una
4054 3336 4291 3405 relatio

2731 3444 2869 3512 duo
2950 3455 3210 3537 quaerat
3298 3455 3627 3528 extrema,
3694 3445 3845 3513 duae
3929 3444 4291 3513 relationes

2731 3560 3027 3641 quatuor
3063 3562 3369 3620 extrema
3402 3554 3769 3642 requirent,
3820 3556 3888 3621 et
3943 3554 4033 3619 ita
4089 3561 4289 3620 erunt

2728 3667 3028 3749 quatuor
3055 3683 3390 3750 personae,
3427 3669 3491 3727 et
3523 3682 3660 3726 non
3700 3659 3875 3730 duae.

2828 3772 2892 3835 2.
2932 3769 3126 3851 item,
3197 3768 3367 3838 Ecce
3424 3769 3509 3836 ab
3542 3767 3702 3850 alio,
3737 3777 3802 3837 et
3832 3790 3966 3836 non
4008 3790 4153 3837 esse
4198 3770 4284 3837 ab

2729 3883 2865 3951 alio
2896 3879 3247 3949 sufficiunt
3278 3879 3343 3944 in
3374 3900 3622 3967 genere
3673 3876 3756 3944 ad
3820 3875 4286 3946 distinctiones

2729 4009 3209 4083 personarum,
3243 3995 3356 4053 aut
3399 3992 3667 4075 oportet
3723 4006 4064 4074 apponere
4127 4007 4282 4075 spe-

2726 4101 2940 4167 ciem:
2974 4099 3029 4162 si
3074 4098 3139 4163 in
3172 4117 3419 4183 genere
3478 4092 3817 4160 sufliciunt
3847 4116 3861 4159 :
3896 4115 4057 4182 ergo
4123 4116 4279 4161 cum

2727 4231 2865 4287 non
2896 4209 3031 4274 sint
3065 4207 3191 4273 nisi
3224 4202 3388 4283 «luo,
3422 4201 3676 4269 scilicet
3711 4224 3856 4269 esse
3895 4200 3980 4268 ab
4018 4200 4180 4280 alio,
4214 4212 4280 4270 et

2725 4337 2865 4383 non
2904 4337 3051 4381 esse
3109 4311 3195 4378 al»
3254 4309 3414 4390 alio,
3483 4307 3749 4376 videtur
3791 4307 3974 4397 quod
4014 4316 4276 4375 tantum

2725 4424 2877 4492 ‹luae
2906 4426 3043 4490 sint
3074 4444 3408 4512 personae.
3448 4417 3519 4494 Si
3552 4425 3781 4484 autem
3832 4425 4095 4506 oportet
4160 4416 4276 4485 ad-

2722 4531 2881 4599 dere
2948 4530 3231 4598 modum
3295 4530 3359 4594 in
3453 4527 3701 4615 specie,
3759 4524 4028 4592 videtur
4090 4524 4275 4615 quod

2723 4639 2957 4706 multa*¹
2985 4637 3367 4704 efficiantur
3399 4654 3720 4723 personae.
3756 4629 4143 4699 Sicutenim
4176 4640 4279 4700 est

2721 4746 2807 4811 al»
2847 4744 2982 4811 alio
3013 4768 3159 4811 esse
3191 4766 3309 4833 per
3347 4743 3882 4830 generationem,
3917 4739 4008 4805 ita
4046 4747 4148 4806 est
4186 4740 4270 4806 ab

2720 4855 2855 4921 alio
2888 4876 3033 4920 esse
3062 4875 3182 4942 per
3247 4851 3711 4940 spirationem,
3748 4856 3810 4915 et
3841 4847 3923 4913 ab
3954 4847 4086 4915 alio
4125 4870 4270 4916 esse

2720 4987 2840 5054 per
2869 4964 3026 5030 vitae
3055 4960 3512 5034 collationem,
3550 4967 3617 5026 et
3644 4956 3740 5026 sic
3785 4957 3870 5024 de
3899 4956 4047 5024 aliis
4075 4957 4272 5024 attri-

2719 5070 2899 5137 butis
2930 5068 3223 5136 divinis:
3287 5089 3448 5155 ergo
3523 5065 3895 5133 secundum
3952 5063 4082 5131 hoc
4122 5063 4266 5152 jam

2717 5177 2952 5245 multae
2991 5183 3192 5244 erunt
3224 5196 3551 5264 personae.

2807 5287 2873 5352 3.
2956 5284 3317 5357 Praeterea,
3382 5280 3571 5348 Sicut
3637 5279 3966 5347 habemus
4059 5302 4263 5348 unam

2716 5412 3080 5481 personam
3124 5410 3331 5479 penes
3370 5409 3516 5454 esse
3557 5387 3640 5454 ab
3679 5385 3814 5455 alio
3870 5409 3990 5477 per
4053 5410 4269 5476 gene-

2717 5501 3085 5576 rationem,
3155 5505 3222 5565 et
3283 5518 3491 5563 unam
3549 5518 3754 5585 penes
3814 5518 3959 5563 esse
4006 5495 4090 5562 ab
4132 5495 4265 5562 alio

2714 5631 2836 5699 per
2862 5605 3346 5696 spirationem:
3411 5606 3500 5669 ita
3559 5602 3848 5680 videtur,
3917 5601 4099 5692 quod
4155 5602 4269 5671 de-

2716 5713 2999 5781 beamus
3028 5733 3241 5778 unam
3281 5709 3531 5778 habere
3562 5732 3770 5800 penes
3798 5731 3937 5779 non
3977 5731 4121 5777 esse
4176 5710 4261 5779 ab
