4897 6388
355 539 446 587 sed
457 522 654 587 'conti-n.

432 1718 613 1765 solutio

378 1772 460 1824 Ad
488 1775 661 1833 object.

693 349 825 415 250
854 420 856 424 ,

794 516 925 584 San
974 539 1221 584 com-BA
1263 536 1278 585 :
1324 517 1746 608 Augustinus
1789 519 1858 584 in
1912 518 2084 586 libro
2136 519 2236 586 XI

706 629 1217 719 Confessionum
1306 628 1489 711 dicit,
1560 629 1743 719 quod
1834 628 2234 696 felicissimae

699 738 1287 829 contemplationis
1340 737 1849 827 participatione
1896 738 2236 805 aeternita-

697 857 832 916 tem
874 848 1275 937 participant
1320 843 1565 934 Angeli
1604 868 1617 911 ε
1654 866 1813 935 ergo
1855 867 1994 912 non
2035 845 2234 912 vicis-

695 957 1150 1024 situdinantur
1201 955 1270 1020 in
1317 953 1457 1021 illa.
1526 953 1720 1031 Item,
1772 977 1975 1045 supra
2040 950 2058 985 ¹
2107 954 2236 1023 ha-

694 1064 968 1132 buimus
1010 1062 1093 1129 ab
1143 1063 1525 1153 Augustino
1568 1064 1637 1129 in
1677 1061 1848 1130 libro
1898 1063 1979 1130 de
2011 1064 2233 1132 Trini-

698 1181 858 1251 tate‚
926 1170 1109 1261 quod
1166 1172 1235 1236 in
1291 1178 1620 1260 quantum
1669 1169 1751 1237 de
1809 1169 2060 1236 fruibili
2122 1168 2235 1238 hio

697 1286 1219 1371 praegustamus‚
1254 1280 1322 1345 in
1367 1286 1626 1346 tantum
1666 1301 1804 1345 non
1835 1280 1902 1344 in
1934 1286 2232 1367 tempore

696 1410 933 1455 sumus
968 1411 984 1455 :
1020 1409 1179 1477 ergo
1213 1387 1426 1453 multo
1460 1387 1685 1452 minus
1729 1384 1966 1475 Angeli
2007 1384 2231 1474 quoad

699 1493 830 1563 hoc
868 1504 1028 1561 sunt
1066 1494 1493 1583 intempore.

797 1706 1103 1776 Somno.
1178 1708 1582 1788 Dicendum,
1642 1707 1825 1798 quod
1889 1730 2007 1796 per
2078 1708 2236 1803 affe-

707 1817 964 1885 ctiones
994 1817 1160 1884 dixit
1189 1816 1412 1906 quoad
1443 1839 1614 1906 opus
1641 1814 2027 1883 affectivum
2055 1816 2236 1906 quod

708 1923 963 1992 faciunt
1002 1925 1177 1991 circa
1225 1944 1348 1990 nos
1382 1947 1397 1990 ε
1434 1922 1594 2013 quia
1638 1920 1792 1989 licet
1829 1921 2070 2013 Angeli
2123 1944 2237 1990 se-

708 2032 1006 2101 cundum
1036 2031 1479 2100 substantiam
1528 2031 1663 2099 sint
1708 2039 1895 2098 extra
1940 2038 2229 2122 tempus,

699 2139 1336 2230 tameanecundum
1386 2139 1814 2228 operationes
1858 2159 2016 2205 suas
2061 2138 2238 2207 circa

697 2266 824 2314 nos
897 2255 1056 2314 sunt
1111 2247 1180 2312 in
1243 2255 1546 2336 tempore
1598 2267 1614 2314 ε
1675 2255 1741 2313 et
1805 2245 1954 2313 ideo
2012 2246 2239 2336 posuit

698 2353 1112 2432 affectioneS,
1181 2353 1338 2443 quia
1403 2360 1603 2420 sonat
1675 2352 1746 2418 in
1818 2351 2233 2420 intellectum

1698 351 1774 421 l).
1831 345 2295 421 ALB.2MAG.
2348 348 2556 418 ORD.
2608 350 2947 419 PRAED.·
3005 385 3008 388 -
3111 404 3115 408 .

2343 524 2742 609 practicum‚
2800 523 2915 613 qui
2975 522 3250 616 proprie
3309 507 3661 590 exercetur
3722 522 3897 589 circa

2345 651 2469 696 nos
2520 630 2588 695 in
2632 629 2976 719 operibuS,
3021 639 3091 698 et
3141 653 3282 698 non
3314 631 3411 696 ·in
3476 629 3894 719 speculatio-

2343 739 2526 815 nem,
2563 737 2720 824 quia
2761 736 2875 803 illa
2918 737 3383 827 principaliter
3427 746 3529 805 est
3569 739 3638 804 in
3666 736 3893 803 Verbo

2342 850 2532 909 extra
2559 848 2855 932 tempuS,
2897 850 2975 910 ut
3003 842 3168 909 dicit
3203 843 3657 933 Augustinus.

2428 951 2533 1016 An
2580 974 2777 1018 amun
2808 946 3197 1028 dicendum,
3237 952 3424 1043 quod
3467 955 3535 1020 in
3588 961 3898 1022 contem-

2339 1057 2642 1147 platione
2695 1057 2817 1124 Dei
2867 1059 2938 1125 in
2997 1058 3283 1126 diversis
3341 1060 3722 1127 rationibus
3758 1080 3898 1127 non

2340 1174 2440 1234 est
2502 1164 2921 1248 vicissitudo,
2974 1188 3057 1234 eo
3107 1166 3294 1257 quod
3333 1183 3501 1234 'non
3558 1167 3896 1257 accipiunt

2338 1273 2519 1363 ipsas
2545 1281 2620 1339 ut
2650 1273 2977 1357 diversaS,
3020 1274 3184 1363 quia
3211 1273 3310 1341 sic
3331 1267 3489 1341 non
3508 1283 3704 1342 ‘esset
3741 1295 3890 1340 ma-

2340 1381 2509 1446 teria
2566 1379 2825 1470 gaudii,
2855 1379 2984 1447 'sed
3016 1378 3382 1470 accipiunt⁴¹
3417 1393 3658 1449 omnes
3702 1387 3779 1447 ut
3824 1382 3896 1448 in

2341 1513 2477 1558 uno
2524 1496 2591 1557 et
2639 1490 2708 1557 in
2757 1513 2973 1557 unum
3013 1489 3199 1581 quod
3255 1499 3359 1558 est
3389 1491 3573 1560 Deus
3617 1516 3633 1560 ε
3678 1492 3735 1559 si
3791 1512 3898 1558 sa-

2340 1599 2595 1688 pientia
2635 1599 2821 1666 enim
2872 1598 3140 1666 diversa
3192 1599 3296 1666 sit
3327 1622 3366 1667 a
3411 1598 3721 1668 bonitate
3758 1621 3898 1666 non

2341 1699 2635 1774 laetificat
2686 1704 3027 1788 multum,
3068 1714 3138 1773 et
3198 1725 3237 1774 e
3302 1721 3713 1776 converso:
3776 1705 3896 1774 sed

2344 1813 2617 1904 quando
2673 1807 3101 1904 accipiuntur
3155 1820 3252 1881 ut·
3286 1818 3512 1904 unum,
3558 1798 3743 1906 quod
3797 1821 3903 1903 est

2341 1922 2634 1989 essentia
2687 1943 2959 1988 summa
2996 1921 3068 1988 in
3122 1944 3259 2011 qua
3315 1923 3893 2012 incipit-contem·-

2342 2026 2581 2117 platie,
2614 2035 2780 2096 tunc
2814 2024 2957 2095 non
2995 2016 3566 2108 est-·-vicis‘situd0,
3610 2027 3727 2096 sed
3766 2049 3896 2118 pe-

2344 2136 2479 2202 tius
2506 2142 2725 2202 status
2761 2142 2829 2203 et
2857 2130 3308 2204 immobilitas
3350 2136 3421 2202 in
3445 2123 3627 2216 uno,
3661 2136 3732 2203 in
3762 2149 3897 2225 quo

2336 2245 2789 2312 >inveniuntur
2814 2264 2971 2335 quoe
3001 2232 3415 2334 quaeruntur'
3433 2243 3519 2312 ad
3545 2233 3901 2313 sciendum

2345 2358 2411 2418 et
2438 2350 2525 2417 ad
2560 2349 2962 2454 volendum.

1816 3051 1909 3127 D.
1943 3048 2095 3128 llic.
2123 3047 2217 3127 de
2250 3048 2773 3150 simplicitate.

798 3507 1235 3606 Eademque
1275 3505 1440 3580 sola
1478 3503 1782 3603 proprie
1821 3525 1910 3579 ac
1969 3482 2147 3578 vere
2182 3500 2509 3599 simplex
2548 3509 2693 3594 est,
2740 3490 2872 3575 ubi
2913 3520 3057 3574 nec
3107 3495 3475 3595 partium,
3520 3515 3665 3569 nec
3693 3491 3903 3569 acci-

698 3649 1073 3741 dentium,
1119 3669 1259 3719 nec
1318 3640 1834 3740 quarumlibet
1876 3640 2289 3714 termarum
2334 3637 2490 3713 ulla
2528 3646 2646 3712 est
2694 3622 3133 3728 diversitas,
3176 3631 3344 3709 sive
3392 3631 3718 3707 variatio
3775 3631 3897 3705 vel

702 3780 1136 3860 multitude.
1184 3777 1275 3853 Ut
1336 3785 1590 3852 autem
1651 3775 1851 3851 scias
1899 3772 2284 3873 quomodo
2341 3772 2667 3871 simplex
2716 3769 2811 3844 sit
2854 3769 2985 3845 illa
3041 3767 3510 3862 substantia,
3555 3776 3626 3842 te
3684 3765 3906 3841 (locet

700 3916 1181 4016 Augustinus
1213 3912 1286 3988 in
1334 3912 1526 3988 libro
1556 3907 1654 3985 Vl
1698 3910 1790 3985 de
1828 3908 2200 3985 Trinilale
2235 3909 2283 3982 ¹.

800 4052 1416 4133 Admimadverte
1461 4050 1737 4149 primo,
1772 4070 2011 4146 quare
2040 4046 2293 4121 omnis
2332 4054 2686 4121 creatura
2724 4041 2823 4116 sit
2874 4039 3311 4137 multiplex,
3356 4048 3432 4114 et
3481 4037 3697 4112 nullo
3740 4060 3908 4112 mo-

704 4192 800 4267 do
839 4210 1021 4264 vere
1079 4186 1401 4284 simplex
1465 4207 1482 4259 ε

1545 4195 1614 4258 et
1661 4182 1987 4282 primum
2048 4181 2141 4255 ‹le
2181 4177 2591 4278 corporali,
2637 4186 2904 4276 postea
2934 4174 3027 4249 de
3074 4170 3464 4271 spirituali
3523 4181 3900 4246 creatura.

706 4323 1142 4427 Corporalis
1183 4321 1446 4422 utique
1512 4329 1857 4394 creatura
1898 4340 1990 4393 ex
2046 4316 2392 4416 partibus
2430 4319 2756 4407 constat,
2801 4310 2906 4386 ita
2947 4316 3031 4385 ut
3081 4308 3180 4383 sit
3239 4306 3343 4381 ibi
3404 4306 3670 4405 aliqua
3731 4325 3908 4404 pars

711 4463 988 4555 minor,
1018 4459 1166 4536 alia
1210 4456 1477 4554 major,
1530 4467 1602 4530 et
1645 4452 1890 4551 majus
1929 4450 2024 4526 sit
2065 4460 2301 4527 totum
2337 4474 2570 4550 quam
2613 4443 2983 4547 quaelibet
3034 4467 3213 4544 pars
3248 4466 3266 4519 ε
3303 4449 3377 4518 et
3421 4436 3497 4516 in
3555 4462 3912 4540 unoquo-

709 4624 862 4700 que
902 4619 1219 4696 corpore
1251 4592 1459 4668 aliud
1500 4603 1616 4666 est
1653 4588 2129 4685 :tinguitudm
2172 4588 2379 4663 aliud
2421 4586 2661 4680 color,
2695 4582 2905 4659 aliud
2938 4590 3055 4656 est
3086 4578 3364 4676 figura.
3404 4578 3667 4653 Potest
3704 4576 3910 4653 enim

712 4749 783 4813 et
829 4734 1123 4809 minuta
1173 4750 1197 4785 ⁸
1250 4725 1778 4825 magnitudine
1837 4745 2145 4799 manere
2190 4723 2388 4798 idem
2446 4721 2686 4813 color,
2730 4727 2805 4793 et
2864 4715 3135 4791 eadem
3180 4714 3432 4811 ligura
3477 4735 3494 4788 :
3540 4722 3616 4786 et
3656 4712 3910 4786 colore
3947 4762 3963 4777 .

720 4879 1004 4947 mutato
1058 4888 1363 4942 manere
1392 4863 1669 4962 *eadem
1716 4860 1988 4958 figura,
2032 4867 2105 4935 et
2143 4858 2406 4935 eadem
2463 4851 2912 4952 magnitudo
2959 4875 2975 4926 :
3021 4874 3109 4925 ac
3150 4872 3289 4949 per
3329 4848 3475 4922 hoc
3518 4847 3914 4945 multiplex

717 5030 886 5084 esse
917 5001 1399 5081 convincitur
1428 5010 1701 5074 natura
1732 4995 2102 5095 corporis,
2136 4994 2457 5093 simplex
2498 4999 2754 5066 autem
2799 4987 3015 5062 nullo
3059 4983 3315 5058 modo.

788 5346 809 5382 ¹
840 5347 926 5405 Cf.
949 5346 1157 5418 Supra,
1196 5346 1341 5402 Dist.
1372 5347 1418 5401 1.

790 5438 814 5474 ¹
853 5436 909 5493 S.
946 5441 1313 5503 AucusrmuS,
1346 5435 1468 5491 Lib.
1518 5433 1590 5489 Vl
1629 5433 1702 5489 de
1728 5431 2049 5509 minime,
2079 5445 2205 5504 cap.
2239 5432 2292 5485 ⁶.

790 5524 816 5562 ³
845 5520 995 5583 Edit.
1026 5525 1195 5582 Joau.
1228 5524 1556 5592 Alleaume,
1585 5525 1896 5579 imminuta.
