4897 6388
475 1369 547 1413 Ad
575 1368 621 1416 2.

454 3415 535 3461 Ad
561 3414 608 3463 3.

475 4141 542 4183 Ad
575 4143 608 4185 ⁸.

425 5334 660 5393 obsecuta.

718 280 850 345 448

727 449 900 527 siva,
943 457 1012 516 et
1044 472 1249 540 penes
1291 448 1574 515 modum
1608 445 2070 516 redundantiae
2110 425 2283 514 mul-

730 556 1096 644 tiplicatur,
1142 563 1217 622 ut
1258 563 1492 645 postea
1531 555 1809 646 patebit.

820 665 925 730 Ao
966 689 1222 732 ramum
1266 689 1428 755 ergo
1488 664 1876 743 dicendum,
1921 663 2102 753 quod
2139 684 2276 729 non

733 782 832 840 est
862 776 956 842 ita
996 778 1316 859 exterius,
1371 775 1554 866 quod
1604 797 1743 842 non
1800 773 1884 853 sit
1939 772 2270 839 interius:

732 883 890 971 quia
931 883 1175 949 modus
1206 883 1493 949 visibilis
1536 882 1880 948 missionis
1911 887 2012 946 est
2049 886 2281 945 osten-

729 990 916 1056 sivus
959 990 1319 1056 invisibilis
1355 988 1648 1078 Spiritus
1687 988 1879 1054 missi
1920 986 2281 1053 invisibili-

729 1107 876 1166 ter:
924 1106 989 1165 et
1042 1098 1192 1165 ideo
1235 1098 1489 1164 fructus
1539 1096 1882 1163 missionis
1922 1104 2020 1163 est
2068 1098 2271 1176 intus,

728 1204 882 1272 licet
922 1213 1146 1272 motus
1187 1203 1475 1270 visibilis
1509 1204 1756 1294 speciei
1794 1203 1887 1269 >sit
1923 1212 2134 1271 extra.

811 1313 917 1377 An
965 1335 1162 1379 Amun
1212 1310 1600 1384 dicendum,
1685 1309 1866 1400 quod
1939 1333 2058 1399 per
2130 1330 2271 1375 rem

725 1420 1152 1487 manifestam
1194 1418 1552 1508 dupliciter
1575 1426 1682 1510 est
1712 1417 2037 1505 judicare,
2087 1414 2273 1483 scili-

720 1533 827 1610 eet
858 1536 933 1594 ut
963 1527 1296 1615 judicium
1335 1526 1746 1593 immediatae
1773 1547 1994 1592 causae
2020 1522 2275 1591 habea-

721 1644 831 1702 tur
858 1659 982 1726 per
1012 1635 1328 1702 el'l'ectum
1361 1641 1695 1723 apertum,
1749 1641 1813 1700 et
1851 1633 2021 1699 sicut
2069 1654 2271 1699 causa

719 1765 938 1811 causae
978 1742 1086 1809 vel
1148 1744 1319 1809 ratio
1361 1763 1582 1809 causae
1618 1763 1738 1831 per
1774 1739 2093 1807 effectum
2139 1738 2270 1807 ha-

720 1851 964 1919 betur:
1034 1849 1224 1917 verbi
1295 1851 1538 1940 gratia,
1612 1847 1907 1916 videndo
1964 1857 2268 1937 apertum

717 1967 945 2027 actum
979 1957 1353 2049 prophetiae
1388 1956 1501 2026 vel
1540 1956 1930 2047 linguarum
1979 1957 2047 2021 in
2088 1962 2268 2037 actu,

722 2069 953 2137 statim
1011 2069 1339 2158 accipitur
1397 2066 1672 2134 habitus
1738 2066 1854 2156 qui
1911 2072 2013 2133 est
2070 2086 2276 2132 causa

719 2173 926 2263 hujus
963 2182 1179 2254 actus,
1226 2182 1300 2240 ut
1333 2172 1771 2240 immediatus
1801 2172 1887 2250 ei,
1922 2179 1987 2238 et
2026 2168 2135 2237 hic
2173 2178 2274 2237 est

715 2263 992 2349 h'abitus
1031 2283 1269 2372 gratiae
1300 2281 1511 2372 gratis
1558 2280 1759 2347 datae.
1809 2278 2101 2346 Ulterius
2146 2298 2274 2344 au-

717 2397 856 2457 tem
897 2389 1393 2457 considerando
1424 2397 1697 2478 tempus
1742 2393 1953 2469 actus,
2007 2393 2073 2453 et
2129 2407 2274 2452 mo-

719 2495 884 2564 dum
916 2505 1131 2574 actuS‚
1175 2495 1430 2563 scilicet
1469 2494 1654 2586 quod
1683 2501 1783 2561 cst
1811 2492 1894 2559 ad
1926 2491 2081 2559 fidei
2110 2514 2273 2581 pro-

721 2603 1183 2694 pagationem,
1219 2610 1284 2669 ct
1314 2610 1583 2692 tempus
1615 2598 1900 2667 novellae
1929 2596 2267 2675 Ecclesiae,

722 2732 1065 2801 cognosco
1097 2711 1281 2801 quod
1314 2710 1381 2776 in
1413 2709 1547 2776 illis
1576 2716 1677 2777 est
1710 2708 2002 2799 Spiritus
2032 2707 2272 2776 redun-

720 2817 889 2885 dans
931 2818 1001 2884 in
1054 2816 1321 2908 aliquos
1362 2839 1484 2907 per
1535 2815 1824 2907 gratiam
1880 2822 2149 2907 gratum
2179 2813 2274 2883 fa-

719 2927 1015 2994 cientem
1054 2949 1069 2993 :
1113 2928 1288 2993 sicut
1327 2925 1531 2992 etiam
1574 2924 1643 2991 in
1672 2924 1933 2991 naturis
1977 2921 2270 2991 videndo

732 3042 1026 3111 motum,
1086 3055 1430 3124 cognosco
1485 3054 1773 3099 movens
1827 3038 1891 3098 et
1942 3032 2272 3100 rationem

729 3142 1072 3211 moventis
1102 3149 1264 3210 tunc
1292 3141 1520 3233 potius
1541 3162 1747 3232 quam
1779 3137 1912 3207 alio
1943 3146 2270 3231 tempore,

727 3258 795 3320 et
834 3250 930 3318 sic
960 3250 1184 3341 potius
1223 3272 1427 3340 quam
1459 3247 1678 3317 aliter.

815 3361 920 3427 Ao
956 3382 1156 3427 amun
1183 3357 1574 3437 dicendum,
1625 3356 1807 3449 quod
1855 3356 1941 3424 ad
1990 3356 2167 3424 idem
2199 3366 2273 3425 ut

726 3468 905 3536 idem
965 3467 1460 3559 superfluerent
1515 3462 1653 3533 duo
1726 3464 1956 3532 modi:
1998 3462 2114 3532 sed
2187 3462 2272 3530 ad

727 3577 907 3645 idem
949 3584 1021 3642 ut
1091 3574 1286 3643 aliter
1339 3599 1412 3642 se
1479 3572 1763 3651 liabens.
1827 3594 1965 3640 non
2043 3594 2275 3664 super-

723 3684 988 3752 lluunt:
1024 3686 1187 3773 quia
1228 3706 1404 3749 unus
1443 3680 1658 3750 estad
1705 3680 1937 3770 gratiae
1980 3680 2275 3772 inspira-

721 3794 981 3860 tionem
1003 3791 1147 3857 sivc
1180 3791 1636 3878 receptionem
1668 3785 1778 3853 vel
1798 3793 2266 3876 augmentum,

721 3898 899 3967 alius
944 3907 1175 3964 autem
1235 3896 1319 3963 ad
1391 3893 1910 3962 redundantiam
1966 3893 2269 3984 ejusdem

723 4003 1245 4072 ostendendam.

812 4117 917 4180 An
949 4136 1146 4180 Λιιιίι
1186 4110 1576 4179 dicendum.
1647 4109 1829 4200 quod
1895 4109 2264 4178 secundum

720 4220 1050 4310 quosdam
1098 4217 1304 4285 Filius
1348 4240 1484 4283 non
1519 4217 1806 4284 mittitur
1846 4216 1971 4284 nisi
2014 4216 2080 4283 in
2119 4241 2268 4306 gra·

726 4330 815 4394 tin
848 4329 1056 4415 gratis
1096 4326 1276 4392 data.
1323 4327 1573 4393 Dicunt
1607 4324 1817 4410 enim,
1859 4323 2038 4414 quod
2079 4326 2133 4390 si
2166 4333 2263 4391 est

721 4448 993 4530 gratum
1036 4438 1311 4517 faciens,
1358 4435 1542 4527 quod
1574 4436 1857 4504 refertur
1881 4435 1966 4503 ad
1996 4435 2271 4502 missio-

722 4570 879 4613 nem
913 4546 1208 4636 Spiritus
1246 4547 1487 4614 sancti.
1536 4544 1672 4613 Sed
1728 4543 1857 4612 hoc
1906 4567 2107 4635 supra
2147 4545 2271 4611 im-

726 4654 1090 4744 probatum
1123 4663 1247 4723 cst.
1299 4652 1494 4721 Unde
1552 4652 1731 4729 dico,
1774 4651 1954 4742 quod
1984 4650 2128 4718 haec
2168 4658 2269 4717 est

731 4760 924 4839 falsa,
959 4761 1141 4851 quod
1186 4761 1393 4828 Filius
1426 4758 1821 4827 mittaturin
1853 4758 2068 4843 gratia
2111 4781 2268 4846 gra·

728 4871 815 4934 tis
857 4867 1057 4936 data:
1130 4870 1290 4959 quia
1339 4891 1476 4934 uno
1534 4867 1771 4944 misse,
1841 4887 2079 4933 omnes
2136 4874 2268 4932 tres

719 4977 1006 5045 veniunt
1035 4986 1095 5044 et
1125 4976 1530 5053 inhabitant.
1566 4974 1718 5043 licet
1747 4998 1867 5066 per
1895 4974 2083 5042 illum
2115 4974 2270 5041 ell'e·

719 5095 906 5152 ctum
946 5108 1187 5153 omnes
1228 5094 1360 5152 tres
1384 5108 1521 5152 non
1552 5084 1864 5151 dicantur
1894 5084 2087 5151 mitti.

817 5277 889 5345 Si
945 5286 1172 5347 autem
1231 5277 1477 5369 aliquis
1536 5277 1807 5366 objiciat
1855 5285 2085 5345 contra
2141 5274 2271 5343 hoc

730 5389 912 5478 quod
961 5389 1215 5455 dictum
1258 5398 1383 5463 est,
1429 5388 1614 5479 quod
1654 5411 1855 5480 super
1896 5386 2273 5454 multitudi-

799 5634 818 5669 ¹
850 5635 937 5692 ct.
965 5638 1075 5692 Act
1126 5650 1184 5702 n,
1215 5634 1321 5699 433
1354 5650 1436 5702 iv,
1465 5636 1555 5703 3¹,
1587 5639 1648 5689 et
1670 5631 1832 5688 alibi.

1724 275 1810 341 D.
1862 273 2059 340 ALB.
2113 272 2328 340 MAG.

2390 273 2593 339 ORD.
2646 272 2943 340 PRAED.

2396 470 2549 514 nem
2589 447 3007 514 audientium
3028 446 3330 515 ¹verbum⁴
3363 444 3718 512 visibiliter
3748 443 3925 511 ceci-

2389 554 2485 621 dit
2527 554 2815 645 Spiritus
2848 557 2907 622 ¹:
2969 555 3247 623 sednon
3290 553 3564 644 legitur,
3618 550 3801 642 quod
3852 552 3922 618 in

2390 663 2703 731 omnibus
2752 663 2884 730 illis
2923 663 3423 731 redundaverit.
3478 659 3925 750 Responden-

2387 772 2893 863 dun1‚est‚quod
2933 795 3127 839 casus
3180 795 3385 862 super
3413 770 3920 838 multitudinem

2385 880 2675 947 ostendit
2752 879 3268 948 redundantiam
3363 881 3433 947 in
3520 879 3923 969 praedicante

2385 989 2583 1055 tidem
2616 989 2978 1068 novellam,
3034 998 3099 1058 et
3155 1013 3237 1058 ex
3295 999 3484 1079 parte
3524 991 3667 1078 ejus
3724 1009 3925 1077 super

2387 1119 2586 1185 quern
2626 1096 2824 1176 cadit,
2856 1096 3062 1164 habet
3091 1098 3427 1164 rationem
3456 1097 3739 1164 fomenti
3769 1095 3923 1162 fidei

2331 1241 2337 1247 ·
2387 1203 2696 1283 novellae,
2740 1204 2913 1271 sicut
2968 1226 3172 1293 supra
3228 1202 3569 1270 diximus:
3642 1211 3707 1270 et
3772 1202 3920 1269 ideo
4032 1208 4036 1211 ⁴

2387 1312 2588 1377 etiam
2629 1334 2767 1379 non
2805 1313 3208 1402 exprimitur
3250 1333 3387 1401 quo
3438 1313 3634 1401 signo
3681 1309 3924 1378 cecidit

2389 1416 2678 1505 Spiritus
2706 1441 2909 1508 super
2953 1440 3097 1498 εοε,
3130 1417 3248 1485 sed
3302 1426 3595 1495 tantum,
3639 1416 3820 1506 quod
3851 1417 3920 1483 in

2383 1528 2577 1616 signo
2646 1525 2897 1594 visibili
2951 1527 3286 1617 apparuit,
3349 1525 3531 1616 quod
3583 1524 3921 1592 indicabat.

2381 1635 2893 1703 redundantiam
2925 1634 2992 1702 in
3022 1634 3370 1725 Apostolis
3398 1657 3413 1700 ε
3458 1632 3659 1701 modo
3691 1642 3916 1701 autem

2383 1765 2518 1810 non
2557 1752 2657 1811 est
2712 1744 2780 1810 in
2832 1743 3131 1811 Ecclesia
3176 1743 3309 1811 illis
3367 1742 3450 1809 de
3516 1742 3734 1808 causis
3764 1764 3916 1831 quae

2380 1850 2569 1917 dictae
2598 1858 2777 1918 sunt.

2808 2278 3312 2349 ARTICULUS
3353 2279 3475 2350 IV.

2387 2494 2628 2559 Utrum
2658 2492 2889 2558 missio
2917 2490 3211 2558 visibilis
3244 2490 3405 2578 fieri
3431 2487 3666 2556 debuit
3696 2492 3919 2579 maqis

2461 2623 2583 2689 per
2614 2598 2874 2667 Filium
2917 2622 3128 2690 quam
3178 2621 3304 2689 per
3358 2598 3699 2688 Spiritum
3754 2621 3919 2665 san-

2465 2717 2673 2787 ctum,
2702 2707 2808 2774 ve!
2833 2732 2869 2774 e
2894 2729 3205 2776 converso
3235 2705 3277 2773 ?

2466 3034 2720 3111 Quarto
2760 3033 3110 3123 quaeritur.
3175 3032 3417 3101 Utrum
3468 3032 3916 3101 conveniebat

2378 3140 2548 3210 hanc
2588 3141 2979 3211 missionem
3020 3142 3239 3234 magis
3280 3166 3401 3235 per
3449 3140 3696 3211 Filium
3746 3141 3913 3226 lieri,

2377 3274 2580 3340 quam
2632 3273 2749 3342 per
2775 3251 3086 3342 spiritum
3136 3259 3471 3327 sanctum,
3516 3250 3623 3318 vel
3664 3274 3699 3318 e
3747 3273 3919 3319 con-

2378 3362 2630 3428 verso?

2467 3467 2750 3535 Videtur
2775 3477 3032 3548 autem.
3064 3468 3248 3559 quod
3278 3491 3399 3559 per
3428 3467 3672 3536 Filium
3705 3491 3721 3536 ε
3755 3470 3918 3560 quia

2478 3578 2531 3643 Ι.
2576 3576 2782 3643 Filius
2819 3586 2914 3644 est
2963 3575 3248 3646 verbum
3312 3576 3751 3645 indicativum
3794 3576 3920 3645 Pa·

2377 3680 2521 3756 tris,
2564 3689 2627 3748 ct
2664 3704 2743 3748 os
2800 3679 3087 3772 loquens
3136 3681 3409 3749 Patrem
3470 3701 3490 3754 z
3558 3683 3732 3749 sicut
3758 3680 3922 3748 dici·

2379 3795 2509 3870 tur,
2547 3787 2747 3856 Joan.
2783 3812 2828 3868 ι,
2882 3790 2958 3854 18
2996 3812 3011 3856 :
3046 3790 3270 3857 Deum
3320 3811 3518 3857 nemo
3549 3789 3721 3857 vidit
3759 3811 3920 3856 um-

2375 3920 2581 3987 quam
2622 3918 2646 3964 .·
2686 3897 3079 3987 reni-qoniam
3118 3898 3372 3976 Filius,
3412 3898 3538 3988 qm'
3564 3908 3661 3965 est
3699 3898 3768 3964 in
3817 3898 3920 3964 si-

2374 4029 2470 4071 me
2500 4006 2753 4083 imnis,
2798 4005 2939 4096 ipse
2955 4005 3326 4072 enarravit.
3377 4004 3553 4095 Ergo
3583 4028 3735 4072 cum
3772 4003 3917 4072 lure

2380 4113 2609 4179 missio
2674 4114 2760 4180 sit
2813 4111 2898 4180 ad
2964 4112 3475 4181 instructionem
3535 4111 3618 4179 ad
3687 4112 3913 4187 tidem,

2377 4220 2818 4289 conveniebat
2857 4230 2931 4289 ut
2958 4222 3148 4289 lieret
3169 4244 3288 4311 per
3327 4219 3598 4290 Filium.

2467 4337 2528 4397 2.
2602 4331 2792 4411 ltem,
2866 4330 2984 4398 llla
3050 4331 3284 4397 missio
3342 4329 3627 4397 visibilis
3677 4340 3774 4398 est
3832 4332 3916 4399 ad

2375 4436 2803 4526 plantandam
2847 4435 3046 4504 tidem
3090 4458 3107 4504 t
3153 4435 3269 4503 sed
3302 4434 3464 4505 dicit
3503 4437 3911 4523 Bernardus,

2374 4544 2554 4634 quod
2607 4544 2811 4612 Filius
2839 4544 3047 4622 venit,
3082 4552 3147 4611 ct
3199 4543 3400 4612 tidem
3434 4544 3664 4613 docuit
3701 4570 3719 4613 ε
3751 4569 3914 4636 ergo

2380 4651 2618 4719 Filium
2674 4652 2743 4719 in
2800 4650 2914 4721 tali
2974 4652 3297 4719 missione
3343 4652 3517 4720 mitti
3558 4656 3916 4723 convenie-

2376 4758 2511 4826 bat.

2467 4869 2598 4935 Situ
2626 4892 2873 4936 cosma
2907 4892 2924 4936 :

2474 4978 2524 5041 1.
2565 4976 2897 5044 Dominus
2919 4976 3086 5045 dixit
3106 4977 3456 5068 discipulis
3481 5000 3497 5047 ε
3525 4980 3920 5047 I’araclilus

2375 5086 2679 5174 Spiritus
2739 5097 3038 5168 sanctus,
3081 5109 3280 5177 quem
3320 5087 3546 5154 mittet
3585 5090 3793 5155 Pater
3850 5089 3919 5155 in

2378 5193 2647 5259 nomine
2701 5217 2871 5271 mea,
2929 5193 3052 5262 ille
3140 5217 3254 5261 vos
3332 5193 3595 5262 docebit
3663 5197 3918 5274 omm'a,

2377 5310 2440 5366 et
2518 5310 2830 5389 steyqeret
2907 5299 3093 5368 vobis
3169 5303 3404 5368 omnia
3488 5324 3926 5392 quaecumque

2379 5406 2613 5472 dixero
2646 5401 2899 5474 vohis-².
2944 5405 3123 5496 Ergo
3175 5406 3376 5497 plena
3435 5408 3784 5477 instructio
3825 5416 3925 5475 est

2453 5638 2473 5671 ²
2502 5638 2666 5692 Joan.
2698 5653 2809 5702 xiv,
2837 5639 2929 5692 26.

3943 4905 4041 4952 Sed
4076 4908 4262 4951 contr·-
