4897 6388
264 270 331 294 μ1
492 267 499 274 ·
621 265 705 293 >,.⁶
958 270 1045 286 “..

258 391 265 398 .
538 395 541 398 ,
669 352 706 416 1

100 409 113 418 .

242 427 321 445 α.
904 423 907 424 ⁷

138 453 187 468 Ἰ

112 1043 119 1052 -
188 1043 191 1050 Ι
236 1123 243 1126 .
384 1084 583 1135 solutio.
657 1111 667 1116 -

419 4965 500 5014 Ad
537 4966 578 5013 1.
646 4976 651 4979 “

2174 479 2209 503 Α

669 474 938 611 semper
964 508 1209 611 praesto
1242 528 1342 588 est
1371 520 1556 611 quod
1583 485 1912 588 amatur(
1945 509 2051 598 ΕΞ(
2078 518 2211 592 hoc

601 685 607 690 .
669 625 1007 695 habentur
1071 628 1231 712 duo,
1292 626 1570 704 scilicet,
1650 624 1835 714 quod
1890 625 2021 691 ista
2085 625 2213 690 tria

670 756 939 825 semper
974 734 1178 801 simul
1210 734 1367 809 sint,
1412 727 1479 798 et
1538 729 1722 818 quod
1783 728 2052 806 difficile
2111 732 2214 796 est

673 842 1086 932 distinguere
1119 841 1294 910 inter
1332 858 1435 905 ea.

770 1056 1074 1124 Somno.
1118 1050 1493 1119 Dicendum
1562 1049 1932 1118 secundum
1973 1048 2211 1141 Augu-

679 1161 1032 1232 stinum-in
1069 1158 1311 1226 ultima
1355 1158 1778 1237 auctoritate,
1839 1155 2022 1246 quod
2060 1153 2215 1223 licet

676 1269 946 1339 difficile
977 1269 1063 1336 sit
1092 1268 1471 1335 discernere
1511 1266 1686 1331 inter
1758 1264 1887 1332 ista
1943 1263 2213 1353 quando

677 1377 1098 1468 accipiuntur
1136 1380 1441 1462 respectu
1482 1392 1717 1438 eorum
1750 1392 1902 1460 quae
1950 1392 2218 1459 semper

638 1477 919 1576 ‘praesto
960 1483 1116 1551 sunt
1163 1484 1232 1548 in
1277 1482 1530 1558 anima,
1610 1479 1784 1546 sicut
1838 1477 2216 1545 substantia

672 1592 945 1673 mentis,
1007 1596 1073 1657 et
1108 1586 1318 1664 DeuS‚
1425 1594 1652 1653 tamen
1708 1585 2213 1653 distinctionem

671 1698 949 1770 habent.
1020 1696 1216 1767 Unde
1289 1694 1664 1784 secundum
1720 1693 2208 1784 Augustinum‚

624 1871 627 1872 a
673 1805 844 1876 nibil
883 1805 1067 1874 aliud
1094 1812 1197 1872 est
1244 1825 1444 1870 nosse
1483 1823 1687 1892 quarn
1745 1802 2058 1868 notitiam
2117 1803 2212 1869 rei

673 1910 851 2002 apud
881 1932 953 1979 se
990 1918 1220 1977 tenere
1253 1930 1268 1973 :
1313 1928 1470 1974 cum
1536 1927 1696 1996 ergo
1756 1927 1840 1973 ex
1877 1905 2213 1995 superiori

652 2027 937 2091 constet
986 2016 1120 2086 hoc
1174 2014 1538 2084 convenire
1603 2013 1981 2095 memoriae,
2014 2021 2216 2103 patet

671 2126 855 2220 quod
924 2125 1256 2196 memoria
1337 2122 1532 2190 novit
1583 2144 1657 2189 se
1714 2129 1781 2188 et
1816 2120 2039 2190 Deum
2088 2121 2216 2190 hac

652 2234 938 2317 notitia.
963 2254 971 2261 ·
998 2232 1399 2322 Intelligere,
1437 2236 1664 2298 autem
1737 2250 1811 2296 se
1838 2228 2213 2298 secundum

644 2342 1134 2435 ‚Augustinum
1166 2336 1549 2407 nibilaliud
1580 2345 1702 2415 est,
1764 2359 1972 2427 quam
2021 2359 2094 2406 se
2145 2339 2212 2406 in

648 2451 913 2520 notitia
942 2447 1059 2517 illa
1096 2447 1204 2517 vel
1242 2447 1463 2515 Deum
1511 2445 1760 2512 intueri
1797 2453 1865 2513 et
1925 2445 2157 2515 videre
2192 2469 2208 2515 ε

582 2613 587 2618 -
660 2581 812 2638 non
842 2558 1024 2628 enim
1048 2555 1236 2624 ‚idem
1274 2563 1377 2623 est
1411 2552 1723 2621 notitiam
1757 2552 1850 2621 rei
1904 2551 2087 2645 apud
2140 2576 2213 2623 se

630 2708 641 2715 ·
670 2676 926 2742 tenere,
960 2674 1028 2734 et
1066 2662 1313 2732 intueri
1363 2682 1504 2730 rem
1540 2661 1763 2750 cujus
1818 2667 1921 2728 est
1956 2661 2215 2750 species

670 2774 788 2844 illa
824 2772 935 2843 vel
974 2771 1216 2840 notitia
1256 2791 1273 2838 ε
1316 2776 1385 2838 et
1411 2767 1565 2836 ideo
1604 2766 1788 2835 aliud
1817 2775 1921 2837 est
1958 2766 2216 2836 intelli-

670 2905 830 2977 gere
858 2904 959 2961 se,
993 2890 1060 2949 et
1098 2878 1282 2948 aliud
1312 2899 1515 2947 nosse
1562 2898 1634 2945 se
1667 2899 1684 2944 z
1739 2874 2058 2946 voluntas
2097 2898 2216 2944 au·

670 2998 811 3059 tem
850 2996 954 3057 est
979 2984 1410 3077 approbatio,
1458 2981 1573 3052 vel
1609 3003 1804 3049 amor
1838 2981 2213 3073 procedens

614 3117 626 3129 ·
669 3095 757 3165 ab
784 3091 1181 3184 hujusmodi
1212 3090 1420 3161 verbo
1452 3087 1832 3157 intellectus
1861 3095 1926 3156 et
1955 3110 2217 3157 memo-

577 3257 582 3261 -
660 3205 787 3284 ,ι-ἰω
840 3210 970 3272 :et
1007 3201 1160 3270 ideo
1218 3197 1379 3267 dicit
1425 3198 1854 3289 Augustinus
1908 3194 1980 3264 in
2036 3194 2211 3265 libro

671 3310 769 3379 lx
806 3309 889 3380 de
920 3309 1298 3379 Trinitate²
1332 3330 1360 3376 .·
1424 3303 1732 3374 Verbum
1789 3302 1974 3394 quod
2031 3326 2212 3374 nunc

672 3419 1017 3488 insinuare
1081 3413 1524 3490 intendimus,
1601 3419 1705 3480 est
1757 3433 1915 3481 cum
1978 3433 2214 3481 amore

663 3527 963 3605 notitia:
1006 3523 1127 3595 sed
1154 3533 1384 3593 tamen
1423 3521 1606 3591 aliud
1671 3529 1775 3590 est
1822 3521 2217 3593 *discernere

656 3658 769 3714 ⁴se,
800 3642 871 3704 et
896 3631 1197 3724 cogitare
1224 3653 1322 3710 se,
1364 3650 1573 3722 quam
1606 3650 1804 3698 nosse
1850 3651 1922 3697 se
1964 3626 2075 3696 vel
2117 3628 2217 3697 in-

673 3740 977 3831 telligere
1037 3738 1257 3828 :quia
1314 3735 1477 3805 dicit
1532 3734 1958 3827 Augustinus
2030 3735 2215 3826 quod

672 3848 1051 3917 discernere
1078 3866 1178 3926 se,
1208 3843 1386 3912 idem
1427 3852 1527 3911 est
1557 3841 1740 3934 quod
1769 3841 1856 3909 ab
1912 3840 2062 3910 aliis
2100 3864 2217 3912 re·

673 3955 801 4025 bus
855 3953 1212 4023 ostendere
1266 3973 1339 4020 se
1384 3948 1683 4027 disserte,
1748 3958 1817 4018 et
1879 3948 2012 4019 hoc
2075 3970 2216 4019 non

650 4082 943 4152 „semper
976 4059 1134 4128 facit
1169 4058 1400 4126 anima
1442 4056 1789 4147 :cogitare
1818 4063 2047 4124 autem
2114 4078 2211 4137 se,

650 4175 773 4239 est
811 4166 1006 4260 quasi
1060 4164 1404 4256 coagitare
1441 4185 1542 4247 se,
1603 4161 1670 4229 id
1724 4171 1853 4241 est,
1910 4163 2214 4232 converti

672 4297 877 4366 super
938 4296 1037 4353 se,
1097 4269 1559 4363 comparando
1615 4278 1930 4363 naturam
1972 4272 2218 4341 mentis

664 4382 758 4467 ¹ad
786 4391 1012 4475 partes
1041 4390 1107 4450 et
1145 4382 1326 4447 vires
1353 4387 1423 4448 et
1454 4379 1807 4469 passiones
1837 4379 2075 4469 ipsius,
2153 4389 2220 4449 et

654 4492 773 4561 ‚sic
802 4512 940 4560 non
968 4511 1237 4580 semper
1264 4487 1426 4556 facit
1460 4508 1656 4555 mens
1689 4508 1706 4556 z
1750 4496 1816 4555 et
1877 4488 1974 4555 sic
2037 4496 2224 4578 patet

676 4597 1056 4669 differentia
1147 4594 1394 4663 horum
1497 4594 1825 4686 quinque,
1937 4591 2216 4675 scilicet,

680 4728 872 4774 nosse
896 4727 991 4786 se,
1036 4700 1419 4792 intelliqere
1451 4722 1548 4781 se,
1587 4698 1765 4768 velle
1815 4722 1910 4777 se,
1976 4699 2221 4769 discer-

683 4833 840 4879 nere
870 4832 964 4887 se,
996 4809 1298 4899 coqilare
1321 4830 1415 4875 se.

772 4917 878 4985 An
933 4937 1189 4984 ramum
1243 4935 1408 5006 ergo
1456 4911 1842 4991 dicendum,
1895 4910 2081 5003 quod
2126 4912 2226 4980 in·

685 5018 1059 5112 telligentia
1112 5026 1216 5088 est
1268 5017 1544 5110 quidem
1592 5015 1675 5086 de
1739 5014 1993 5086 eisdem
2066 5038 2224 5085 cum

684 5126 1136 5196 abstractione
1164 5124 1492 5214 temporis
1537 5122 1621 5193 de
1659 5122 1907 5214 quibus
1945 5130 2049 5192 est
2082 5144 2229 5192 me·

683 5235 928 5316 moria,
969 5232 1091 5302 sed
1118 5254 1259 5301 non
1297 5229 1537 5301 eodem
1577 5230 1813 5315 modo,
1871 5231 2030 5323 quia
2072 5252 2227 5299 me·-

652 5344 904 5437 'moria
931 5348 1198 5433 tantum
1255 5342 1450 5410 novit
1498 5340 1851 5411 retinendo
1892 5333 2221 5416 ‚notitiam
2306 5422 2311 5428 .

651 5650 659 5656 -
758 5613 779 5652 ¹
809 5614 869 5672 S.
928 5615 1296 5687 succensus,
1356 5613 1481 5672 Lib.
1542 5615 1590 5673 Χ
1648 5614 1729 5674 de>
1759 5615 2065 5686 Trinitate,
2097 5632 2229 5694 cap.

658 5758 663 5759 γ
687 5708 777 5764 ¹2.

1508 359 1533 460 s
1620 295 2254 448 .n.sA1,13..MAG.
2310 346 2517 418 om).
2567 345 2868 414 PRAED.
2941 363 2992 444 ἢ

2302 519 2422 585 ‘rei
2489 516 2867 598 secundum
2899 515 3250 607 speciem,
3289 510 3422 597 ‚vel
3492 507 3872 579 ‘secundum

2327 626 2808 702 substantiam,
2849 626 2906 691 si
2946 647 3053 692 res
3083 646 3205 713 per
3234 625 3526 720 seipsam
3580 639 3872 708 praesens

2302 741 2432 798 est
2462 732 2530 797 in
2561 732 2818 810 anima,
2852 732 2969 798 sed
3000 728 3384 799 intellectus
3414 730 3714 796 intuetur
3734 747 3877 793 rem

2328 839 2400 905 in
2438 839 2683 906 notitia
2750 860 2903 929 quae
2953 845 3055 905 est
3093 839 3351 928 species
3405 840 3499 905 rei
3562 837 3669 904 vel
3725 833 3879 902 sub-

2330 948 2578 1015 stantia
2617 946 2830 1038 ipsius
2896 947 2952 1013 si
3001 968 3124 1037 per
3179 966 3251 1013 se
3308 968 3604 1036 praesens
3644 953 3745 1013 est
3805 944 3877 1010 in

2332 1057 2585 1125 anima.
2693 1084 2699 1088 ⁴

2421 1163 2525 1228 An
2562 1185 2762 1229 Amul>
2792 1160 3185 1240 dicendum,
3231 1159 3416 1249 quod
3456 1161 3630 1226 sicut
3667 1165 3869 1248 patet,

2328 1292 2520 1335 nosse
2553 1292 2646 1346 se,
2682 1277 2888 1360 prout
2924 1269 3256 1357 accipitur
3319 1267 3403 1335 ab
3459 1267 3871 1358 Augustino,
3913 1331 3914 1334 ,

2329 1398 2468 1444 non
2508 1385 2610 1443 est
2646 1376 2831 1444 idem
2874 1375 3062 1466 quod
3098 1375 3489 1465 intelliqere
3517 1398 3541 1442 .·
3600 1383 3666 1442 et
3725 1374 3873 1443 ideo

2326 1483 2443 1551 illa
2473 1482 2767 1572 objectio
2806 1505 2950 1550 non
2978 1481 3309 1573 procedit.
3384 1492 3387 1494 ’

2414 1593 2520 1658 An
2558 1612 2860 1659 mmmm
2903 1588 3294 1666 dicendum,
3355 1588 3538 1679 quod
3587 1592 3654 1656 in
3702 1591 3874 1657 veri-

2325 1708 2464 1766 tate
2521 1697 2794 1766 difficile
2854 1704 2958 1766 est
3020 1697 3440 1788 distinguere
3515 1697 3689 1765 inter
3727 1697 3872 1766 baec

2325 1808 2479 1883 tria,
2523 1827 2678 1896 quae
2707 1814 2869 1873 sunt
2898 1826 3104 1894 super
3131 1803 3301 1871 illud
3331 1804 3516 1895 quod
3543 1827 3664 1895 per
3699 1803 3873 1896 seip-

2325 1936 2479 1981 sum
2535 1912 2939 1982 naturaliter
3003 1921 3105 1982 est
3172 1913 3243 1979 in
3299 1913 3576 1980 anima:
3640 1921 3705 1980 et
3742 1911 3872 1981 hoc

2325 2020 2506 2102 ideo,
2566 2021 2729 2111 quia
2793 2011 2956 2088 tunc
3019 2018 3252 2111 aliquo
3329 2018 3533 2086 modo
3608 2041 3872 2108 semper

2325 2127 2585 2195 suntin
2616 2133 2769 2194 actu
2815 2146 2831 2193 :
2867 2132 2936 2194 et
2972 2125 3136 2216 quia
3185 2123 3562 2194 intellectus
3607 2147 3874 2216 semper

2323 2234 2655 2311 intuetur,
2724 2255 2865 2301 non
2930 2231 3205 2300 videtur
3259 2231 3531 2299 diss'erre
3579 2254 3615 2299 a
3672 2253 3873 2299 nosse

2324 2343 2676 2410 memoriae
2718 2364 2734 2410 ε
2768 2339 3085 2409 similiter
3112 2340 3274 2431 quia
3305 2361 3497 2407 amor
3540 2361 3679 2406 non
3713 2361 3879 2430 pro-

2324 2452 2504 2521 cedit
2565 2475 2653 2522 ex
2719 2451 3100 2543 indigentia
3172 2451 3296 2530 rei,
3363 2452 3427 2517 id
3508 2461 3635 2532 est,
3721 2450 3881 2541 quae'

2325 2562 2738 2652 quandoque
2804 2582 2945 2629 non
3019 2558 3379 2638 habeatur,
3454 2570 3519 2628 et
3592 2570 3751 2628 tunc-
3785 2560 3871 2628 sit

2324 2671 2666 2761 appetitus
2697 2668 2781 2738 de
2810 2692 2891 2738 ea
2925 2691 2942 2737 ε
2978 2678 3045 2736 et
3074 2667 3488 2759 quandoque
3516 2667 3865 2746 habeatur,

2323 2782 2395 2845 ct
2428 2783 2591 2845 tunc
2621 2777 2708 2845 sit
2737 2798 2937 2844 amor
2963 2776 3112 2866 ejus
3146 2797 3163 2842 :
3198 2775 3318 2844 sed
3357 2776 3518 2866 quia
3571 2774 3872 2865 procedit

2322 2883 2408 2952 ab
2447 2883 2583 2953 hoc
2621 2883 2808 2975 quod
2845 2906 3119 2976 semper
3190 2883 3588 2952 naturaliter
3649 2892 3746 2952 est
3804 2885 3873 2952 in

2324 3001 2580 3070 mente,
2657 3013 2932 3084 semper
3004 2989 3369 3082 procedit:
3441 3000 3505 3057 et
3544 2990 3697 3059 ideo
3736 3013 3870 3059 non

2324 3099 2417 3167 ita
2443 3097 2819 3189 percipitur
2845 3120 3044 3165 amor
3071 3097 3178 3164 sui
3204 3105 3273 3164 et
3315 3096 3462 3174 Dei,
3497 3099 3669 3164 sicut
3724 3119 3871 3186 per·

2324 3207 2573 3297 cipitur
2613 3226 2810 3273 amor
2840 3204 3135 3295 proximi
3201 3201 3312 3271 vel
3389 3201 3689 3282 alterius,
3757 3204 3872 3295 qui

2323 3312 2738 3403 quandoque
2767 3320 2869 3381 est
2912 3313 2978 3379 in
3009 3309 3323 3378 absentia
3353 3312 3623 3387 mentis,
3666 3332 3875 3402 quan·

2321 3421 2547 3512 doque
2578 3419 2647 3487 in
2677 3419 3095 3510 praesentia:
3140 3418 3303 3510 quia
3347 3417 3508 3486 dicit
3546 3418 3876 3509 Augusti-

2321 3550 2452 3596 nus
2489 3527 2679 3620 quod
2717 3526 2898 3595 idem
2943 3534 3046 3595 est
3085 3530 3427 3617 appetitus
3488 3528 3583 3593 rei
3639 3526 3877 3617 quaesi-

2323 3641 2438 3714 tae,
2471 3642 2537 3701 et
2574 3655 2775 3701 amor
2800 3631 3052 3701 habitae
3087 3654 3102 3699 :
3138 3641 3205 3700 et
3247 3631 3398 3701 ideo
3472 3655 3626 3700 cum
3685 3653 3876 3699 mens

2324 3748 2596 3831 appetat
2647 3762 2747 3819 se.
2802 3761 2961 3809 cum
3028 3739 3278 3830 quaerit
3343 3762 3415 3807 se
3456 3762 3591 3806 non
3645 3761 3871 3823 nosse,

2324 3846 2438 3915 sed
2471 3845 2881 3931 discernere,
2924 3846 3107 3915 idem
3138 3847 3478 3938 appetitus
3516 3855 3615 3913 est
3655 3846 3874 3937 major

2327 3955 2421 4022 rei
2462 3952 2767 4023 discrete
2793 3975 2951 4023 cum
2992 3951 3311 4022 habuerit
3351 3952 3438 4022 de
3493 3977 3565 4022 se
3620 3953 3876 4023 discre-

2326 4060 2612 4130 tionem.
2672 4058 2848 4128 Cum
2903 4060 3116 4152 igitur
3193 4059 3279 4129 de
3369 4060 3708 4128 similibus
3787 4061 3875 4128 sit

2314 4165 2507 4235 idem
2537 4165 2904 4257 judicium,
2948 4175 3202 4236 etcum
3239 4164 3485 4236 habeat
3520 4189 3592 4235 se
3627 4190 3866 4235 secun·

2326 4274 2489 4343 dum
2549 4275 2864 4344 notitiam
2939 4297 3235 4366 semper,
3341 4283 3410 4344 et
3496 4297 3871 4366 numquam

2327 4390 2589 4473 qua‘rat
2627 4404 2700 4451 se
2731 4403 2958 4460 nosse,
3001 4404 3085 4451 eo
3125 4380 3310 4473 quod
3357 4403 3492 4451 non
3551 4384 3875 4473 quaeritur

2326 4488 2511 4581 quod
2542 4487 2856 4565 babetur,
2890 4512 3163 4580 semper
3191 4489 3449 4559 amabit
3472 4513 3545 4558 se
3587 4500 3815 4559 notam
3855 4514 3870 4558 :

2330 4594 2514 4687 quod
2571 4605 2803 4665 tamen
2859 4596 3157 4688 qualiter
3221 4599 3334 4677 sit,
3404 4596 3575 4665 intra
3634 4599 3761 4666 erit
3808 4598 3874 4664 in

2331 4703 2733 4794 quaestione.

2403 5618 2429 5655 ¹
2457 5619 2620 5686 lusu,
2651 5616 2906 5690 Ibidem,
2942 5617 3065 5679 Lib.
3092 5619 3191 5695 lx,
3222 5638 3354 5699 cap.
3391 5626 3487 5705 ¹0..

3987 1199 4067 1248 Ad
4093 1204 4136 1245 2.

3978 1629 4056 1677 Ad
4085 1631 4126 1677 ³.
