4897 6388
2573 251 2861 319 1Nnssx
3004 267 3013 278 ·
3673 284 3685 293 -
4044 328 4051 336 ,
4194 250 4320 318 661

1280 427 1345 489 E.
1392 425 1529 488 Hic
1556 447 1751 509 quare
1778 427 2036 487 donum.
4204 419 4323 481 496

1274 664 1343 725 F.
1399 660 1757 741 Quaeritur,
1800 655 1935 720 Cui
1959 657 2329 720 donabilis?
4206 653 4325 716 496

1681 847 1815 902 Aur.
1890 847 1944 900 4.
1986 846 2076 899 An
2107 842 2357 915 Spiritus
2414 845 2654 896 sanctus
2685 855 2754 895 eo
2785 839 3003 895 dicitur
3033 839 3291 912 Spiritus
3323 846 3584 908 sanctim,
3637 855 3752 910 quo
3784 838 4009 894 donum
4037 854 4050 905 ;
4084 841 4148 902 et*

2045 950 2114 989 eo
2153 932 2397 1001 donum,
2430 947 2547 1002 quo
2568 929 2919 1002 procedens
3045 953 3050 957 ·
4206 929 4314 982 497

1899 1030 1954 1082 5.
1995 1027 2085 1081 An
2116 1023 2337 1080 donum
2370 1022 2550 1077 etiarn
2580 1021 2862 1093 importat
2910 1020 3265 1076 relationem
3315 1020 3469 1077 sicut
3499 1023 3670 1076 Pater
3710 1025 3769 1075 et
3810 1018 4016 1086 Filius,
4049 1018 4141 1074 di-

2040 1113 2438 1188 stinguentem
2471 1111 2757 1185 Spiritum
2788 1115 3059 1167 sanctum
3102 1111 3177 1167 ab
3200 1110 3480 1183 utrique?
4215 1109 4320 1163 498

1898 1210 1952 1263 6.
1995 1208 2199 1263 Utrum
2229 1205 2412 1261 Filius
2441 1205 2631 1277 possit
2661 1203 2776 1260 dici
2808 1202 3011 1258 datum
3042 1202 3116 1259 ab
3147 1208 3370 1259 mterno
3392 1202 3420 1258 ‘I
4217 1201 4321 1254 500

1258 1437 1346 1499 G.
1402 1435 1599 1516 Quod
1622 1436 1792 1498 sicut
1818 1434 2034 1496 Filius
2083 1433 2390 1495 nascendo
2436 1433 2671 1516 accepit
2714 1453 2837 1494 non
2862 1437 3104 1493 tantum
3154 1437 3227 1492 ut
3254 1437 3416 1493 esset
3463 1429 3698 1504 Filius,
3751 1430 4075 1491 sedetiam

1465 1536 1734 1598 essentia
1770 1557 1783 1597 ε
1837 1535 1928 1596 ita
1955 1539 2017 1596 et
2060 1533 2341 1616 Spiritus
2388 1538 2645 1593 sanctus
2682 1531 3075 1614 procedendo
3093 1533 3332 1613 accepit
3372 1551 3494 1592 non
3525 1535 3766 1591 tantum
3806 1533 3877 1591 ut
3916 1532 4076 1591 esset

1462 1636 1721 1711 donum,
1755 1635 1868 1696 sed
1892 1633 2080 1695 etiam
2112 1639 2182 1694 ut
2209 1637 2367 1693 esset
2393 1630 2684 1695 essentia.
4197 1625 4314 1688 502

2242 1843 2458 1899 Divisio
2491 1847 2705 1898 textuS.
4202 1838 4308 1892 503

1247 2049 1336 2112 H.
1391 2048 1588 2129 Quod
1613 2068 1690 2110 ex
1706 2048 2038 2132 praedictis
2084 2048 2355 2129 videtur,
2407 2048 2577 2130 quod
2624 2046 2844 2114 Filius
2872 2069 2997 2110 nvn
3043 2053 3290 2110 tantum
3340 2048 3430 2110 sit
3458 2046 3675 2110 Filius
3706 2047 4056 2121 nativitate,

1454 2147 1574 2233 sed·
1593 2147 1780 2209 etiam
1809 2147 1887 2209 de
1915 2146 2123 2209 simili
2148 2147 2437 2215 essentia.
2469 2154 2531 2209 et
2554 2147 2838 2230 Spiritus
2868 2153 3127 2211 sanctus
3142 2147 3565 2232 processione.
4187 2143 4304 2207 503

1280 2351 1331 2414 1.
1378 2349 1658 2434 Exponit
1685 2352 1867 2415 verba
1887 2352 2176 2416 Haurit.
4183 2347 4302 2411 503

1237 2583 1320 2646 Κ.
1374 2583 1570 2664 Quod
1593 2583 1876 2667 Spiritus
1904 2591 2159 2648 sanctus
2187 2586 2428 2648 dicitur
2455 2586 2688 2648 donum
2717 2591 2778 2647 et
2802 2586 3102 2648 donatum
3131 2585 3476 2648 secundum
3506 2585 3668 2646 duos
3705 2584 4047 2668 praedictos

1363 2737 1371 2744 .
1448 2684 1663 2746 modos
1677 2686 2126 2768 processionis.
4180 2681 4298 2745 504

1654 2905 1792 2957 Λιιτ.
1865 2898 1924 2956 7.
1962 2898 2052 2954 An
2085 2897 2212 2954 hoec
2261 2897 2334 2954 sit
2388 2914 2546 2963 vera.
2578 2896 2761 2953 Filius
2813 2895 3042 2971 accepit
3093 2895 3417 2965 nascendo,
3448 2896 3537 2951 vel
3585 2894 3766 2951 habet
3816 2892 4115 2951 nascendo

2009 2987 2168 3061 quod
2201 2987 2278 3044 sit
2308 2989 2484 3058 neus,
2524 2987 2616 3045 vel
2647 2987 2903 3045 essentia
2932 2988 3134 3044 divina
3153 2988 3183 3044 ‘1
4181 2988 4290 3041 504

1860 3088 1917 3142 8.
1959 3090 2049 3142 An
2082 3085 2195 3141 ista
2224 3085 2300 3141 sit
2322 3103 2478 3156 vera,
2506 3084 2685 3142 Filius
2715 3085 3017 3142 nativitate
3048 3091 3139 3142 est
3182 3086 3382 3143 Deus?
4178 3086 4283 3138 505

1865 3181 1920 3237 9.
1961 3181 2049 3234 An
2081 3177 2175 3234 isti
2217 3185 2352 3234 sunt
2412 3185 2530 3233 tres
2584 3176 2742 3234 modi
2802 3178 3204 3250 generationis
3258 3183 3487 3234 tantum
3543 3192 3650 3249 per
3680 3174 4099 3243 desectionem,

2001 3268 2465 3342 processionem,
2497 3274 2556 3325 et
2584 3268 3009 3326 derivationem
3031 3268 3062 3326 ἲ
4176 3268 4280 3321 503

1243 3475 1309 3539 L.
1352 3476 1713 3540 Secundum
1745 3477 1859 3540 hoc
1880 3480 2051 3561 quod
2077 3480 2308 3542 donum
2338 3487 2453 3546 est.
2506 3481 2784 3559 refertur
2828 3479 2915 3541 ad
2960 3478 3218 3541 Patrem
3264 3485 3326 3540 et
3373 3477 3616 3539 Filium
3653 3496 3667 3538 :
3702 3476 4042 3539 secundum

1423 3576 1595 3659 quod
1621 3577 1865 3652 datum,
1895 3578 1984 3639 ad
2007 3599 2144 3639 eum
2173 3579 2286 3660 qui
2310 3579 2509 3647 dedit.
2536 3584 2598 3639 et
2625 3577 2712 3639 ad
2734 3597 2837 3640 eos
2867 3576 3098 3660 quibus
3126 3577 3347 3639 datum
3377 3583 3491 3638 est.
4164 3576 4282 3635 505

1215 3814 1308 3877 Μ.
1353 3816 1465 3878 An
1494 3814 1709 3878 Filius
1738 3836 1876 3878 cum
1905 3816 1996 3877 sit
2023 3813 2202 3877 nobis
2229 3816 2439 3888 datus,
2463 3815 2677 3898 possit
2701 3816 2837 3877 dici
2865 3823 3074 3878 noster
3103 3822 3175 3879 ut
3198 3816 3484 3900 Spiritus
3513 3811 3817 3876 sanctus?
4164 3809 4281 3873 506

1226 4021 1307 4084 N.
1362 4020 1592 4085 Utrum
1621 4021 1905 4105 Spiritus
1935 4029 2189 4085 sauctus
2219 4023 2304 4083 od
2329 4024 2600 4105 scipsum
2630 4021 2990 4100 reseratur?
4163 4022 4280 4084 507

1637 4208 1772 4264 Ant.
1821 4211 1903 4262 ¹0.
1941 4208 2087 4263 Cum
2118 4206 2336 4279 quibus
2368 4206 2713 4262 nominibus
2745 4206 2959 4264 divinis
3004 4208 3191 4280 possit
3220 4209 3500 4281 conjungi
3564 4210 3673 4265 hoc
3733 4226 4093 4282 pronomen,

1993 4305 2260 4363 nostrum,
2292 4296 2377 4351 vo!
2415 4315 2590 4353 meum
2613 4302 2643 4353 ?
4164 4304 4270 4355 507

2163 4733 2866 4831 DISTINCTIO
2936 4736 3182 4833 XIX.

1863 4983 1976 5044 De
2031 4983 2522 5061 aequalitate
2582 4985 2831 5047 trium
2888 5004 3482 5066 personarum,

1256 5256 1336 5317 A.
1374 5257 1464 5315 De
1482 5249 1974 5335 proprietatibus
1993 5257 2056 5311 et
2073 5252 2540 5315 conditionibus
2568 5255 3022 5335 quodammodo
3068 5258 3513 5322 essentialibus
3542 5268 3602 5322 et
3628 5263 4035 5344 quodammo-

1416 5360 1500 5421 do
1520 5356 1962 5442 personalibus
1991 5358 2306 5421 trinitatis
2335 5366 2395 5420 et
2422 5362 2713 5425 unitatis.
4152 5371 4271 5434 5¹0

2094 5546 2308 5604 Divisio
2344 5553 2562 5605 textus.
4154 5562 4274 5624 510
