4897 6388
690 380 817 486 2132

683 545 987 637 dicitur,
1034 552 1113 616 ut
1149 540 1252 615 ait
1293 538 1720 638 Agustinus
1756 543 1800 629 ¹,
1833 557 1980 608 non
2013 532 2179 626 ipsa
2217 508 2501 618 anima,
2537 525 2668 599 sed
2713 519 2915 624 quod
2953 526 3024 598 in
3063 548 3154 600 ea
3184 533 3294 597 est
3338 521 3890 596 excellentius:
3979 544 3983 547 ⁴
4064 502 4079 529 ²

1701 366 1776 433 D.
1831 364 2028 432 Am.
2083 356 2296 426 MAG.
2351 354 2557 424 ORD.
2613 355 2907 444 PBAED.

682 680 1013 778 qualiter
1036 700 1243 774 saepe
1277 674 1680 771 accipitur.
1722 670 1915 743 Illud
1940 666 2166 740 etiam
2199 659 2595 734 sciendum
2630 671 2764 746 est,
2798 660 2998 757 quod
3041 656 3408 732 memoria
3450 679 3600 729 non
3632 657 3883 729 solum

683 827 799 892 est
839 812 1282 890 absentium
1318 819 1388 881 et
1448 804 2041 904 praeteritorum,
2088 795 2218 869 sed
2261 795 2488 868 etiam
2534 795 3059 892 praesentium,
3116 802 3200 867 ut
3266 793 3372 866 ait
3409 792 3896 886 Augustinus

683 955 757 1028 in
799 952 990 1025 libro
1023 944 1195 1020 XIV
1236 944 1330 1015 de
1382 942 1757 1014 Trinitate
1796 942 1839 1024 ²,
1882 932 2222 1030 alioquin
2267 954 2416 1004 non
2463 953 2545 1005 se
2587 940 2915 1027 caperet.

1064 1397 1568 1467 ARTJCULUS
1622 1399 1841 1466 XXX.

679 1613 994 1680 Ostendit
1021 1611 1495 1702 aequalilatem
1539 1612 1828 1677 istarum
1877 1605 2230 1700 polentia-

760 1741 941 1796 rum,
994 1719 1361 1802 memoriae,
1416 1717 1817 1792 voluntaliS,
1853 1725 1913 1780 el
1966 1709 2231 1778 intelle-

756 1835 904 1891 ctus
930 1823 970 1890 ?

767 2167 799 2206 α
833 2144 1203 2231 Totamque
1231 2162 1456 2207 meam
1486 2139 1911 2220 memoriam,
1938 2145 2068 2204 etc.
2105 2161 2136 2195 n

767 2248 895 2316 1110
927 2250 1158 2339 incipit
1226 2246 1602 2315 secundum
1657 2247 1847 2312 istius
1896 2244 2103 2333 partis
2160 2239 2229 2307 in

674 2378 813 2446 quo
855 2355 1098 2446 probat
1147 2355 1607 2445 aequalitatem
1664 2355 1940 2419 istarum
1984 2357 2232 2441 poten-

670 2464 917 2529 tiarum
998 2462 1373 2530 secundum
1442 2462 1546 2528 sui
1612 2459 2014 2526 totalitatem
2088 2477 2105 2522 ε
2165 2461 2231 2521 et

668 2573 964 2662 primum
1040 2571 1122 2638 de
1203 2574 1562 2654 memoria,
1642 2578 1703 2635 et
1792 2568 2229 2637 ratiocinatur

666 2681 763 2748 sic
807 2704 822 2748 :

761 2790 819 2855 ¹.
857 2788 1206 2880 Quidquid
1264 2796 1368 2856 est
1419 2788 1487 2854 in
1522 2787 1848 2853 memoria
1887 2783 2165 2853 memini
2205 2804 2220 2849 ε

666 2901 809 2961 tota
863 2896 1193 2962 memoria
1234 2904 1335 2962 est
1370 2896 1437 2961 in
1469 2895 1801 2960 memoria
1843 2914 1859 2960 t
1905 2914 2068 2978 ergo
2120 2897 2227 2955 to-

665 3008 805 3068 tam
852 3002 1159 3069 memini.

755 3110 820 3173 2.
870 3106 1066 3186 Item,
1140 3107 1487 3199 Quidquid
1555 3109 1857 3201 intelligo
1914 3108 2083 3182 scio,
2162 3113 2224 3169 et

667 3217 996 3308 quidquid
1029 3219 1169 3285 scio
1213 3220 1521 3298 memini,
1558 3222 1715 3310 quia
1749 3218 2057 3285 notitiam
2082 3212 2226 3300 ejus

665 3324 844 3414 apud
897 3347 1006 3392 me
1058 3335 1286 3404 tene0‚
1340 3336 1404 3395 et
1465 3325 1591 3393 boc
1624 3337 1723 3395 est
1772 3324 2161 3394 meminisse
2208 3344 2223 3388 ε

666 3453 831 3519 ergo
873 3429 1204 3522 quidquid
1247 3430 1552 3522 intelligo
1586 3433 1892 3510 memini,
1925 3441 1989 3499 et
2028 3427 2231 3519 quid-

666 3538 827 3629 quid
870 3538 1031 3606 volo
1096 3541 1432 3608 memini:
1487 3564 1651 3630 ergo
1716 3540 1854 3607 luet·
1905 3542 2031 3606 tria
2089 3544 2227 3603 tota

664 3654 825 3712 sunt
866 3646 932 3712 in
970 3647 1328 3713 memoria.

753 3754 1264 3829 Coxsnourzxrnn
1301 3753 1448 3822 lla-c
1490 3758 1612 3822 tria
1649 3765 1784 3821 tnta
1827 3755 2230 3844 prol-atesse

668 3863 736 3928 iu
785 3860 1158 3940 intellectu,
1223 3861 1339 3941 ibi,
1400 3865 1811 3933 «Similiter
1873 3888 2025 3931 cum
2093 3860 2231 3925 lefec

666 3968 801 4033 tria
834 3967 1183 4058 itetelliqo‚
1220 3978 1347 4037 etc.
1387 3996 1421 4033 n
1468 3970 1550 4038 Et
1599 3972 1766 4036 ratio
1825 3993 1945 4037 sna
1986 3974 2085 4034 est
2130 3975 2232 4033 ta-

667 4072 795 4139 lis:
858 4074 1302 4165 Supponatur
1339 4075 1521 4167 quod
1571 4076 1896 4168 quidquid
1957 4077 2223 4159 ignoro·

666 4205 790 4250 nec
822 4185 1133 4262 memini,
1159 4208 1282 4253 nec
1311 4186 1498 4263 volo,
1530 4189 1688 4277 quia
1715 4186 1890 4253 illius
1915 4185 2226 4253 notitiam

667 4292 847 4383 apud
883 4316 993 4360 me
1025 4316 1164 4361 non
1197 4292 1421 4363 babeo
1460 4318 1475 4362 :
1519 4319 1682 4384 ergo
1716 4320 1847 4363 non
1891 4293 2169 4363 inc-mini
2210 4314 2223 4357 :

667 4409 731 4467 et
773 4424 909 4467 non
944 4410 1041 4468 est
1065 4402 1384 4468 voluntas
1414 4404 1562 4491 ejus
1591 4406 1784 4491 cujus
1818 4404 2056 4470 notitia
2092 4423 2226 4466 non

666 4516 766 4574 est
797 4507 974 4597 apud
1021 4532 1129 4575 me
1165 4533 1179 4576 τ
1217 4533 1382 4600 ergo
1431 4511 1578 4596 ejus
1625 4511 1803 4601 quod
1849 4514 2223 4600 ignoratur,

670 4635 806 4679 non
849 4621 946 4679 est
978 4613 1320 4681 voluntas.

766 4718 906 4786 lloc
940 4719 1197 4792 habito.
1248 4722 1635 4811 proceditur
1663 4725 1755 4790 sic
1810 4745 1823 4789 :

757 4828 1101 4919 Quidquid
1137 4829 1668 4921 intelligibilium
1706 4833 1979 4899 memini
2015 4838 2079 4894 cet
2113 4852 2229 4894 vo·

670 4937 761 5016 10,
798 4935 926 5005 boe
964 4939 1285 5026 objicitur
1315 4940 1480 5007 mihi
1515 4941 1581 5006 in
1627 4944 1862 5008 notitia
1906 4966 2056 5008 mna
2105 4958 2119 5003 :
2165 4947 2226 5003 et

669 5044 867 5133 objici
903 5045 1070 5113 mibi
1113 5048 1179 5113 in
1223 5050 1463 5116 notitia
1504 5073 1653 5116 mea
1717 5050 1877 5116 nibil
1914 5045 2095 5116 aliud
2130 5055 2223 5111 est

668 5175 871 5241 quam
903 5153 1279 5244 intelligere
1318 5178 1331 5220 :
1370 5179 1532 5245 ergo
1586 5157 1909 5246 quidquid
1976 5153 2229 5222 intelli-

667 5260 980 5350 gibilium
1025 5264 1305 5329 memini
1344 5273 1410 5331 et
1449 5263 1638 5338 volo,
1676 5263 1815 5330 lia-c
1854 5264 2088 5330 (nnnia
2124 5264 2231 5327 in-

671 5370 904 5458 telligo
950 5392 963 5436 :
1001 5372 1117 5439 sed
1160 5375 1394 5439 omnia
1446 5374 1722 5440 memini
1759 5382 1817 5439 et
1852 5375 2007 5441 vot«,
2040 5369 2228 5437 intel·

672 5478 952 5565 ligibilia
994 5505 1144 5572 qua·
1187 5493 1343 5550 sunt
1415 5484 1481 5550 in
1517 5486 1757 5551 notitia
1806 5507 1954 5550 mea
1991 5506 2003 5549 :
2066 5504 2226 5568 ergo

743 5711 758 5748 ¹
793 5710 847 5767 S.
884 5717 1256 5782 Aucusrixts,
1294 5714 1416 5771 Lib.
1451 5716 1543 5772 XV
1576 5714 1649 5771 de
1681 5716 1985 5780 Trinitate‚
2007 5728 2141 5783 ⁴:³1³·
2174 5712 2226 5765 ²3·

2340 1286 2572 1352 omnia
2637 1283 2946 1372 intelligo
2986 1306 2999 1348 :
3039 1305 3199 1372 ergo
3260 1280 3588 1348 memoria
3643 1300 3894 1346 secun-

2340 1392 2500 1457 dum
2543 1391 2774 1458 omnia
2802 1388 3291 1465 memorabilia,
3337 1397 3403 1455 et
3431 1386 3747 1454 voluntas
3778 1409 3891 1454 se-

2341 1498 2638 1567 cundum
2688 1499 2917 1565 omnia
2956 1495 3176 1565 volita
3254 1505 3354 1564 est
3409 1497 3478 1563 in
3547 1494 3890 1562 intellectu

2344 1629 2521 1675 meo,
2867 1603 2877 1612 ’

2426 1712 2937 1790 Consnoui-:N-rssa
2985 1710 3251 1802 probat,
3326 1709 3509 1801 quod
3572 1709 3891 1776 voluntas

2337 1818 2588 1886 claudit
2608 1826 2818 1886 totam
2851 1818 3250 1884 memoriam
3278 1825 3340 1883 et
3376 1814 3886 1905 intelligentiam

2337 1928 2432 1994 sic
2477 1948 2492 1994 t

2427 2021 2876 2124 Quocumque
2897 2042 3052 2101 utor
3090 2040 3260 2114 toto,
3303 2040 3523 2100 totum
3554 2029 3891 2098 clauditur

2339 2144 2404 2209 in
2450 2140 2797 2209 voluntate
2838 2163 2958 2230 per
3002 2140 3479 2208 diffinitionem
3528 2139 3673 2228 ejus
3704 2136 3888 2227 quod

2336 2263 2438 2320 est
2478 2255 2574 2322 uti
2612 2275 2816 2342 supra
2874 2252 3161 2341 positam
3223 2271 3376 2340 quae
3431 2257 3554 2325 est,
3618 2246 3728 2316 Uti
3783 2255 3884 2314 est

2336 2360 2595 2450 aliquid
2637 2361 2704 2427 in
2743 2358 3126 2427 facultatem
3172 2357 3542 2425 voluntatis
3573 2376 3886 2438 assumeff-

2338 2492 2404 2534 rc
2440 2491 2456 2534 ε
2492 2467 2608 2536 sed
2635 2466 2952 2534 omnibus
2982 2464 3519 2557 intelligibilibus
3535 2471 3602 2530 et
3630 2484 3888 2529 memo-

2338 2575 2663 2644 rabilibus
2696 2583 2853 2642 utor
2883 2597 2898 2639 ε
2936 2597 3096 2665 ergo
3124 2574 3384 2640 'omnia
3432 2568 3883 2660 intelligibilia

2336 2694 2401 2751 et
2440 2682 2907 2750 memorabilia
2938 2681 3139 2750 volo:
3175 2703 3338 2770 ergo
3376 2686 3519 2746 tota
3549 2699 3882 2746 memora·

2336 2790 2496 2858 bilia
2525 2801 2588 2858 et
2619 2789 3071 2880 intelligibilia
3107 2787 3517 2857 clauduntur
3545 2787 3612 2853 in
3644 2784 3885 2852 volun-

2337 2908 2495 2966 tate.

2424 3005 2522 3071 Ex
2554 3027 2679 3072 noc
2698 3005 2979 3072 ulterius
3020 3005 3085 3071 in
3118 3002 3359 3072 eodem
3399 2999 3694 3091 capitulo
3723 3022 3884 3067 con·

2333 3112 2650 3196 cluditur,
2682 3112 2865 3203 quod
2914 3110 3056 3178 baec
3119 3110 3249 3178 tria
3297 3117 3451 3175 sunt
3499 3107 3783 3200 aequalia
3815 3115 3882 3174 et

2336 3243 2548 3290 unum
2588 3221 2957 3288 secundum
3029 3222 3266 3298 vitam,
3320 3227 3384 3285 et
3440 3224 3761 3293 mentem,
3817 3225 3883 3284 et

2336 3329 2695 3397 essentiam
2731 3350 2746 3396 ε
2782 3337 2847 3396 et
2885 3326 3364 3419 distinguendo
3413 3325 3651 3416 tangit,
3709 3346 3883 3415 qua-

2338 3435 2489 3502 liter
2519 3457 2708 3501 mens
2747 3434 3072 3523 accipitur
3107 3455 3121 3500 :
3158 3437 3226 3503 et
3265 3431 3438 3499 ultra
3479 3429 3881 3507 ostenditur,

2338 3542 2625 3633 qualiter
2683 3544 3010 3610 memoria
3064 3540 3171 3608 bic
3226 3541 3595 3631 accipiatur
3641 3562 3888 3607 secun-

2338 3650 2497 3717 «lum
2541 3650 2723 3741 quod
2753 3661 2852 3717 est
2885 3674 3036 3741 pars
3078 3649 3417 3740 imaginis.

2426 3759 2505 3826 Et
2546 3758 2684 3825 baec
2724 3769 2821 3825 est
2855 3759 3189 3825 sententia
3225 3757 3418 3823 istius
3451 3758 3742 3824 Litterae.

2710 4194 3210 4263 Malechus
3257 4192 3513 4261 XXXI.

2347 4411 2588 4477 (fle-um
2624 4411 2754 4475 ista
2775 4409 2913 4473 Iria
2955 4430 2975 4472 .·
3009 4407 3361 4489 memoria,
3408 4404 3888 4496 iretelliqentia,

2588 4514 2929 4590 colmelos,
2955 4521 3242 4603 possunt
3279 4511 3419 4578 dici
3457 4519 3595 4579 tota
3621 4514 3656 4578 ⁴?

2428 4824 2559 4891 Sed
2595 4826 2822 4891 incidit
2864 4825 3144 4892 dubium
3194 4849 3276 4892 ex
3337 4824 3464 4892 linc
3524 4824 3707 4915 quod
3746 4826 3886 4915 ipse

2337 4936 2491 5003 (licit
2536 4935 2660 5000 ista
2701 4942 2837 5001 tota
2880 4942 2939 5000 et
2971 4934 3258 5024 aequalia
3293 4956 3306 4999 :

2437 5045 2489 5109 l.
2512 5043 2679 5109 Cum
2706 5043 2886 5108 enim
2913 5044 3035 5109 ista
3059 5040 3389 5130 simplicia
3412 5041 3569 5122 sint,
3594 5044 3678 5110 ita
3702 5042 3884 5134 quod

2342 5175 2477 5218 non
2519 5152 2812 5220 babeant
2845 5159 3100 5242 partem
3143 5158 3206 5215 et
3254 5158 3538 5238 partem,
3572 5149 3889 5217 videntur

2341 5287 2474 5331 non
2510 5261 2758 5330 babere
2811 5260 3266 5329 totalitatem:
3313 5282 3472 5349 ergo
3519 5258 3893 5327 male-dicit

2337 5382 2504 5439 tola.

2430 5486 2495 5550 2.
2538 5482 2901 5559 l‘raeterca,
2952 5482 3159 5548 Detur
3189 5478 3374 5569 quod
3413 5478 3537 5545 ista
3568 5481 3701 5547 sint
3734 5501 3898 5568 par-

2419 5715 2440 5750 ²
2473 5716 2626 5779 lou,
2660 5712 2906 5779 Ibidem,
2932 5710 3036 5767 lib.
3069 5711 3207 5780 xlv,
3240 5726 3348 5783 cap
3410 5712 3491 5764 lt.
