<?xml version="1.0" encoding="UTF-8"?>
<!DOCTYPE html PUBLIC "-//W3C//DTD XHTML 1.0 Transitional//EN"
    "http://www.w3.org/TR/xhtml1/DTD/xhtml1-transitional.dtd">
<html xmlns="http://www.w3.org/1999/xhtml" xml:lang="en" lang="en">
 <head>
  <title>
</title>
<meta http-equiv="Content-Type" content="text/html;charset=utf-8" />
  <meta name='ocr-system' content='tesseract 3.04.00' />
  <meta name='ocr-capabilities' content='ocr_page ocr_carea ocr_par ocr_line ocrx_word'/>
</head>
<body>
  <div class='ocr_page' id='page_1' title='image "balbertimagnira03chgoog_0550.png"; bbox 0 0 4897 6388; ppageno 0'>
   <div class='ocr_carea' id='block_1_1' title="bbox 392 787 546 835">
    <p class='ocr_par' dir='ltr' id='par_1_1' title="bbox 392 787 546 835">
     <span class='ocr_line' id='line_1_1' title="bbox 392 787 546 835; baseline -0.013 0"><span class='ocrx_word' id='word_1_1' title='bbox 392 789 476 835; x_wconf 77' lang='lat' dir='ltr'><strong>Ad</strong></span> <span class='ocrx_word' id='word_1_2' title='bbox 501 787 546 833; x_wconf 73' lang='grc'><strong>4.</strong></span> 
     </span>
    </p>
   </div>
   <div class='ocr_carea' id='block_1_2' title="bbox 403 1747 545 1797">
    <p class='ocr_par' dir='ltr' id='par_1_2' title="bbox 403 1747 545 1797">
     <span class='ocr_line' id='line_1_2' title="bbox 403 1747 545 1797; baseline 0.014 -2"><span class='ocrx_word' id='word_1_3' title='bbox 403 1751 476 1796; x_wconf 69' lang='lat' dir='ltr'><strong>Ad</strong></span> <span class='ocrx_word' id='word_1_4' title='bbox 503 1747 545 1797; x_wconf 70' lang='grc' dir='ltr'><strong>ὁ.</strong></span> 
     </span>
    </p>
   </div>
   <div class='ocr_carea' id='block_1_3' title="bbox 403 3038 553 3087">
    <p class='ocr_par' dir='ltr' id='par_1_3' title="bbox 403 3038 553 3087">
     <span class='ocr_line' id='line_1_3' title="bbox 403 3038 553 3087; baseline -0.013 -1"><span class='ocrx_word' id='word_1_5' title='bbox 403 3038 553 3087; x_wconf 58' lang='lat' dir='ltr'><strong>Adfi-</strong></span> 
     </span>
    </p>
   </div>
   <div class='ocr_carea' id='block_1_4' title="bbox 406 4228 548 4273">
    <p class='ocr_par' dir='ltr' id='par_1_4' title="bbox 406 4228 548 4273">
     <span class='ocr_line' id='line_1_4' title="bbox 406 4228 548 4273; baseline 0.021 -3"><span class='ocrx_word' id='word_1_6' title='bbox 406 4228 477 4272; x_wconf 72' lang='lat' dir='ltr'><strong>Ad</strong></span> <span class='ocrx_word' id='word_1_7' title='bbox 505 4228 548 4273; x_wconf 86' lang='grc'><strong>7.</strong></span> 
     </span>
    </p>
   </div>
   <div class='ocr_carea' id='block_1_5' title="bbox 656 276 783 343">
    <p class='ocr_par' dir='ltr' id='par_1_5' title="bbox 656 276 783 343">
     <span class='ocr_line' id='line_1_5' title="bbox 656 276 783 343; baseline -0.008 0"><span class='ocrx_word' id='word_1_8' title='bbox 656 276 783 343; x_wconf 88' lang='grc'><strong>500</strong></span> 
     </span>
    </p>
   </div>
   <div class='ocr_carea' id='block_1_6' title="bbox 653 442 2216 4717">
    <p class='ocr_par' dir='ltr' id='par_1_6' title="bbox 653 442 2196 746">
     <span class='ocr_line' id='line_1_6' title="bbox 653 442 2196 538; baseline -0.005 -26"><span class='ocrx_word' id='word_1_9' title='bbox 653 446 782 514; x_wconf 89' lang='lat' dir='ltr'><strong>hoc</strong></span> <span class='ocrx_word' id='word_1_10' title='bbox 830 469 1067 513; x_wconf 79' lang='lat' dir='ltr'><strong>verum</strong></span> <span class='ocrx_word' id='word_1_11' title='bbox 1125 445 1492 536; x_wconf 55' lang='lat' dir='ltr'><strong>estsquod</strong></span> <span class='ocrx_word' id='word_1_12' title='bbox 1547 443 1804 538; x_wconf 84' lang='lat' dir='ltr'><strong>aliquid</strong></span> <span class='ocrx_word' id='word_1_13' title='bbox 1868 442 2076 525; x_wconf 81' lang='lat' dir='ltr'>addit,</span> <span class='ocrx_word' id='word_1_14' title='bbox 2119 447 2196 505; x_wconf 92' lang='lat' dir='ltr'><strong>ut</strong></span> 
     </span>
     <span class='ocr_line' id='line_1_7' title="bbox 654 546 2194 641; baseline -0.006 -21"><span class='ocrx_word' id='word_1_15' title='bbox 654 553 818 620; x_wconf 85' lang='lat' dir='ltr'><strong>mihi</strong></span> <span class='ocrx_word' id='word_1_16' title='bbox 853 554 1159 621; x_wconf 74' lang='lat' dir='ltr'><strong>videtur:</strong></span> <span class='ocrx_word' id='word_1_17' title='bbox 1196 553 1371 619; x_wconf 85' lang='lat' dir='ltr'><strong>filius</strong></span> <span class='ocrx_word' id='word_1_18' title='bbox 1436 560 1664 619; x_wconf 86' lang='lat' dir='ltr'><strong>autem</strong></span> <span class='ocrx_word' id='word_1_19' title='bbox 1696 561 1761 618; x_wconf 89' lang='lat' dir='ltr'><strong>et</strong></span> <span class='ocrx_word' id='word_1_20' title='bbox 1799 558 1988 641; x_wconf 86' lang='lat' dir='ltr'><strong>pater</strong></span> <span class='ocrx_word' id='word_1_21' title='bbox 2018 546 2194 614; x_wconf 80' lang='lat' dir='ltr'>nihil</span> 
     </span>
     <span class='ocr_line' id='line_1_8' title="bbox 657 654 2188 746; baseline -0.007 -17"><span class='ocrx_word' id='word_1_22' title='bbox 657 662 915 729; x_wconf 85' lang='lat' dir='ltr'><strong>addunt</strong></span> <span class='ocrx_word' id='word_1_23' title='bbox 980 660 1351 729; x_wconf 89' lang='lat' dir='ltr'><strong>secundum</strong></span> <span class='ocrx_word' id='word_1_24' title='bbox 1405 660 1685 726; x_wconf 91' lang='lat' dir='ltr'><strong>modum</strong></span> <span class='ocrx_word' id='word_1_25' title='bbox 1737 654 2188 746; x_wconf 78' lang='lat' dir='ltr'><strong>significandi.</strong></span> 
     </span>
    </p>

    <p class='ocr_par' dir='ltr' id='par_1_7' title="bbox 655 761 2202 1718">
     <span class='ocr_line' id='line_1_9' title="bbox 748 761 2198 856; baseline -0.006 -21"><span class='ocrx_word' id='word_1_26' title='bbox 748 771 849 835; x_wconf 86' lang='lat' dir='ltr'><strong>An</strong></span> <span class='ocrx_word' id='word_1_27' title='bbox 891 792 1084 836; x_wconf 56' lang='lat' dir='ltr'><strong>amun</strong></span> <span class='ocrx_word' id='word_1_28' title='bbox 1115 768 1496 847; x_wconf 92' lang='lat' dir='ltr'><strong>dicendum,</strong></span> <span class='ocrx_word' id='word_1_29' title='bbox 1534 766 1717 856; x_wconf 90' lang='lat' dir='ltr'><strong>quod</strong></span> <span class='ocrx_word' id='word_1_30' title='bbox 1749 772 2050 854; x_wconf 89' lang='lat' dir='ltr'><strong>respectu</strong></span> <span class='ocrx_word' id='word_1_31' title='bbox 2092 761 2198 827; x_wconf 86' lang='lat' dir='ltr'><strong>ef-</strong></span> 
     </span>
     <span class='ocr_line' id='line_1_10' title="bbox 656 872 2198 964; baseline -0.007 -20"><span class='ocrx_word' id='word_1_32' title='bbox 656 877 869 944; x_wconf 88' lang='lat' dir='ltr'><strong>fectus</strong></span> <span class='ocrx_word' id='word_1_33' title='bbox 906 877 1252 943; x_wconf 86' lang='lat' dir='ltr'><strong>connotati</strong></span> <span class='ocrx_word' id='word_1_34' title='bbox 1291 875 1482 964; x_wconf 87' lang='lat' dir='ltr'><strong>ponit</strong></span> <span class='ocrx_word' id='word_1_35' title='bbox 1519 872 1983 940; x_wconf 79' lang='lat' dir='ltr'>causalitatem</span> <span class='ocrx_word' id='word_1_36' title='bbox 2014 890 2198 935; x_wconf 93' lang='lat' dir='ltr'><strong>com-</strong></span> 
     </span>
     <span class='ocr_line' id='line_1_11' title="bbox 657 977 2202 1072; baseline -0.006 -22"><span class='ocrx_word' id='word_1_37' title='bbox 657 1006 935 1050; x_wconf 91' lang='lat' dir='ltr'><strong>munem</strong></span> <span class='ocrx_word' id='word_1_38' title='bbox 975 982 1291 1049; x_wconf 91' lang='lat' dir='ltr'><strong>omnibus</strong></span> <span class='ocrx_word' id='word_1_39' title='bbox 1347 982 1652 1072; x_wconf 84' lang='lat' dir='ltr'><strong>personis</strong></span> <span class='ocrx_word' id='word_1_40' title='bbox 1688 1002 1703 1048; x_wconf 73' lang='grc' dir='ltr'>ε</span> <span class='ocrx_word' id='word_1_41' title='bbox 1749 981 1906 1069; x_wconf 86' lang='lat' dir='ltr'><strong>quia</strong></span> <span class='ocrx_word' id='word_1_42' title='bbox 1950 977 2060 1043; x_wconf 85' lang='lat' dir='ltr'><strong>ille</strong></span> <span class='ocrx_word' id='word_1_43' title='bbox 2104 984 2202 1042; x_wconf 90' lang='lat' dir='ltr'><strong>est</strong></span> 
     </span>
     <span class='ocr_line' id='line_1_12' title="bbox 655 1086 2192 1178; baseline -0.007 -19"><span class='ocrx_word' id='word_1_44' title='bbox 655 1092 931 1159; x_wconf 77' lang='lat' dir='ltr'><strong>effectus</strong></span> <span class='ocrx_word' id='word_1_45' title='bbox 972 1092 1281 1157; x_wconf 91' lang='lat' dir='ltr'><strong>omnium</strong></span> <span class='ocrx_word' id='word_1_46' title='bbox 1320 1110 1767 1178; x_wconf 86' lang='lat' dir='ltr'><strong>personarum</strong></span> <span class='ocrx_word' id='word_1_47' title='bbox 1800 1111 1813 1154; x_wconf 90' lang='lat'>:</span> <span class='ocrx_word' id='word_1_48' title='bbox 1851 1086 1966 1153; x_wconf 90' lang='lat' dir='ltr'><strong>sed</strong></span> <span class='ocrx_word' id='word_1_49' title='bbox 2023 1086 2192 1151; x_wconf 87' lang='lat' dir='ltr'><strong>ratio</strong></span> 
     </span>
     <span class='ocr_line' id='line_1_13' title="bbox 656 1195 2200 1289; baseline -0.006 -22"><span class='ocrx_word' id='word_1_50' title='bbox 656 1199 817 1267; x_wconf 89' lang='lat' dir='ltr'><strong>doni</strong></span> <span class='ocrx_word' id='word_1_51' title='bbox 856 1201 921 1265; x_wconf 89' lang='lat' dir='ltr'><strong>in</strong></span> <span class='ocrx_word' id='word_1_52' title='bbox 955 1221 1088 1289; x_wconf 93' lang='lat' dir='ltr'><strong>quo</strong></span> <span class='ocrx_word' id='word_1_53' title='bbox 1121 1198 1459 1265; x_wconf 84' lang='lat' dir='ltr'><strong>donantur</strong></span> <span class='ocrx_word' id='word_1_54' title='bbox 1490 1197 1622 1264; x_wconf 85' lang='lat' dir='ltr'><strong>alia</strong></span> <span class='ocrx_word' id='word_1_55' title='bbox 1662 1195 1865 1271; x_wconf 86' lang='lat' dir='ltr'><strong>dona,</strong></span> <span class='ocrx_word' id='word_1_56' title='bbox 1911 1216 2049 1260; x_wconf 92' lang='lat' dir='ltr'><strong>non</strong></span> <span class='ocrx_word' id='word_1_57' title='bbox 2100 1200 2200 1258; x_wconf 87' lang='lat' dir='ltr'><strong>est</strong></span> 
     </span>
     <span class='ocr_line' id='line_1_14' title="bbox 655 1300 2197 1393; baseline -0.005 -19"><span class='ocrx_word' id='word_1_58' title='bbox 655 1308 1064 1382; x_wconf 90' lang='lat' dir='ltr'><strong>communis,</strong></span> <span class='ocrx_word' id='word_1_59' title='bbox 1105 1306 1238 1372; x_wconf 89' lang='lat' dir='ltr'><strong>imo</strong></span> <span class='ocrx_word' id='word_1_60' title='bbox 1281 1311 1380 1371; x_wconf 81' lang='lat' dir='ltr'><strong>est</strong></span> <span class='ocrx_word' id='word_1_61' title='bbox 1406 1306 1723 1393; x_wconf 85' lang='lat' dir='ltr'><strong>propria:</strong></span> <span class='ocrx_word' id='word_1_62' title='bbox 1759 1312 1825 1369; x_wconf 90' lang='lat' dir='ltr'><strong>et</strong></span> <span class='ocrx_word' id='word_1_63' title='bbox 1867 1301 1981 1368; x_wconf 86' lang='lat' dir='ltr'><strong>illa</strong></span> <span class='ocrx_word' id='word_1_64' title='bbox 2031 1300 2197 1366; x_wconf 88' lang='lat' dir='ltr'><strong>ratio</strong></span> 
     </span>
     <span class='ocr_line' id='line_1_15' title="bbox 656 1407 2200 1501; baseline -0.006 -21"><span class='ocrx_word' id='word_1_65' title='bbox 656 1414 816 1480; x_wconf 92' lang='lat' dir='ltr'><strong>doni</strong></span> <span class='ocrx_word' id='word_1_66' title='bbox 881 1412 1126 1480; x_wconf 83' lang='lat' dir='ltr'><strong>dicitur</strong></span> <span class='ocrx_word' id='word_1_67' title='bbox 1166 1435 1283 1501; x_wconf 87' lang='lat' dir='ltr'><strong>per</strong></span> <span class='ocrx_word' id='word_1_68' title='bbox 1327 1412 1583 1492; x_wconf 85' lang='lat' dir='ltr'><strong>donum</strong></span> <span class='ocrx_word' id='word_1_69' title='bbox 1625 1409 1894 1500; x_wconf 86' lang='lat' dir='ltr'><strong>quando</strong></span> <span class='ocrx_word' id='word_1_70' title='bbox 1955 1407 2200 1475; x_wconf 87' lang='lat' dir='ltr'><strong>dicitur</strong></span> 
     </span>
     <span class='ocr_line' id='line_1_16' title="bbox 658 1513 2202 1610; baseline -0.006 -22"><span class='ocrx_word' id='word_1_71' title='bbox 658 1544 803 1589; x_wconf 89' lang='lat' dir='ltr'><strong>esse</strong></span> <span class='ocrx_word' id='word_1_72' title='bbox 860 1520 1212 1610; x_wconf 90' lang='lat' dir='ltr'><strong>proprium</strong></span> <span class='ocrx_word' id='word_1_73' title='bbox 1271 1519 1587 1608; x_wconf 85' lang='lat' dir='ltr'><strong>spiritus:</strong></span> <span class='ocrx_word' id='word_1_74' title='bbox 1626 1526 1693 1585; x_wconf 88' lang='lat' dir='ltr'><strong>et</strong></span> <span class='ocrx_word' id='word_1_75' title='bbox 1728 1517 1860 1584; x_wconf 93' lang='lat' dir='ltr'><strong>hoc</strong></span> <span class='ocrx_word' id='word_1_76' title='bbox 1907 1513 2202 1582; x_wconf 82' lang='lat' dir='ltr'><strong>notabile</strong></span> 
     </span>
     <span class='ocr_line' id='line_1_17' title="bbox 660 1626 1503 1718; baseline -0.004 -23"><span class='ocrx_word' id='word_1_77' title='bbox 660 1636 759 1695; x_wconf 88' lang='lat' dir='ltr'><strong>est</strong></span> <span class='ocrx_word' id='word_1_78' title='bbox 812 1637 1088 1718; x_wconf 87' lang='lat' dir='ltr'><strong>propter</strong></span> <span class='ocrx_word' id='word_1_79' title='bbox 1126 1626 1503 1716; x_wconf 85' lang='lat' dir='ltr'><strong>sequentia.</strong></span> 
     </span>
    </p>

    <p class='ocr_par' dir='ltr' id='par_1_8' title="bbox 660 1730 2210 2334">
     <span class='ocr_line' id='line_1_18' title="bbox 751 1730 2204 1822; baseline -0.004 -22"><span class='ocrx_word' id='word_1_80' title='bbox 751 1736 853 1800; x_wconf 86' lang='lat' dir='ltr'><strong>An</strong></span> <span class='ocrx_word' id='word_1_81' title='bbox 894 1757 1087 1801; x_wconf 56' lang='lat' dir='ltr'><strong>amun</strong></span> <span class='ocrx_word' id='word_1_82' title='bbox 1129 1732 1513 1811; x_wconf 85' lang='lat' dir='ltr'><strong>dicendum,</strong></span> <span class='ocrx_word' id='word_1_83' title='bbox 1558 1731 1743 1822; x_wconf 89' lang='lat' dir='ltr'><strong>quod</strong></span> <span class='ocrx_word' id='word_1_84' title='bbox 1779 1730 2204 1819; x_wconf 79' lang='lat' dir='ltr'><strong>Augustinus</strong></span> 
     </span>
     <span class='ocr_line' id='line_1_19' title="bbox 662 1836 2208 1932; baseline -0.005 -23"><span class='ocrx_word' id='word_1_85' title='bbox 662 1843 846 1925; x_wconf 91' lang='lat' dir='ltr'><strong>dicit,</strong></span> <span class='ocrx_word' id='word_1_86' title='bbox 899 1842 1082 1932; x_wconf 86' lang='lat' dir='ltr'><strong>quod</strong></span> <span class='ocrx_word' id='word_1_87' title='bbox 1140 1843 1357 1931; x_wconf 82' lang='lat' dir='ltr'><strong>magis</strong></span> <span class='ocrx_word' id='word_1_88' title='bbox 1414 1847 1695 1930; x_wconf 88' lang='lat' dir='ltr'><strong>apparet</strong></span> <span class='ocrx_word' id='word_1_89' title='bbox 1744 1838 1976 1906; x_wconf 87' lang='lat' dir='ltr'><strong>relatio</strong></span> <span class='ocrx_word' id='word_1_90' title='bbox 2029 1839 2099 1904; x_wconf 92' lang='lat' dir='ltr'><strong>in</strong></span> <span class='ocrx_word' id='word_1_91' title='bbox 2139 1836 2208 1927; x_wconf 85' lang='lat' dir='ltr'><strong>ly</strong></span> 
     </span>
     <span class='ocr_line' id='line_1_20' title="bbox 661 1941 2210 2035; baseline -0.004 -22"><span class='ocrx_word' id='word_1_92' title='bbox 661 1947 945 2030; x_wconf 81' lang='lat' dir='ltr'><strong>donum,</strong></span> <span class='ocrx_word' id='word_1_93' title='bbox 990 1967 1111 2035; x_wconf 77' lang='lat' dir='ltr'><strong>pro</strong></span> <span class='ocrx_word' id='word_1_94' title='bbox 1154 1953 1339 2013; x_wconf 87' lang='lat' dir='ltr'><strong>tanto</strong></span> <span class='ocrx_word' id='word_1_95' title='bbox 1381 1947 1539 2034; x_wconf 87' lang='lat' dir='ltr'><strong>quia</strong></span> <span class='ocrx_word' id='word_1_96' title='bbox 1570 1944 1845 2034; x_wconf 88' lang='lat' dir='ltr'><strong>spiritus</strong></span> <span class='ocrx_word' id='word_1_97' title='bbox 1876 1942 2091 2031; x_wconf 84' lang='lat' dir='ltr'><strong>magis</strong></span> <span class='ocrx_word' id='word_1_98' title='bbox 2114 1941 2210 2008; x_wconf 90' lang='lat' dir='ltr'><strong>di-</strong></span> 
     </span>
     <span class='ocr_line' id='line_1_21' title="bbox 660 2053 2208 2144; baseline -0.005 -23"><span class='ocrx_word' id='word_1_99' title='bbox 660 2056 751 2122; x_wconf 87' lang='lat' dir='ltr'><strong>cit</strong></span> <span class='ocrx_word' id='word_1_100' title='bbox 804 2053 1346 2144; x_wconf 76' lang='lat' dir='ltr'><strong>spiritualitatem</strong></span> <span class='ocrx_word' id='word_1_101' title='bbox 1396 2060 1683 2129; x_wconf 83' lang='lat' dir='ltr'><strong>naturoe,</strong></span> <span class='ocrx_word' id='word_1_102' title='bbox 1730 2072 1934 2142; x_wconf 89' lang='lat' dir='ltr'><strong>quam</strong></span> <span class='ocrx_word' id='word_1_103' title='bbox 1983 2057 2208 2116; x_wconf 92' lang='lat' dir='ltr'><strong>entem</strong></span> 
     </span>
     <span class='ocr_line' id='line_1_22' title="bbox 663 2160 2207 2228; baseline -0.003 0"><span class='ocrx_word' id='word_1_104' title='bbox 663 2162 744 2228; x_wconf 89' lang='lat' dir='ltr'><strong>ab</strong></span> <span class='ocrx_word' id='word_1_105' title='bbox 788 2161 972 2228; x_wconf 83' lang='lat' dir='ltr'><strong>ulio:</strong></span> <span class='ocrx_word' id='word_1_106' title='bbox 1044 2160 1301 2228; x_wconf 88' lang='lat' dir='ltr'><strong>donum</strong></span> <span class='ocrx_word' id='word_1_107' title='bbox 1350 2168 1578 2227; x_wconf 84' lang='lat' dir='ltr'><strong>autem</strong></span> <span class='ocrx_word' id='word_1_108' title='bbox 1627 2161 1696 2226; x_wconf 91' lang='lat' dir='ltr'><strong>in</strong></span> <span class='ocrx_word' id='word_1_109' title='bbox 1755 2180 1880 2226; x_wconf 92' lang='lat' dir='ltr'><strong>suo</strong></span> <span class='ocrx_word' id='word_1_110' title='bbox 1932 2160 2207 2225; x_wconf 91' lang='lat' dir='ltr'><strong>nomine</strong></span> 
     </span>
     <span class='ocr_line' id='line_1_23' title="bbox 662 2265 1566 2334; baseline 0 0"><span class='ocrx_word' id='word_1_111' title='bbox 662 2289 782 2334; x_wconf 92' lang='lat' dir='ltr'><strong>ens</strong></span> <span class='ocrx_word' id='word_1_112' title='bbox 812 2265 895 2333; x_wconf 89' lang='lat' dir='ltr'><strong>ab</strong></span> <span class='ocrx_word' id='word_1_113' title='bbox 945 2266 1079 2333; x_wconf 84' lang='lat' dir='ltr'><strong>alio</strong></span> <span class='ocrx_word' id='word_1_114' title='bbox 1130 2265 1566 2334; x_wconf 78' lang='lat' dir='ltr'><strong>determinat.</strong></span> 
     </span>
    </p>

    <p class='ocr_par' dir='ltr' id='par_1_9' title="bbox 666 2370 2216 2978">
     <span class='ocr_line' id='line_1_24' title="bbox 751 2370 2209 2464; baseline -0.003 -24"><span class='ocrx_word' id='word_1_115' title='bbox 751 2376 855 2440; x_wconf 82' lang='lat' dir='ltr'><strong>An</strong></span> <span class='ocrx_word' id='word_1_116' title='bbox 888 2397 951 2441; x_wconf 86' lang='grc' dir='ltr'><strong>ιο</strong></span> <span class='ocrx_word' id='word_1_117' title='bbox 982 2373 1167 2464; x_wconf 89' lang='lat' dir='ltr'><strong>quod</strong></span> <span class='ocrx_word' id='word_1_118' title='bbox 1196 2383 1430 2442; x_wconf 89' lang='lat' dir='ltr'><strong>contra</strong></span> <span class='ocrx_word' id='word_1_119' title='bbox 1472 2371 1817 2463; x_wconf 88' lang='lat' dir='ltr'><strong>objicitur,</strong></span> <span class='ocrx_word' id='word_1_120' title='bbox 1851 2370 2209 2439; x_wconf 90' lang='lat' dir='ltr'><strong>dicendum</strong></span> 
     </span>
     <span class='ocr_line' id='line_1_25' title="bbox 667 2480 2213 2573; baseline -0.002 -26"><span class='ocrx_word' id='word_1_121' title='bbox 667 2481 851 2573; x_wconf 90' lang='lat' dir='ltr'><strong>quod</strong></span> <span class='ocrx_word' id='word_1_122' title='bbox 898 2481 1053 2548; x_wconf 88' lang='lat' dir='ltr'><strong>licet</strong></span> <span class='ocrx_word' id='word_1_123' title='bbox 1108 2480 1364 2548; x_wconf 90' lang='lat' dir='ltr'><strong>donum</strong></span> <span class='ocrx_word' id='word_1_124' title='bbox 1405 2480 1620 2572; x_wconf 83' lang='lat' dir='ltr'><strong>possit</strong></span> <span class='ocrx_word' id='word_1_125' title='bbox 1664 2501 1808 2547; x_wconf 90' lang='lat' dir='ltr'><strong>esse</strong></span> <span class='ocrx_word' id='word_1_126' title='bbox 1867 2501 2006 2545; x_wconf 91' lang='lat' dir='ltr'><strong>non</strong></span> <span class='ocrx_word' id='word_1_127' title='bbox 2056 2499 2213 2568; x_wconf 90' lang='lat' dir='ltr'><strong>per-</strong></span> 
     </span>
     <span class='ocr_line' id='line_1_26' title="bbox 666 2585 2214 2677; baseline -0.003 -22"><span class='ocrx_word' id='word_1_128' title='bbox 666 2610 834 2655; x_wconf 87' lang='lat' dir='ltr'><strong>sona</strong></span> <span class='ocrx_word' id='word_1_129' title='bbox 894 2587 1288 2677; x_wconf 74' lang='lat' dir='ltr'><strong>procedens,</strong></span> <span class='ocrx_word' id='word_1_130' title='bbox 1360 2595 1591 2654; x_wconf 87' lang='lat' dir='ltr'><strong>tamen</strong></span> <span class='ocrx_word' id='word_1_131' title='bbox 1652 2587 1721 2652; x_wconf 92' lang='lat' dir='ltr'><strong>in</strong></span> <span class='ocrx_word' id='word_1_132' title='bbox 1781 2585 2029 2652; x_wconf 87' lang='lat' dir='ltr'><strong>divinis</strong></span> <span class='ocrx_word' id='word_1_133' title='bbox 2082 2586 2214 2675; x_wconf 91' lang='lat' dir='ltr'><strong>pri-</strong></span> 
     </span>
     <span class='ocr_line' id='line_1_27' title="bbox 669 2693 2214 2785; baseline -0.003 -22"><span class='ocrx_word' id='word_1_134' title='bbox 669 2718 857 2763; x_wconf 91' lang='lat' dir='ltr'><strong>mum</strong></span> <span class='ocrx_word' id='word_1_135' title='bbox 888 2694 1145 2763; x_wconf 86' lang='lat' dir='ltr'><strong>donum</strong></span> <span class='ocrx_word' id='word_1_136' title='bbox 1180 2717 1316 2763; x_wconf 93' lang='lat' dir='ltr'><strong>non</strong></span> <span class='ocrx_word' id='word_1_137' title='bbox 1351 2702 1566 2785; x_wconf 90' lang='lat' dir='ltr'><strong>potest</strong></span> <span class='ocrx_word' id='word_1_138' title='bbox 1605 2716 1753 2762; x_wconf 91' lang='lat' dir='ltr'><strong>esse</strong></span> <span class='ocrx_word' id='word_1_139' title='bbox 1795 2693 1923 2760; x_wconf 89' lang='lat' dir='ltr'><strong>nisi</strong></span> <span class='ocrx_word' id='word_1_140' title='bbox 1976 2714 2214 2781; x_wconf 88' lang='lat' dir='ltr'><strong>perso-</strong></span> 
     </span>
     <span class='ocr_line' id='line_1_28' title="bbox 670 2799 2216 2892; baseline -0.004 -22"><span class='ocrx_word' id='word_1_141' title='bbox 670 2825 756 2870; x_wconf 87' lang='lat' dir='ltr'><strong>na</strong></span> <span class='ocrx_word' id='word_1_142' title='bbox 812 2801 1218 2892; x_wconf 79' lang='lat' dir='ltr'><strong>procedens:</strong></span> <span class='ocrx_word' id='word_1_143' title='bbox 1280 2810 1345 2870; x_wconf 88' lang='lat' dir='ltr'><strong>et</strong></span> <span class='ocrx_word' id='word_1_144' title='bbox 1405 2800 1534 2869; x_wconf 85' lang='lat' dir='ltr'><strong>hoc</strong></span> <span class='ocrx_word' id='word_1_145' title='bbox 1573 2799 1857 2869; x_wconf 88' lang='lat' dir='ltr'><strong>attendit</strong></span> <span class='ocrx_word' id='word_1_146' title='bbox 1896 2799 2216 2889; x_wconf 80' lang='lat' dir='ltr'><strong>Augusti·</strong></span> 
     </span>
     <span class='ocr_line' id='line_1_29' title="bbox 673 2933 828 2978; baseline -0.013 0"><span class='ocrx_word' id='word_1_147' title='bbox 673 2933 828 2978; x_wconf 89' lang='lat' dir='ltr'><strong>nus.</strong></span> 
     </span>
    </p>

    <p class='ocr_par' dir='ltr' id='par_1_10' title="bbox 661 3015 2215 4182">
     <span class='ocr_line' id='line_1_30' title="bbox 758 3015 2215 3108; baseline -0.002 -23"><span class='ocrx_word' id='word_1_148' title='bbox 758 3019 862 3086; x_wconf 81' lang='lat' dir='ltr'><strong>An</strong></span> <span class='ocrx_word' id='word_1_149' title='bbox 899 3041 1096 3087; x_wconf 68' lang='lat' dir='ltr'><strong>Auru</strong></span> <span class='ocrx_word' id='word_1_150' title='bbox 1134 3018 1492 3085; x_wconf 88' lang='lat' dir='ltr'><strong>dicendum</strong></span> <span class='ocrx_word' id='word_1_151' title='bbox 1525 3015 1711 3108; x_wconf 90' lang='lat' dir='ltr'><strong>quod</strong></span> <span class='ocrx_word' id='word_1_152' title='bbox 1743 3015 2033 3107; x_wconf 87' lang='lat' dir='ltr'><strong>Spiritus</strong></span> <span class='ocrx_word' id='word_1_153' title='bbox 2061 3038 2215 3083; x_wconf 85' lang='lat' dir='ltr'><strong>san·</strong></span> 
     </span>
     <span class='ocr_line' id='line_1_31' title="bbox 667 3125 2206 3216; baseline -0.002 -22"><span class='ocrx_word' id='word_1_154' title='bbox 667 3135 814 3194; x_wconf 85' lang='lat' dir='ltr'><strong>ctus</strong></span> <span class='ocrx_word' id='word_1_155' title='bbox 845 3135 918 3194; x_wconf 86' lang='lat' dir='ltr'><strong>ut</strong></span> <span class='ocrx_word' id='word_1_156' title='bbox 960 3129 1024 3193; x_wconf 92' lang='lat' dir='ltr'><strong>in</strong></span> <span class='ocrx_word' id='word_1_157' title='bbox 1073 3126 1199 3194; x_wconf 82' lang='lat' dir='ltr'><strong>hoc</strong></span> <span class='ocrx_word' id='word_1_158' title='bbox 1253 3126 1526 3193; x_wconf 88' lang='lat' dir='ltr'><strong>nomine</strong></span> <span class='ocrx_word' id='word_1_159' title='bbox 1565 3125 2014 3216; x_wconf 75' lang='lat' dir='ltr'><strong>significatur,</strong></span> <span class='ocrx_word' id='word_1_160' title='bbox 2068 3145 2206 3191; x_wconf 90' lang='lat' dir='ltr'><strong>non</strong></span> 
     </span>
     <span class='ocr_line' id='line_1_32' title="bbox 665 3231 2211 3324; baseline 0 -25"><span class='ocrx_word' id='word_1_161' title='bbox 665 3236 1084 3323; x_wconf 77' lang='lat' dir='ltr'><strong>significatur</strong></span> <span class='ocrx_word' id='word_1_162' title='bbox 1114 3244 1183 3302; x_wconf 92' lang='lat' dir='ltr'><strong>ut</strong></span> <span class='ocrx_word' id='word_1_163' title='bbox 1225 3255 1515 3324; x_wconf 84' lang='lat' dir='ltr'><strong>persona</strong></span> <span class='ocrx_word' id='word_1_164' title='bbox 1543 3256 1664 3301; x_wconf 91' lang='lat' dir='ltr'><strong>ens</strong></span> <span class='ocrx_word' id='word_1_165' title='bbox 1693 3231 1776 3299; x_wconf 92' lang='lat' dir='ltr'><strong>ab</strong></span> <span class='ocrx_word' id='word_1_166' title='bbox 1834 3231 2006 3300; x_wconf 86' lang='lat' dir='ltr'><strong>alio:</strong></span> <span class='ocrx_word' id='word_1_167' title='bbox 2051 3232 2211 3322; x_wconf 88' lang='lat' dir='ltr'><strong>quia</strong></span> 
     </span>
     <span class='ocr_line' id='line_1_33' title="bbox 665 3338 2213 3430; baseline -0.001 -25"><span class='ocrx_word' id='word_1_168' title='bbox 665 3342 882 3430; x_wconf 81' lang='lat' dir='ltr'><strong>magis</strong></span> <span class='ocrx_word' id='word_1_169' title='bbox 915 3339 1028 3407; x_wconf 81' lang='lat' dir='ltr'><strong>ina</strong></span> <span class='ocrx_word' id='word_1_170' title='bbox 1060 3340 1337 3407; x_wconf 87' lang='lat' dir='ltr'><strong>nomina</strong></span> <span class='ocrx_word' id='word_1_171' title='bbox 1366 3338 1599 3406; x_wconf 86' lang='lat' dir='ltr'><strong>dicunt</strong></span> <span class='ocrx_word' id='word_1_172' title='bbox 1629 3346 1889 3406; x_wconf 81' lang='lat' dir='ltr'><strong>naturae</strong></span> <span class='ocrx_word' id='word_1_173' title='bbox 1914 3338 2213 3428; x_wconf 88' lang='lat' dir='ltr'><strong>proprie·</strong></span> 
     </span>
     <span class='ocr_line' id='line_1_34' title="bbox 661 3447 2204 3537; baseline -0.001 -24"><span class='ocrx_word' id='word_1_174' title='bbox 661 3456 868 3515; x_wconf 87' lang='lat' dir='ltr'><strong>tatem</strong></span> <span class='ocrx_word' id='word_1_175' title='bbox 929 3456 1001 3515; x_wconf 94' lang='lat' dir='ltr'><strong>ut</strong></span> <span class='ocrx_word' id='word_1_176' title='bbox 1056 3447 1484 3526; x_wconf 85' lang='lat' dir='ltr'><strong>attributum,</strong></span> <span class='ocrx_word' id='word_1_177' title='bbox 1537 3468 1742 3537; x_wconf 84' lang='lat' dir='ltr'><strong>quam</strong></span> <span class='ocrx_word' id='word_1_178' title='bbox 1821 3468 2204 3537; x_wconf 88' lang='lat' dir='ltr'><strong>personam.</strong></span> 
     </span>
     <span class='ocr_line' id='line_1_35' title="bbox 664 3552 2204 3646; baseline -0.001 -23"><span class='ocrx_word' id='word_1_179' title='bbox 664 3554 856 3623; x_wconf 88' lang='lat' dir='ltr'><strong>Unde</strong></span> <span class='ocrx_word' id='word_1_180' title='bbox 895 3554 1150 3623; x_wconf 89' lang='lat' dir='ltr'><strong>dictum</strong></span> <span class='ocrx_word' id='word_1_181' title='bbox 1191 3564 1291 3623; x_wconf 89' lang='lat' dir='ltr'><strong>est</strong></span> <span class='ocrx_word' id='word_1_182' title='bbox 1331 3578 1560 3646; x_wconf 86' lang='lat' dir='ltr'><strong>supra,</strong></span> <span class='ocrx_word' id='word_1_183' title='bbox 1605 3555 1788 3646; x_wconf 89' lang='lat' dir='ltr'><strong>quod</strong></span> <span class='ocrx_word' id='word_1_184' title='bbox 1851 3553 1980 3622; x_wconf 84' lang='lat' dir='ltr'><strong>hoc</strong></span> <span class='ocrx_word' id='word_1_185' title='bbox 2018 3552 2204 3644; x_wconf 90' lang='lat' dir='ltr'><strong>quod</strong></span> 
     </span>
     <span class='ocr_line' id='line_1_36' title="bbox 661 3661 2212 3743; baseline -0.002 -13"><span class='ocrx_word' id='word_1_186' title='bbox 661 3664 974 3730; x_wconf 78' lang='lat' dir='ltr'><strong>convenit</strong></span> <span class='ocrx_word' id='word_1_187' title='bbox 1005 3661 1337 3730; x_wconf 84' lang='lat' dir='ltr'><strong>ambobus</strong></span> <span class='ocrx_word' id='word_1_188' title='bbox 1383 3663 1862 3743; x_wconf 84' lang='lat' dir='ltr'><strong>communiter,</strong></span> <span class='ocrx_word' id='word_1_189' title='bbox 1909 3661 2212 3729; x_wconf 85' lang='lat' dir='ltr'><strong>attribui-</strong></span> 
     </span>
     <span class='ocr_line' id='line_1_37' title="bbox 663 3768 2213 3860; baseline -0.001 -24"><span class='ocrx_word' id='word_1_190' title='bbox 663 3780 772 3838; x_wconf 86' lang='lat' dir='ltr'><strong>tur</strong></span> <span class='ocrx_word' id='word_1_191' title='bbox 800 3771 858 3837; x_wconf 90' lang='lat' dir='ltr'><strong>ei</strong></span> <span class='ocrx_word' id='word_1_192' title='bbox 913 3770 1209 3860; x_wconf 83' lang='lat' dir='ltr'><strong>proprie,</strong></span> <span class='ocrx_word' id='word_1_193' title='bbox 1265 3792 1345 3837; x_wconf 89' lang='lat' dir='ltr'><strong>eo</strong></span> <span class='ocrx_word' id='word_1_194' title='bbox 1386 3769 1570 3860; x_wconf 88' lang='lat' dir='ltr'><strong>quod</strong></span> <span class='ocrx_word' id='word_1_195' title='bbox 1612 3769 1912 3860; x_wconf 82' lang='lat' dir='ltr'><strong>procedit</strong></span> <span class='ocrx_word' id='word_1_196' title='bbox 1944 3768 2028 3836; x_wconf 85' lang='lat' dir='ltr'><strong>ab</strong></span> <span class='ocrx_word' id='word_1_197' title='bbox 2069 3791 2213 3836; x_wconf 88' lang='lat' dir='ltr'><strong>am-</strong></span> 
     </span>
     <span class='ocr_line' id='line_1_38' title="bbox 664 3877 2207 3945; baseline 0 -2"><span class='ocrx_word' id='word_1_198' title='bbox 664 3877 922 3945; x_wconf 85' lang='lat' dir='ltr'><strong>bobus:</strong></span> <span class='ocrx_word' id='word_1_199' title='bbox 967 3898 1101 3943; x_wconf 89' lang='lat' dir='ltr'><strong>non</strong></span> <span class='ocrx_word' id='word_1_200' title='bbox 1163 3884 1388 3944; x_wconf 87' lang='lat' dir='ltr'><strong>autem</strong></span> <span class='ocrx_word' id='word_1_201' title='bbox 1439 3879 1612 3944; x_wconf 89' lang='lat' dir='ltr'><strong>ratio</strong></span> <span class='ocrx_word' id='word_1_202' title='bbox 1670 3877 1832 3944; x_wconf 86' lang='lat' dir='ltr'><strong>doni</strong></span> <span class='ocrx_word' id='word_1_203' title='bbox 1889 3878 2207 3945; x_wconf 82' lang='lat' dir='ltr'><strong>convenit</strong></span> 
     </span>
     <span class='ocr_line' id='line_1_39' title="bbox 662 3981 2208 4074; baseline 0.001 -24"><span class='ocrx_word' id='word_1_204' title='bbox 662 3983 995 4050; x_wconf 83' lang='lat' dir='ltr'><strong>ambobus</strong></span> <span class='ocrx_word' id='word_1_205' title='bbox 1031 4006 1044 4049; x_wconf 93' lang='lat'>:</span> <span class='ocrx_word' id='word_1_206' title='bbox 1081 3983 1198 4051; x_wconf 87' lang='lat' dir='ltr'><strong>sed</strong></span> <span class='ocrx_word' id='word_1_207' title='bbox 1232 3985 1322 4050; x_wconf 84' lang='lat' dir='ltr'><strong>ita</strong></span> <span class='ocrx_word' id='word_1_208' title='bbox 1370 3985 1693 4051; x_wconf 75' lang='lat' dir='ltr'><strong>convenit</strong></span> <span class='ocrx_word' id='word_1_209' title='bbox 1727 3981 2011 4074; x_wconf 87' lang='lat' dir='ltr'><strong>Spiritui</strong></span> <span class='ocrx_word' id='word_1_210' title='bbox 2051 4005 2208 4051; x_wconf 86' lang='lat' dir='ltr'><strong>san·</strong></span> 
     </span>
     <span class='ocr_line' id='line_1_40' title="bbox 662 4090 1847 4182; baseline -0.001 -23"><span class='ocrx_word' id='word_1_211' title='bbox 662 4102 793 4169; x_wconf 86' lang='lat' dir='ltr'><strong>cto,</strong></span> <span class='ocrx_word' id='word_1_212' title='bbox 830 4090 1013 4182; x_wconf 85' lang='lat' dir='ltr'><strong>quod</strong></span> <span class='ocrx_word' id='word_1_213' title='bbox 1059 4116 1191 4159; x_wconf 80' lang='lat' dir='ltr'><strong>non</strong></span> <span class='ocrx_word' id='word_1_214' title='bbox 1238 4092 1444 4171; x_wconf 76' lang='lat' dir='ltr'><strong>Patri,</strong></span> <span class='ocrx_word' id='word_1_215' title='bbox 1486 4091 1594 4159; x_wconf 81' lang='lat' dir='ltr'><strong>vel</strong></span> <span class='ocrx_word' id='word_1_216' title='bbox 1649 4091 1847 4160; x_wconf 77' lang='lat' dir='ltr'><strong>Filio.</strong></span> 
     </span>
    </p>

    <p class='ocr_par' dir='ltr' id='par_1_11' title="bbox 665 4199 2206 4717">
     <span class='ocr_line' id='line_1_41' title="bbox 752 4199 2206 4289; baseline 0.001 -24"><span class='ocrx_word' id='word_1_217' title='bbox 752 4200 855 4265; x_wconf 77' lang='lat' dir='ltr'><strong>An</strong></span> <span class='ocrx_word' id='word_1_218' title='bbox 903 4223 1098 4265; x_wconf 66' lang='lat' dir='ltr'><strong>Auru</strong></span> <span class='ocrx_word' id='word_1_219' title='bbox 1136 4199 1517 4275; x_wconf 83' lang='lat' dir='ltr'><strong>dicendum,</strong></span> <span class='ocrx_word' id='word_1_220' title='bbox 1577 4199 1760 4289; x_wconf 89' lang='lat' dir='ltr'><strong>quod</strong></span> <span class='ocrx_word' id='word_1_221' title='bbox 1822 4199 2076 4267; x_wconf 81' lang='lat' dir='ltr'><strong>donum</strong></span> <span class='ocrx_word' id='word_1_222' title='bbox 2137 4201 2206 4267; x_wconf 91' lang='lat' dir='ltr'><strong>in</strong></span> 
     </span>
     <span class='ocr_line' id='line_1_42' title="bbox 668 4305 2205 4395; baseline 0.001 -23"><span class='ocrx_word' id='word_1_223' title='bbox 668 4307 924 4372; x_wconf 78' lang='lat' dir='ltr'><strong>ratione</strong></span> <span class='ocrx_word' id='word_1_224' title='bbox 960 4307 1156 4395; x_wconf 83' lang='lat' dir='ltr'><strong>primi</strong></span> <span class='ocrx_word' id='word_1_225' title='bbox 1196 4306 1352 4373; x_wconf 88' lang='lat' dir='ltr'><strong>doni</strong></span> <span class='ocrx_word' id='word_1_226' title='bbox 1388 4305 1811 4395; x_wconf 89' lang='lat' dir='ltr'><strong>procedentis</strong></span> <span class='ocrx_word' id='word_1_227' title='bbox 1856 4329 1993 4373; x_wconf 91' lang='lat' dir='ltr'><strong>non</strong></span> <span class='ocrx_word' id='word_1_228' title='bbox 2032 4329 2205 4373; x_wconf 93' lang='lat' dir='ltr'><strong>con-</strong></span> 
     </span>
     <span class='ocr_line' id='line_1_43' title="bbox 668 4412 2196 4503; baseline 0.003 -26"><span class='ocrx_word' id='word_1_229' title='bbox 668 4413 849 4479; x_wconf 80' lang='lat' dir='ltr'><strong>venit</strong></span> <span class='ocrx_word' id='word_1_230' title='bbox 892 4412 1083 4489; x_wconf 64' lang='lat' dir='ltr'><strong>Pilio,</strong></span> <span class='ocrx_word' id='word_1_231' title='bbox 1145 4436 1264 4479; x_wconf 84' lang='lat' dir='ltr'><strong>uec</strong></span> <span class='ocrx_word' id='word_1_232' title='bbox 1308 4413 1552 4503; x_wconf 86' lang='lat' dir='ltr'><strong>primo,</strong></span> <span class='ocrx_word' id='word_1_233' title='bbox 1612 4435 1736 4481; x_wconf 88' lang='lat' dir='ltr'><strong>nec</strong></span> <span class='ocrx_word' id='word_1_234' title='bbox 1792 4435 1909 4503; x_wconf 85' lang='lat' dir='ltr'><strong>per</strong></span> <span class='ocrx_word' id='word_1_235' title='bbox 1963 4437 2196 4481; x_wconf 91' lang='lat' dir='ltr'><strong>conse·</strong></span> 
     </span>
     <span class='ocr_line' id='line_1_44' title="bbox 665 4519 2204 4611; baseline 0.003 -26"><span class='ocrx_word' id='word_1_236' title='bbox 665 4537 920 4611; x_wconf 87' lang='lat' dir='ltr'><strong>quens:</strong></span> <span class='ocrx_word' id='word_1_237' title='bbox 957 4519 1071 4586; x_wconf 88' lang='lat' dir='ltr'><strong>sed</strong></span> <span class='ocrx_word' id='word_1_238' title='bbox 1115 4522 1280 4587; x_wconf 75' lang='lat' dir='ltr'><strong>ratio</strong></span> <span class='ocrx_word' id='word_1_239' title='bbox 1312 4519 1446 4586; x_wconf 79' lang='lat' dir='ltr'><strong>dati</strong></span> <span class='ocrx_word' id='word_1_240' title='bbox 1479 4528 1701 4610; x_wconf 87' lang='lat' dir='ltr'><strong>potest</strong></span> <span class='ocrx_word' id='word_1_241' title='bbox 1744 4521 1803 4587; x_wconf 89' lang='lat' dir='ltr'><strong>ei</strong></span> <span class='ocrx_word' id='word_1_242' title='bbox 1840 4544 1957 4610; x_wconf 88' lang='lat' dir='ltr'><strong>per</strong></span> <span class='ocrx_word' id='word_1_243' title='bbox 1973 4544 2204 4590; x_wconf 89' lang='lat' dir='ltr'><strong>conse·</strong></span> 
     </span>
     <span class='ocr_line' id='line_1_45' title="bbox 665 4629 1823 4717; baseline 0.002 -26"><span class='ocrx_word' id='word_1_244' title='bbox 665 4649 879 4717; x_wconf 83' lang='lat' dir='ltr'><strong>quens</strong></span> <span class='ocrx_word' id='word_1_245' title='bbox 910 4636 974 4694; x_wconf 85' lang='lat' dir='ltr'><strong>et</strong></span> <span class='ocrx_word' id='word_1_246' title='bbox 1007 4650 1145 4694; x_wconf 87' lang='lat' dir='ltr'><strong>uon</strong></span> <span class='ocrx_word' id='word_1_247' title='bbox 1178 4651 1295 4717; x_wconf 82' lang='lat' dir='ltr'><strong>per</strong></span> <span class='ocrx_word' id='word_1_248' title='bbox 1332 4651 1402 4694; x_wconf 86' lang='lat' dir='ltr'><strong>se</strong></span> <span class='ocrx_word' id='word_1_249' title='bbox 1431 4629 1823 4696; x_wconf 76' lang='lat' dir='ltr'><strong>convenire.</strong></span> 
     </span>
    </p>
   </div>
   <div class='ocr_carea' id='block_1_7' title="bbox 758 5611 1459 5687">
    <p class='ocr_par' dir='ltr' id='par_1_12' title="bbox 758 5611 1459 5687">
     <span class='ocr_line' id='line_1_46' title="bbox 758 5611 1459 5687; baseline 0.01 -19"><span class='ocrx_word' id='word_1_250' title='bbox 758 5613 775 5649; x_wconf 82' lang='lat'><strong>¹</strong></span> <span class='ocrx_word' id='word_1_251' title='bbox 806 5611 890 5669; x_wconf 80' lang='lat' dir='ltr'><strong>Cf.</strong></span> <span class='ocrx_word' id='word_1_252' title='bbox 923 5613 1129 5687; x_wconf 85' lang='lat' dir='ltr'><strong>Supra,</strong></span> <span class='ocrx_word' id='word_1_253' title='bbox 1167 5616 1312 5675; x_wconf 84' lang='lat' dir='ltr'><strong>nist.</strong></span> <span class='ocrx_word' id='word_1_254' title='bbox 1343 5616 1459 5675; x_wconf 78' lang='lat' dir='ltr'><strong>XV.</strong></span> 
     </span>
    </p>
   </div>
   <div class='ocr_carea' id='block_1_8' title="bbox 1659 267 2260 342">
    <p class='ocr_par' dir='ltr' id='par_1_13' title="bbox 1659 267 2260 342">
     <span class='ocr_line' id='line_1_47' title="bbox 1659 267 2260 342; baseline -0.015 1"><span class='ocrx_word' id='word_1_255' title='bbox 1659 279 1739 342; x_wconf 74' lang='lat'><strong>1).</strong></span> <span class='ocrx_word' id='word_1_256' title='bbox 1793 271 1991 340; x_wconf 90' lang='lat' dir='ltr'><strong>ALB.</strong></span> <span class='ocrx_word' id='word_1_257' title='bbox 2044 267 2260 336; x_wconf 86' lang='lat' dir='ltr'><strong>MAG.</strong></span> 
     </span>
    </p>
   </div>
   <div class='ocr_carea' id='block_1_9' title="bbox 2313 262 2871 335">
    <p class='ocr_par' dir='ltr' id='par_1_14' title="bbox 2313 262 2871 335">
     <span class='ocr_line' id='line_1_48' title="bbox 2313 262 2871 335; baseline -0.009 0"><span class='ocrx_word' id='word_1_258' title='bbox 2313 266 2519 335; x_wconf 79' lang='lat' dir='ltr'><strong>ORD.</strong></span> <span class='ocrx_word' id='word_1_259' title='bbox 2572 262 2871 331; x_wconf 85' lang='lat' dir='ltr'><strong>PRAED.</strong></span> 
     </span>
    </p>
   </div>
   <div class='ocr_carea' id='block_1_10' title="bbox 2744 747 3420 817">
    <p class='ocr_par' dir='ltr' id='par_1_15' title="bbox 2744 747 3420 817">
     <span class='ocr_line' id='line_1_49' title="bbox 2744 747 3420 817; baseline -0.003 -2"><span class='ocrx_word' id='word_1_260' title='bbox 2744 747 3248 817; x_wconf 86' lang='lat' dir='ltr'>ARTICULUS</span> <span class='ocrx_word' id='word_1_261' title='bbox 3300 747 3420 815; x_wconf 80' lang='lat' dir='ltr'><strong>vl.</strong></span> 
     </span>
    </p>
   </div>
   <div class='ocr_carea' id='block_1_11' title="bbox 2318 961 3857 1138">
    <p class='ocr_par' dir='ltr' id='par_1_16' title="bbox 2318 961 3857 1138">
     <span class='ocr_line' id='line_1_50' title="bbox 2318 961 3857 1053; baseline -0.004 -19"><span class='ocrx_word' id='word_1_262' title='bbox 2318 969 2562 1034; x_wconf 80' lang='lat' dir='ltr'><strong>Utrum</strong></span> <span class='ocrx_word' id='word_1_263' title='bbox 2643 962 2872 1030; x_wconf 73' lang='lat' dir='ltr'><strong>Filius</strong></span> <span class='ocrx_word' id='word_1_264' title='bbox 2948 973 3170 1053; x_wconf 73' lang='lat' dir='ltr'><strong>polest</strong></span> <span class='ocrx_word' id='word_1_265' title='bbox 3249 965 3389 1031; x_wconf 72' lang='lat' dir='ltr'><strong>dici</strong></span> <span class='ocrx_word' id='word_1_266' title='bbox 3462 964 3711 1031; x_wconf 79' lang='lat' dir='ltr'><strong>datum</strong></span> <span class='ocrx_word' id='word_1_267' title='bbox 3771 961 3857 1028; x_wconf 85' lang='lat' dir='ltr'><strong>ab</strong></span> 
     </span>
     <span class='ocr_line' id='line_1_51' title="bbox 2917 1070 3263 1138; baseline -0.009 0"><span class='ocrx_word' id='word_1_268' title='bbox 2917 1081 3165 1138; x_wconf 78' lang='lat' dir='ltr'><strong>aeterno</strong></span> <span class='ocrx_word' id='word_1_269' title='bbox 3222 1070 3263 1135; x_wconf 71' lang='grc' dir='ltr'><em>Ρ</em></span> 
     </span>
    </p>
   </div>
   <div class='ocr_carea' id='block_1_12' title="bbox 2310 1388 3877 5487">
    <p class='ocr_par' dir='ltr' id='par_1_17' title="bbox 2315 1388 3875 1809">
     <span class='ocr_line' id='line_1_52' title="bbox 2404 1388 3863 1483; baseline -0.005 -22"><span class='ocrx_word' id='word_1_270' title='bbox 2404 1392 2662 1461; x_wconf 84' lang='lat' dir='ltr'><strong>Deinde</strong></span> <span class='ocrx_word' id='word_1_271' title='bbox 2693 1392 3019 1483; x_wconf 85' lang='lat' dir='ltr'><strong>quaeritur</strong></span> <span class='ocrx_word' id='word_1_272' title='bbox 3046 1390 3128 1458; x_wconf 90' lang='lat' dir='ltr'><strong>de</strong></span> <span class='ocrx_word' id='word_1_273' title='bbox 3157 1390 3289 1457; x_wconf 89' lang='lat' dir='ltr'><strong>hoc</strong></span> <span class='ocrx_word' id='word_1_274' title='bbox 3320 1388 3507 1480; x_wconf 92' lang='lat' dir='ltr'><strong>quod</strong></span> <span class='ocrx_word' id='word_1_275' title='bbox 3546 1389 3731 1472; x_wconf 82' lang='lat' dir='ltr'><strong>dicit,</strong></span> <span class='ocrx_word' id='word_1_276' title='bbox 3776 1388 3863 1468; x_wconf 79' lang='lat' dir='ltr'><strong>E,</strong></span> 
     </span>
     <span class='ocr_line' id='line_1_53' title="bbox 2315 1499 3868 1593; baseline -0.003 -25"><span class='ocrx_word' id='word_1_277' title='bbox 2315 1527 2349 1568; x_wconf 70' lang='lat' dir='ltr'><strong>cx</strong></span> <span class='ocrx_word' id='word_1_278' title='bbox 2391 1503 2696 1593; x_wconf 75' lang='lat' dir='ltr'><strong>Spiritus</strong></span> <span class='ocrx_word' id='word_1_279' title='bbox 2711 1510 3070 1569; x_wconf 80' lang='lat' dir='ltr'><strong>sanctus...</strong></span> <span class='ocrx_word' id='word_1_280' title='bbox 3098 1499 3185 1567; x_wconf 85' lang='lat' dir='ltr'><strong>ab</strong></span> <span class='ocrx_word' id='word_1_281' title='bbox 3208 1500 3593 1567; x_wconf 63' lang='lat' dir='ltr'><strong>aeternitate</strong></span> <span class='ocrx_word' id='word_1_282' title='bbox 3619 1519 3868 1588; x_wconf 79' lang='lat' dir='ltr'><strong>proce-</strong></span> 
     </span>
     <span class='ocr_line' id='line_1_54' title="bbox 2316 1608 3875 1701; baseline -0.003 -23"><span class='ocrx_word' id='word_1_283' title='bbox 2316 1612 2440 1678; x_wconf 81' lang='lat' dir='ltr'><strong>dit.</strong></span> <span class='ocrx_word' id='word_1_284' title='bbox 2474 1611 2615 1679; x_wconf 87' lang='lat' dir='ltr'><strong>Sed</strong></span> <span class='ocrx_word' id='word_1_285' title='bbox 2634 1612 2802 1701; x_wconf 82' lang='lat' dir='ltr'><strong>quia</strong></span> <span class='ocrx_word' id='word_1_286' title='bbox 2820 1612 2919 1678; x_wconf 82' lang='lat' dir='ltr'><strong>sic</strong></span> <span class='ocrx_word' id='word_1_287' title='bbox 2939 1608 3349 1700; x_wconf 80' lang='lat' dir='ltr'><strong>procedebat</strong></span> <span class='ocrx_word' id='word_1_288' title='bbox 3371 1618 3448 1676; x_wconf 81' lang='lat' dir='ltr'><strong>ul</strong></span> <span class='ocrx_word' id='word_1_289' title='bbox 3474 1616 3640 1676; x_wconf 77' lang='lat' dir='ltr'><strong>esset</strong></span> <span class='ocrx_word' id='word_1_290' title='bbox 3659 1608 3875 1674; x_wconf 81' lang='lat' dir='ltr'><strong>dona-</strong></span> 
     </span>
     <span class='ocr_line' id='line_1_55' title="bbox 2317 1720 3428 1809; baseline -0.005 -21"><span class='ocrx_word' id='word_1_291' title='bbox 2317 1720 2477 1799; x_wconf 84' lang='lat' dir='ltr'><strong>bile,</strong></span> <span class='ocrx_word' id='word_1_292' title='bbox 2498 1720 2660 1809; x_wconf 85' lang='lat' dir='ltr'><strong>jam</strong></span> <span class='ocrx_word' id='word_1_293' title='bbox 2710 1720 2969 1787; x_wconf 81' lang='lat' dir='ltr'><strong>donum</strong></span> <span class='ocrx_word' id='word_1_294' title='bbox 3008 1728 3181 1798; x_wconf 83' lang='lat' dir='ltr'><strong>erat,</strong></span> <span class='ocrx_word' id='word_1_295' title='bbox 3222 1727 3354 1787; x_wconf 92' lang='lat' dir='ltr'><strong>etc.</strong></span> <span class='ocrx_word' id='word_1_296' title='bbox 3394 1744 3428 1783; x_wconf 72' lang='grc' dir='ltr'><strong>ι)</strong></span> 
     </span>
    </p>

    <p class='ocr_par' dir='ltr' id='par_1_18' title="bbox 2316 1826 3877 3414">
     <span class='ocr_line' id='line_1_56' title="bbox 2412 1826 3873 1919; baseline -0.001 -25"><span class='ocrx_word' id='word_1_297' title='bbox 2412 1830 2472 1895; x_wconf 90' lang='lat'><strong>1.</strong></span> <span class='ocrx_word' id='word_1_298' title='bbox 2519 1826 2803 1895; x_wconf 87' lang='lat' dir='ltr'><strong>Videtur</strong></span> <span class='ocrx_word' id='word_1_299' title='bbox 2842 1828 3052 1906; x_wconf 90' lang='lat' dir='ltr'><strong>enim,</strong></span> <span class='ocrx_word' id='word_1_300' title='bbox 3089 1826 3274 1919; x_wconf 90' lang='lat' dir='ltr'><strong>quod</strong></span> <span class='ocrx_word' id='word_1_301' title='bbox 3312 1826 3554 1894; x_wconf 85' lang='lat' dir='ltr'><strong>eadem</strong></span> <span class='ocrx_word' id='word_1_302' title='bbox 3613 1827 3873 1894; x_wconf 86' lang='lat' dir='ltr'><strong>ratione</strong></span> 
     </span>
     <span class='ocr_line' id='line_1_57' title="bbox 2317 1934 3873 2024; baseline -0.003 -19"><span class='ocrx_word' id='word_1_303' title='bbox 2317 1937 2526 2004; x_wconf 84' lang='lat' dir='ltr'><strong>Filius</strong></span> <span class='ocrx_word' id='word_1_304' title='bbox 2557 1936 2820 2003; x_wconf 88' lang='lat' dir='ltr'><strong>dicatur</strong></span> <span class='ocrx_word' id='word_1_305' title='bbox 2839 1935 3076 2003; x_wconf 87' lang='lat' dir='ltr'><strong>datum</strong></span> <span class='ocrx_word' id='word_1_306' title='bbox 3108 1934 3193 2002; x_wconf 89' lang='lat' dir='ltr'><strong>ab</strong></span> <span class='ocrx_word' id='word_1_307' title='bbox 3226 1943 3484 2003; x_wconf 84' lang='lat' dir='ltr'><strong>aeterno</strong></span> <span class='ocrx_word' id='word_1_308' title='bbox 3514 1958 3530 2001; x_wconf 90' lang='lat'>:</span> <span class='ocrx_word' id='word_1_309' title='bbox 3565 1934 3723 2024; x_wconf 89' lang='lat' dir='ltr'><strong>quia</strong></span> <span class='ocrx_word' id='word_1_310' title='bbox 3755 1942 3873 2001; x_wconf 85' lang='lat' dir='ltr'><strong>aut</strong></span> 
     </span>
     <span class='ocr_line' id='line_1_58' title="bbox 2316 2041 3859 2138; baseline -0.003 -23"><span class='ocrx_word' id='word_1_311' title='bbox 2316 2048 2412 2115; x_wconf 88' lang='lat' dir='ltr'><strong>sic</strong></span> <span class='ocrx_word' id='word_1_312' title='bbox 2450 2045 2718 2137; x_wconf 84' lang='lat' dir='ltr'><strong>genitus</strong></span> <span class='ocrx_word' id='word_1_313' title='bbox 2757 2052 2963 2112; x_wconf 83' lang='lat' dir='ltr'><strong>estut</strong></span> <span class='ocrx_word' id='word_1_314' title='bbox 2998 2045 3213 2135; x_wconf 90' lang='lat' dir='ltr'><strong>possit</strong></span> <span class='ocrx_word' id='word_1_315' title='bbox 3243 2041 3391 2138; x_wconf 79' lang='lat' dir='ltr'><strong>dari</strong></span> <span class='ocrx_word' id='word_1_316' title='bbox 3428 2044 3502 2110; x_wconf 89' lang='lat' dir='ltr'><strong>in</strong></span> <span class='ocrx_word' id='word_1_317' title='bbox 3527 2050 3859 2134; x_wconf 88' lang='lat' dir='ltr'><strong>tempore,</strong></span> 
     </span>
     <span class='ocr_line' id='line_1_59' title="bbox 2319 2150 3875 2241; baseline -0.003 -19"><span class='ocrx_word' id='word_1_318' title='bbox 2319 2164 2435 2223; x_wconf 90' lang='lat' dir='ltr'><strong>aut</strong></span> <span class='ocrx_word' id='word_1_319' title='bbox 2465 2176 2626 2221; x_wconf 91' lang='lat' dir='ltr'><strong>non.</strong></span> <span class='ocrx_word' id='word_1_320' title='bbox 2674 2151 2750 2220; x_wconf 90' lang='lat' dir='ltr'><strong>Si</strong></span> <span class='ocrx_word' id='word_1_321' title='bbox 2792 2173 2973 2221; x_wconf 91' lang='lat' dir='ltr'><strong>non:</strong></span> <span class='ocrx_word' id='word_1_322' title='bbox 3010 2172 3175 2241; x_wconf 79' lang='lat' dir='ltr'><strong>ergo</strong></span> <span class='ocrx_word' id='word_1_323' title='bbox 3212 2150 3511 2227; x_wconf 82' lang='lat' dir='ltr'><strong>videtur,</strong></span> <span class='ocrx_word' id='word_1_324' title='bbox 3548 2150 3733 2241; x_wconf 90' lang='lat' dir='ltr'><strong>quod</strong></span> <span class='ocrx_word' id='word_1_325' title='bbox 3763 2173 3875 2218; x_wconf 90' lang='lat' dir='ltr'><strong>re-</strong></span> 
     </span>
     <span class='ocr_line' id='line_1_60' title="bbox 2318 2258 3876 2356; baseline -0.003 -26"><span class='ocrx_word' id='word_1_326' title='bbox 2318 2265 2691 2356; x_wconf 79' lang='lat' dir='ltr'><strong>pugnantia</strong></span> <span class='ocrx_word' id='word_1_327' title='bbox 2721 2263 2809 2330; x_wconf 91' lang='lat' dir='ltr'><strong>sit</strong></span> <span class='ocrx_word' id='word_1_328' title='bbox 2851 2262 3111 2330; x_wconf 89' lang='lat' dir='ltr'><strong>dationi</strong></span> <span class='ocrx_word' id='word_1_329' title='bbox 3145 2284 3286 2329; x_wconf 82' lang='lat' dir='ltr'><strong>suoe</strong></span> <span class='ocrx_word' id='word_1_330' title='bbox 3326 2262 3396 2329; x_wconf 91' lang='lat' dir='ltr'><strong>in</strong></span> <span class='ocrx_word' id='word_1_331' title='bbox 3438 2269 3746 2351; x_wconf 87' lang='lat' dir='ltr'><strong>tempore</strong></span> <span class='ocrx_word' id='word_1_332' title='bbox 3790 2258 3876 2326; x_wconf 87' lang='lat' dir='ltr'><strong>ad</strong></span> 
     </span>
     <span class='ocr_line' id='line_1_61' title="bbox 2318 2366 3874 2464; baseline -0.006 -23"><span class='ocrx_word' id='word_1_333' title='bbox 2318 2373 2829 2464; x_wconf 80' lang='lat' dir='ltr'><strong>generationem</strong></span> <span class='ocrx_word' id='word_1_334' title='bbox 2889 2377 3267 2438; x_wconf 83' lang='lat' dir='ltr'><strong>aeternam:</strong></span> <span class='ocrx_word' id='word_1_335' title='bbox 3313 2378 3380 2437; x_wconf 88' lang='lat' dir='ltr'><strong>et</strong></span> <span class='ocrx_word' id='word_1_336' title='bbox 3447 2368 3579 2437; x_wconf 93' lang='lat' dir='ltr'><strong>hoc</strong></span> <span class='ocrx_word' id='word_1_337' title='bbox 3632 2366 3874 2435; x_wconf 78' lang='lat' dir='ltr'><strong>falsum</strong></span> 
     </span>
     <span class='ocr_line' id='line_1_62' title="bbox 2319 2472 3875 2572; baseline -0.004 -24"><span class='ocrx_word' id='word_1_338' title='bbox 2319 2488 2454 2548; x_wconf 88' lang='lat' dir='ltr'><strong>est:</strong></span> <span class='ocrx_word' id='word_1_339' title='bbox 2497 2480 2661 2570; x_wconf 89' lang='lat' dir='ltr'><strong>quin</strong></span> <span class='ocrx_word' id='word_1_340' title='bbox 2691 2480 2917 2572; x_wconf 91' lang='lat' dir='ltr'><strong>potius</strong></span> <span class='ocrx_word' id='word_1_341' title='bbox 2946 2476 3314 2545; x_wconf 84' lang='lat' dir='ltr'><strong>habuimus</strong></span> <span class='ocrx_word' id='word_1_342' title='bbox 3352 2498 3560 2567; x_wconf 89' lang='lat' dir='ltr'><strong>supra</strong></span> <span class='ocrx_word' id='word_1_343' title='bbox 3603 2475 3649 2559; x_wconf 87' lang='lat'><strong>¹,</strong></span> <span class='ocrx_word' id='word_1_344' title='bbox 3692 2472 3875 2565; x_wconf 88' lang='lat' dir='ltr'><strong>quod</strong></span> 
     </span>
     <span class='ocr_line' id='line_1_63' title="bbox 2319 2584 3872 2678; baseline -0.003 -25"><span class='ocrx_word' id='word_1_345' title='bbox 2319 2586 2593 2678; x_wconf 87' lang='lat' dir='ltr'><strong>quidam</strong></span> <span class='ocrx_word' id='word_1_346' title='bbox 2668 2584 2878 2654; x_wconf 89' lang='lat' dir='ltr'><strong>etiam</strong></span> <span class='ocrx_word' id='word_1_347' title='bbox 2952 2586 3468 2676; x_wconf 83' lang='lat' dir='ltr'><strong>generationem</strong></span> <span class='ocrx_word' id='word_1_348' title='bbox 3550 2594 3872 2650; x_wconf 83' lang='lat' dir='ltr'><strong>aeternam</strong></span> 
     </span>
     <span class='ocr_line' id='line_1_64' title="bbox 2320 2689 3877 2784; baseline -0.003 -22"><span class='ocrx_word' id='word_1_349' title='bbox 2320 2697 2716 2764; x_wconf 89' lang='lat' dir='ltr'><strong>missionem</strong></span> <span class='ocrx_word' id='word_1_350' title='bbox 2757 2693 3120 2763; x_wconf 87' lang='lat' dir='ltr'><strong>dicebant:</strong></span> <span class='ocrx_word' id='word_1_351' title='bbox 3155 2695 3319 2784; x_wconf 86' lang='lat' dir='ltr'><strong>quia</strong></span> <span class='ocrx_word' id='word_1_352' title='bbox 3349 2692 3467 2761; x_wconf 88' lang='lat' dir='ltr'><strong>dat</strong></span> <span class='ocrx_word' id='word_1_353' title='bbox 3514 2689 3877 2760; x_wconf 85' lang='lat' dir='ltr'><strong>habituali-</strong></span> 
     </span>
     <span class='ocr_line' id='line_1_65' title="bbox 2318 2801 3873 2895; baseline -0.003 -23"><span class='ocrx_word' id='word_1_354' title='bbox 2318 2812 2522 2873; x_wconf 90' lang='lat' dir='ltr'><strong>tatem</strong></span> <span class='ocrx_word' id='word_1_355' title='bbox 2569 2803 2653 2871; x_wconf 89' lang='lat' dir='ltr'><strong>ad</strong></span> <span class='ocrx_word' id='word_1_356' title='bbox 2700 2801 2833 2873; x_wconf 88' lang='lat' dir='ltr'><strong>hoc</strong></span> <span class='ocrx_word' id='word_1_357' title='bbox 2871 2803 3058 2895; x_wconf 87' lang='lat' dir='ltr'><strong>quod</strong></span> <span class='ocrx_word' id='word_1_358' title='bbox 3114 2803 3386 2893; x_wconf 83' lang='lat' dir='ltr'><strong>genitus</strong></span> <span class='ocrx_word' id='word_1_359' title='bbox 3442 2801 3661 2891; x_wconf 87' lang='lat' dir='ltr'><strong>possit</strong></span> <span class='ocrx_word' id='word_1_360' title='bbox 3728 2822 3873 2868; x_wconf 88' lang='lat' dir='ltr'><strong>esse</strong></span> 
     </span>
     <span class='ocr_line' id='line_1_66' title="bbox 2318 2904 3876 3002; baseline -0.002 -25"><span class='ocrx_word' id='word_1_361' title='bbox 2318 2913 2589 2990; x_wconf 89' lang='lat' dir='ltr'><strong>missus,</strong></span> <span class='ocrx_word' id='word_1_362' title='bbox 2641 2911 2802 3001; x_wconf 89' lang='lat' dir='ltr'><strong>quia</strong></span> <span class='ocrx_word' id='word_1_363' title='bbox 2846 2911 3119 3002; x_wconf 87' lang='lat' dir='ltr'><strong>genitus</strong></span> <span class='ocrx_word' id='word_1_364' title='bbox 3146 2917 3249 2978; x_wconf 86' lang='lat' dir='ltr'><strong>est</strong></span> <span class='ocrx_word' id='word_1_365' title='bbox 3298 2908 3386 2976; x_wconf 88' lang='lat' dir='ltr'><strong>ab</strong></span> <span class='ocrx_word' id='word_1_366' title='bbox 3426 2907 3590 2976; x_wconf 84' lang='lat' dir='ltr'><strong>alio.</strong></span> <span class='ocrx_word' id='word_1_367' title='bbox 3636 2904 3710 2974; x_wconf 89' lang='lat' dir='ltr'><strong>Si</strong></span> <span class='ocrx_word' id='word_1_368' title='bbox 3749 2928 3876 2974; x_wconf 89' lang='lat' dir='ltr'><strong>au-</strong></span> 
     </span>
     <span class='ocr_line' id='line_1_67' title="bbox 2316 3016 3876 3111; baseline -0.003 -24"><span class='ocrx_word' id='word_1_369' title='bbox 2316 3027 2454 3088; x_wconf 89' lang='lat' dir='ltr'><strong>tem</strong></span> <span class='ocrx_word' id='word_1_370' title='bbox 2492 3020 2587 3088; x_wconf 91' lang='lat' dir='ltr'><strong>sic</strong></span> <span class='ocrx_word' id='word_1_371' title='bbox 2616 3019 2891 3111; x_wconf 83' lang='lat' dir='ltr'><strong>genitus</strong></span> <span class='ocrx_word' id='word_1_372' title='bbox 2937 3026 3039 3087; x_wconf 89' lang='lat' dir='ltr'><strong>est</strong></span> <span class='ocrx_word' id='word_1_373' title='bbox 3086 3017 3171 3085; x_wconf 85' lang='lat' dir='ltr'><strong>ab</strong></span> <span class='ocrx_word' id='word_1_374' title='bbox 3231 3025 3491 3086; x_wconf 79' lang='lat' dir='ltr'><strong>aetemo</strong></span> <span class='ocrx_word' id='word_1_375' title='bbox 3543 3024 3622 3083; x_wconf 91' lang='lat' dir='ltr'><strong>ut</strong></span> <span class='ocrx_word' id='word_1_376' title='bbox 3662 3016 3876 3106; x_wconf 86' lang='lat' dir='ltr'><strong>possit</strong></span> 
     </span>
     <span class='ocr_line' id='line_1_68' title="bbox 2316 3125 3873 3216; baseline -0.004 -17"><span class='ocrx_word' id='word_1_377' title='bbox 2316 3130 2488 3216; x_wconf 86' lang='lat' dir='ltr'><strong>dari,</strong></span> <span class='ocrx_word' id='word_1_378' title='bbox 2527 3140 2691 3199; x_wconf 89' lang='lat' dir='ltr'><strong>tunc</strong></span> <span class='ocrx_word' id='word_1_379' title='bbox 2736 3129 2975 3199; x_wconf 83' lang='lat' dir='ltr'><strong>eadem</strong></span> <span class='ocrx_word' id='word_1_380' title='bbox 3040 3129 3302 3198; x_wconf 87' lang='lat' dir='ltr'><strong>ratione</strong></span> <span class='ocrx_word' id='word_1_381' title='bbox 3363 3127 3574 3196; x_wconf 84' lang='lat' dir='ltr'><strong>Filius</strong></span> <span class='ocrx_word' id='word_1_382' title='bbox 3612 3125 3873 3196; x_wconf 88' lang='lat' dir='ltr'><strong>dicetur</strong></span> 
     </span>
     <span class='ocr_line' id='line_1_69' title="bbox 2316 3236 3872 3328; baseline -0.003 -21"><span class='ocrx_word' id='word_1_383' title='bbox 2316 3238 2550 3307; x_wconf 88' lang='lat' dir='ltr'><strong>datum</strong></span> <span class='ocrx_word' id='word_1_384' title='bbox 2580 3237 2665 3306; x_wconf 87' lang='lat' dir='ltr'><strong>ab</strong></span> <span class='ocrx_word' id='word_1_385' title='bbox 2693 3246 2978 3317; x_wconf 77' lang='lat' dir='ltr'><strong>aeterno,</strong></span> <span class='ocrx_word' id='word_1_386' title='bbox 3020 3239 3195 3305; x_wconf 91' lang='lat' dir='ltr'><strong>sicut</strong></span> <span class='ocrx_word' id='word_1_387' title='bbox 3246 3236 3545 3328; x_wconf 85' lang='lat' dir='ltr'><strong>Spiritus</strong></span> <span class='ocrx_word' id='word_1_388' title='bbox 3600 3245 3872 3304; x_wconf 88' lang='lat' dir='ltr'><strong>sanctus</strong></span> 
     </span>
     <span class='ocr_line' id='line_1_70' title="bbox 2316 3345 2597 3414; baseline -0.004 -1"><span class='ocrx_word' id='word_1_389' title='bbox 2316 3345 2597 3414; x_wconf 89' lang='lat' dir='ltr'><strong>donum.</strong></span> 
     </span>
    </p>

    <p class='ocr_par' dir='ltr' id='par_1_19' title="bbox 2310 3448 3877 4617">
     <span class='ocr_line' id='line_1_71' title="bbox 2403 3448 3872 3542; baseline -0.003 -22"><span class='ocrx_word' id='word_1_390' title='bbox 2403 3456 2468 3520; x_wconf 83' lang='lat'><strong>2.</strong></span> <span class='ocrx_word' id='word_1_391' title='bbox 2528 3452 2723 3534; x_wconf 79' lang='lat' dir='ltr'><strong>item,</strong></span> <span class='ocrx_word' id='word_1_392' title='bbox 2787 3451 2980 3520; x_wconf 84' lang='lat' dir='ltr'><strong>Sicut</strong></span> <span class='ocrx_word' id='word_1_393' title='bbox 3041 3451 3244 3519; x_wconf 76' lang='lat' dir='ltr'><strong>video</strong></span> <span class='ocrx_word' id='word_1_394' title='bbox 3328 3450 3515 3542; x_wconf 87' lang='lat' dir='ltr'><strong>quod</strong></span> <span class='ocrx_word' id='word_1_395' title='bbox 3592 3448 3872 3519; x_wconf 77' lang='lat' dir='ltr'><strong>effectus</strong></span> 
     </span>
     <span class='ocr_line' id='line_1_72' title="bbox 2314 3557 3876 3649; baseline -0.003 -20"><span class='ocrx_word' id='word_1_396' title='bbox 2314 3561 2566 3629; x_wconf 87' lang='lat' dir='ltr'><strong>causati</strong></span> <span class='ocrx_word' id='word_1_397' title='bbox 2602 3562 2670 3628; x_wconf 92' lang='lat' dir='ltr'><strong>in</strong></span> <span class='ocrx_word' id='word_1_398' title='bbox 2701 3568 3039 3637; x_wconf 88' lang='lat' dir='ltr'><strong>ereatura,</strong></span> <span class='ocrx_word' id='word_1_399' title='bbox 3075 3559 3355 3649; x_wconf 87' lang='lat' dir='ltr'><strong>quidam</strong></span> <span class='ocrx_word' id='word_1_400' title='bbox 3395 3564 3557 3626; x_wconf 88' lang='lat' dir='ltr'><strong>sunt</strong></span> <span class='ocrx_word' id='word_1_401' title='bbox 3596 3557 3680 3626; x_wconf 90' lang='lat' dir='ltr'><strong>de</strong></span> <span class='ocrx_word' id='word_1_402' title='bbox 3718 3580 3876 3648; x_wconf 87' lang='lat' dir='ltr'><strong>per-</strong></span> 
     </span>
     <span class='ocr_line' id='line_1_73' title="bbox 2315 3662 3877 3756; baseline -0.002 -22"><span class='ocrx_word' id='word_1_403' title='bbox 2315 3666 2602 3734; x_wconf 77' lang='lat' dir='ltr'><strong>fectione</strong></span> <span class='ocrx_word' id='word_1_404' title='bbox 2660 3666 2968 3744; x_wconf 85' lang='lat' dir='ltr'><strong>ass&#39;cctus,</strong></span> <span class='ocrx_word' id='word_1_405' title='bbox 3033 3666 3102 3732; x_wconf 91' lang='lat' dir='ltr'><strong>in</strong></span> <span class='ocrx_word' id='word_1_406' title='bbox 3142 3665 3394 3756; x_wconf 85' lang='lat' dir='ltr'><strong>quibus</strong></span> <span class='ocrx_word' id='word_1_407' title='bbox 3442 3662 3590 3732; x_wconf 85' lang='lat' dir='ltr'><strong>dari</strong></span> <span class='ocrx_word' id='word_1_408' title='bbox 3630 3663 3877 3731; x_wconf 89' lang='lat' dir='ltr'><strong>dicitur</strong></span> 
     </span>
     <span class='ocr_line' id='line_1_74' title="bbox 2315 3769 3872 3864; baseline -0.002 -24"><span class='ocrx_word' id='word_1_409' title='bbox 2315 3772 2608 3864; x_wconf 88' lang='lat' dir='ltr'><strong>Spiritus</strong></span> <span class='ocrx_word' id='word_1_410' title='bbox 2637 3783 2937 3853; x_wconf 86' lang='lat' dir='ltr'><strong>sanctus,</strong></span> <span class='ocrx_word' id='word_1_411' title='bbox 2972 3780 3038 3841; x_wconf 89' lang='lat' dir='ltr'><strong>et</strong></span> <span class='ocrx_word' id='word_1_412' title='bbox 3071 3774 3337 3841; x_wconf 84' lang='lat' dir='ltr'><strong>ratione</strong></span> <span class='ocrx_word' id='word_1_413' title='bbox 3359 3770 3761 3862; x_wconf 87' lang='lat' dir='ltr'><strong>aptitudinis</strong></span> <span class='ocrx_word' id='word_1_414' title='bbox 3788 3769 3872 3838; x_wconf 90' lang='lat' dir='ltr'><strong>ad</strong></span> 
     </span>
     <span class='ocr_line' id='line_1_75' title="bbox 2314 3879 3874 3951; baseline -0.002 -3"><span class='ocrx_word' id='word_1_415' title='bbox 2314 3879 2443 3950; x_wconf 86' lang='lat' dir='ltr'><strong>hoc</strong></span> <span class='ocrx_word' id='word_1_416' title='bbox 2479 3881 2564 3949; x_wconf 85' lang='lat' dir='ltr'><strong>ab</strong></span> <span class='ocrx_word' id='word_1_417' title='bbox 2603 3891 2859 3951; x_wconf 61' lang='lat' dir='ltr'><strong>aeterno</strong></span> <span class='ocrx_word' id='word_1_418' title='bbox 2918 3881 3167 3950; x_wconf 88' lang='lat' dir='ltr'><strong>dicitur</strong></span> <span class='ocrx_word' id='word_1_419' title='bbox 3203 3880 3508 3949; x_wconf 86' lang='lat' dir='ltr'><strong>donum:</strong></span> <span class='ocrx_word' id='word_1_420' title='bbox 3569 3881 3662 3947; x_wconf 91' lang='lat' dir='ltr'><strong>ita</strong></span> <span class='ocrx_word' id='word_1_421' title='bbox 3717 3885 3874 3946; x_wconf 84' lang='lat' dir='ltr'><strong>sunt</strong></span> 
     </span>
     <span class='ocr_line' id='line_1_76' title="bbox 2313 3986 3872 4081; baseline -0.003 -24"><span class='ocrx_word' id='word_1_422' title='bbox 2313 3988 2620 4081; x_wconf 71' lang='lat' dir='ltr'><strong>quaedam</strong></span> <span class='ocrx_word' id='word_1_423' title='bbox 2682 3989 2862 4058; x_wconf 87' lang='lat' dir='ltr'><strong>dona</strong></span> <span class='ocrx_word' id='word_1_424' title='bbox 2899 3989 2982 4058; x_wconf 89' lang='lat' dir='ltr'><strong>de</strong></span> <span class='ocrx_word' id='word_1_425' title='bbox 3031 3989 3446 4080; x_wconf 79' lang='lat' dir='ltr'><strong>perfectione</strong></span> <span class='ocrx_word' id='word_1_426' title='bbox 3490 3986 3872 4056; x_wconf 84' lang='lat' dir='ltr'><strong>intellectus</strong></span> 
     </span>
     <span class='ocr_line' id='line_1_77' title="bbox 2314 4096 3869 4189; baseline -0.003 -23"><span class='ocrx_word' id='word_1_427' title='bbox 2314 4101 2380 4166; x_wconf 94' lang='lat' dir='ltr'><strong>in</strong></span> <span class='ocrx_word' id='word_1_428' title='bbox 2412 4096 2659 4189; x_wconf 86' lang='lat' dir='ltr'><strong>quibus</strong></span> <span class='ocrx_word' id='word_1_429' title='bbox 2689 4097 2889 4166; x_wconf 89' lang='lat' dir='ltr'><strong>datur</strong></span> <span class='ocrx_word' id='word_1_430' title='bbox 2928 4097 3166 4179; x_wconf 77' lang='lat' dir='ltr'><strong>Filius,</strong></span> <span class='ocrx_word' id='word_1_431' title='bbox 3201 4106 3269 4166; x_wconf 90' lang='lat' dir='ltr'><strong>et</strong></span> <span class='ocrx_word' id='word_1_432' title='bbox 3312 4096 3574 4164; x_wconf 90' lang='lat' dir='ltr'><strong>ratione</strong></span> <span class='ocrx_word' id='word_1_433' title='bbox 3602 4104 3869 4163; x_wconf 79' lang='lat' dir='ltr'><strong>aeternae</strong></span> 
     </span>
     <span class='ocr_line' id='line_1_78' title="bbox 2311 4202 3868 4298; baseline -0.004 -23"><span class='ocrx_word' id='word_1_434' title='bbox 2311 4206 2706 4298; x_wconf 87' lang='lat' dir='ltr'><strong>aptitudinis</strong></span> <span class='ocrx_word' id='word_1_435' title='bbox 2736 4206 2821 4274; x_wconf 93' lang='lat' dir='ltr'><strong>ad</strong></span> <span class='ocrx_word' id='word_1_436' title='bbox 2851 4204 2983 4274; x_wconf 85' lang='lat' dir='ltr'><strong>hoc</strong></span> <span class='ocrx_word' id='word_1_437' title='bbox 3010 4205 3281 4274; x_wconf 77' lang='lat' dir='ltr'><strong>videtur</strong></span> <span class='ocrx_word' id='word_1_438' title='bbox 3320 4206 3464 4296; x_wconf 88' lang='lat' dir='ltr'><strong>ipse</strong></span> <span class='ocrx_word' id='word_1_439' title='bbox 3503 4204 3708 4273; x_wconf 89' lang='lat' dir='ltr'><strong>etiam</strong></span> <span class='ocrx_word' id='word_1_440' title='bbox 3739 4202 3868 4270; x_wconf 88' lang='lat' dir='ltr'><strong>dici</strong></span> 
     </span>
     <span class='ocr_line' id='line_1_79' title="bbox 2314 4310 3868 4404; baseline -0.003 -22"><span class='ocrx_word' id='word_1_441' title='bbox 2314 4316 2568 4383; x_wconf 87' lang='lat' dir='ltr'><strong>donum</strong></span> <span class='ocrx_word' id='word_1_442' title='bbox 2621 4316 2729 4383; x_wconf 81' lang='lat' dir='ltr'><strong>vel</strong></span> <span class='ocrx_word' id='word_1_443' title='bbox 2770 4315 3058 4384; x_wconf 89' lang='lat' dir='ltr'><strong>datum:</strong></span> <span class='ocrx_word' id='word_1_444' title='bbox 3102 4335 3267 4404; x_wconf 73' lang='lat' dir='ltr'><strong>ergo</strong></span> <span class='ocrx_word' id='word_1_445' title='bbox 3326 4312 3624 4393; x_wconf 78' lang='lat' dir='ltr'><strong>videtur,</strong></span> <span class='ocrx_word' id='word_1_446' title='bbox 3685 4310 3868 4403; x_wconf 87' lang='lat' dir='ltr'><strong>quod</strong></span> 
     </span>
     <span class='ocr_line' id='line_1_80' title="bbox 2310 4423 3869 4492; baseline -0.001 -1"><span class='ocrx_word' id='word_1_447' title='bbox 2310 4426 2513 4492; x_wconf 90' lang='lat' dir='ltr'><strong>etiam</strong></span> <span class='ocrx_word' id='word_1_448' title='bbox 2544 4423 2711 4491; x_wconf 80' lang='lat' dir='ltr'><strong>Filio</strong></span> <span class='ocrx_word' id='word_1_449' title='bbox 2743 4424 3065 4492; x_wconf 81' lang='lat' dir='ltr'><strong>convenit</strong></span> <span class='ocrx_word' id='word_1_450' title='bbox 3098 4423 3183 4489; x_wconf 88' lang='lat' dir='ltr'><strong>ab</strong></span> <span class='ocrx_word' id='word_1_451' title='bbox 3222 4430 3482 4491; x_wconf 84' lang='lat' dir='ltr'><strong>aeterno</strong></span> <span class='ocrx_word' id='word_1_452' title='bbox 3532 4445 3670 4490; x_wconf 91' lang='lat' dir='ltr'><strong>non</strong></span> <span class='ocrx_word' id='word_1_453' title='bbox 3712 4431 3869 4490; x_wconf 87' lang='lat' dir='ltr'><strong>tan-</strong></span> 
     </span>
     <span class='ocr_line' id='line_1_81' title="bbox 2311 4531 3489 4617; baseline 0.002 -17"><span class='ocrx_word' id='word_1_454' title='bbox 2311 4542 2455 4601; x_wconf 89' lang='lat' dir='ltr'><strong>tum</strong></span> <span class='ocrx_word' id='word_1_455' title='bbox 2485 4531 2771 4617; x_wconf 88' lang='lat' dir='ltr'><strong>donum,</strong></span> <span class='ocrx_word' id='word_1_456' title='bbox 2819 4531 2937 4600; x_wconf 88' lang='lat' dir='ltr'><strong>sed</strong></span> <span class='ocrx_word' id='word_1_457' title='bbox 2984 4533 3191 4600; x_wconf 82' lang='lat' dir='ltr'><strong>etiarn</strong></span> <span class='ocrx_word' id='word_1_458' title='bbox 3222 4531 3489 4602; x_wconf 87' lang='lat' dir='ltr'><strong>datum.</strong></span> 
     </span>
    </p>

    <p class='ocr_par' dir='ltr' id='par_1_20' title="bbox 2311 4636 3870 5249">
     <span class='ocr_line' id='line_1_82' title="bbox 2399 4636 3870 4728; baseline -0.001 -22"><span class='ocrx_word' id='word_1_459' title='bbox 2399 4638 2694 4719; x_wconf 87' lang='lat' dir='ltr'><strong>3.1tem,</strong></span> <span class='ocrx_word' id='word_1_460' title='bbox 2741 4638 2815 4705; x_wconf 89' lang='lat' dir='ltr'><strong>Si</strong></span> <span class='ocrx_word' id='word_1_461' title='bbox 2883 4637 3032 4707; x_wconf 80' lang='lat' dir='ltr'><strong>haec</strong></span> <span class='ocrx_word' id='word_1_462' title='bbox 3097 4647 3201 4707; x_wconf 90' lang='lat' dir='ltr'><strong>est</strong></span> <span class='ocrx_word' id='word_1_463' title='bbox 3256 4660 3465 4707; x_wconf 88' lang='lat' dir='ltr'><strong>causa</strong></span> <span class='ocrx_word' id='word_1_464' title='bbox 3533 4637 3715 4728; x_wconf 87' lang='lat' dir='ltr'><strong>quod</strong></span> <span class='ocrx_word' id='word_1_465' title='bbox 3773 4636 3870 4705; x_wconf 91' lang='lat' dir='ltr'><strong>di·</strong></span> 
     </span>
     <span class='ocr_line' id='line_1_83' title="bbox 2312 4745 3869 4838; baseline -0.002 -23"><span class='ocrx_word' id='word_1_466' title='bbox 2312 4747 2484 4815; x_wconf 90' lang='lat' dir='ltr'><strong>citur</strong></span> <span class='ocrx_word' id='word_1_467' title='bbox 2542 4745 2827 4826; x_wconf 89' lang='lat' dir='ltr'><strong>donum,</strong></span> <span class='ocrx_word' id='word_1_468' title='bbox 2901 4746 3087 4838; x_wconf 87' lang='lat' dir='ltr'><strong>quod</strong></span> <span class='ocrx_word' id='word_1_469' title='bbox 3154 4747 3440 4814; x_wconf 88' lang='lat' dir='ltr'><strong>daturus</strong></span> <span class='ocrx_word' id='word_1_470' title='bbox 3501 4767 3659 4813; x_wconf 89' lang='lat' dir='ltr'><strong>eum</strong></span> <span class='ocrx_word' id='word_1_471' title='bbox 3725 4753 3869 4813; x_wconf 84' lang='lat' dir='ltr'><strong>erat</strong></span> 
     </span>
     <span class='ocr_line' id='line_1_84' title="bbox 2313 4852 3869 4944; baseline -0.001 -23"><span class='ocrx_word' id='word_1_472' title='bbox 2313 4854 2514 4922; x_wconf 86' lang='lat' dir='ltr'><strong>Pater</strong></span> <span class='ocrx_word' id='word_1_473' title='bbox 2540 4853 2648 4922; x_wconf 79' lang='lat' dir='ltr'><strong>vel</strong></span> <span class='ocrx_word' id='word_1_474' title='bbox 2678 4854 2887 4922; x_wconf 83' lang='lat' dir='ltr'><strong>Filius</strong></span> <span class='ocrx_word' id='word_1_475' title='bbox 2915 4855 2988 4922; x_wconf 90' lang='lat' dir='ltr'><strong>in</strong></span> <span class='ocrx_word' id='word_1_476' title='bbox 3028 4863 3365 4944; x_wconf 86' lang='lat' dir='ltr'><strong>tempore,</strong></span> <span class='ocrx_word' id='word_1_477' title='bbox 3397 4852 3674 4922; x_wconf 75' lang='lat' dir='ltr'><strong>videtur</strong></span> <span class='ocrx_word' id='word_1_478' title='bbox 3700 4861 3869 4920; x_wconf 86' lang='lat' dir='ltr'><strong>tem·</strong></span> 
     </span>
     <span class='ocr_line' id='line_1_85' title="bbox 2312 4959 3866 5052; baseline -0.001 -22"><span class='ocrx_word' id='word_1_479' title='bbox 2312 4961 2540 5051; x_wconf 87' lang='lat' dir='ltr'><strong>porale</strong></span> <span class='ocrx_word' id='word_1_480' title='bbox 2580 4986 2725 5032; x_wconf 90' lang='lat' dir='ltr'><strong>esse</strong></span> <span class='ocrx_word' id='word_1_481' title='bbox 2757 4986 2962 5032; x_wconf 87' lang='lat' dir='ltr'><strong>causa</strong></span> <span class='ocrx_word' id='word_1_482' title='bbox 2990 4962 3098 5031; x_wconf 81' lang='lat' dir='ltr'><strong>vel</strong></span> <span class='ocrx_word' id='word_1_483' title='bbox 3143 4963 3314 5031; x_wconf 88' lang='lat' dir='ltr'><strong>ratio</strong></span> <span class='ocrx_word' id='word_1_484' title='bbox 3343 4962 3580 5030; x_wconf 83' lang='lat' dir='ltr'><strong>aeterni</strong></span> <span class='ocrx_word' id='word_1_485' title='bbox 3617 4984 3633 5029; x_wconf 74' lang='grc' dir='ltr'><strong><em>ε</em></strong></span> <span class='ocrx_word' id='word_1_486' title='bbox 3685 4959 3866 5052; x_wconf 90' lang='lat' dir='ltr'><strong>quod</strong></span> 
     </span>
     <span class='ocr_line' id='line_1_86' title="bbox 2311 5070 3867 5161; baseline -0.002 -23"><span class='ocrx_word' id='word_1_487' title='bbox 2311 5078 2577 5139; x_wconf 88' lang='lat' dir='ltr'><strong>constat</strong></span> <span class='ocrx_word' id='word_1_488' title='bbox 2635 5073 3152 5157; x_wconf 81' lang='lat' dir='ltr'><strong>inconveniens,</strong></span> <span class='ocrx_word' id='word_1_489' title='bbox 3204 5093 3362 5139; x_wconf 89' lang='lat' dir='ltr'><strong>cum</strong></span> <span class='ocrx_word' id='word_1_490' title='bbox 3419 5070 3650 5161; x_wconf 90' lang='lat' dir='ltr'><strong>potius</strong></span> <span class='ocrx_word' id='word_1_491' title='bbox 3690 5070 3776 5136; x_wconf 88' lang='lat' dir='ltr'><strong>sit</strong></span> <span class='ocrx_word' id='word_1_492' title='bbox 3831 5091 3867 5136; x_wconf 89' lang='lat' dir='ltr'><strong>e</strong></span> 
     </span>
     <span class='ocr_line' id='line_1_87' title="bbox 2311 5202 2668 5249; baseline 0 0"><span class='ocrx_word' id='word_1_493' title='bbox 2311 5202 2668 5249; x_wconf 71' lang='lat' dir='ltr'><strong>converso.</strong></span> 
     </span>
    </p>

    <p class='ocr_par' dir='ltr' id='par_1_21' title="bbox 2314 5285 3871 5487">
     <span class='ocr_line' id='line_1_88' title="bbox 2400 5285 3869 5378; baseline -0.001 -24"><span class='ocrx_word' id='word_1_494' title='bbox 2400 5289 2467 5354; x_wconf 78' lang='lat'><strong>4.</strong></span> <span class='ocrx_word' id='word_1_495' title='bbox 2512 5287 2706 5368; x_wconf 82' lang='lat' dir='ltr'><strong>Item,</strong></span> <span class='ocrx_word' id='word_1_496' title='bbox 2750 5287 2975 5373; x_wconf 86' lang='lat' dir='ltr'><strong>Pono,</strong></span> <span class='ocrx_word' id='word_1_497' title='bbox 3026 5285 3213 5378; x_wconf 87' lang='lat' dir='ltr'><strong>quod</strong></span> <span class='ocrx_word' id='word_1_498' title='bbox 3280 5294 3607 5356; x_wconf 81' lang='lat' dir='ltr'><strong>creaturae</strong></span> <span class='ocrx_word' id='word_1_499' title='bbox 3663 5308 3869 5353; x_wconf 89' lang='lat' dir='ltr'><strong>num-</strong></span> 
     </span>
     <span class='ocr_line' id='line_1_89' title="bbox 2314 5393 3871 5487; baseline -0.003 -22"><span class='ocrx_word' id='word_1_500' title='bbox 2314 5419 2519 5487; x_wconf 89' lang='lat' dir='ltr'><strong>quam</strong></span> <span class='ocrx_word' id='word_1_501' title='bbox 2559 5398 2721 5477; x_wconf 90' lang='lat' dir='ltr'><strong>sint,</strong></span> <span class='ocrx_word' id='word_1_502' title='bbox 2742 5394 2854 5465; x_wconf 81' lang='lat' dir='ltr'><strong>vel</strong></span> <span class='ocrx_word' id='word_1_503' title='bbox 2885 5396 3132 5464; x_wconf 77' lang='lat' dir='ltr'><strong>futurae</strong></span> <span class='ocrx_word' id='word_1_504' title='bbox 3148 5396 3283 5463; x_wconf 90' lang='lat' dir='ltr'><strong>sint</strong></span> <span class='ocrx_word' id='word_1_505' title='bbox 3318 5417 3337 5462; x_wconf 77' lang='grc' dir='ltr'><strong><em>ε</em></strong></span> <span class='ocrx_word' id='word_1_506' title='bbox 3370 5394 3667 5476; x_wconf 85' lang='lat' dir='ltr'><strong>videtur,</strong></span> <span class='ocrx_word' id='word_1_507' title='bbox 3686 5393 3871 5486; x_wconf 87' lang='lat' dir='ltr'><strong>quod</strong></span> 
     </span>
    </p>
   </div>
  </div>
 </body>
</html>
