<?xml version="1.0" encoding="UTF-8"?>
<!DOCTYPE html PUBLIC "-//W3C//DTD XHTML 1.0 Transitional//EN"
    "http://www.w3.org/TR/xhtml1/DTD/xhtml1-transitional.dtd">
<html xmlns="http://www.w3.org/1999/xhtml" xml:lang="en" lang="en">
 <head>
  <title>
</title>
<meta http-equiv="Content-Type" content="text/html;charset=utf-8" />
  <meta name='ocr-system' content='tesseract 3.04.00' />
  <meta name='ocr-capabilities' content='ocr_page ocr_carea ocr_par ocr_line ocrx_word'/>
</head>
<body>
  <div class='ocr_page' id='page_1' title='image "balbertimagnira03chgoog_0245.png"; bbox 0 0 4897 6388; ppageno 0'>
   <div class='ocr_carea' id='block_1_1' title="bbox 751 2204 1072 2252">
    <p class='ocr_par' dir='ltr' id='par_1_1' title="bbox 751 2204 1072 2252">
     <span class='ocr_line' id='line_1_1' title="bbox 751 2204 1072 2252; baseline 0.003 -1"><span class='ocrx_word' id='word_1_1' title='bbox 751 2204 849 2251; x_wconf 75' lang='lat' dir='ltr'><strong>Sed</strong></span> <span class='ocrx_word' id='word_1_2' title='bbox 888 2210 1072 2252; x_wconf 70' lang='lat' dir='ltr'><strong>eontra.</strong></span> 
     </span>
    </p>
   </div>
   <div class='ocr_carea' id='block_1_2' title="bbox 806 3283 1012 3332">
    <p class='ocr_par' dir='ltr' id='par_1_2' title="bbox 806 3283 1012 3332">
     <span class='ocr_line' id='line_1_2' title="bbox 806 3283 1012 3332; baseline 0.019 -4"><span class='ocrx_word' id='word_1_3' title='bbox 806 3283 1012 3332; x_wconf 72' lang='lat' dir='ltr'><strong>Sol-tto.</strong></span> 
     </span>
    </p>
   </div>
   <div class='ocr_carea' id='block_1_3' title="bbox 1402 271 3529 354">
    <p class='ocr_par' dir='ltr' id='par_1_3' title="bbox 1402 271 3529 354">
     <span class='ocr_line' id='line_1_3' title="bbox 1402 271 3529 354; baseline -0.002 -14"><span class='ocrx_word' id='word_1_4' title='bbox 1402 323 1429 340; x_wconf 48' lang='lat' dir='ltr'>f</span> <span class='ocrx_word' id='word_1_5' title='bbox 1855 272 1948 338; x_wconf 93' lang='lat' dir='ltr'><strong>IN</strong></span> <span class='ocrx_word' id='word_1_6' title='bbox 1999 271 2028 338; x_wconf 87' lang='grc' dir='ltr'>Ι</span> <span class='ocrx_word' id='word_1_7' title='bbox 2079 271 2510 339; x_wconf 89' lang='lat' dir='ltr'><strong>SENTENT.</strong></span> <span class='ocrx_word' id='word_1_8' title='bbox 2565 272 2797 339; x_wconf 86' lang='lat' dir='ltr'><strong>DIST.</strong></span> <span class='ocrx_word' id='word_1_9' title='bbox 2849 271 3038 349; x_wconf 80' lang='lat' dir='ltr'><strong>vlu,</strong></span> <span class='ocrx_word' id='word_1_10' title='bbox 3091 272 3176 354; x_wconf 88' lang='lat' dir='ltr'><strong>A,</strong></span> <span class='ocrx_word' id='word_1_11' title='bbox 3221 271 3418 337; x_wconf 79' lang='lat' dir='ltr'><strong>ART.</strong></span> <span class='ocrx_word' id='word_1_12' title='bbox 3464 274 3529 338; x_wconf 89' lang='grc'><strong>9.</strong></span> 
     </span>
    </p>
   </div>
   <div class='ocr_carea' id='block_1_4' title="bbox 1113 440 2668 1287">
    <p class='ocr_par' dir='ltr' id='par_1_4' title="bbox 1114 440 2668 963">
     <span class='ocr_line' id='line_1_4' title="bbox 1118 440 2667 535; baseline -0.003 -24"><span class='ocrx_word' id='word_1_13' title='bbox 1118 443 1406 535; x_wconf 76' lang='lat' dir='ltr'><strong>finisque</strong></span> <span class='ocrx_word' id='word_1_14' title='bbox 1473 453 1654 511; x_wconf 89' lang='lat' dir='ltr'><strong>meta</strong></span> <span class='ocrx_word' id='word_1_15' title='bbox 1708 463 1934 509; x_wconf 87' lang='lat' dir='ltr'><strong>carere</strong></span> <span class='ocrx_word' id='word_1_16' title='bbox 1993 440 2422 530; x_wconf 79' lang='lat' dir='ltr'><strong>intelligitur,</strong></span> <span class='ocrx_word' id='word_1_17' title='bbox 2483 441 2667 531; x_wconf 92' lang='lat' dir='ltr'><strong>quod</strong></span> 
     </span>
     <span class='ocr_line' id='line_1_5' title="bbox 1116 550 2666 639; baseline -0.001 -20"><span class='ocrx_word' id='word_1_18' title='bbox 1116 552 1284 619; x_wconf 92' lang='lat' dir='ltr'><strong>nulli</strong></span> <span class='ocrx_word' id='word_1_19' title='bbox 1328 574 1553 618; x_wconf 87' lang='lat' dir='ltr'><strong>rerum</strong></span> <span class='ocrx_word' id='word_1_20' title='bbox 1606 558 1983 618; x_wconf 89' lang='lat' dir='ltr'><strong>creatarum</strong></span> <span class='ocrx_word' id='word_1_21' title='bbox 2024 571 2103 614; x_wconf 91' lang='lat' dir='ltr'><strong>eo</strong></span> <span class='ocrx_word' id='word_1_22' title='bbox 2156 551 2304 639; x_wconf 91' lang='lat' dir='ltr'><strong>ipso</strong></span> <span class='ocrx_word' id='word_1_23' title='bbox 2351 551 2534 639; x_wconf 92' lang='lat' dir='ltr'><strong>quod</strong></span> <span class='ocrx_word' id='word_1_24' title='bbox 2585 550 2666 617; x_wconf 89' lang='lat' dir='ltr'><strong>de</strong></span> 
     </span>
     <span class='ocr_line' id='line_1_6' title="bbox 1114 661 2667 737; baseline -0.001 -11"><span class='ocrx_word' id='word_1_25' title='bbox 1114 661 1329 727; x_wconf 86' lang='lat' dir='ltr'><strong>nihilo</strong></span> <span class='ocrx_word' id='word_1_26' title='bbox 1388 661 1577 726; x_wconf 86' lang='lat' dir='ltr'><strong>factae</strong></span> <span class='ocrx_word' id='word_1_27' title='bbox 1634 667 1817 737; x_wconf 88' lang='lat' dir='ltr'><strong>sunt,</strong></span> <span class='ocrx_word' id='word_1_28' title='bbox 1878 661 2241 727; x_wconf 88' lang='lat' dir='ltr'><strong>convenire</strong></span> <span class='ocrx_word' id='word_1_29' title='bbox 2310 661 2667 727; x_wconf 85' lang='lat' dir='ltr'><strong>convinci-</strong></span> 
     </span>
     <span class='ocr_line' id='line_1_7' title="bbox 1116 766 2668 855; baseline -0.001 -22"><span class='ocrx_word' id='word_1_30' title='bbox 1116 777 1273 833; x_wconf 90' lang='lat' dir='ltr'><strong>tur:</strong></span> <span class='ocrx_word' id='word_1_31' title='bbox 1311 789 1472 855; x_wconf 82' lang='lat' dir='ltr'><strong>ergo</strong></span> <span class='ocrx_word' id='word_1_32' title='bbox 1538 766 1833 843; x_wconf 83' lang='lat' dir='ltr'><strong>videtur,</strong></span> <span class='ocrx_word' id='word_1_33' title='bbox 1896 766 2081 855; x_wconf 87' lang='lat' dir='ltr'><strong>quod</strong></span> <span class='ocrx_word' id='word_1_34' title='bbox 2127 789 2266 833; x_wconf 92' lang='lat' dir='ltr'><strong>non</strong></span> <span class='ocrx_word' id='word_1_35' title='bbox 2337 770 2423 833; x_wconf 88' lang='lat' dir='ltr'><strong>sit</strong></span> <span class='ocrx_word' id='word_1_36' title='bbox 2479 776 2668 834; x_wconf 84' lang='lat' dir='ltr'><strong>aeter-</strong></span> 
     </span>
     <span class='ocr_line' id='line_1_8' title="bbox 1117 874 2208 963; baseline 0 -22"><span class='ocrx_word' id='word_1_37' title='bbox 1117 897 1283 941; x_wconf 92' lang='lat' dir='ltr'><strong>num</strong></span> <span class='ocrx_word' id='word_1_38' title='bbox 1316 874 1571 963; x_wconf 90' lang='lat' dir='ltr'><strong>aliquid</strong></span> <span class='ocrx_word' id='word_1_39' title='bbox 1603 876 1732 941; x_wconf 91' lang='lat' dir='ltr'><strong>nisi</strong></span> <span class='ocrx_word' id='word_1_40' title='bbox 1774 875 1959 943; x_wconf 89' lang='lat' dir='ltr'><strong>solus</strong></span> <span class='ocrx_word' id='word_1_41' title='bbox 2000 875 2208 942; x_wconf 85' lang='lat' dir='ltr'><strong>Deus.</strong></span> 
     </span>
    </p>

    <p class='ocr_par' dir='ltr' id='par_1_5' title="bbox 1113 982 2667 1287">
     <span class='ocr_line' id='line_1_9' title="bbox 1205 982 2667 1062; baseline 0.001 -14"><span class='ocrx_word' id='word_1_42' title='bbox 1205 985 1270 1048; x_wconf 82' lang='lat'><strong>2.</strong></span> <span class='ocrx_word' id='word_1_43' title='bbox 1342 982 1539 1062; x_wconf 89' lang='lat' dir='ltr'><strong>Item,</strong></span> <span class='ocrx_word' id='word_1_44' title='bbox 1593 982 1961 1051; x_wconf 89' lang='lat' dir='ltr'><strong>Anselmus</strong></span> <span class='ocrx_word' id='word_1_45' title='bbox 2043 1006 2058 1053; x_wconf 72' lang='grc' dir='ltr'><em>τ</em></span> <span class='ocrx_word' id='word_1_46' title='bbox 2126 982 2501 1050; x_wconf 88' lang='lat' dir='ltr'><strong>AEternitas</strong></span> <span class='ocrx_word' id='word_1_47' title='bbox 2567 994 2667 1050; x_wconf 77' lang='lat' dir='ltr'><strong>est</strong></span> 
     </span>
     <span class='ocr_line' id='line_1_10' title="bbox 1113 1089 2661 1180; baseline 0 -23"><span class='ocrx_word' id='word_1_48' title='bbox 1113 1111 1349 1157; x_wconf 90' lang='lat' dir='ltr'><strong>earum</strong></span> <span class='ocrx_word' id='word_1_49' title='bbox 1391 1113 1618 1158; x_wconf 89' lang='lat' dir='ltr'><strong>rerum</strong></span> <span class='ocrx_word' id='word_1_50' title='bbox 1650 1113 1802 1180; x_wconf 85' lang='lat' dir='ltr'><strong>quae</strong></span> <span class='ocrx_word' id='word_1_51' title='bbox 1848 1112 1986 1158; x_wconf 91' lang='lat' dir='ltr'><strong>non</strong></span> <span class='ocrx_word' id='word_1_52' title='bbox 2019 1098 2178 1157; x_wconf 88' lang='lat' dir='ltr'><strong>sunt</strong></span> <span class='ocrx_word' id='word_1_53' title='bbox 2231 1089 2416 1157; x_wconf 91' lang='lat' dir='ltr'><strong>aliud</strong></span> <span class='ocrx_word' id='word_1_54' title='bbox 2457 1113 2661 1180; x_wconf 89' lang='lat' dir='ltr'><strong>quam</strong></span> 
     </span>
     <span class='ocr_line' id='line_1_11' title="bbox 1114 1196 2662 1287; baseline 0 -23"><span class='ocrx_word' id='word_1_55' title='bbox 1114 1197 1258 1287; x_wconf 91' lang='lat' dir='ltr'><strong>ipsa</strong></span> <span class='ocrx_word' id='word_1_56' title='bbox 1294 1221 1310 1265; x_wconf 88' lang='grc'>;</span> <span class='ocrx_word' id='word_1_57' title='bbox 1348 1220 1508 1287; x_wconf 85' lang='lat' dir='ltr'><strong>ergo</strong></span> <span class='ocrx_word' id='word_1_58' title='bbox 1557 1197 1851 1277; x_wconf 86' lang='lat' dir='ltr'><strong>videtur,</strong></span> <span class='ocrx_word' id='word_1_59' title='bbox 1896 1197 2076 1287; x_wconf 87' lang='lat' dir='ltr'><strong>quod</strong></span> <span class='ocrx_word' id='word_1_60' title='bbox 2116 1196 2287 1263; x_wconf 90' lang='lat' dir='ltr'><strong>nihil</strong></span> <span class='ocrx_word' id='word_1_61' title='bbox 2331 1207 2662 1265; x_wconf 84' lang='lat' dir='ltr'><strong>aeternum</strong></span> 
     </span>
    </p>
   </div>
   <div class='ocr_carea' id='block_1_5' title="bbox 1098 1302 2664 3088">
    <p class='ocr_par' dir='ltr' id='par_1_6' title="bbox 1112 1302 1493 1370">
     <span class='ocr_line' id='line_1_12' title="bbox 1112 1302 1493 1370; baseline -0.003 -1"><span class='ocrx_word' id='word_1_62' title='bbox 1112 1303 1246 1370; x_wconf 93' lang='lat' dir='ltr'><strong>nisi</strong></span> <span class='ocrx_word' id='word_1_63' title='bbox 1282 1302 1493 1370; x_wconf 89' lang='lat' dir='ltr'><strong>Deus.</strong></span> 
     </span>
    </p>

    <p class='ocr_par' dir='ltr' id='par_1_7' title="bbox 1107 1407 2664 2117">
     <span class='ocr_line' id='line_1_13' title="bbox 1203 1407 2664 1486; baseline 0.002 -11"><span class='ocrx_word' id='word_1_64' title='bbox 1203 1409 1268 1478; x_wconf 91' lang='lat'><strong>3.</strong></span> <span class='ocrx_word' id='word_1_65' title='bbox 1333 1407 1526 1486; x_wconf 89' lang='lat' dir='ltr'><strong>Item,</strong></span> <span class='ocrx_word' id='word_1_66' title='bbox 1572 1408 1704 1475; x_wconf 88' lang='lat' dir='ltr'><strong>Per</strong></span> <span class='ocrx_word' id='word_1_67' title='bbox 1760 1410 2090 1476; x_wconf 89' lang='lat' dir='ltr'><strong>rationem</strong></span> <span class='ocrx_word' id='word_1_68' title='bbox 2158 1434 2173 1477; x_wconf 90' lang='lat'><strong>:</strong></span> <span class='ocrx_word' id='word_1_69' title='bbox 2238 1408 2459 1478; x_wconf 85' lang='lat' dir='ltr'><strong>Omne</strong></span> <span class='ocrx_word' id='word_1_70' title='bbox 2517 1434 2664 1478; x_wconf 89' lang='lat' dir='ltr'><strong>csse</strong></span> 
     </span>
     <span class='ocr_line' id='line_1_14' title="bbox 1113 1515 2662 1608; baseline 0.001 -24"><span class='ocrx_word' id='word_1_71' title='bbox 1113 1516 1367 1584; x_wconf 91' lang='lat' dir='ltr'><strong>durans</strong></span> <span class='ocrx_word' id='word_1_72' title='bbox 1414 1538 1804 1583; x_wconf 89' lang='lat' dir='ltr'><strong>mensuram</strong></span> <span class='ocrx_word' id='word_1_73' title='bbox 1854 1515 2059 1584; x_wconf 85' lang='lat' dir='ltr'><strong>habet</strong></span> <span class='ocrx_word' id='word_1_74' title='bbox 2112 1520 2461 1608; x_wconf 90' lang='lat' dir='ltr'><strong>propriam</strong></span> <span class='ocrx_word' id='word_1_75' title='bbox 2528 1541 2662 1608; x_wconf 90' lang='lat' dir='ltr'><strong>qua</strong></span> 
     </span>
     <span class='ocr_line' id='line_1_15' title="bbox 1110 1623 2662 1693; baseline 0.003 -5"><span class='ocrx_word' id='word_1_76' title='bbox 1110 1628 1546 1690; x_wconf 82' lang='lat' dir='ltr'><strong>mensuratur</strong></span> <span class='ocrx_word' id='word_1_77' title='bbox 1578 1644 1594 1692; x_wconf 74' lang='grc' dir='ltr'>ε</span> <span class='ocrx_word' id='word_1_78' title='bbox 1626 1623 1934 1690; x_wconf 87' lang='lat' dir='ltr'><strong>divinum</strong></span> <span class='ocrx_word' id='word_1_79' title='bbox 1961 1633 2187 1691; x_wconf 87' lang='lat' dir='ltr'><strong>autem</strong></span> <span class='ocrx_word' id='word_1_80' title='bbox 2228 1647 2376 1692; x_wconf 86' lang='lat' dir='ltr'><strong>esse</strong></span> <span class='ocrx_word' id='word_1_81' title='bbox 2408 1624 2662 1693; x_wconf 89' lang='lat' dir='ltr'><strong>durans</strong></span> 
     </span>
     <span class='ocr_line' id='line_1_16' title="bbox 1110 1725 2662 1819; baseline 0.001 -26"><span class='ocrx_word' id='word_1_82' title='bbox 1110 1725 1454 1818; x_wconf 82' lang='lat' dir='ltr'>quoddam</span> <span class='ocrx_word' id='word_1_83' title='bbox 1512 1748 1659 1794; x_wconf 89' lang='lat' dir='ltr'><strong>esse</strong></span> <span class='ocrx_word' id='word_1_84' title='bbox 1705 1735 1808 1793; x_wconf 90' lang='lat' dir='ltr'><strong>est</strong></span> <span class='ocrx_word' id='word_1_85' title='bbox 1868 1751 1882 1794; x_wconf 90' lang='lat'>:</span> <span class='ocrx_word' id='word_1_86' title='bbox 1946 1749 2106 1818; x_wconf 83' lang='lat' dir='ltr'><strong>ergo</strong></span> <span class='ocrx_word' id='word_1_87' title='bbox 2164 1725 2443 1795; x_wconf 84' lang='lat' dir='ltr'><strong>habebit</strong></span> <span class='ocrx_word' id='word_1_88' title='bbox 2494 1752 2662 1819; x_wconf 91' lang='lat' dir='ltr'><strong>pro-</strong></span> 
     </span>
     <span class='ocr_line' id='line_1_17' title="bbox 1107 1833 2663 1926; baseline 0.003 -25"><span class='ocrx_word' id='word_1_89' title='bbox 1107 1837 1329 1926; x_wconf 88' lang='lat' dir='ltr'><strong>priam</strong></span> <span class='ocrx_word' id='word_1_90' title='bbox 1378 1857 1771 1902; x_wconf 87' lang='lat' dir='ltr'><strong>mensuram</strong></span> <span class='ocrx_word' id='word_1_91' title='bbox 1824 1858 1839 1903; x_wconf 75' lang='grc' dir='ltr'><strong><em>ε</em></strong></span> <span class='ocrx_word' id='word_1_92' title='bbox 1903 1833 2045 1902; x_wconf 85' lang='lat' dir='ltr'><strong>haec</strong></span> <span class='ocrx_word' id='word_1_93' title='bbox 2090 1843 2319 1904; x_wconf 89' lang='lat' dir='ltr'><strong>autem</strong></span> <span class='ocrx_word' id='word_1_94' title='bbox 2370 1858 2511 1903; x_wconf 92' lang='lat' dir='ltr'><strong>non</strong></span> <span class='ocrx_word' id='word_1_95' title='bbox 2561 1847 2663 1906; x_wconf 88' lang='lat' dir='ltr'><strong>est</strong></span> 
     </span>
     <span class='ocr_line' id='line_1_18' title="bbox 1108 1940 2659 2032; baseline 0.003 -24"><span class='ocrx_word' id='word_1_96' title='bbox 1108 1942 1235 2009; x_wconf 91' lang='lat' dir='ltr'><strong>nisi</strong></span> <span class='ocrx_word' id='word_1_97' title='bbox 1283 1943 1621 2009; x_wconf 83' lang='lat' dir='ltr'><strong>aeternitas</strong></span> <span class='ocrx_word' id='word_1_98' title='bbox 1657 1965 1672 2010; x_wconf 75' lang='grc' dir='ltr'><strong><em>ε</em></strong></span> <span class='ocrx_word' id='word_1_99' title='bbox 1706 1963 1870 2032; x_wconf 85' lang='lat' dir='ltr'><strong>ergo</strong></span> <span class='ocrx_word' id='word_1_100' title='bbox 1918 1940 2104 2009; x_wconf 88' lang='lat' dir='ltr'><strong>solus</strong></span> <span class='ocrx_word' id='word_1_101' title='bbox 2146 1942 2327 2010; x_wconf 84' lang='lat' dir='ltr'><strong>Deus</strong></span> <span class='ocrx_word' id='word_1_102' title='bbox 2364 1951 2659 2013; x_wconf 67' lang='lat' dir='ltr'><strong>{eternus</strong></span> 
     </span>
     <span class='ocr_line' id='line_1_19' title="bbox 1108 2059 1233 2117; baseline -0.008 0"><span class='ocrx_word' id='word_1_103' title='bbox 1108 2059 1233 2117; x_wconf 85' lang='lat' dir='ltr'><strong>est.</strong></span> 
     </span>
    </p>

    <p class='ocr_par' dir='ltr' id='par_1_8' title="bbox 1098 2157 2659 3088">
     <span class='ocr_line' id='line_1_20' title="bbox 1197 2157 2659 2251; baseline 0.001 -26"><span class='ocrx_word' id='word_1_104' title='bbox 1197 2157 1331 2226; x_wconf 72' lang='lat' dir='ltr'><strong>San</strong></span> <span class='ocrx_word' id='word_1_105' title='bbox 1378 2180 1679 2226; x_wconf 66' lang='lat' dir='ltr'><strong>comm:</strong></span> <span class='ocrx_word' id='word_1_106' title='bbox 1720 2158 1952 2227; x_wconf 80' lang='lat' dir='ltr'><strong>Sancti</strong></span> <span class='ocrx_word' id='word_1_107' title='bbox 2006 2158 2241 2227; x_wconf 91' lang='lat' dir='ltr'><strong>dicunt</strong></span> <span class='ocrx_word' id='word_1_108' title='bbox 2288 2183 2524 2251; x_wconf 86' lang='lat' dir='ltr'><strong>poenas</strong></span> <span class='ocrx_word' id='word_1_109' title='bbox 2558 2162 2659 2228; x_wconf 90' lang='lat' dir='ltr'><strong>in-</strong></span> 
     </span>
     <span class='ocr_line' id='line_1_21' title="bbox 1104 2265 2653 2357; baseline 0.003 -25"><span class='ocrx_word' id='word_1_110' title='bbox 1104 2266 1274 2334; x_wconf 77' lang='lat' dir='ltr'><strong>ferni</strong></span> <span class='ocrx_word' id='word_1_111' title='bbox 1314 2275 1622 2336; x_wconf 80' lang='lat' dir='ltr'><strong>aeternas.</strong></span> <span class='ocrx_word' id='word_1_112' title='bbox 1677 2265 1762 2333; x_wconf 88' lang='lat' dir='ltr'><strong>Et</strong></span> <span class='ocrx_word' id='word_1_113' title='bbox 1788 2265 2187 2357; x_wconf 79' lang='lat' dir='ltr'><strong>ApostoluS,</strong></span> <span class='ocrx_word' id='word_1_114' title='bbox 2222 2268 2326 2334; x_wconf 86' lang='lat' dir='ltr'><strong>Ad</strong></span> <span class='ocrx_word' id='word_1_115' title='bbox 2359 2268 2653 2337; x_wconf 82' lang='lat' dir='ltr'><strong>Roman.</strong></span> 
     </span>
     <span class='ocr_line' id='line_1_22' title="bbox 1101 2372 2659 2464; baseline 0.001 -22"><span class='ocrx_word' id='word_1_116' title='bbox 1101 2395 1242 2456; x_wconf 74' lang='lat' dir='ltr'><strong>xvi,</strong></span> <span class='ocrx_word' id='word_1_117' title='bbox 1294 2376 1404 2457; x_wconf 80' lang='lat'><strong>25,</strong></span> <span class='ocrx_word' id='word_1_118' title='bbox 1474 2373 1633 2441; x_wconf 88' lang='lat' dir='ltr'><strong>dicit</strong></span> <span class='ocrx_word' id='word_1_119' title='bbox 1689 2372 2109 2464; x_wconf 79' lang='lat' dir='ltr'><strong>temporibus</strong></span> <span class='ocrx_word' id='word_1_120' title='bbox 2160 2379 2432 2443; x_wconf 75' lang='lat' dir='ltr'><strong>aeternis</strong></span> <span class='ocrx_word' id='word_1_121' title='bbox 2492 2379 2659 2443; x_wconf 80' lang='lat' dir='ltr'><strong>laci·</strong></span> 
     </span>
     <span class='ocr_line' id='line_1_23' title="bbox 1102 2480 2657 2572; baseline 0.003 -25"><span class='ocrx_word' id='word_1_122' title='bbox 1102 2483 1159 2547; x_wconf 81' lang='lat' dir='ltr'><strong>ti</strong></span> <span class='ocrx_word' id='word_1_123' title='bbox 1196 2480 1213 2515; x_wconf 86' lang='lat'><strong>¹</strong></span> <span class='ocrx_word' id='word_1_124' title='bbox 1247 2504 1270 2548; x_wconf 90' lang='grc'><strong>.·</strong></span> <span class='ocrx_word' id='word_1_125' title='bbox 1303 2490 1368 2548; x_wconf 92' lang='lat' dir='ltr'><strong>et</strong></span> <span class='ocrx_word' id='word_1_126' title='bbox 1399 2481 1704 2571; x_wconf 85' lang='lat' dir='ltr'><strong>loquitur</strong></span> <span class='ocrx_word' id='word_1_127' title='bbox 1731 2481 1814 2548; x_wconf 87' lang='lat' dir='ltr'><strong>de</strong></span> <span class='ocrx_word' id='word_1_128' title='bbox 1845 2481 2437 2572; x_wconf 84' lang='lat' dir='ltr'><strong>praedestinatione</strong></span> <span class='ocrx_word' id='word_1_129' title='bbox 2470 2482 2657 2551; x_wconf 90' lang='lat' dir='ltr'><strong>Chri·</strong></span> 
     </span>
     <span class='ocr_line' id='line_1_24' title="bbox 1100 2588 2659 2679; baseline 0.001 -26"><span class='ocrx_word' id='word_1_130' title='bbox 1100 2588 1210 2654; x_wconf 87' lang='lat' dir='ltr'><strong>sti.</strong></span> <span class='ocrx_word' id='word_1_131' title='bbox 1245 2588 1673 2678; x_wconf 82' lang='lat' dir='ltr'><strong>Augustinus</strong></span> <span class='ocrx_word' id='word_1_132' title='bbox 1715 2595 1945 2656; x_wconf 90' lang='lat' dir='ltr'><strong>autem</strong></span> <span class='ocrx_word' id='word_1_133' title='bbox 1988 2590 2057 2655; x_wconf 92' lang='lat' dir='ltr'><strong>in</strong></span> <span class='ocrx_word' id='word_1_134' title='bbox 2112 2588 2208 2656; x_wconf 78' lang='lat' dir='ltr'><strong>xl</strong></span> <span class='ocrx_word' id='word_1_135' title='bbox 2272 2590 2659 2679; x_wconf 74' lang='lat' dir='ltr'><strong>Confessio-</strong></span> 
     </span>
     <span class='ocr_line' id='line_1_25' title="bbox 1098 2695 2655 2789; baseline 0.002 -26"><span class='ocrx_word' id='word_1_136' title='bbox 1098 2718 1266 2764; x_wconf 83' lang='lat' dir='ltr'><strong>num</strong></span> <span class='ocrx_word' id='word_1_137' title='bbox 1296 2696 1458 2764; x_wconf 88' lang='lat' dir='ltr'><strong>dicit</strong></span> <span class='ocrx_word' id='word_1_138' title='bbox 1509 2695 1810 2787; x_wconf 79' lang='lat' dir='ltr'><strong>Angelos</strong></span> <span class='ocrx_word' id='word_1_139' title='bbox 1873 2699 2386 2789; x_wconf 80' lang='lat' dir='ltr'><strong>participatione</strong></span> <span class='ocrx_word' id='word_1_140' title='bbox 2453 2707 2655 2766; x_wconf 82' lang='lat' dir='ltr'><strong>aeter-</strong></span> 
     </span>
     <span class='ocr_line' id='line_1_26' title="bbox 1101 2805 2654 2888; baseline 0.002 -17"><span class='ocrx_word' id='word_1_141' title='bbox 1101 2805 1333 2871; x_wconf 86' lang='lat' dir='ltr'><strong>nitatis</strong></span> <span class='ocrx_word' id='word_1_142' title='bbox 1365 2813 1685 2888; x_wconf 62' lang='lat' dir='ltr'><strong>aeternos,</strong></span> <span class='ocrx_word' id='word_1_143' title='bbox 1737 2827 1877 2872; x_wconf 91' lang='lat' dir='ltr'><strong>non</strong></span> <span class='ocrx_word' id='word_1_144' title='bbox 1915 2815 2144 2873; x_wconf 88' lang='lat' dir='ltr'><strong>tamen</strong></span> <span class='ocrx_word' id='word_1_145' title='bbox 2187 2805 2336 2874; x_wconf 87' lang='lat' dir='ltr'><strong>Deo</strong></span> <span class='ocrx_word' id='word_1_146' title='bbox 2375 2816 2654 2874; x_wconf 69' lang='lat' dir='ltr'><strong>coaeter·</strong></span> 
     </span>
     <span class='ocr_line' id='line_1_27' title="bbox 1099 2911 2652 3002; baseline 0.002 -25"><span class='ocrx_word' id='word_1_147' title='bbox 1099 2932 1226 2977; x_wconf 90' lang='lat' dir='ltr'><strong>nos</strong></span> <span class='ocrx_word' id='word_1_148' title='bbox 1299 2932 1315 2979; x_wconf 73' lang='grc' dir='ltr'>ε</span> <span class='ocrx_word' id='word_1_149' title='bbox 1386 2933 1549 3002; x_wconf 85' lang='lat' dir='ltr'><strong>ergo</strong></span> <span class='ocrx_word' id='word_1_150' title='bbox 1614 2911 1906 2988; x_wconf 78' lang='lat' dir='ltr'><strong>videtur,</strong></span> <span class='ocrx_word' id='word_1_151' title='bbox 1978 2911 2163 3002; x_wconf 91' lang='lat' dir='ltr'><strong>quod</strong></span> <span class='ocrx_word' id='word_1_152' title='bbox 2228 2911 2442 2980; x_wconf 89' lang='lat' dir='ltr'><strong>multa</strong></span> <span class='ocrx_word' id='word_1_153' title='bbox 2519 2916 2652 2980; x_wconf 89' lang='lat' dir='ltr'><strong>sint</strong></span> 
     </span>
     <span class='ocr_line' id='line_1_28' title="bbox 1099 3026 1376 3088; baseline 0.007 -2"><span class='ocrx_word' id='word_1_154' title='bbox 1099 3026 1376 3088; x_wconf 84' lang='lat' dir='ltr'><strong>aeterna.</strong></span> 
     </span>
    </p>
   </div>
   <div class='ocr_carea' id='block_1_6' title="bbox 1083 3230 2655 5251">
    <p class='ocr_par' dir='ltr' id='par_1_9' title="bbox 1083 3230 2655 5251">
     <span class='ocr_line' id='line_1_29' title="bbox 1196 3230 2653 3321; baseline -0.001 -22"><span class='ocrx_word' id='word_1_155' title='bbox 1196 3230 1507 3299; x_wconf 73' lang='lat' dir='ltr'><strong>Somno.</strong></span> <span class='ocrx_word' id='word_1_156' title='bbox 1586 3230 1994 3313; x_wconf 88' lang='lat' dir='ltr'><strong>Dicendum,</strong></span> <span class='ocrx_word' id='word_1_157' title='bbox 2064 3230 2249 3321; x_wconf 92' lang='lat' dir='ltr'><strong>quod</strong></span> <span class='ocrx_word' id='word_1_158' title='bbox 2321 3241 2653 3300; x_wconf 83' lang='lat' dir='ltr'><strong>aeternum</strong></span> 
     </span>
     <span class='ocr_line' id='line_1_30' title="bbox 1102 3338 2648 3429; baseline -0.001 -22"><span class='ocrx_word' id='word_1_159' title='bbox 1102 3346 1202 3407; x_wconf 86' lang='lat' dir='ltr'><strong>est</strong></span> <span class='ocrx_word' id='word_1_160' title='bbox 1226 3338 1422 3426; x_wconf 87' lang='lat' dir='ltr'><strong>cujus</strong></span> <span class='ocrx_word' id='word_1_161' title='bbox 1452 3338 1725 3429; x_wconf 88' lang='lat' dir='ltr'><strong>propria</strong></span> <span class='ocrx_word' id='word_1_162' title='bbox 1756 3360 2074 3405; x_wconf 87' lang='lat' dir='ltr'><strong>mensura</strong></span> <span class='ocrx_word' id='word_1_163' title='bbox 2095 3340 2493 3407; x_wconf 67' lang='lat' dir='ltr'><strong>aeternitatis</strong></span> <span class='ocrx_word' id='word_1_164' title='bbox 2522 3351 2648 3406; x_wconf 88' lang='lat' dir='ltr'><strong>est.</strong></span> 
     </span>
     <span class='ocr_line' id='line_1_31' title="bbox 1103 3443 2655 3535; baseline 0.002 -25"><span class='ocrx_word' id='word_1_165' title='bbox 1103 3443 1336 3512; x_wconf 82' lang='lat' dir='ltr'><strong>Potest</strong></span> <span class='ocrx_word' id='word_1_166' title='bbox 1366 3454 1593 3512; x_wconf 86' lang='lat' dir='ltr'><strong>autem</strong></span> <span class='ocrx_word' id='word_1_167' title='bbox 1630 3443 1885 3512; x_wconf 84' lang='lat' dir='ltr'><strong>attendi</strong></span> <span class='ocrx_word' id='word_1_168' title='bbox 1937 3466 2340 3511; x_wconf 87' lang='lat' dir='ltr'><strong>mensurans</strong></span> <span class='ocrx_word' id='word_1_169' title='bbox 2379 3446 2655 3535; x_wconf 87' lang='lat' dir='ltr'><strong>triplici-</strong></span> 
     </span>
     <span class='ocr_line' id='line_1_32' title="bbox 1097 3546 2653 3638; baseline -0.001 -23"><span class='ocrx_word' id='word_1_170' title='bbox 1097 3556 1224 3625; x_wconf 90' lang='lat' dir='ltr'><strong>ter,</strong></span> <span class='ocrx_word' id='word_1_171' title='bbox 1259 3548 1511 3616; x_wconf 75' lang='lat' dir='ltr'><strong>scilicet</strong></span> <span class='ocrx_word' id='word_1_172' title='bbox 1544 3557 1613 3614; x_wconf 90' lang='lat' dir='ltr'><strong>ut</strong></span> <span class='ocrx_word' id='word_1_173' title='bbox 1653 3546 2079 3638; x_wconf 67' lang='lat' dir='ltr'><strong>adaequatum</strong></span> <span class='ocrx_word' id='word_1_174' title='bbox 2115 3549 2476 3638; x_wconf 79' lang='lat' dir='ltr'><strong>quantitati</strong></span> <span class='ocrx_word' id='word_1_175' title='bbox 2509 3551 2653 3615; x_wconf 78' lang='lat' dir='ltr'><strong>vir-</strong></span> 
     </span>
     <span class='ocr_line' id='line_1_33' title="bbox 1096 3654 2649 3735; baseline -0.001 -11"><span class='ocrx_word' id='word_1_176' title='bbox 1096 3658 1260 3724; x_wconf 89' lang='lat' dir='ltr'><strong>tuali</strong></span> <span class='ocrx_word' id='word_1_177' title='bbox 1314 3658 1712 3735; x_wconf 76' lang='lat' dir='ltr'><strong>mensurati,</strong></span> <span class='ocrx_word' id='word_1_178' title='bbox 1762 3665 1824 3723; x_wconf 80' lang='lat' dir='ltr'><strong>et</strong></span> <span class='ocrx_word' id='word_1_179' title='bbox 1867 3657 1963 3723; x_wconf 87' lang='lat' dir='ltr'><strong>sic</strong></span> <span class='ocrx_word' id='word_1_180' title='bbox 2003 3654 2188 3723; x_wconf 88' lang='lat' dir='ltr'><strong>solus</strong></span> <span class='ocrx_word' id='word_1_181' title='bbox 2232 3656 2413 3724; x_wconf 79' lang='lat' dir='ltr'><strong>Deus</strong></span> <span class='ocrx_word' id='word_1_182' title='bbox 2452 3668 2649 3725; x_wconf 81' lang='lat' dir='ltr'><strong>aeter-</strong></span> 
     </span>
     <span class='ocr_line' id='line_1_34' title="bbox 1094 3763 2645 3845; baseline 0.001 -13"><span class='ocrx_word' id='word_1_183' title='bbox 1094 3787 1223 3832; x_wconf 87' lang='lat' dir='ltr'><strong>nus</strong></span> <span class='ocrx_word' id='word_1_184' title='bbox 1291 3773 1393 3833; x_wconf 89' lang='lat' dir='ltr'><strong>est</strong></span> <span class='ocrx_word' id='word_1_185' title='bbox 1448 3788 1464 3832; x_wconf 74' lang='grc' dir='ltr'>ε</span> <span class='ocrx_word' id='word_1_186' title='bbox 1520 3764 1625 3832; x_wconf 78' lang='lat' dir='ltr'><strong>vel</strong></span> <span class='ocrx_word' id='word_1_187' title='bbox 1675 3774 1751 3832; x_wconf 91' lang='lat' dir='ltr'><strong>ut</strong></span> <span class='ocrx_word' id='word_1_188' title='bbox 1798 3763 2136 3832; x_wconf 81' lang='lat' dir='ltr'><strong>excellens</strong></span> <span class='ocrx_word' id='word_1_189' title='bbox 2177 3788 2522 3845; x_wconf 87' lang='lat' dir='ltr'><strong>mensura,</strong></span> <span class='ocrx_word' id='word_1_190' title='bbox 2584 3777 2645 3834; x_wconf 81' lang='lat' dir='ltr'><strong>et</strong></span> 
     </span>
     <span class='ocr_line' id='line_1_35' title="bbox 1092 3873 2649 3962; baseline 0.002 -24"><span class='ocrx_word' id='word_1_191' title='bbox 1092 3874 1189 3939; x_wconf 87' lang='lat' dir='ltr'><strong>sic</strong></span> <span class='ocrx_word' id='word_1_192' title='bbox 1229 3873 1461 3939; x_wconf 88' lang='lat' dir='ltr'><strong>omnia</strong></span> <span class='ocrx_word' id='word_1_193' title='bbox 1510 3873 1831 3939; x_wconf 78' lang='lat' dir='ltr'><strong>aeviterna</strong></span> <span class='ocrx_word' id='word_1_194' title='bbox 1885 3884 1951 3939; x_wconf 90' lang='lat' dir='ltr'><strong>et</strong></span> <span class='ocrx_word' id='word_1_195' title='bbox 2000 3873 2375 3962; x_wconf 79' lang='lat' dir='ltr'><strong>spiritualia</strong></span> <span class='ocrx_word' id='word_1_196' title='bbox 2424 3875 2649 3942; x_wconf 88' lang='lat' dir='ltr'><strong>inclu-</strong></span> 
     </span>
     <span class='ocr_line' id='line_1_36' title="bbox 1092 3981 2648 4071; baseline 0.001 -23"><span class='ocrx_word' id='word_1_197' title='bbox 1092 3982 1348 4048; x_wconf 90' lang='lat' dir='ltr'><strong>duntur</strong></span> <span class='ocrx_word' id='word_1_198' title='bbox 1399 3982 1466 4048; x_wconf 90' lang='lat' dir='ltr'><strong>in</strong></span> <span class='ocrx_word' id='word_1_199' title='bbox 1526 3981 1924 4058; x_wconf 73' lang='lat' dir='ltr'><strong>aeternitate,</strong></span> <span class='ocrx_word' id='word_1_200' title='bbox 1975 4003 2057 4047; x_wconf 84' lang='lat' dir='ltr'><strong>eo</strong></span> <span class='ocrx_word' id='word_1_201' title='bbox 2098 3981 2279 4071; x_wconf 85' lang='lat' dir='ltr'><strong>quod</strong></span> <span class='ocrx_word' id='word_1_202' title='bbox 2332 4005 2470 4048; x_wconf 86' lang='lat' dir='ltr'><strong>non</strong></span> <span class='ocrx_word' id='word_1_203' title='bbox 2525 3987 2648 4049; x_wconf 78' lang='lat' dir='ltr'><strong>de-</strong></span> 
     </span>
     <span class='ocr_line' id='line_1_37' title="bbox 1091 4087 2642 4157; baseline -0.001 0"><span class='ocrx_word' id='word_1_204' title='bbox 1091 4090 1228 4157; x_wconf 81' lang='lat' dir='ltr'><strong>ficit</strong></span> <span class='ocrx_word' id='word_1_205' title='bbox 1282 4087 1481 4155; x_wconf 90' lang='lat' dir='ltr'><strong>alicui</strong></span> <span class='ocrx_word' id='word_1_206' title='bbox 1553 4091 1839 4155; x_wconf 88' lang='lat' dir='ltr'><strong>istorum</strong></span> <span class='ocrx_word' id='word_1_207' title='bbox 1900 4110 1917 4156; x_wconf 73' lang='grc' dir='ltr'>ε</span> <span class='ocrx_word' id='word_1_208' title='bbox 1981 4098 2046 4155; x_wconf 90' lang='lat' dir='ltr'><strong>et</strong></span> <span class='ocrx_word' id='word_1_209' title='bbox 2095 4098 2325 4155; x_wconf 82' lang='lat' dir='ltr'><strong>tamen</strong></span> <span class='ocrx_word' id='word_1_210' title='bbox 2380 4089 2642 4157; x_wconf 86' lang='lat' dir='ltr'><strong>nullum</strong></span> 
     </span>
     <span class='ocr_line' id='line_1_38' title="bbox 1091 4195 2646 4264; baseline 0 0"><span class='ocrx_word' id='word_1_211' title='bbox 1091 4195 1365 4264; x_wconf 88' lang='lat' dir='ltr'><strong>illorum</strong></span> <span class='ocrx_word' id='word_1_212' title='bbox 1421 4206 1749 4264; x_wconf 67' lang='lat' dir='ltr'><strong>eternum</strong></span> <span class='ocrx_word' id='word_1_213' title='bbox 1788 4204 1912 4262; x_wconf 89' lang='lat' dir='ltr'><strong>est.</strong></span> <span class='ocrx_word' id='word_1_214' title='bbox 1955 4195 2180 4263; x_wconf 83' lang='lat' dir='ltr'><strong>Tertio</strong></span> <span class='ocrx_word' id='word_1_215' title='bbox 2230 4197 2436 4263; x_wconf 84' lang='lat' dir='ltr'><strong>modo</strong></span> <span class='ocrx_word' id='word_1_216' title='bbox 2485 4221 2646 4264; x_wconf 86' lang='lat' dir='ltr'><strong>con·</strong></span> 
     </span>
     <span class='ocr_line' id='line_1_39' title="bbox 1088 4302 2641 4394; baseline 0 -24"><span class='ocrx_word' id='word_1_217' title='bbox 1088 4305 1424 4372; x_wconf 87' lang='lat' dir='ltr'><strong>sideratur</strong></span> <span class='ocrx_word' id='word_1_218' title='bbox 1477 4314 1547 4371; x_wconf 91' lang='lat' dir='ltr'><strong>ut</strong></span> <span class='ocrx_word' id='word_1_219' title='bbox 1606 4302 1953 4394; x_wconf 83' lang='lat' dir='ltr'><strong>exemplar</strong></span> <span class='ocrx_word' id='word_1_220' title='bbox 2013 4304 2496 4394; x_wconf 82' lang='lat' dir='ltr'><strong>participatum</strong></span> <span class='ocrx_word' id='word_1_221' title='bbox 2557 4305 2641 4372; x_wconf 85' lang='lat' dir='ltr'><strong>ah</strong></span> 
     </span>
     <span class='ocr_line' id='line_1_40' title="bbox 1088 4413 2637 4504; baseline 0.001 -25"><span class='ocrx_word' id='word_1_222' title='bbox 1088 4413 1265 4494; x_wconf 81' lang='lat' dir='ltr'><strong>aliis,</strong></span> <span class='ocrx_word' id='word_1_223' title='bbox 1324 4421 1654 4502; x_wconf 89' lang='lat' dir='ltr'><strong>quantum</strong></span> <span class='ocrx_word' id='word_1_224' title='bbox 1719 4420 1942 4502; x_wconf 87' lang='lat' dir='ltr'><strong>potest</strong></span> <span class='ocrx_word' id='word_1_225' title='bbox 2007 4413 2549 4504; x_wconf 87' lang='lat' dir='ltr'><strong>unumquodque</strong></span> <span class='ocrx_word' id='word_1_226' title='bbox 2621 4438 2637 4482; x_wconf 87' lang='lat'>:</span> 
     </span>
     <span class='ocr_line' id='line_1_41' title="bbox 1087 4518 2642 4610; baseline 0.001 -24"><span class='ocrx_word' id='word_1_227' title='bbox 1087 4528 1155 4587; x_wconf 82' lang='lat' dir='ltr'><strong>ct</strong></span> <span class='ocrx_word' id='word_1_228' title='bbox 1210 4522 1306 4588; x_wconf 89' lang='lat' dir='ltr'><strong>sic</strong></span> <span class='ocrx_word' id='word_1_229' title='bbox 1364 4521 1586 4610; x_wconf 89' lang='lat' dir='ltr'><strong>ipsum</strong></span> <span class='ocrx_word' id='word_1_230' title='bbox 1634 4518 1893 4607; x_wconf 87' lang='lat' dir='ltr'><strong>adjacet</strong></span> <span class='ocrx_word' id='word_1_231' title='bbox 1943 4519 2171 4609; x_wconf 89' lang='lat' dir='ltr'><strong>aliquo</strong></span> <span class='ocrx_word' id='word_1_232' title='bbox 2215 4521 2421 4588; x_wconf 90' lang='lat' dir='ltr'><strong>modo</strong></span> <span class='ocrx_word' id='word_1_233' title='bbox 2469 4523 2642 4588; x_wconf 78' lang='lat' dir='ltr'><strong>aevi-</strong></span> 
     </span>
     <span class='ocr_line' id='line_1_42' title="bbox 1087 4627 2639 4719; baseline 0.001 -24"><span class='ocrx_word' id='word_1_234' title='bbox 1087 4631 1298 4696; x_wconf 88' lang='lat' dir='ltr'><strong>ternis</strong></span> <span class='ocrx_word' id='word_1_235' title='bbox 1341 4638 1408 4696; x_wconf 90' lang='lat' dir='ltr'><strong>et</strong></span> <span class='ocrx_word' id='word_1_236' title='bbox 1462 4627 1953 4719; x_wconf 81' lang='lat' dir='ltr'><strong>temporalibus</strong></span> <span class='ocrx_word' id='word_1_237' title='bbox 1987 4651 2112 4694; x_wconf 86' lang='lat' dir='ltr'><strong>suo</strong></span> <span class='ocrx_word' id='word_1_238' title='bbox 2163 4651 2369 4708; x_wconf 89' lang='lat' dir='ltr'><strong>nunc,</strong></span> <span class='ocrx_word' id='word_1_239' title='bbox 2402 4641 2465 4695; x_wconf 88' lang='lat' dir='ltr'><strong>et</strong></span> <span class='ocrx_word' id='word_1_240' title='bbox 2513 4655 2639 4697; x_wconf 76' lang='lat' dir='ltr'><strong>suo</strong></span> 
     </span>
     <span class='ocr_line' id='line_1_43' title="bbox 1086 4734 2640 4826; baseline 0 -24"><span class='ocrx_word' id='word_1_241' title='bbox 1086 4735 1361 4826; x_wconf 88' lang='lat' dir='ltr'><strong>quando</strong></span> <span class='ocrx_word' id='word_1_242' title='bbox 1425 4758 1442 4804; x_wconf 72' lang='grc' dir='ltr'>ε</span> <span class='ocrx_word' id='word_1_243' title='bbox 1502 4744 1578 4802; x_wconf 90' lang='lat' dir='ltr'><strong>ut</strong></span> <span class='ocrx_word' id='word_1_244' title='bbox 1614 4756 1771 4801; x_wconf 87' lang='lat' dir='ltr'><strong>cum</strong></span> <span class='ocrx_word' id='word_1_245' title='bbox 1821 4734 2089 4813; x_wconf 85' lang='lat' dir='ltr'><strong>dicitur,</strong></span> <span class='ocrx_word' id='word_1_246' title='bbox 2132 4734 2407 4824; x_wconf 83' lang='lat' dir='ltr'><strong>quando</strong></span> <span class='ocrx_word' id='word_1_247' title='bbox 2455 4738 2640 4804; x_wconf 79' lang='lat' dir='ltr'><strong>Dens</strong></span> 
     </span>
     <span class='ocr_line' id='line_1_44' title="bbox 1086 4840 2637 4931; baseline 0.001 -22"><span class='ocrx_word' id='word_1_248' title='bbox 1086 4850 1211 4917; x_wconf 85' lang='lat' dir='ltr'><strong>est,</strong></span> <span class='ocrx_word' id='word_1_249' title='bbox 1284 4840 1590 4931; x_wconf 80' lang='lat' dir='ltr'><strong>Angelus</strong></span> <span class='ocrx_word' id='word_1_250' title='bbox 1677 4849 1802 4920; x_wconf 86' lang='lat' dir='ltr'><strong>cst,</strong></span> <span class='ocrx_word' id='word_1_251' title='bbox 1884 4849 1950 4907; x_wconf 90' lang='lat' dir='ltr'><strong>et</strong></span> <span class='ocrx_word' id='word_1_252' title='bbox 2030 4849 2257 4907; x_wconf 82' lang='lat' dir='ltr'><strong>mutus</strong></span> <span class='ocrx_word' id='word_1_253' title='bbox 2331 4852 2431 4909; x_wconf 78' lang='lat' dir='ltr'><strong>est</strong></span> <span class='ocrx_word' id='word_1_254' title='bbox 2494 4865 2510 4912; x_wconf 75' lang='grc' dir='ltr'><strong><em>ε</em></strong></span> <span class='ocrx_word' id='word_1_255' title='bbox 2572 4852 2637 4910; x_wconf 87' lang='lat' dir='ltr'><strong>et</strong></span> 
     </span>
     <span class='ocr_line' id='line_1_45' title="bbox 1084 4945 2633 5039; baseline 0.002 -25"><span class='ocrx_word' id='word_1_256' title='bbox 1084 4970 1240 5014; x_wconf 83' lang='lat' dir='ltr'><strong>cum</strong></span> <span class='ocrx_word' id='word_1_257' title='bbox 1282 4948 1551 5023; x_wconf 84' lang='lat' dir='ltr'><strong>dicitur,</strong></span> <span class='ocrx_word' id='word_1_258' title='bbox 1598 4945 1778 5012; x_wconf 70' lang='lat' dir='ltr'><strong>neus</strong></span> <span class='ocrx_word' id='word_1_259' title='bbox 1829 4969 2005 5013; x_wconf 82' lang='lat' dir='ltr'><strong>nunc</strong></span> <span class='ocrx_word' id='word_1_260' title='bbox 2047 4957 2169 5022; x_wconf 73' lang='lat' dir='ltr'><strong>est,</strong></span> <span class='ocrx_word' id='word_1_261' title='bbox 2216 4957 2279 5013; x_wconf 89' lang='lat' dir='ltr'><strong>et</strong></span> <span class='ocrx_word' id='word_1_262' title='bbox 2320 4951 2633 5039; x_wconf 71' lang='lat' dir='ltr'><strong>angeluS,</strong></span> 
     </span>
     <span class='ocr_line' id='line_1_46' title="bbox 1083 5052 2638 5143; baseline 0.001 -23"><span class='ocrx_word' id='word_1_263' title='bbox 1083 5064 1148 5120; x_wconf 90' lang='lat' dir='ltr'><strong>et</strong></span> <span class='ocrx_word' id='word_1_264' title='bbox 1190 5054 1374 5143; x_wconf 87' lang='lat' dir='ltr'><strong>quod</strong></span> <span class='ocrx_word' id='word_1_265' title='bbox 1417 5053 1627 5119; x_wconf 84' lang='lat' dir='ltr'><strong>l&#39;ertur</strong></span> <span class='ocrx_word' id='word_1_266' title='bbox 1677 5055 1743 5118; x_wconf 89' lang='lat' dir='ltr'><strong>in</strong></span> <span class='ocrx_word' id='word_1_267' title='bbox 1774 5064 1988 5119; x_wconf 89' lang='lat' dir='ltr'><strong>motu.</strong></span> <span class='ocrx_word' id='word_1_268' title='bbox 2036 5052 2119 5119; x_wconf 78' lang='lat' dir='ltr'><strong>Et</strong></span> <span class='ocrx_word' id='word_1_269' title='bbox 2160 5052 2264 5119; x_wconf 82' lang='lat' dir='ltr'><strong>his</strong></span> <span class='ocrx_word' id='word_1_270' title='bbox 2314 5056 2638 5123; x_wconf 84' lang='lat' dir='ltr'><strong>omnibus</strong></span> 
     </span>
     <span class='ocr_line' id='line_1_47' title="bbox 1088 5160 2637 5251; baseline 0.003 -23"><span class='ocrx_word' id='word_1_271' title='bbox 1088 5160 1310 5228; x_wconf 88' lang='lat' dir='ltr'><strong>modis</strong></span> <span class='ocrx_word' id='word_1_272' title='bbox 1349 5160 1604 5251; x_wconf 83' lang='lat' dir='ltr'><strong>aliquid</strong></span> <span class='ocrx_word' id='word_1_273' title='bbox 1645 5164 1845 5227; x_wconf 89' lang='lat' dir='ltr'><strong>estin</strong></span> <span class='ocrx_word' id='word_1_274' title='bbox 1873 5163 2271 5238; x_wconf 83' lang='lat' dir='ltr'><strong>aeternitate,</strong></span> <span class='ocrx_word' id='word_1_275' title='bbox 2318 5162 2471 5231; x_wconf 87' lang='lat' dir='ltr'><strong>licet</strong></span> <span class='ocrx_word' id='word_1_276' title='bbox 2498 5187 2637 5232; x_wconf 85' lang='lat' dir='ltr'><strong>non</strong></span> 
     </span>
    </p>
   </div>
   <div class='ocr_carea' id='block_1_7' title="bbox 1084 5271 2638 5363">
    <p class='ocr_par' dir='ltr' id='par_1_10' title="bbox 1084 5271 2638 5363">
     <span class='ocr_line' id='line_1_48' title="bbox 1084 5271 2638 5363; baseline 0.003 -26"><span class='ocrx_word' id='word_1_277' title='bbox 1084 5274 1168 5338; x_wconf 91' lang='lat' dir='ltr'><strong>sit</strong></span> <span class='ocrx_word' id='word_1_278' title='bbox 1197 5279 1526 5338; x_wconf 66' lang='lat' dir='ltr'><strong>{eternum</strong></span> <span class='ocrx_word' id='word_1_279' title='bbox 1569 5272 1695 5337; x_wconf 88' lang='lat' dir='ltr'><strong>nisi</strong></span> <span class='ocrx_word' id='word_1_280' title='bbox 1735 5273 1956 5360; x_wconf 86' lang='lat' dir='ltr'><strong>primo</strong></span> <span class='ocrx_word' id='word_1_281' title='bbox 2006 5271 2209 5339; x_wconf 86' lang='lat' dir='ltr'><strong>modo</strong></span> <span class='ocrx_word' id='word_1_282' title='bbox 2249 5283 2356 5340; x_wconf 91' lang='lat' dir='ltr'><strong>:et</strong></span> <span class='ocrx_word' id='word_1_283' title='bbox 2393 5275 2638 5363; x_wconf 84' lang='lat' dir='ltr'><strong>accipi-</strong></span> 
     </span>
    </p>
   </div>
   <div class='ocr_carea' id='block_1_8' title="bbox 1084 5526 2635 5685">
    <p class='ocr_par' dir='ltr' id='par_1_11' title="bbox 1084 5526 2635 5685">
     <span class='ocr_line' id='line_1_49' title="bbox 1156 5526 2635 5596; baseline -0.011 -11"><span class='ocrx_word' id='word_1_284' title='bbox 1156 5527 1173 5561; x_wconf 85' lang='lat'>¹</span> <span class='ocrx_word' id='word_1_285' title='bbox 1209 5527 1294 5582; x_wconf 80' lang='lat' dir='ltr'><strong>Ad</strong></span> <span class='ocrx_word' id='word_1_286' title='bbox 1325 5528 1573 5581; x_wconf 81' lang='lat' dir='ltr'><strong>Roman.</strong></span> <span class='ocrx_word' id='word_1_287' title='bbox 1596 5542 1710 5594; x_wconf 79' lang='lat' dir='ltr'><strong>xvi,</strong></span> <span class='ocrx_word' id='word_1_288' title='bbox 1743 5528 1809 5579; x_wconf 79' lang='lat'><strong>23</strong></span> <span class='ocrx_word' id='word_1_289' title='bbox 1844 5541 1858 5579; x_wconf 75' lang='grc' dir='ltr'><strong><em>ε</em></strong></span> <span class='ocrx_word' id='word_1_290' title='bbox 1896 5526 1966 5579; x_wconf 79' lang='grc' dir='ltr'><strong>Εἰ</strong></span> <span class='ocrx_word' id='word_1_291' title='bbox 1989 5527 2314 5594; x_wconf 77' lang='lat' dir='ltr'><strong>autem,qu1&#39;</strong></span> <span class='ocrx_word' id='word_1_292' title='bbox 2339 5532 2534 5596; x_wconf 69' lang='lat' dir='ltr'><strong>potens</strong></span> <span class='ocrx_word' id='word_1_293' title='bbox 2555 5533 2635 5581; x_wconf 57' lang='grc' dir='ltr'><strong>ρει</strong></span> 
     </span>
     <span class='ocr_line' id='line_1_50' title="bbox 1084 5612 2632 5685; baseline -0.01 -13"><span class='ocrx_word' id='word_1_294' title='bbox 1084 5634 1174 5673; x_wconf 78' lang='lat' dir='ltr'><strong>ros</strong></span> <span class='ocrx_word' id='word_1_295' title='bbox 1197 5621 1523 5685; x_wconf 54' lang='lat' dir='ltr'><strong>confirmare</strong></span> <span class='ocrx_word' id='word_1_296' title='bbox 1542 5615 1713 5685; x_wconf 67' lang='lat' dir='ltr'><strong>juxta</strong></span> <span class='ocrx_word' id='word_1_297' title='bbox 1742 5612 2107 5680; x_wconf 76' lang='lat' dir='ltr'><strong>Evanyelium</strong></span> <span class='ocrx_word' id='word_1_298' title='bbox 2136 5628 2315 5667; x_wconf 78' lang='lat' dir='ltr'><strong>mrum</strong></span> <span class='ocrx_word' id='word_1_299' title='bbox 2344 5621 2395 5667; x_wconf 77' lang='lat' dir='ltr'><strong>et</strong></span> <span class='ocrx_word' id='word_1_300' title='bbox 2423 5614 2632 5685; x_wconf 62' lang='lat' dir='ltr'><strong>praedi-</strong></span> 
     </span>
    </p>
   </div>
   <div class='ocr_carea' id='block_1_9' title="bbox 4199 270 4327 338">
    <p class='ocr_par' dir='ltr' id='par_1_12' title="bbox 4199 270 4327 338">
     <span class='ocr_line' id='line_1_51' title="bbox 4199 270 4327 338; baseline 0.008 -1"><span class='ocrx_word' id='word_1_301' title='bbox 4199 270 4327 338; x_wconf 87' lang='lat'><strong>233</strong></span> 
     </span>
    </p>
   </div>
   <div class='ocr_carea' id='block_1_10' title="bbox 2784 443 4323 530">
    <p class='ocr_par' dir='ltr' id='par_1_13' title="bbox 2784 443 4323 530">
     <span class='ocr_line' id='line_1_52' title="bbox 2784 443 4323 530; baseline -0.001 -23"><span class='ocrx_word' id='word_1_302' title='bbox 2784 451 2893 508; x_wconf 92' lang='lat' dir='ltr'><strong>tur</strong></span> <span class='ocrx_word' id='word_1_303' title='bbox 2940 443 3284 509; x_wconf 61' lang='lat' dir='ltr'><strong>{eternitas</strong></span> <span class='ocrx_word' id='word_1_304' title='bbox 3330 463 3468 507; x_wconf 91' lang='lat' dir='ltr'><strong>non</strong></span> <span class='ocrx_word' id='word_1_305' title='bbox 3529 450 3724 530; x_wconf 86' lang='lat' dir='ltr'><strong>prout</strong></span> <span class='ocrx_word' id='word_1_306' title='bbox 3780 451 3876 507; x_wconf 74' lang='lat' dir='ltr'><strong>cst</strong></span> <span class='ocrx_word' id='word_1_307' title='bbox 3923 443 3987 506; x_wconf 92' lang='lat' dir='ltr'><strong>in</strong></span> <span class='ocrx_word' id='word_1_308' title='bbox 4046 451 4323 522; x_wconf 81' lang='lat' dir='ltr'><strong>aetern0,</strong></span> 
     </span>
    </p>
   </div>
   <div class='ocr_carea' id='block_1_11' title="bbox 2747 547 4327 5154">
    <p class='ocr_par' dir='ltr' id='par_1_14' title="bbox 2764 547 4327 2901">
     <span class='ocr_line' id='line_1_53' title="bbox 2779 547 4327 637; baseline -0.002 -21"><span class='ocrx_word' id='word_1_309' title='bbox 2779 549 2895 616; x_wconf 88' lang='lat' dir='ltr'><strong>sed</strong></span> <span class='ocrx_word' id='word_1_310' title='bbox 2973 548 3349 616; x_wconf 86' lang='lat' dir='ltr'><strong>formaliter</strong></span> <span class='ocrx_word' id='word_1_311' title='bbox 3415 570 3537 637; x_wconf 91' lang='lat' dir='ltr'><strong>pro</strong></span> <span class='ocrx_word' id='word_1_312' title='bbox 3600 550 3740 636; x_wconf 87' lang='lat' dir='ltr'><strong>ipsa</strong></span> <span class='ocrx_word' id='word_1_313' title='bbox 3817 549 4193 615; x_wconf 89' lang='lat' dir='ltr'><strong>duratione.</strong></span> <span class='ocrx_word' id='word_1_314' title='bbox 4253 547 4327 613; x_wconf 87' lang='lat' dir='ltr'><strong>Si</strong></span> 
     </span>
     <span class='ocr_line' id='line_1_54' title="bbox 2780 657 4321 746; baseline -0.001 -22"><span class='ocrx_word' id='word_1_315' title='bbox 2780 667 3007 724; x_wconf 84' lang='lat' dir='ltr'><strong>autem</strong></span> <span class='ocrx_word' id='word_1_316' title='bbox 3059 658 3428 746; x_wconf 73' lang='lat' dir='ltr'><strong>accipiatur</strong></span> <span class='ocrx_word' id='word_1_317' title='bbox 3476 657 3867 746; x_wconf 87' lang='lat' dir='ltr'><strong>participata</strong></span> <span class='ocrx_word' id='word_1_318' title='bbox 3920 679 4038 745; x_wconf 89' lang='lat' dir='ltr'><strong>per</strong></span> <span class='ocrx_word' id='word_1_319' title='bbox 4085 659 4321 734; x_wconf 75' lang='lat' dir='ltr'><strong>vitam,</strong></span> 
     </span>
     <span class='ocr_line' id='line_1_55' title="bbox 2780 762 4324 853; baseline -0.001 -25"><span class='ocrx_word' id='word_1_320' title='bbox 2780 775 2943 831; x_wconf 87' lang='lat' dir='ltr'><strong>tunc</strong></span> <span class='ocrx_word' id='word_1_321' title='bbox 3001 765 3262 831; x_wconf 78' lang='lat' dir='ltr'><strong>dicetur</strong></span> <span class='ocrx_word' id='word_1_322' title='bbox 3308 763 3566 853; x_wconf 83' lang='lat' dir='ltr'><strong>aliquid</strong></span> <span class='ocrx_word' id='word_1_323' title='bbox 3616 772 3968 841; x_wconf 67' lang='lat' dir='ltr'><strong>aeternum,</strong></span> <span class='ocrx_word' id='word_1_324' title='bbox 4021 786 4100 830; x_wconf 89' lang='lat' dir='ltr'><strong>eo</strong></span> <span class='ocrx_word' id='word_1_325' title='bbox 4143 762 4324 852; x_wconf 92' lang='lat' dir='ltr'><strong>quod</strong></span> 
     </span>
     <span class='ocr_line' id='line_1_56' title="bbox 2778 870 4325 961; baseline -0.003 -23"><span class='ocrx_word' id='word_1_326' title='bbox 2778 874 3131 961; x_wconf 87' lang='lat' dir='ltr'><strong>participat</strong></span> <span class='ocrx_word' id='word_1_327' title='bbox 3207 874 3421 960; x_wconf 77' lang='lat' dir='ltr'><strong>ipsam</strong></span> <span class='ocrx_word' id='word_1_328' title='bbox 3483 893 3602 960; x_wconf 90' lang='lat' dir='ltr'><strong>per</strong></span> <span class='ocrx_word' id='word_1_329' title='bbox 3668 872 3890 956; x_wconf 59' lang='lat' dir='ltr'><strong>unamf</strong></span> <span class='ocrx_word' id='word_1_330' title='bbox 3946 870 4325 960; x_wconf 88' lang='lat' dir='ltr'><strong>proprieta-</strong></span> 
     </span>
     <span class='ocr_line' id='line_1_57' title="bbox 2779 969 4322 1064; baseline -0.002 -23"><span class='ocrx_word' id='word_1_331' title='bbox 2779 987 2912 1042; x_wconf 88' lang='lat' dir='ltr'><strong>tem</strong></span> <span class='ocrx_word' id='word_1_332' title='bbox 2945 977 3116 1064; x_wconf 82' lang='lat' dir='ltr'><strong>ejus,</strong></span> <span class='ocrx_word' id='word_1_333' title='bbox 3153 974 3257 1040; x_wconf 78' lang='lat' dir='ltr'><strong>vel</strong></span> <span class='ocrx_word' id='word_1_334' title='bbox 3292 969 3486 1056; x_wconf 80' lang='lat' dir='ltr'><strong>duaS‚</strong></span> <span class='ocrx_word' id='word_1_335' title='bbox 3521 973 3625 1040; x_wconf 86' lang='lat' dir='ltr'><strong>vel</strong></span> <span class='ocrx_word' id='word_1_336' title='bbox 3660 973 3905 1063; x_wconf 81' lang='lat' dir='ltr'><strong>plureS,</strong></span> <span class='ocrx_word' id='word_1_337' title='bbox 3951 973 4322 1041; x_wconf 86' lang='lat' dir='ltr'><strong>secundum</strong></span> 
     </span>
     <span class='ocr_line' id='line_1_58' title="bbox 2781 1079 4324 1171; baseline -0.001 -25"><span class='ocrx_word' id='word_1_338' title='bbox 2781 1081 2966 1171; x_wconf 87' lang='lat' dir='ltr'><strong>quod</strong></span> <span class='ocrx_word' id='word_1_339' title='bbox 3022 1083 3351 1168; x_wconf 75' lang='lat' dir='ltr'><strong>majm·eln</strong></span> <span class='ocrx_word' id='word_1_340' title='bbox 3420 1080 3528 1146; x_wconf 79' lang='lat' dir='ltr'><strong>vel</strong></span> <span class='ocrx_word' id='word_1_341' title='bbox 3582 1080 3910 1146; x_wconf 83' lang='lat' dir='ltr'><strong>minorem</strong></span> <span class='ocrx_word' id='word_1_342' title='bbox 3952 1079 4154 1147; x_wconf 89' lang='lat' dir='ltr'><strong>habet</strong></span> <span class='ocrx_word' id='word_1_343' title='bbox 4211 1102 4324 1168; x_wconf 91' lang='lat' dir='ltr'><strong>ap-</strong></span> 
     </span>
     <span class='ocr_line' id='line_1_59' title="bbox 2778 1187 4321 1278; baseline 0.001 -26"><span class='ocrx_word' id='word_1_344' title='bbox 2778 1190 3421 1278; x_wconf 84' lang='lat' dir='ltr'><strong>propinquationem</strong></span> <span class='ocrx_word' id='word_1_345' title='bbox 3455 1187 3537 1253; x_wconf 86' lang='lat' dir='ltr'><strong>ad</strong></span> <span class='ocrx_word' id='word_1_346' title='bbox 3569 1187 3784 1253; x_wconf 86' lang='lat' dir='ltr'><strong>Deum</strong></span> <span class='ocrx_word' id='word_1_347' title='bbox 3819 1188 3932 1276; x_wconf 90' lang='lat' dir='ltr'><strong>qui</strong></span> <span class='ocrx_word' id='word_1_348' title='bbox 3974 1187 4321 1254; x_wconf 82' lang='lat' dir='ltr'><strong>verissime</strong></span> 
     </span>
     <span class='ocr_line' id='line_1_60' title="bbox 2775 1294 4316 1384; baseline -0.001 -21"><span class='ocrx_word' id='word_1_349' title='bbox 2775 1305 2876 1363; x_wconf 87' lang='lat' dir='ltr'><strong>est</strong></span> <span class='ocrx_word' id='word_1_350' title='bbox 2907 1305 3202 1363; x_wconf 64' lang='lat' dir='ltr'><strong>fetet-nus</strong></span> <span class='ocrx_word' id='word_1_351' title='bbox 3235 1320 3252 1361; x_wconf 75' lang='lat' dir='ltr'><em>z</em></span> <span class='ocrx_word' id='word_1_352' title='bbox 3291 1294 3469 1361; x_wconf 88' lang='lat' dir='ltr'><strong>unde</strong></span> <span class='ocrx_word' id='word_1_353' title='bbox 3497 1294 3736 1384; x_wconf 82' lang='lat' dir='ltr'><strong>Angeli</strong></span> <span class='ocrx_word' id='word_1_354' title='bbox 3759 1294 4316 1384; x_wconf 66' lang='lat' dir='ltr'><strong>contemplantes,</strong></span> 
     </span>
     <span class='ocr_line' id='line_1_61' title="bbox 2774 1401 4323 1493; baseline -0.003 -22"><span class='ocrx_word' id='word_1_355' title='bbox 2774 1414 2840 1471; x_wconf 91' lang='lat' dir='ltr'><strong>et</strong></span> <span class='ocrx_word' id='word_1_356' title='bbox 2881 1402 3059 1471; x_wconf 88' lang='lat' dir='ltr'><strong>beati</strong></span> <span class='ocrx_word' id='word_1_357' title='bbox 3093 1426 3386 1493; x_wconf 87' lang='lat' dir='ltr'><strong>quorum</strong></span> <span class='ocrx_word' id='word_1_358' title='bbox 3440 1402 3592 1470; x_wconf 87' lang='lat' dir='ltr'><strong>licet</strong></span> <span class='ocrx_word' id='word_1_359' title='bbox 3634 1404 3932 1491; x_wconf 89' lang='lat' dir='ltr'><strong>potentia</strong></span> <span class='ocrx_word' id='word_1_360' title='bbox 3973 1401 4323 1470; x_wconf 78' lang='lat' dir='ltr'><strong>defluxibi-</strong></span> 
     </span>
     <span class='ocr_line' id='line_1_62' title="bbox 2773 1512 4320 1602; baseline -0.001 -23"><span class='ocrx_word' id='word_1_361' title='bbox 2773 1512 2856 1581; x_wconf 86' lang='lat' dir='ltr'><strong>lis</strong></span> <span class='ocrx_word' id='word_1_362' title='bbox 2885 1514 2971 1580; x_wconf 89' lang='lat' dir='ltr'><strong>sit</strong></span> <span class='ocrx_word' id='word_1_363' title='bbox 3027 1536 3146 1602; x_wconf 88' lang='lat' dir='ltr'><strong>per</strong></span> <span class='ocrx_word' id='word_1_364' title='bbox 3205 1522 3542 1589; x_wconf 86' lang='lat' dir='ltr'><strong>naturam,</strong></span> <span class='ocrx_word' id='word_1_365' title='bbox 3576 1521 3804 1579; x_wconf 87' lang='lat' dir='ltr'><strong>tamen</strong></span> <span class='ocrx_word' id='word_1_366' title='bbox 3852 1512 4011 1602; x_wconf 92' lang='lat' dir='ltr'><strong>quia</strong></span> <span class='ocrx_word' id='word_1_367' title='bbox 4058 1520 4320 1578; x_wconf 88' lang='lat' dir='ltr'><strong>constat</strong></span> 
     </span>
     <span class='ocr_line' id='line_1_63' title="bbox 2774 1620 4310 1711; baseline -0.002 -22"><span class='ocrx_word' id='word_1_368' title='bbox 2774 1621 2977 1690; x_wconf 91' lang='lat' dir='ltr'><strong>simul</strong></span> <span class='ocrx_word' id='word_1_369' title='bbox 3026 1621 3210 1711; x_wconf 86' lang='lat' dir='ltr'><strong>quod</strong></span> <span class='ocrx_word' id='word_1_370' title='bbox 3252 1620 3666 1687; x_wconf 77' lang='lat' dir='ltr'><strong>invariabilis</strong></span> <span class='ocrx_word' id='word_1_371' title='bbox 3697 1629 3794 1686; x_wconf 82' lang='lat' dir='ltr'><strong>est</strong></span> <span class='ocrx_word' id='word_1_372' title='bbox 3839 1643 3959 1710; x_wconf 84' lang='lat' dir='ltr'><strong>por</strong></span> <span class='ocrx_word' id='word_1_373' title='bbox 3996 1620 4310 1710; x_wconf 86' lang='lat' dir='ltr'><strong>gloriam,</strong></span> 
     </span>
     <span class='ocr_line' id='line_1_64' title="bbox 2773 1729 4309 1819; baseline -0.001 -21"><span class='ocrx_word' id='word_1_374' title='bbox 2773 1731 3091 1798; x_wconf 91' lang='lat' dir='ltr'><strong>dicuntur</strong></span> <span class='ocrx_word' id='word_1_375' title='bbox 3141 1731 3374 1797; x_wconf 80' lang='lat' dir='ltr'><strong>aetcrni</strong></span> <span class='ocrx_word' id='word_1_376' title='bbox 3418 1729 3786 1796; x_wconf 83' lang='lat' dir='ltr'><strong>secundum</strong></span> <span class='ocrx_word' id='word_1_377' title='bbox 3825 1730 4309 1819; x_wconf 82' lang='lat' dir='ltr'><strong>Augustinum.</strong></span> 
     </span>
     <span class='ocr_line' id='line_1_65' title="bbox 2772 1836 4314 1906; baseline -0.001 -2"><span class='ocrx_word' id='word_1_378' title='bbox 2772 1839 3003 1906; x_wconf 82' lang='lat' dir='ltr'><strong>l‘oenae</strong></span> <span class='ocrx_word' id='word_1_379' title='bbox 3039 1847 3269 1904; x_wconf 84' lang='lat' dir='ltr'><strong>autem</strong></span> <span class='ocrx_word' id='word_1_380' title='bbox 3322 1837 3564 1904; x_wconf 80' lang='lat' dir='ltr'><strong>inferni</strong></span> <span class='ocrx_word' id='word_1_381' title='bbox 3613 1836 3925 1903; x_wconf 90' lang='lat' dir='ltr'><strong>dicuntur</strong></span> <span class='ocrx_word' id='word_1_382' title='bbox 3962 1846 4227 1903; x_wconf 83' lang='lat' dir='ltr'><strong>aetcrnae</strong></span> <span class='ocrx_word' id='word_1_383' title='bbox 4274 1858 4314 1902; x_wconf 88' lang='lat' dir='ltr'><strong>a</strong></span> 
     </span>
     <span class='ocr_line' id='line_1_66' title="bbox 2770 1944 4308 2035; baseline -0.001 -22"><span class='ocrx_word' id='word_1_384' title='bbox 2770 1946 3286 2035; x_wconf 85' lang='lat' dir='ltr'><strong>participatione</strong></span> <span class='ocrx_word' id='word_1_385' title='bbox 3344 1944 3714 2011; x_wconf 87' lang='lat' dir='ltr'><strong>durationis</strong></span> <span class='ocrx_word' id='word_1_386' title='bbox 3775 1944 3917 2010; x_wconf 91' lang='lat' dir='ltr'><strong>sine</strong></span> <span class='ocrx_word' id='word_1_387' title='bbox 3990 1945 4308 2012; x_wconf 78' lang='lat' dir='ltr'><strong>termino·</strong></span> 
     </span>
     <span class='ocr_line' id='line_1_67' title="bbox 2766 2053 4309 2142; baseline 0 -23"><span class='ocrx_word' id='word_1_388' title='bbox 2766 2053 3103 2142; x_wconf 84' lang='lat' dir='ltr'><strong>Tempora</strong></span> <span class='ocrx_word' id='word_1_389' title='bbox 3145 2062 3375 2120; x_wconf 87' lang='lat' dir='ltr'><strong>autem</strong></span> <span class='ocrx_word' id='word_1_390' title='bbox 3432 2061 3683 2119; x_wconf 82' lang='lat' dir='ltr'><strong>aeterna</strong></span> <span class='ocrx_word' id='word_1_391' title='bbox 3730 2061 3884 2119; x_wconf 85' lang='lat' dir='ltr'><strong>sunt</strong></span> <span class='ocrx_word' id='word_1_392' title='bbox 3943 2054 4103 2119; x_wconf 89' lang='lat' dir='ltr'><strong>anni</strong></span> <span class='ocrx_word' id='word_1_393' title='bbox 4159 2053 4309 2131; x_wconf 89' lang='lat' dir='ltr'><strong>Dei,</strong></span> 
     </span>
     <span class='ocr_line' id='line_1_68' title="bbox 2769 2159 4315 2251; baseline 0 -23"><span class='ocrx_word' id='word_1_394' title='bbox 2769 2163 2885 2251; x_wconf 90' lang='lat' dir='ltr'><strong>qui</strong></span> <span class='ocrx_word' id='word_1_395' title='bbox 2946 2184 3084 2228; x_wconf 93' lang='lat' dir='ltr'><strong>non</strong></span> <span class='ocrx_word' id='word_1_396' title='bbox 3152 2159 3477 2228; x_wconf 82' lang='lat' dir='ltr'><strong>deficiunt</strong></span> <span class='ocrx_word' id='word_1_397' title='bbox 3537 2181 3552 2227; x_wconf 75' lang='grc' dir='ltr'>ε</span> <span class='ocrx_word' id='word_1_398' title='bbox 3615 2160 3728 2249; x_wconf 90' lang='lat' dir='ltr'><strong>qui</strong></span> <span class='ocrx_word' id='word_1_399' title='bbox 3796 2183 3933 2227; x_wconf 93' lang='lat' dir='ltr'><strong>non</strong></span> <span class='ocrx_word' id='word_1_400' title='bbox 3998 2161 4315 2228; x_wconf 91' lang='lat' dir='ltr'><strong>dicuntur</strong></span> 
     </span>
     <span class='ocr_line' id='line_1_69' title="bbox 2769 2268 4307 2360; baseline 0.001 -24"><span class='ocrx_word' id='word_1_401' title='bbox 2769 2279 3074 2360; x_wconf 87' lang='lat' dir='ltr'><strong>tempora</strong></span> <span class='ocrx_word' id='word_1_402' title='bbox 3135 2278 3202 2336; x_wconf 85' lang='lat' dir='ltr'><strong>et</strong></span> <span class='ocrx_word' id='word_1_403' title='bbox 3238 2269 3426 2348; x_wconf 90' lang='lat' dir='ltr'><strong>anni,</strong></span> <span class='ocrx_word' id='word_1_404' title='bbox 3479 2269 3604 2335; x_wconf 90' lang='lat' dir='ltr'><strong>nisi</strong></span> <span class='ocrx_word' id='word_1_405' title='bbox 3657 2268 4028 2336; x_wconf 89' lang='lat' dir='ltr'><strong>secundum</strong></span> <span class='ocrx_word' id='word_1_406' title='bbox 4076 2269 4307 2337; x_wconf 88' lang='lat' dir='ltr'><strong>distin·</strong></span> 
     </span>
     <span class='ocr_line' id='line_1_70' title="bbox 2765 2363 4307 2470; baseline 0 -23"><span class='ocrx_word' id='word_1_407' title='bbox 2765 2383 3060 2448; x_wconf 86' lang='lat' dir='ltr'><strong>ctionem</strong></span> <span class='ocrx_word' id='word_1_408' title='bbox 3123 2379 3208 2446; x_wconf 90' lang='lat' dir='ltr'><strong>ad</strong></span> <span class='ocrx_word' id='word_1_409' title='bbox 3268 2363 3653 2446; x_wconf 80' lang='lat' dir='ltr'><strong>inferiorem</strong></span> <span class='ocrx_word' id='word_1_410' title='bbox 3711 2401 4096 2446; x_wconf 82' lang='lat' dir='ltr'><strong>mensuram</strong></span> <span class='ocrx_word' id='word_1_411' title='bbox 4155 2403 4307 2470; x_wconf 74' lang='lat' dir='ltr'><strong>qum</strong></span> 
     </span>
     <span class='ocr_line' id='line_1_71' title="bbox 2765 2485 4310 2578; baseline -0.001 -24"><span class='ocrx_word' id='word_1_412' title='bbox 2765 2497 2865 2554; x_wconf 88' lang='lat' dir='ltr'><strong>est</strong></span> <span class='ocrx_word' id='word_1_413' title='bbox 2915 2496 3208 2577; x_wconf 89' lang='lat' dir='ltr'><strong>tempus.</strong></span> <span class='ocrx_word' id='word_1_414' title='bbox 3264 2485 3390 2553; x_wconf 80' lang='lat' dir='ltr'><strong>Vel</strong></span> <span class='ocrx_word' id='word_1_415' title='bbox 3452 2486 3730 2563; x_wconf 88' lang='lat' dir='ltr'><strong>dicatur,</strong></span> <span class='ocrx_word' id='word_1_416' title='bbox 3783 2486 3967 2575; x_wconf 91' lang='lat' dir='ltr'><strong>quod</strong></span> <span class='ocrx_word' id='word_1_417' title='bbox 4006 2496 4310 2578; x_wconf 87' lang='lat' dir='ltr'><strong>tempora</strong></span> 
     </span>
     <span class='ocr_line' id='line_1_72' title="bbox 2765 2591 4306 2685; baseline 0.001 -24"><span class='ocrx_word' id='word_1_418' title='bbox 2765 2618 2885 2685; x_wconf 89' lang='lat' dir='ltr'><strong>per</strong></span> <span class='ocrx_word' id='word_1_419' title='bbox 2916 2594 2983 2685; x_wconf 79' lang='lat' dir='ltr'><strong>ly</strong></span> <span class='ocrx_word' id='word_1_420' title='bbox 3035 2596 3305 2661; x_wconf 77' lang='lat' dir='ltr'><strong>aetemis</strong></span> <span class='ocrx_word' id='word_1_421' title='bbox 3349 2591 3702 2661; x_wconf 85' lang='lat' dir='ltr'><strong>trahantur</strong></span> <span class='ocrx_word' id='word_1_422' title='bbox 3745 2604 3933 2661; x_wconf 84' lang='lat' dir='ltr'><strong>extra</strong></span> <span class='ocrx_word' id='word_1_423' title='bbox 3979 2597 4306 2662; x_wconf 86' lang='lat' dir='ltr'><strong>rationem</strong></span> 
     </span>
     <span class='ocr_line' id='line_1_73' title="bbox 2764 2702 4307 2793; baseline 0.001 -24"><span class='ocrx_word' id='word_1_424' title='bbox 2764 2725 2987 2780; x_wconf 90' lang='lat' dir='ltr'><strong>suam,</strong></span> <span class='ocrx_word' id='word_1_425' title='bbox 3031 2711 3095 2770; x_wconf 90' lang='lat' dir='ltr'><strong>et</strong></span> <span class='ocrx_word' id='word_1_426' title='bbox 3135 2711 3317 2770; x_wconf 90' lang='lat' dir='ltr'><strong>stant</strong></span> <span class='ocrx_word' id='word_1_427' title='bbox 3348 2723 3470 2793; x_wconf 91' lang='lat' dir='ltr'><strong>pro</strong></span> <span class='ocrx_word' id='word_1_428' title='bbox 3522 2702 3873 2770; x_wconf 87' lang='lat' dir='ltr'><strong>duratione</strong></span> <span class='ocrx_word' id='word_1_429' title='bbox 3915 2704 4307 2770; x_wconf 60' lang='lat' dir='ltr'><strong>{eternitatis</strong></span> 
     </span>
     <span class='ocr_line' id='line_1_74' title="bbox 2764 2810 3482 2901; baseline 0.004 -25"><span class='ocrx_word' id='word_1_430' title='bbox 2764 2832 2800 2876; x_wconf 92' lang='lat' dir='ltr'><strong>a</strong></span> <span class='ocrx_word' id='word_1_431' title='bbox 2834 2834 2965 2901; x_wconf 90' lang='lat' dir='ltr'><strong>qua</strong></span> <span class='ocrx_word' id='word_1_432' title='bbox 3007 2810 3155 2878; x_wconf 89' lang='lat' dir='ltr'><strong>ssuit</strong></span> <span class='ocrx_word' id='word_1_433' title='bbox 3187 2818 3482 2900; x_wconf 89' lang='lat' dir='ltr'><strong>tempus.</strong></span> 
     </span>
    </p>

    <p class='ocr_par' dir='ltr' id='par_1_15' title="bbox 2747 2917 4308 5154">
     <span class='ocr_line' id='line_1_75' title="bbox 2856 2917 4300 3010; baseline 0.001 -24"><span class='ocrx_word' id='word_1_434' title='bbox 2856 2920 2935 2986; x_wconf 84' lang='lat' dir='ltr'><strong>Et</strong></span> <span class='ocrx_word' id='word_1_435' title='bbox 2999 2942 3118 3009; x_wconf 89' lang='lat' dir='ltr'><strong>per</strong></span> <span class='ocrx_word' id='word_1_436' title='bbox 3179 2917 3312 2986; x_wconf 88' lang='lat' dir='ltr'><strong>hoc</strong></span> <span class='ocrx_word' id='word_1_437' title='bbox 3360 2927 3543 3010; x_wconf 89' lang='lat' dir='ltr'><strong>patet</strong></span> <span class='ocrx_word' id='word_1_438' title='bbox 3590 2918 3833 2987; x_wconf 91' lang='lat' dir='ltr'><strong>solutio</strong></span> <span class='ocrx_word' id='word_1_439' title='bbox 3898 2920 3982 2987; x_wconf 84' lang='lat' dir='ltr'><strong>ab</strong></span> <span class='ocrx_word' id='word_1_440' title='bbox 4039 2919 4300 3009; x_wconf 85' lang='lat' dir='ltr'><strong>objecta</strong></span> 
     </span>
     <span class='ocr_line' id='line_1_76' title="bbox 2763 3028 4302 3119; baseline 0.001 -24"><span class='ocrx_word' id='word_1_441' title='bbox 2763 3030 2924 3118; x_wconf 88' lang='lat' dir='ltr'><strong>quia</strong></span> <span class='ocrx_word' id='word_1_442' title='bbox 2969 3029 3142 3097; x_wconf 84' lang='lat' dir='ltr'><strong>bene</strong></span> <span class='ocrx_word' id='word_1_443' title='bbox 3180 3028 3507 3106; x_wconf 82' lang='lat' dir='ltr'><strong>concch,</strong></span> <span class='ocrx_word' id='word_1_444' title='bbox 3540 3029 3716 3119; x_wconf 90' lang='lat' dir='ltr'><strong>quod</strong></span> <span class='ocrx_word' id='word_1_445' title='bbox 3755 3031 4091 3098; x_wconf 75' lang='lat' dir='ltr'><strong>aeternitas</strong></span> <span class='ocrx_word' id='word_1_446' title='bbox 4120 3031 4302 3098; x_wconf 86' lang='lat' dir='ltr'><strong>Deus</strong></span> 
     </span>
     <span class='ocr_line' id='line_1_77' title="bbox 2765 3136 4308 3228; baseline 0.002 -23"><span class='ocrx_word' id='word_1_447' title='bbox 2765 3146 2891 3217; x_wconf 78' lang='lat' dir='ltr'><strong>est,</strong></span> <span class='ocrx_word' id='word_1_448' title='bbox 2926 3146 2990 3206; x_wconf 88' lang='lat' dir='ltr'><strong>et</strong></span> <span class='ocrx_word' id='word_1_449' title='bbox 3022 3136 3188 3205; x_wconf 86' lang='lat' dir='ltr'><strong>nihil</strong></span> <span class='ocrx_word' id='word_1_450' title='bbox 3230 3139 3500 3228; x_wconf 90' lang='lat' dir='ltr'><strong>proprie</strong></span> <span class='ocrx_word' id='word_1_451' title='bbox 3531 3136 3773 3205; x_wconf 88' lang='lat' dir='ltr'><strong>dicitur</strong></span> <span class='ocrx_word' id='word_1_452' title='bbox 3808 3146 4135 3207; x_wconf 65' lang='lat' dir='ltr'><strong>{eternum</strong></span> <span class='ocrx_word' id='word_1_453' title='bbox 4176 3141 4308 3208; x_wconf 89' lang='lat' dir='ltr'><strong>nisi</strong></span> 
     </span>
     <span class='ocr_line' id='line_1_78' title="bbox 2763 3244 4304 3334; baseline 0.001 -22"><span class='ocrx_word' id='word_1_454' title='bbox 2763 3246 2950 3313; x_wconf 91' lang='lat' dir='ltr'><strong>solus</strong></span> <span class='ocrx_word' id='word_1_455' title='bbox 2986 3245 3191 3312; x_wconf 80' lang='lat' dir='ltr'><strong>Deus.</strong></span> <span class='ocrx_word' id='word_1_456' title='bbox 3225 3244 3378 3312; x_wconf 80' lang='lat' dir='ltr'><strong>Alia</strong></span> <span class='ocrx_word' id='word_1_457' title='bbox 3413 3253 3636 3312; x_wconf 84' lang='lat' dir='ltr'><strong>autem</strong></span> <span class='ocrx_word' id='word_1_458' title='bbox 3681 3246 3991 3334; x_wconf 81' lang='lat' dir='ltr'><strong>quaedam</strong></span> <span class='ocrx_word' id='word_1_459' title='bbox 4033 3257 4185 3314; x_wconf 89' lang='lat' dir='ltr'><strong>sunt</strong></span> <span class='ocrx_word' id='word_1_460' title='bbox 4238 3248 4304 3313; x_wconf 89' lang='lat' dir='ltr'><strong>in</strong></span> 
     </span>
     <span class='ocr_line' id='line_1_79' title="bbox 2761 3353 4308 3444; baseline 0 -24"><span class='ocrx_word' id='word_1_461' title='bbox 2761 3355 3136 3421; x_wconf 79' lang='lat' dir='ltr'><strong>aeternitate</strong></span> <span class='ocrx_word' id='word_1_462' title='bbox 3166 3353 3395 3420; x_wconf 90' lang='lat' dir='ltr'><strong>clausa</strong></span> <span class='ocrx_word' id='word_1_463' title='bbox 3426 3374 3563 3419; x_wconf 90' lang='lat' dir='ltr'><strong>non</strong></span> <span class='ocrx_word' id='word_1_464' title='bbox 3588 3362 3860 3433; x_wconf 83' lang='lat' dir='ltr'><strong>aeterna,</strong></span> <span class='ocrx_word' id='word_1_465' title='bbox 3895 3377 4112 3444; x_wconf 85' lang='lat' dir='ltr'><strong>neque</strong></span> <span class='ocrx_word' id='word_1_466' title='bbox 4147 3378 4308 3444; x_wconf 87' lang='lat' dir='ltr'><strong>par-</strong></span> 
     </span>
     <span class='ocr_line' id='line_1_80' title="bbox 2762 3461 4306 3551; baseline 0.001 -24"><span class='ocrx_word' id='word_1_467' title='bbox 2762 3461 3111 3551; x_wconf 82' lang='lat' dir='ltr'><strong>ticipantia</strong></span> <span class='ocrx_word' id='word_1_468' title='bbox 3194 3461 3667 3537; x_wconf 77' lang='lat' dir='ltr'><strong>aeteriiitatem,</strong></span> <span class='ocrx_word' id='word_1_469' title='bbox 3745 3471 3815 3526; x_wconf 91' lang='lat' dir='ltr'><strong>ut</strong></span> <span class='ocrx_word' id='word_1_470' title='bbox 3901 3472 4166 3549; x_wconf 76' lang='lat' dir='ltr'><strong>tenipus</strong></span> <span class='ocrx_word' id='word_1_471' title='bbox 4237 3470 4306 3529; x_wconf 88' lang='lat' dir='ltr'><strong>et</strong></span> 
     </span>
     <span class='ocr_line' id='line_1_81' title="bbox 2762 3566 4304 3657; baseline 0.001 -24"><span class='ocrx_word' id='word_1_472' title='bbox 2762 3566 3164 3657; x_wconf 87' lang='lat' dir='ltr'><strong>temporalia</strong></span> <span class='ocrx_word' id='word_1_473' title='bbox 3209 3591 3223 3634; x_wconf 75' lang='grc' dir='ltr'><em>τ</em></span> <span class='ocrx_word' id='word_1_474' title='bbox 3268 3566 3826 3657; x_wconf 86' lang='lat' dir='ltr'><strong>quaedamautem</strong></span> <span class='ocrx_word' id='word_1_475' title='bbox 3859 3570 3926 3635; x_wconf 89' lang='lat' dir='ltr'><strong>in</strong></span> <span class='ocrx_word' id='word_1_476' title='bbox 3959 3569 4304 3635; x_wconf 76' lang='lat' dir='ltr'><strong>aetcrnita-</strong></span> 
     </span>
     <span class='ocr_line' id='line_1_82' title="bbox 2760 3674 4301 3765; baseline 0.001 -25"><span class='ocrx_word' id='word_1_477' title='bbox 2760 3684 2849 3748; x_wconf 76' lang='lat' dir='ltr'><strong>te,</strong></span> <span class='ocrx_word' id='word_1_478' title='bbox 2901 3683 2965 3740; x_wconf 88' lang='lat' dir='ltr'><strong>et</strong></span> <span class='ocrx_word' id='word_1_479' title='bbox 3005 3674 3479 3765; x_wconf 84' lang='lat' dir='ltr'><strong>participantia</strong></span> <span class='ocrx_word' id='word_1_480' title='bbox 3530 3677 3993 3752; x_wconf 72' lang='lat' dir='ltr'><strong>aeternitatem,</strong></span> <span class='ocrx_word' id='word_1_481' title='bbox 4043 3683 4111 3743; x_wconf 90' lang='lat' dir='ltr'><strong>et</strong></span> <span class='ocrx_word' id='word_1_482' title='bbox 4165 3697 4301 3742; x_wconf 86' lang='lat' dir='ltr'><strong>non</strong></span> 
     </span>
     <span class='ocr_line' id='line_1_83' title="bbox 2756 3778 4298 3869; baseline 0.001 -23"><span class='ocrx_word' id='word_1_483' title='bbox 2756 3790 3033 3855; x_wconf 75' lang='lat' dir='ltr'><strong>aeterua,</strong></span> <span class='ocrx_word' id='word_1_484' title='bbox 3099 3789 3168 3845; x_wconf 91' lang='lat' dir='ltr'><strong>ut</strong></span> <span class='ocrx_word' id='word_1_485' title='bbox 3227 3778 3474 3869; x_wconf 81' lang='lat' dir='ltr'><strong>Angeli</strong></span> <span class='ocrx_word' id='word_1_486' title='bbox 3532 3800 3549 3847; x_wconf 70' lang='grc' dir='ltr'>ε</span> <span class='ocrx_word' id='word_1_487' title='bbox 3610 3780 3915 3869; x_wconf 64' lang='lat' dir='ltr'><strong>quaedam</strong></span> <span class='ocrx_word' id='word_1_488' title='bbox 3957 3789 4183 3848; x_wconf 86' lang='lat' dir='ltr'><strong>autem</strong></span> <span class='ocrx_word' id='word_1_489' title='bbox 4232 3781 4298 3847; x_wconf 92' lang='lat' dir='ltr'><strong>in</strong></span> 
     </span>
     <span class='ocr_line' id='line_1_84' title="bbox 2756 3887 4294 3977; baseline -0.001 -23"><span class='ocrx_word' id='word_1_490' title='bbox 2756 3889 3131 3954; x_wconf 78' lang='lat' dir='ltr'><strong>aeternitate</strong></span> <span class='ocrx_word' id='word_1_491' title='bbox 3190 3895 3255 3954; x_wconf 84' lang='lat' dir='ltr'><strong>et</strong></span> <span class='ocrx_word' id='word_1_492' title='bbox 3311 3893 3565 3953; x_wconf 62' lang='lat' dir='ltr'><strong>aeterna</strong></span> <span class='ocrx_word' id='word_1_493' title='bbox 3620 3896 3683 3953; x_wconf 82' lang='lat' dir='ltr'><strong>et</strong></span> <span class='ocrx_word' id='word_1_494' title='bbox 3737 3888 4074 3954; x_wconf 57' lang='lat' dir='ltr'><strong>aeternitas</strong></span> <span class='ocrx_word' id='word_1_495' title='bbox 4126 3887 4294 3977; x_wconf 87' lang='lat' dir='ltr'><strong>ipsa,</strong></span> 
     </span>
     <span class='ocr_line' id='line_1_85' title="bbox 2759 3995 4298 4087; baseline 0.001 -26"><span class='ocrx_word' id='word_1_496' title='bbox 2759 4008 2829 4062; x_wconf 87' lang='lat' dir='ltr'><strong>ut</strong></span> <span class='ocrx_word' id='word_1_497' title='bbox 2866 3995 3046 4063; x_wconf 78' lang='lat' dir='ltr'><strong>Deus</strong></span> <span class='ocrx_word' id='word_1_498' title='bbox 3073 3995 3366 4061; x_wconf 82' lang='lat' dir='ltr'><strong>Trinitas</strong></span> <span class='ocrx_word' id='word_1_499' title='bbox 3395 4017 3413 4063; x_wconf 87' lang='lat'>:</span> <span class='ocrx_word' id='word_1_500' title='bbox 3449 3995 3753 4084; x_wconf 72' lang='lat' dir='ltr'><strong>quaedam</strong></span> <span class='ocrx_word' id='word_1_501' title='bbox 3787 4006 4010 4062; x_wconf 88' lang='lat' dir='ltr'><strong>autem</strong></span> <span class='ocrx_word' id='word_1_502' title='bbox 4042 3996 4298 4087; x_wconf 87' lang='lat' dir='ltr'><strong>aliquid</strong></span> 
     </span>
     <span class='ocr_line' id='line_1_86' title="bbox 2755 4102 4298 4191; baseline 0.001 -23"><span class='ocrx_word' id='word_1_503' title='bbox 2755 4103 2978 4169; x_wconf 78' lang='lat' dir='ltr'><strong>simile</strong></span> <span class='ocrx_word' id='word_1_504' title='bbox 3040 4102 3509 4191; x_wconf 88' lang='lat' dir='ltr'><strong>participantia</strong></span> <span class='ocrx_word' id='word_1_505' title='bbox 3569 4102 3950 4179; x_wconf 81' lang='lat' dir='ltr'><strong>aeternitati,</strong></span> <span class='ocrx_word' id='word_1_506' title='bbox 4012 4126 4134 4169; x_wconf 72' lang='lat' dir='ltr'><strong>nec</strong></span> <span class='ocrx_word' id='word_1_507' title='bbox 4189 4114 4298 4170; x_wconf 89' lang='lat' dir='ltr'><strong>ta-</strong></span> 
     </span>
     <span class='ocr_line' id='line_1_87' title="bbox 2756 4210 4293 4292; baseline 0.003 -18"><span class='ocrx_word' id='word_1_508' title='bbox 2756 4234 2910 4276; x_wconf 83' lang='lat' dir='ltr'><strong>men</strong></span> <span class='ocrx_word' id='word_1_509' title='bbox 2955 4211 3020 4276; x_wconf 89' lang='lat' dir='ltr'><strong>in</strong></span> <span class='ocrx_word' id='word_1_510' title='bbox 3060 4210 3433 4276; x_wconf 73' lang='lat' dir='ltr'><strong>:eternitate</strong></span> <span class='ocrx_word' id='word_1_511' title='bbox 3474 4218 3653 4285; x_wconf 80' lang='lat' dir='ltr'><strong>sunt,</strong></span> <span class='ocrx_word' id='word_1_512' title='bbox 3699 4232 3817 4275; x_wconf 85' lang='lat' dir='ltr'><strong>uec</strong></span> <span class='ocrx_word' id='word_1_513' title='bbox 3853 4219 4132 4292; x_wconf 78' lang='lat' dir='ltr'><strong>aeterna,</strong></span> <span class='ocrx_word' id='word_1_514' title='bbox 4173 4234 4293 4278; x_wconf 82' lang='lat' dir='ltr'><strong>nec</strong></span> 
     </span>
     <span class='ocr_line' id='line_1_88' title="bbox 2750 4318 4290 4408; baseline 0.001 -25"><span class='ocrx_word' id='word_1_515' title='bbox 2750 4319 3089 4383; x_wconf 66' lang='lat' dir='ltr'><strong>zelen-nitas</strong></span> <span class='ocrx_word' id='word_1_516' title='bbox 3146 4341 3160 4384; x_wconf 92' lang='lat'>:</span> <span class='ocrx_word' id='word_1_517' title='bbox 3217 4328 3289 4384; x_wconf 91' lang='lat' dir='ltr'><strong>ut</strong></span> <span class='ocrx_word' id='word_1_518' title='bbox 3351 4340 3563 4407; x_wconf 73' lang='lat' dir='ltr'><strong>pienae</strong></span> <span class='ocrx_word' id='word_1_519' title='bbox 3609 4328 3898 4383; x_wconf 56' lang='lat' dir='ltr'><strong>aeternam</strong></span> <span class='ocrx_word' id='word_1_520' title='bbox 3958 4318 4290 4408; x_wconf 73' lang='lat' dir='ltr'><strong>’l&#39;rmpora</strong></span> 
     </span>
     <span class='ocr_line' id='line_1_89' title="bbox 2753 4423 4294 4515; baseline 0.002 -27"><span class='ocrx_word' id='word_1_521' title='bbox 2753 4448 2914 4490; x_wconf 77' lang='lat' dir='ltr'><strong>veru</strong></span> <span class='ocrx_word' id='word_1_522' title='bbox 2974 4447 3109 4490; x_wconf 85' lang='lat' dir='ltr'><strong>non</strong></span> <span class='ocrx_word' id='word_1_523' title='bbox 3160 4423 3480 4491; x_wconf 77' lang='lat' dir='ltr'><strong>«licuntur</strong></span> <span class='ocrx_word' id='word_1_524' title='bbox 3514 4434 3783 4499; x_wconf 63' lang='lat' dir='ltr'><strong>aeterua,</strong></span> <span class='ocrx_word' id='word_1_525' title='bbox 3851 4426 3974 4491; x_wconf 75' lang='lat' dir='ltr'><strong>nisi</strong></span> <span class='ocrx_word' id='word_1_526' title='bbox 4044 4429 4294 4515; x_wconf 84' lang='lat' dir='ltr'><strong>impro-</strong></span> 
     </span>
     <span class='ocr_line' id='line_1_90' title="bbox 2754 4533 4293 4619; baseline 0.004 -26"><span class='ocrx_word' id='word_1_527' title='bbox 2754 4534 2895 4619; x_wconf 83' lang='lat' dir='ltr'><strong>prie</strong></span> <span class='ocrx_word' id='word_1_528' title='bbox 2962 4540 3325 4598; x_wconf 84' lang='lat' dir='ltr'><strong>sumantur</strong></span> <span class='ocrx_word' id='word_1_529' title='bbox 3399 4533 3570 4599; x_wconf 75' lang='lat' dir='ltr'><strong>sicut</strong></span> <span class='ocrx_word' id='word_1_530' title='bbox 3643 4534 3978 4600; x_wconf 66' lang='lat' dir='ltr'><strong>aeternitas</strong></span> <span class='ocrx_word' id='word_1_531' title='bbox 4049 4534 4293 4600; x_wconf 85' lang='lat' dir='ltr'><strong>dicitur</strong></span> 
     </span>
     <span class='ocr_line' id='line_1_91' title="bbox 2751 4640 4286 4731; baseline 0.002 -27"><span class='ocrx_word' id='word_1_532' title='bbox 2751 4651 3084 4706; x_wconf 69' lang='lat' dir='ltr'><strong>aeternum</strong></span> <span class='ocrx_word' id='word_1_533' title='bbox 3143 4650 3436 4730; x_wconf 80' lang='lat' dir='ltr'><strong>tempus,</strong></span> <span class='ocrx_word' id='word_1_534' title='bbox 3500 4640 3602 4706; x_wconf 79' lang='lat' dir='ltr'><strong>vrl</strong></span> <span class='ocrx_word' id='word_1_535' title='bbox 3652 4651 3898 4708; x_wconf 66' lang='lat' dir='ltr'><strong>{eterna</strong></span> <span class='ocrx_word' id='word_1_536' title='bbox 3956 4652 4286 4731; x_wconf 75' lang='lat' dir='ltr'><strong>tempora,</strong></span> 
     </span>
     <span class='ocr_line' id='line_1_92' title="bbox 2751 4746 4294 4836; baseline 0.001 -25"><span class='ocrx_word' id='word_1_537' title='bbox 2751 4769 2831 4812; x_wconf 79' lang='lat' dir='ltr'><strong>eo</strong></span> <span class='ocrx_word' id='word_1_538' title='bbox 2865 4746 3048 4836; x_wconf 80' lang='lat' dir='ltr'><strong>quod</strong></span> <span class='ocrx_word' id='word_1_539' title='bbox 3082 4746 3235 4812; x_wconf 80' lang='lat' dir='ltr'><strong>licet</strong></span> <span class='ocrx_word' id='word_1_540' title='bbox 3276 4748 3342 4813; x_wconf 92' lang='lat' dir='ltr'><strong>in</strong></span> <span class='ocrx_word' id='word_1_541' title='bbox 3384 4770 3456 4813; x_wconf 88' lang='lat' dir='ltr'><strong>se</strong></span> <span class='ocrx_word' id='word_1_542' title='bbox 3489 4769 3625 4814; x_wconf 89' lang='lat' dir='ltr'><strong>non</strong></span> <span class='ocrx_word' id='word_1_543' title='bbox 3666 4747 4142 4831; x_wconf 63' lang='lat' dir='ltr'><strong>distinguatur,</strong></span> <span class='ocrx_word' id='word_1_544' title='bbox 4188 4756 4294 4813; x_wconf 88' lang='lat' dir='ltr'><strong>ta-</strong></span> 
     </span>
     <span class='ocr_line' id='line_1_93' title="bbox 2751 4853 4292 4944; baseline 0 -25"><span class='ocrx_word' id='word_1_545' title='bbox 2751 4877 2906 4919; x_wconf 77' lang='lat' dir='ltr'><strong>men</strong></span> <span class='ocrx_word' id='word_1_546' title='bbox 2947 4854 3030 4919; x_wconf 89' lang='lat' dir='ltr'><strong>ad</strong></span> <span class='ocrx_word' id='word_1_547' title='bbox 3062 4853 3467 4942; x_wconf 81' lang='lat' dir='ltr'><strong>temporalia</strong></span> <span class='ocrx_word' id='word_1_548' title='bbox 3496 4854 3931 4943; x_wconf 69' lang='lat' dir='ltr'><strong>distinguitur</strong></span> <span class='ocrx_word' id='word_1_549' title='bbox 3969 4879 4086 4944; x_wconf 82' lang='lat' dir='ltr'><strong>per</strong></span> <span class='ocrx_word' id='word_1_550' title='bbox 4114 4856 4292 4921; x_wconf 83' lang='lat' dir='ltr'><strong>acci-</strong></span> 
     </span>
     <span class='ocr_line' id='line_1_94' title="bbox 2747 4960 4289 5051; baseline 0.002 -25"><span class='ocrx_word' id='word_1_551' title='bbox 2747 4961 2939 5036; x_wconf 80' lang='lat' dir='ltr'><strong>dens,</strong></span> <span class='ocrx_word' id='word_1_552' title='bbox 2990 4973 3060 5027; x_wconf 89' lang='lat' dir='ltr'><strong>ut</strong></span> <span class='ocrx_word' id='word_1_553' title='bbox 3114 4960 3293 5027; x_wconf 79' lang='lat' dir='ltr'><strong>Deus</strong></span> <span class='ocrx_word' id='word_1_554' title='bbox 3332 4961 3597 5028; x_wconf 74' lang='lat' dir='ltr'><strong>duravit</strong></span> <span class='ocrx_word' id='word_1_555' title='bbox 3644 4961 3790 5051; x_wconf 84' lang='lat' dir='ltr'><strong>plus</strong></span> <span class='ocrx_word' id='word_1_556' title='bbox 3827 4986 3941 5029; x_wconf 75' lang='lat' dir='ltr'><strong>sex</strong></span> <span class='ocrx_word' id='word_1_557' title='bbox 3995 4963 4289 5029; x_wconf 85' lang='lat' dir='ltr'><strong>millibus</strong></span> 
     </span>
     <span class='ocr_line' id='line_1_95' title="bbox 2748 5069 3702 5154; baseline 0.002 -20"><span class='ocrx_word' id='word_1_558' title='bbox 2748 5091 3116 5145; x_wconf 83' lang='lat' dir='ltr'><strong>annorum,</strong></span> <span class='ocrx_word' id='word_1_559' title='bbox 3150 5069 3253 5134; x_wconf 79' lang='lat' dir='ltr'><strong>vel</strong></span> <span class='ocrx_word' id='word_1_560' title='bbox 3289 5069 3702 5154; x_wconf 84' lang='lat' dir='ltr'><strong>hujusmodi.</strong></span> 
     </span>
    </p>
   </div>
   <div class='ocr_carea' id='block_1_12' title="bbox 2743 5526 4285 5688">
    <p class='ocr_par' dir='ltr' id='par_1_16' title="bbox 2743 5526 4285 5688">
     <span class='ocr_line' id='line_1_96' title="bbox 2744 5526 4285 5593; baseline 0.001 -9"><span class='ocrx_word' id='word_1_561' title='bbox 2744 5527 3017 5584; x_wconf 77' lang='lat' dir='ltr'><strong>cntionem</strong></span> <span class='ocrx_word' id='word_1_562' title='bbox 3075 5530 3205 5583; x_wconf 77' lang='lat' dir='ltr'><strong>Jesu</strong></span> <span class='ocrx_word' id='word_1_563' title='bbox 3264 5526 3490 5593; x_wconf 76' lang='lat' dir='ltr'><strong>Christi,</strong></span> <span class='ocrx_word' id='word_1_564' title='bbox 3547 5527 3839 5583; x_wconf 80' lang='lat' dir='ltr'><strong>secandum</strong></span> <span class='ocrx_word' id='word_1_565' title='bbox 3898 5528 4285 5585; x_wconf 76' lang='lat' dir='ltr'><strong>rerelati&#39;ormn</strong></span> 
     </span>
     <span class='ocr_line' id='line_1_97' title="bbox 2743 5617 3943 5688; baseline 0.002 -17"><span class='ocrx_word' id='word_1_566' title='bbox 2743 5621 2992 5687; x_wconf 75' lang='lat' dir='ltr'><strong>mysterii</strong></span> <span class='ocrx_word' id='word_1_567' title='bbox 3023 5617 3356 5688; x_wconf 60' lang='lat' dir='ltr'><strong>tennioribus</strong></span> <span class='ocrx_word' id='word_1_568' title='bbox 3375 5618 3597 5672; x_wconf 56' lang='lat' dir='ltr'><strong>:aaronis</strong></span> <span class='ocrx_word' id='word_1_569' title='bbox 3624 5619 3798 5682; x_wconf 75' lang='lat' dir='ltr'><strong>taciti,</strong></span> <span class='ocrx_word' id='word_1_570' title='bbox 3832 5624 3943 5673; x_wconf 75' lang='lat' dir='ltr'><strong>etc.</strong></span> 
     </span>
    </p>
   </div>
   <div class='ocr_carea' id='block_1_13' title="bbox 4345 2955 4611 3016">
    <p class='ocr_par' dir='ltr' id='par_1_17' title="bbox 4345 2955 4611 3016">
     <span class='ocr_line' id='line_1_98' title="bbox 4345 2955 4611 3016; baseline 0 -16"><span class='ocrx_word' id='word_1_571' title='bbox 4345 2955 4416 3000; x_wconf 73' lang='lat' dir='ltr'><strong>Ad</strong></span> <span class='ocrx_word' id='word_1_572' title='bbox 4437 2955 4611 3016; x_wconf 71' lang='lat' dir='ltr'><strong>object.</strong></span> 
     </span>
    </p>
   </div>
  </div>
 </body>
</html>
