4897 6388
532 252 537 257 ’
632 271 717 336 34
845 220 870 347 s
998 240 1003 243 ’
1141 318 1191 360 ,f
1619 262 1952 334 DMALB

116 428 158 492 Χ
220 508 223 515 .
316 454 325 459 ⁴
376 494 381 500 .
596 437 705 502 ·ἰιι
761 441 1133 541 quantum
1128 435 1331 506 idem
1405 404 1565 503 sunt
1636 454 1797 503 cum
1905 451 2171 497 summo
2269 436 2423 517 pter
2468 452 2538 497 se
2610 420 2933 498 voluntas
2973 432 3334 510 delectata
3391 431 3827 521 conquiescit,
3847 404 3861 415 ⁸

21 1720 51 1764 ·.
82 1700 122 1759 L?
172 1702 181 1751 ἑ
225 1663 603 1799 smnfflmm
491 1722 537 1767 ²·
630 1736 996 1806 possumus
1027 1712 1329 1805 accipere
1368 1719 1524 1781 actu
1553 1733 1876 1803 personas
1938 1716 2073 1779 tres
2102 1731 2174 1775 m

1 2951 6 2958 '
226 3000 229 3001 ⁷
329 2949 573 3006 Adana·

634 536 842 612 bono.

723 652 827 718 An
858 674 923 720 ιι)
954 610 1155 741 quod
1164 655 1397 716 eontra
1445 644 1782 734 objicitur,
1818 640 2174 711 dicendum

634 758 816 848 quod
854 758 1160 824 fruemur
1216 753 1415 820 Patre
1491 751 1974 820 determinate:
2034 769 2175 815 non

631 863 908 955 quidem
948 859 1321 931 secundum
1362 858 1545 952 quod
1596 857 1680 926 ad
1744 856 1988 924 Filium
2045 853 2169 937 est,

629 969 745 1038 sed
776 971 1208 1058 inquantum
1240 967 1381 1056 ipse
1449 965 1696 1033 relatus
1750 964 1832 1029 ad
1897 961 2167 1039 Filium,

629 1084 728 1144 est
753 1097 1024 1143 summo
1056 1073 1240 1142 bono
1273 1073 1453 1140 idem
1493 1094 1614 1162 per
1655 1070 2034 1139 essentiam.
2088 1066 2174 1132 Et

624 1182 778 1251 ideo
818 1181 1047 1251 fruitio
1087 1203 1227 1248 non
1259 1180 1499 1247 transit
1527 1180 1597 1246 in
1629 1177 1872 1244 Filium
1901 1181 2173 1265 propter

626 1285 1044 1354 intellectum
1074 1283 1464 1351 relationis:
1499 1303 1626 1349 nec
1651 1281 1955 1370 sequitur
1991 1274 2175 1368 quod

628 1394 764 1460 sint
816 1400 950 1462 tres
1005 1382 1388 1472 fruitioneS,
1457 1389 1631 1460 sicut
1694 1397 1824 1457 tres
1869 1409 2175 1479 personae

630 1502 1017 1572 distinctae.

717 1607 1031 1675 Anauon
1045 1604 1404 1674 dicendum
1415 1604 1632 1696 quod
1644 1602 2173 1694 unacognitione

244 669 248 677 v
282 704 363 749 Ad
347 697 606 803 uolgeptio-

633 1831 965 1913 quantum
1003 1843 1223 1890 unum
1251 1828 1434 1903 sunt,
1474 1818 1588 1887 vel
1625 1819 1828 1887 etiam
1860 1817 1930 1884 in
1959 1838 2173 1907 quan·

629 1938 781 1999 tum
818 1929 1152 1999 distinctae
1227 1934 1387 1996 sunt
1446 1925 1817 1996 secundum
1884 1925 2175 1992 rationes

630 2033 979 2102 relationis
1009 2055 1159 2128 quae
1192 2054 1334 2100 non
1363 2030 1571 2103 habet
1597 2027 2011 2099 intellectum
2052 2026 2178 2095 ab·

630 2139 974 2211 solutum:
1016 2138 1138 2208 se'd
1173 2136 1570 2228 hujusmodi
1617 2136 2001 2229 cognitione
2064 2155 2174 2203 ac-

628 2245 944 2336 cipimus,
998 2241 1440 2335 intelligendo
1507 2264 1851 2311 summum
1890 2238 2173 2319 bonum,

629 2363 698 2423 et
734 2353 828 2420 ita
866 2352 992 2423 erit
1021 2351 1320 2421 fructus:
1367 2358 1435 2419 et
1489 2350 1662 2419 bene
1718 2348 2177 2432 concedimus,

633 2461 816 2555 quod
883 2461 968 2530 ad
1032 2460 1404 2553 perfectam
1485 2459 1941 2553 cognitionem
2027 2455 2174 2537 Dei,

634 2572 931 2668 erigitur
982 2568 1169 2661 quod
1215 2576 1689 2661 -cognoscatur
1748 2567 1818 2634 in
1872 2565 2179 2658 personis

638 2677 968 2748 distinctis
997 2698 1152 2768 quae
1192 2676 1372 2746 idem
1429 2684 1588 2746 sunt
1640 2697 1907 2746 summo
1967 2673 2173 2745 bono.

732 2887 834 2956 An
864 2910 929 2956 m
967 2886 1154 2988 quod
1187 2886 1470 2955 ulterius
1534 2884 1897 2977 quaeritur:
1938 2882 2180 2953 Utrum

344 3004 441 3051 ⁸⁸¹⁰
444 3002 602 3049 ⁰0¹⁸¹²¹
644 3017 780 3062 una
814 3014 1109 3088 persona
1137 2992 1357 3086 magis
1393 2991 1699 3061 fruemur
1732 3012 1936 3082 quam
1998 2988 2183 3057 alia?

639 3101 1044 3183 Dicendum,
1075 3097 1263 3193 quod
1299 3122 1466 3169 non.
1506 3097 1649 3169 Nec
1687 3105 1787 3166 est
1823 3094 2042 3166 simile
2097 3094 2181 3163 de

633 3210 870 3281 ordine
901 3207 1376 3289 essentiarum,
1425 3216 1490 3277 et
1542 3206 1777 3276 ordine
1815 3213 2070 3274 naturoe
2109 3205 2180 3272 in

628 3319 980 3412 personis:
1034 3315 1195 3411 quia
1260 3316 1428 3386 ordo
1489 3315 1930 3385 essentiarum
1986 3313 2180 3405 ponit

626 3424 1160 3517 inaequalitatem
1191 3431 1260 3493 et
1294 3421 1754 3493 diversitatem
1793 3419 1876 3489 ab
1916 3419 2177 3508 objecto

626 3532 965 3602 fruitionis
994 3533 1066 3601 in
1107 3529 1540 3600 inferioribus
1587 3527 1915 3599 essentiis.
1995 3524 2177 3594 Ordo

627 3649 857 3711 autem
887 3647 1146 3709 naturae
1179 3638 1247 3706 in
1296 3638 1606 3731 personis
1669 3636 1859 3729 ponit
1896 3633 2181 3726 aequali-

625 3756 863 3833 tatem,
903 3755 971 3816 et
1000 3744 1422 3815 identitatem
1466 3767 1698 3815 earum
1776 3744 1843 3810 in
1908 3762 2176 3809 summo

625 3855 844 3940 bono,
912 3853 1100 3950 quod
1128 3863 1230 3925 est
1296 3854 1643 3945 objectum
1697 3852 2178 3921 fruitioniszet

624 3960 778 4030 ideo
815 3984 957 4030 una
983 3970 1087 4031 est
1122 3961 1355 4031 fruitio
1384 3961 1622 4041 trium,
1671 3960 1840 4028 sicut
1881 3980 2014 4025 una
2079 3963 2182 4026 est

623 4067 897 4138 bonitas
927 4070 1161 4139 trium.

1071 4498 1577 4573 ARTICULUS
1626 4498 1778 4569 XV.

748 4715 859 4784 An
884 4715 1074 4781 Deus
1101 4712 1323 4807 possit
1350 4712 1666 4803 coquos-ci
1702 4708 1789 4779 ab
1826 4710 2063 4801 aliquo

1082 4829 1308 4887 creato
1349 4817 1521 4908 {utel
1523 4817 1697 4888 lectu
1723 4815 1765 4884 P

728 5138 989 5211 Deinde
1045 5140 1372 5234 quaeritur
1425 5139 1532 5208 de·
1572 5137 1704 5208 hoc
1760 5137 1941 5230 quod
1976 5138 2179 5209 dicit:

643 5276 680 5314 et
721 5250 1059 5318 Fruimur
1085 5249 1400 5339 coqniu's’,
1455 5247 1525 5315 in
1555 5245 1803 5338 quibus
1832 5247 1995 5337 ipsis
2016 5269 2185 5336 pro—

722 5530 739 5562 ¹
770 5522 942 5582 loan-
970 5536 1012 5588 ι,
1044 5519 1133 5578 18.

722 5617 745 5653 ⁸
774 5609 864 5669 Ad
904 5609 1125 5680 Titum,
1156 5623 1239 5674 ιιι.
1277 5609 1310 5662 4
1350 5623 1366 5665 z
1397 5608 1717 5680 Beniqnitas
1763 5614 1816 5664 et
1871 5607 2186 5666 humanitas

2004 207 2221 333 MAG.
2250 260 2479 330 οιιι)
2533 226 2833 329 PnAEn.

2275 542 2402 603 etc.
2440 560 2473 600 ιι
2506 535 2608 602 Ex
2637 534 2771 604 hoc
2795 538 2982 605 enim
3020 539 3347 628 accipitur
3382 537 3529 606 haec
3577 536 3834 604 diffini-

2278 642 2412 710 tio.
2459 641 2617 710 Frui
2685 652 2789 711 est
2852 646 3334 734 conquiescere
3404 644 3833 714 voluntatem

2276 746 2723 817 delectatam
2705 773 2778 817 ιιι
2818 752 3111 841 cognitis
3142 760 3421 842 propter
3475 774 3574 820 se.
3640 749 3837 839 Obji-

2275 853 2450 922 citur
2484 862 2714 922 autem
2745 855 2828 924 de
2868 855 2999 925 hoc
3028 856 3212 947 quod
3253 857 3437 934 dicit,
3511 857 3828 946 coquitz'S.

2368 963 2426 1031 1.
2461 960 2741 1030 Videtur
2768 964 2977 1043 enim,
3004 963 3187 1052 quod
3215 963 3401 1030 Deus
3423 984 3564 1030 non
3585 984 3837 1052 cogno-

2275 1077 2520 1150 scatur,
2554 1092 2680 1138 nec
2706 1070 3018 1138 videatur
3055 1071 3139 1137 ab
3196 1069 3429 1160 aliquo
3460 1077 3684 1138 creato
3733 1069 3837 1136 in-

2275 1174 2568 1257 tellectu,
2613 1185 2678 1244 et
2709 1178 2801 1244 ita
2832 1177 2975 1245 Deo
3007 1186 3082 1244 ut
3109 1178 3385 1268 cognito
3410 1184 3478 1244 et
3513 1177 3662 1244 viso
3695 1198 3834 1244 non

2275 1281 2588 1350 fruuntur
2619 1280 2878 1352 Sancti.
2916 1283 3254 1351 Paonmo
3294 1286 3556 1375 primae.
3609 1286 3834 1351 Deum

2272 1412 2467 1456 nemo
2499 1390 2671 1457 vidit
2703 1413 3038 1480 umquam
3082 1395 3093 1427 ¹
3127 1411 3143 1460 ε
3187 1413 3351 1481 ergo
3398 1390 3625 1459 Deum
3666 1391 3833 1458 facie
3869 1382 3872 1383 ⁷

2276 1495 2627 1564 adfaciem
2665 1519 2870 1565 nemo
2928 1497 3121 1566 vidit.
3159 1497 3233 1565 Si
3298 1497 3475 1566 forte
3542 1497 3831 1579 dicatur,

2276 1602 2459 1692 quod
2534 1602 2936 1695 intelligitur
2991 1603 3073 1672 de
3122 1602 3403 1673 homine
3472 1604 3542 1671 in
3599 1604 3737 1685 via,
3770 1612 3837 1672 et

2276 1710 2427 1781 ideo
2469 1734 2604 1782 non
2672 1711 3130 1781 excluduntur
3182 1712 3431 1803 Angeli
3489 1721 3559 1782 et
3624 1713 3830 1781 beati.

2276 1817 2544 1888 Con-ru
2576 1843 2592 1889 ε
2658 1820 3192 1912 Chrysostomus
3248 1843 3453 1910 super
3514 1820 3834 1890 eumdem

2276 1924 2504 1994 locum
2557 1928 2629 1994 in
2696 1928 3014 2018 originali
3061 1950 3078 1994 :
3153 1956 3188 1992 «
3231 1924 3372 1995 Sed
3436 1950 3565 1996 nec
3628 1929 3835 1997 etiam

2281 2058 2316 2095 α
2356 2032 2660 2101 coelestes
2699 2035 3053 2102 essentiae:
3101 2035 3270 2124 ipsa,
3320 2033 3500 2113 dicu,
3570 2032 3841 2102 Cheru-

2282 2166 2312 2204 α
2350 2137 2492 2206 bim
2521 2148 2586 2207 et
2618 2138 2981 2230 Seraphim
3015 2140 3235 2208 Deum
3268 2148 3343 2209 ut
3373 2148 3476 2208 est
3505 2162 3837 2231 umquam

2285 2273 2318 2308 «
2350 2246 2578 2317 videre
2603 2253 2952 2337 poterunt.
2991 2274 3027 2311 n

2370 2356 2436 2423 2.
2471 2353 2665 2434 Item,
2701 2353 2964 2424 Ibidem
2993 2355 3079 2423 ad
3129 2353 3259 2424 hoc
3285 2351 3484 2445 ponit
3515 2354 3686 2423 duas
3741 2377 3851 2423 ra·

2283 2466 2530 2544 tiones,
2564 2486 2858 2555 quarum
2889 2485 3098 2531 unam
3132 2464 3357 2531 innuit
3395 2460 3503 2529 bis
3567 2460 3835 2531 verbis:

2285 2598 2319 2637 α
2364 2570 2727 2652 Quomodo
2759 2569 3050 2639 creabile
3070 2568 3329 2639 videbit
3358 2568 3780 2638 increabile?
3806 2593 3840 2635 s

2284 2679 2369 2748 Et
2439 2675 2762 2746 fundatur
2826 2699 3031 2767 super
3092 2675 3225 2745 hoc
3282 2675 3469 2767 quod
3540 2683 3846 2745 creatum

2285 2807 2424 2854 non
2452 2793 2676 2875 potest
2703 2784 2775 2852 in
2813 2784 3215 2865 increatum,
3282 2805 3442 2852 cum
3500 2783 3637 2851 sint
3694 2780 3847 2849 inss-

2286 2894 2441 2962 nitae
2498 2891 2858 2961 distantiae.
2924 2890 3313 2959 Secundam
3394 2891 3621 2957 innuit
3698 2890 3839 2958 sic:

2289 3027 2321 3062 «
2357 2998 2533 3080 Quia
2559 2997 2795 3066 divina
2821 3006 3069 3066 natura
3097 2995 3391 3087 simplex
3447 3003 3577 3077 est,
3610 3003 3678 3065 et
3704 3016 3846 3064 uno

2294 3137 2324 3171 ι
2366 3106 2571 3177 modo
2617 3129 2692 3175 se
2746 3103 3049 3175 habens:
3101 3130 3135 3171 s
3189 3105 3246 3173 si
3304 3125 3468 3196 ergo
3510 3102 3846 3183 viderent,

2285 3217 2634 3311 aequaliter
2670 3216 3020 3286 viderent:
3074 3213 3426 3305 quomodo
3485 3236 3650 3306 ergo
3708 3211 3851 3282 lau·

2283 3324 2398 3394 dat
2425 3347 2579 3393 cam
2618 3323 2791 3392 alter
2819 3331 2894 3391 ut
2933 3321 3249 3413 gloriam,
3320 3320 3493 3389 alter
3556 3329 3636 3389 ut
3712 3340 3854 3387 ma·

2276 3430 2619 3520 jestatem,
2652 3428 2826 3497 alter
2852 3438 2927 3496 ut
2957 3428 3386 3496 sanctitatem
3407 3428 3444 3496 ’ἶ

2374 3540 2439 3607 3.
2494 3536 2692 3618 Item,
2753 3534 3013 3604 Ibidem
3080 3542 3377 3602 tractans
3432 3532 3604 3601 illud
3666 3533 3854 3623 Apo-

2284 3643 2468 3730 stoli,
2498 3643 2584 3712 ad
2614 3642 2878 3711 Coloss.
2911 3665 2958 3724 ι,
2990 3643 3068 3709 13
3097 3663 3113 3708 ε
3152 3642 3289 3725 Qui
3326 3649 3425 3709 est
3455 3640 3690 3730 imaqo
3717 3640 3851 3709 Dei

2286 3751 2678 3830 invisibilis,
2712 3753 2808 3820 sic
2839 3750 3044 3819 dicit:
3085 3774 3116 3814 ι
3151 3747 3269 3817 Est
3300 3749 3531 3839 imago
3576 3747 3695 3816 Dei
3739 3747 3850 3814 in-

2286 3881 2321 3922 «
2353 3855 2667 3937 visibilis,
2700 3855 2862 3947 quia
2892 3856 3035 3946 ipse
3073 3850 3477 3920 invisibilis:
3521 3850 3683 3942 quia
3737 3871 3854 3918 ne·

2285 3989 2320 4030 «
2354 3985 2700 4056 quaquam
2739 3960 2936 4033 aliter
2998 3970 3175 4029 esset
3230 3960 3493 4051 imago.
3554 3959 3628 4026 Si
3686 3980 3850 4026 vero

2286 4098 2318 4134 ι
2353 4069 2609 4140 Paulus
2664 4069 2935 4138 induxit
2974 4068 3137 4137 alibi
3202 4066 3461 4147 dicens,
3523 4065 3852 4156 quoniam

2287 4203 2322 4244 ι
2353 4176 2669 4270 apparuit
2728 4178 2798 4245 in
2851 4197 3055 4245 carne
3086 4195 3148 4243 2:
3198 4174 3623 4250 memineris,
3673 4195 3856 4262 quo-

2285 4307 2321 4350 ι
2353 4285 2537 4353 niam
2594 4283 2931 4374 apparitio
2970 4280 3116 4350 haec
3168 4302 3321 4371 quae
3367 4301 3490 4371 per
3547 4300 3851 4362 carnem,

2296 4420 2327 4456 ι
2355 4414 2495 4460 non
2551 4390 2928 4460 secundum
2994 4387 3448 4456 substantiam
3487 4386 3664 4456 facta
3702 4392 3849 4455 est:

2288 4525 2323 4566 α
2355 4500 2513 4591 quia
2544 4500 2870 4591 quoniam
2893 4499 3121 4588 etipse
3163 4494 3525 4563 invisibilis
3565 4503 3666 4564 est
3708 4517 3845 4563 non

2298 4634 2329 4670 ι
2356 4605 2580 4674 solum
2591 4603 3015 4685 hominibus,
3031 4603 3150 4672 sed
3163 4603 3370 4672 etiam
3384 4600 3852 4692 superioribus

2290 4743 2323 4781 α
2362 4714 2723 4785 virtutibus
2751 4713 3050 4784 ostendit
3081 4711 3360 4791 Paulus,
3394 4709 3630 4780 dicens
3668 4708 3856 4802 quod

2301 4825 2673 4916 capparuit
2731 4824 2804 4892 in
2877 4845 3107 4904 carne,
3149 4819 3426 4911 quando
3495 4820 3684 4888 visus
3724 4826 3851 4887 est.

2294 4959 2326 4999 α
2365 4933 2599 5025 ltaque
2628 4941 2696 5002 et
2724 4930 3010 5022 Angelis
3029 4939 3192 4998 tunc
3211 4929 3402 4997 visus
3426 4937 3552 5009 est,
3580 4926 3854 5019 quando

2298 5066 2329 5106 α
2362 5063 2639 5110 carnem
2665 5037 3193 5110 circuminduit:
3253 5045 3413 5106 ante
3459 5035 3594 5105 hoc
3621 5045 3850 5105 autem

2298 5176 2330 5210 «
2363 5170 2504 5217 non
2534 5146 2858 5217 videbant
2894 5167 3056 5214 eum
3086 5145 3208 5228 sic,
3243 5144 3405 5235 quia
3443 5152 3512 5214 et
3549 5145 3648 5213 eis
3686 5141 3858 5212 sub-

2300 5283 2332 5318 «
2364 5254 2611 5323 stantia
2658 5255 2807 5343 ejus
2872 5250 3234 5320 invisibilis
3294 5259 3464 5320 erat.
3515 5276 3549 5317 s
3584 5250 3680 5317 Ex
3749 5248 3856 5316 his

2295 5521 2561 5597 apparuit
2586 5521 2894 5591 salvatoris
2920 5522 3099 5579 nostri
3127 5521 3246 5577 Dei.
