4897 6388
392 4983 594 5037 sot-tio.

371 5040 453 5086 Αά
466 5042 482 5082 1
494 5042 594 5091 αἱ.

679 397 866 490 4ομ

701 562 924 630 biliter
995 567 1260 629 sanctas
1315 563 1577 629 animas
1642 570 1775 629 tres
1840 584 2141 653 personae
2211 549 2273 628 :⁸

700 670 880 737 unde
910 670 980 735 in
1016 669 1132 735 illa
1165 670 1513 736 mansione
1541 667 1725 735 solus
1759 668 2048 757 Spiritus
2081 670 2233 734 mit-

701 776 886 859 titur,
938 777 1112 842 sicut
1160 783 1338 864 patet
1383 796 1502 863 per
1532 774 1598 839 id
1638 774 1821 862 quod
1865 773 2228 862 praecedit:

696 882 779 950 Si
852 884 1006 972 quis
1082 881 1317 969 diliqit
1363 903 1492 963 me,
1559 901 1945 946 sermonum
2011 900 2234 944 meum

694 989 992 1057 servabit
1030 1012 1052 1055 .·
1094 999 1157 1055 et
1194 991 1404 1056 Pater
1439 1009 1629 1054 meus
1667 987 1909 1075 diliqec
1958 1008 2135 1069 eum,
2171 995 2237 1051 et

696 1096 795 1162 ad
843 1118 1012 1163 eum
1052 1096 1417 1174 υεηίεηιιις,
1479 1101 1583 1160 etc
1640 1103 1685 1158 ⁸.
1748 1091 1823 1158 ln
1873 1091 2232 1160 collatione

699 1203 883 1268 enim
929 1201 1307 1269 dilectionis
1362 1200 1548 1267 solus
1604 1197 1895 1289 Spiritus
1945 1199 2234 1265 mittitur

697 1312 958 1376 ratione
988 1309 1580 1399 appropriationis‚
1617 1329 1754 1374 non
1794 1314 2021 1373 tamen
2051 1306 2236 1373 solus

701 1415 995 1506 Spiritus
1059 1415 1416 1494 inhabitat,
1483 1415 1622 1482 iino
1685 1413 2078 1480 inhabitatio
2137 1420 2238 1479 est

699 1525 905 1590 trium
935 1521 1162 1590 simul.
1580 1545 1583 1548 ’

979 2054 983 2062 ,
1098 1971 1598 2044 Ammonos
1646 1972 1835 2040 xlv.

696 2194 804 2260 An
836 2192 1142 2283 Spiritus
1169 2197 1445 2257 sanctus
1474 2153 1696 2281 potest
1737 2187 1874 2255 dici
1919 2186 2129 2264 cibus,
2172 2196 2237 2255 et

1325 2306 1537 2388 potus
1562 2293 1604 2362 ?

1678 392 1763 461 D.
1819 392 2011 459 ΑΕΒ.
2055 393 2273 488 MAG,
2325 347 2533 461 ono.
2587 391 2887 459 PRAED.

3379 479 3417 502 Α
3484 504 3490 510 0

2351 560 2506 628 eius
2552 562 2799 648 fluent,
2837 567 2963 627 etc.
3020 558 3231 626 Panis
3280 548 3525 627 aulem*
3559 558 3804 625 dicitur
3848 557 3917 623 in

2340 679 2676 757 quantum
2708 669 3050 737 confortat
3088 693 3203 737 cor
3235 672 3304 736 in
3334 671 3579 760 gratia.

2424 779 2527 845 An
2575 803 2640 845 ιο
2672 780 2856 869 quod
2888 778 3209 867 objicitur
3248 779 3331 846 de
3379 778 3651 856 Glossa,
3685 777 3911 845 dicen-

2338 883 2497 950 dum
2532 885 2716 974 quod
2747 885 2951 951 Pater
2978 887 3260 974 ponitur
3292 886 3382 952 ibi
3417 907 3541 974 pro
3574 884 3908 953 volunta-

2338 999 2403 1058 te
2443 992 2665 1058 Patris
2698 1015 2712 1058 ε
2747 1001 2813 1059 et
2851 991 3100 1059 dicitur
3150 993 3373 1059 Patris
3432 991 3756 1060 voluntas
3813 994 3907 1059 ci-

2339 1096 2465 1166 bus
2507 1098 2873 1166 mulierum
2914 1098 3249 1182 effective,
3304 1100 3562 1168 scilicet
3602 1102 3763 1189 quia
3807 1099 3906 1165 ia·

2341 1208 2530 1275 ciunt
2571 1231 2697 1276 nos
2731 1208 2912 1275 refici
2945 1209 3016 1275 in
3065 1207 3422 1276 voluntate
3465 1207 3688 1275 Patris
3722 1231 3738 1275 ε
3774 1208 3907 1275 sic-

2336 1322 2414 1381 ut
2456 1312 2765 1382 Christus
2805 1313 2974 1380 dixit
3018 1338 3033 1381 :
3078 1318 3277 1381 Meus
3316 1314 3511 1382 cibus
3547 1324 3646 1381 est
3685 1324 3762 1382 ut
3788 1317 3902 1402 fa·

2338 1421 2518 1487 ciam
2549 1421 2977 1488 voluntatem
3007 1420 3166 1508 ejus
3210 1421 3336 1510 qui
3375 1422 3567 1487 misit
3595 1443 3702 1488 me
3731 1428 3776 1489 ².
3820 1420 3906 1486 Et

2217 1612 2226 1617 -
2340 1536 2528 1610 nota,
2572 1527 2760 1618 quod
2798 1515 2978 1595 dona
3022 1526 3321 1617 Spiritus
3366 1528 3683 1616 reficiunt
3724 1551 3740 1594 :
3785 1526 3904 1595 sed

2339 1637 2472 1703 nisi
2503 1636 2639 1703 duo
2673 1635 2973 1704 habeant
3009 1636 3095 1703 ab
3143 1637 3290 1725 ipsa
3329 1634 3711 1703 substantia
3741 1633 3904 1725 Spi-

2340 1740 2536 1824 rituS,
2570 1763 2723 1832 quae
2773 1747 2876 1809 est
2927 1763 3085 1808 cum
3140 1740 3338 1807 donis
3383 1740 3453 1806 in
3496 1739 3721 1822 nohis,
3763 1762 3901 1808 non

2309 1847 2588 1914 satiant
2629 1870 2646 1916 ε
2691 1870 2984 1938 quorum
3019 1869 3236 1915 unum
3263 1854 3366 1915 est
3395 1869 3599 1937 sapor
3635 1846 3722 1913 ad
3766 1845 3903 1914 tol-

2339 1951 2616 2022 lendum
2674 1953 3052 2039 fastidium,
3165 1954 3457 2022 alterum
3522 1961 3751 2021 autem
3801 1961 3902 2021 est

2337 2064 2442 2132 vis
2489 2064 2835 2132 reficiendi
2874 2086 2893 2131 .·
2940 2066 3103 2156 quia
3159 2087 3367 2133 omne
3410 2064 3480 2132 id
3523 2064 3714 2156 quod
3759 2087 3900 2132 non
3992 2129 4003 2140 ,

2339 2179 2439 2238 est
2468 2170 2775 2249 Creator,
2810 2195 2951 2240 non
2988 2174 3194 2240 satiat
3222 2181 3527 2241 mentem
3568 2170 3894 2242 hominis·

2426 2279 2532 2345 An
2579 2300 2778 2347 Auno
2815 2278 3209 2360 dicendum,
3246 2278 3431 2372 quod
3468 2302 3615 2348 esse
3658 2287 3897 2371 potum

2217 2445 2223 2450 .
2337 2392 2562 2475 potest
2598 2387 2965 2456 convenire
2995 2385 3326 2455 attributo
3375 2386 3555 2466 Filii,
3598 2393 3668 2454 et
3705 2387 3900 2454 attri-

787 2623 1047 2692 Deinde
1100 2622 1426 2714 quaeritur
1467 2619 1551 2688 de
1597 2617 1725 2687 hoc
1778 2619 1958 2710 quod
1998 2619 2156 2686 dicit
2213 2639 2229 2686 ε

699 2760 733 2794 α
773 2731 1000 2799 Unum
1027 2730 1371 2821 Spiritum
1388 2728 1809 2820 potavimm,
1833 2733 1962 2796 etc.
2000 2751 2033 2791 n

794 2838 851 2906 1.
883 2834 1173 2905 Videtur
1217 2836 1398 2904 enim
1451 2832 1744 2925 Spiritus
1774 2855 1909 2902 non
1940 2855 2086 2902 esse
2115 2855 2232 2924 po-

695 2953 806 3013 tus
838 2965 855 3015 2
888 2944 996 3013 vel
1035 2968 1169 3036 qua
1222 2942 1664 3013 similitudine
1706 2950 1902 3010 vocat
1939 2944 2230 3032 potum?

783 3053 850 3121 2.
924 3050 1282 3135 l‘raeterea,
1342 3048 1523 3130 Quid
1571 3058 1674 3117 est
1728 3046 2056 3139 Spiritum
2104 3070 2230 3139 po-

690 3158 872 3228 tari?
914 3156 1225 3236 Videtur,
1267 3156 1453 3251 quod
1508 3154 1638 3227 hoc
1686 3156 1773 3226 sit
1826 3154 2022 3225 donis
2084 3155 2230 3244 ejus

689 3267 979 3338 infundi.

781 3375 1246 3453 3.1’raeterea,
1299 3372 1521 3466 Super
1574 3371 1743 3441 illud
1798 3372 1926 3440 lsa.
1978 3395 2072 3455 iv,
2130 3373 2154 3439 l
2206 3393 2225 3440 ε

692 3484 954 3552 Panem
1008 3490 1317 3551 nostrum
1345 3478 1791 3557 comedemus,
1843 3487 2002 3559 etc..
2068 3477 2231 3549 dicit

691 3588 934 3658 Glossa
960 3587 1145 3681 quod
1174 3586 1491 3657 mulieres
1528 3594 1689 3655 sunt
1715 3584 1894 3654 dona
1933 3583 2227 3676 Spiritus

684 3697 897 3766 sancti
943 3717 961 3765 z
996 3696 1187 3765 cibus
1214 3703 1440 3765 autem
1473 3693 1834 3763 mulierum
1866 3700 1966 3763 est
1995 3693 2222 3775 Pater,

681 3804 857 3872 sicut
903 3811 971 3873 et
1017 3800 1265 3872 Christi
1312 3823 1328 3869 :
1364 3807 1599 3870 noster
1631 3810 1857 3871 autem
1902 3799 2093 3869 cibus
2120 3806 2222 3869 est

680 3909 989 3979 Christus
1024 3910 1143 4001 qui
1172 3907 1257 3978 de
1283 3906 1456 3978 coelo
1500 3906 1844 3977 descendit
1881 3907 2076 3998 panis
2112 3905 2223 3974 vi-

677 4044 831 4090 vus.
865 4019 1046 4112 Ergo
1083 4018 1374 4099 videtur,
1414 4017 1597 4112 quod
1639 4016 1930 4110 Spiritus
1970 4018 2220 4086 relicia-

677 4138 788 4196 tur
837 4127 1033 4195 Patre
1064 4134 1135 4193 ut
1183 4149 1354 4217 pane
1396 4147 1415 4195 z
1459 4148 1586 4194 nos
1621 4133 1846 4194 autem
1906 4133 2222 4216 potamur

682 4234 937 4323 Spiritu
974 4254 991 4301 ε
1025 4240 1090 4300 et
1130 4232 1255 4300 ista
1301 4254 1438 4301 non
1480 4231 1794 4299 videntur
1828 4232 2213 4299 convenire.

767 4340 832 4406 4.
869 4338 1229 4417 vra-terea,
1263 4338 1516 4406 Potum
1547 4360 1691 4406 esse
1733 4338 1948 4428 magis
1975 4359 2220 4405 conve·

674 4449 774 4514 nit
806 4445 976 4515 Filio
1010 4446 1217 4539 :quia
1266 4447 1358 4515 ita
1404 4445 1671 4523 dicitur,
1715 4444 1916 4513 Eccli.
1970 4467 2082 4523 xv,
2117 4446 2207 4511 3:

670 4556 873 4646 Aqua
897 4553 1254 4644 sapientise
1294 4551 1634 4620 salutaris
1669 4549 1937 4643 potabit
1978 4549 2207 4618 illum.

674 4658 781 4740 Et,
822 4658 1150 4729 Proverb.
1192 4681 1288 4742 tx,
1319 4660 1359 4726 Ξῖ
1419 4680 1436 4727 1
1497 4656 1724 4726 Bibere
1759 4659 1992 4725 vinum
2029 4656 2220 4748 quod

674 4767 920 4837 miscui
955 4767 1165 4845 vobis,
1201 4765 1361 4836 dicit
1392 4764 1764 4858 Sapientia.

770 4977 1076 5047 Somno.
1117 4974 1522 5053 Dicendum,
1580 4974 1764 5068 quod
1817 4976 1885 5044 in
1930 4976 2209 5045 veritate

679 5083 972 5176 Spiritus
1028 5083 1486 5175 metaphorice
1540 5091 1760 5174 potest
1814 5082 1943 5151 dici
1989 5083 2205 5166 cibus,

668 5200 735 5259 et
763 5199 987 5281 potus.
1033 5188 1243 5258 Potus
1270 5188 1540 5267 dicitur,
1570 5196 1647 5255 ut
1677 5188 1895 5256 innuit
1930 5185 2038 5256 hic
2068 5187 2206 5255 Au·

664 5298 1003 5390 gustinus,
1037 5296 1106 5364 in
1144 5304 1477 5388 quantum
1526 5294 1868 5364 saecularis
1913 5295 2057 5362 sitis
2095 5317 2206 5362 re-

662 5401 932 5493 stringit
986 5401 1324 5470 ardorem.
1379 5399 1598 5479 Unde,
1646 5399 1843 5469 Joan.
1894 5421 2011 5477 vn,
2068 5399 2199 5467 38:

666 5510 805 5595 Qui
857 5508 1071 5577 credit
1116 5510 1187 5576 in
1218 5532 1439 5588 me...,
1489 5507 1789 5597 fiumina
1844 5507 1928 5575 de
1981 5517 2205 5576 ventre

731 5741 751 5779 ¹
781 5740 948 5797 «ioan.
979 5755 1094 5810 xiv,
1121 5739 1212 5794 23.

2337 2490 2503 2560 buto
2535 2493 2834 2585 Spiritus
2861 2492 3152 2562 diversis
3180 2492 3845 2563 considerationibus
3878 2514 3895 2562 ε

2336 2599 2392 2665 si
2430 2603 2615 2668 enirn
2658 2601 3128 2670 consideretur
3158 2602 3440 2670 effectus
3479 2602 3597 2693 qui
3650 2609 3753 2670 cst
3791 2625 3899 2669 re-

2335 2709 2591 2777 strictio
2648 2709 2993 2779 saecularis
3048 2711 3224 2795 sitis,
3266 2733 3410 2779 non
3468 2710 3542 2779 tit
3603 2711 3732 2779 nisi
3783 2733 3905 2801 per

2334 2822 2611 2905 gustum
2654 2812 2975 2906 Spiritus,
3012 2815 3097 2886 de
3145 2839 3285 2908 quo
3316 2814 3481 2885 dir-it
3530 2815 3901 2906 Gregorius

2337 2921 2404 2989 in
2434 2922 2828 2991 allon-olibas
2872 2945 2889 2991 ε
2925 2951 2959 2985 «ι
3012 2925 3304 2992 Gustato
3356 2923 3615 3014 Spiritu
3655 2923 3899 3014 desipit

2337 3055 2371 3096 ι
2415 3031 2641 3100 omnis
2668 3053 2828 3100 caro
2874 3038 2942 3098 et
2990 3028 3285 3100 carnalis
3330 3028 3717 3098 delectatio.
3756 3054 3789 3094 ι
3825 3026 3898 3093 Si

2333 3150 2563 3212 autem
2618 3140 3092 3212 consideretur
3128 3139 3386 3210 humor
3439 3148 3647 3233 potus
3704 3138 3900 3230 cujus

2345 3259 2535 3319 actus
2568 3258 2671 3319 est
2707 3248 2880 3319 ferre
2909 3250 3406 3318 nutrimentum
3436 3247 3525 3317 ad
3563 3249 3897 3327 membra,

2331 3355 2653 3425 convenit
2691 3353 2823 3423 hoc
2860 3354 3218 3445 sapientire
3260 3362 3327 3423 et
3377 3352 3762 3445 prudentiae
3792 3362 3900 3421 at-

2330 3462 2625 3545 tributis,
2660 3485 2814 3557 quae
2844 3461 3096 3532 habent
3152 3460 3495 3531 moderari
3534 3461 3606 3530 in
3634 3459 3896 3531 actibus

2329 3568 2671 3641 donorum
2727 3580 3063 3664 quantum
3103 3569 3388 3640 cuilibet
3442 3571 3531 3639 sit
3587 3568 3888 3639 dandum

2330 3677 2434 3746 vel
2465 3677 2961 3772 indulgendum
3002 3677 3112 3748 sit.

2738 4214 3247 4285 AnthULcs
3305 4213 3462 4283 XV.

2316 4431 2422 4499 Au
2489 4432 2763 4522 Spiritu
2804 4440 3043 4496 sancto
3091 4452 3227 4496 non
3276 4429 3607 4495 existente
3671 4431 3883 4497 Pater

2396 4545 2623 4629 potest
2650 4536 3022 4605 immittere
3050 4534 3485 4604 dilectionem
3513 4557 3714 4603 suam
3750 4533 3792 4601 ?

2400 4860 2661 4932 Deinde
2701 4862 3036 4953 quaeritur
3084 4860 3167 4928 de
3213 4859 3346 4928 hoc
3397 4861 3581 4952 quod
3649 4860 3806 4927 dicit
3856 4883 3872 4930 ε

2318 4999 2353 5033 κ
2384 4971 2577 5039 Unus
2612 4978 2711 5037 est
2760 4969 3071 5060 Spiritus
3124 4975 3432 5049 sanctus,
3488 4968 3615 5058 qui
3668 4966 3879 5035 datus

2311 5088 2408 5147 est
2435 5077 2778 5157 omnibus,
2812 5076 2970 5145 licet
2996 5075 3362 5167 separatis,
3406 5083 3536 5144 etc.
3572 5101 3605 5141 n

2404 5187 2466 5251 1.
2504 5184 2580 5253 Si
2619 5185 2804 5255 enim
2843 5205 2984 5252 non
3026 5185 3113 5251 sit
3145 5181 3443 5273 Spiritus
3474 5191 3777 5261 sanctuS,
3812 5186 3871 5252 si

2309 5290 2440 5361 hoc
2478 5292 2733 5361 scilicet
2771 5314 2892 5383 per
2937 5288 3365 5380 impossibile
3402 5298 3721 5380 ponatur,
3760 5291 3876 5359 ad-

2307 5396 2441 5468 huc
2492 5398 2675 5467 Deus
2718 5397 2957 5489 diliget
2996 5404 3380 5465 creaturam
3436 5397 3869 5481 rationalem,

2308 5513 2374 5574 et
2416 5528 2613 5573 suam
2660 5506 2759 5573 eis
2801 5502 3125 5572 infundet
3171 5501 3608 5573 dilectionem
3645 5528 3662 5574 :
3705 5528 3868 5595 ergo

2377 5739 2586 5796 ’icam
2619 5755 2696 5812 iv,
2727 5739 2817 5794 34.

4032 798 4109 841 Ad
4137 797 4179 842 3.

4024 2288 4094 2334 ad
4121 2294 4165 2336 4.
