4897 6388
316 1573 328 1584 ·
410 1567 481 1613 Ad
489 1568 661 1629 object.
670 1567 702 1614 ²⁴

769 289 929 402 1416·

764 465 912 550 esse
943 479 1297 547 essentiae:
1336 486 1402 547 et
1431 478 1562 548 hoc
1592 487 1695 547 est
1742 455 2118 569 ideoffluia
2156 500 2319 570 pro-

763 580 1084 669 prietates
1114 584 1288 653 circa
1324 608 1471 654 esse
1503 585 1815 654 essentiae
1855 580 1994 651 non
2043 605 2319 673 ponun-

761 696 875 755 tur
910 712 925 757 :
961 689 1132 759 nihil
1190 701 1415 761 autem
1469 692 1924 760 determinant
1953 689 2038 756 ad
2078 689 2319 755 indivi-

763 796 975 865 duum
1017 808 1084 867 et
1111 799 1976 873 incommunicabilitatem,
2013 797 2141 863 nisi
2184 795 2317 862 hoc

762 905 940 972 circa
971 906 1155 994 quod
1218 914 1618 995 ponuntur:
1690 905 1806 973 sed
1852 905 1922 969 in
1989 903 2315 970 creaturis

765 1010 883 1076 ubi
950 1010 1176 1077 delicit
1228 1013 1523 1079 essentia
1589 1034 1629 1079 a
1703 1009 2159 1099 simplicitate,
2233 1031 2311 1075 eo

760 1116 947 1205 quod
978 1125 1079 1185 est
1117 1120 1406 1187 essentia
1430 1119 1724 1210 simplex
1754 1122 1822 1186 in
1854 1118 2140 1203 ratione,
2172 1140 2313 1186 non

761 1232 991 1292 autem
1022 1226 1092 1293 in
1118 1250 1287 1306 esse,
1324 1226 1474 1295 ideo
1534 1227 2024 1295 determinatur
2052 1232 2119 1293 et
2147 1248 2311 1294 con·

757 1327 1049 1398 trahitur
1077 1332 1162 1399 ad
1193 1356 1337 1401 esse
1368 1332 1597 1422 hujus,
1634 1342 1707 1426 'et
1750 1330 1934 1422 quod
1979 1328 2112 1397 hoo
2164 1353 2308 1398 esse

747 1436 952 1526 hujus
990 1462 1131 1508 non
1178 1442 1266 1507 sit
1321 1462 1467 1507 esse
1514 1439 1813 1507 alterius.

841 1546 946 1613 An
975 1569 1174 1614 Amun
1222 1547 1611 1630 dicendum,
1670 1546 1856 1637 quod
1911 1546 2043 1614 hoc
2097 1568 2311 1637 argu-2

754 1661 1063 1720 mentum
1093 1653 1396 1742 procedit
1425 1654 1494 1720 in
1524 1652 1979 1736 interioribu3‚
2015 1676 2095 1722 eo
2118 1654 2304 1744 quod

752 1758 824 1826 in
857 1761 953 1827 eis
1003 1768 1104 1828 est
1146 1760 1526 1829 universale
1582 1770 1650 1829 et
1714 1759 2174 1853 particulare:
2237 1769 2303 1829 et

750 1866 904 1934 ideo
939 1890 1078 1935 non
1107 1876 1210 1937 est
1246 1868 1467 1937 simile
1499 1890 1515 1935 ε
1561 1869 1724 1959 quia
1751 1870 1825 1936 in
1868 1868 2118 1937 divinis
2162 1891 2300 1936 non

746 1983 848 2043 est
894 1978 1273 2046 universale
1339 1987 1405 2047 et
1478 1979 1908 2069 particulare,
1975 1984 2054 2045 ut
2123 1977 2299 2045 infra

744 2084 1144 2173 probabitur
1176 2109 1192 2152 z
1219 2086 1333 2153 sed
1372 2086 1425 2152 si
1459 2107 1822 2176 ponamus,
1852 2083 2036 2176 quod
2065 2107 2295 2154 essen-

743 2190 835 2257 tia
876 2188 1178 2259 Socratis
1215 2214 1355 2260 non
1386 2191 1655 2260 differat
1702 2215 1743 2259 a
1794 2190 2099 2273 Socrate,
2133 2199 2296 2260 tunc

741 2318 888 2365 esse
918 2298 1227 2366 essentiae
1264 2300 1334 2367 in
1376 2297 1684 2378 Socrate,
1744 2300 1949 2367 etiam
1997 2298 2144 2366 sine
2183 2298 2295 2365 in-

742 2405 1253 2476 dividuantibus
1301 2409 1431 2476 erit
1485 2430 1633 2477 esse
1686 2406 1988 2476 Socratis
2030 2429 2047 2476 :
2089 2414 2157 2475 et
2196 2409 2294 2476 sic

740 2516 952 2582 estin
1013 2514 1312 2583 divinis:
1394 2515 1576 2584 unde
1640 2538 1788 2584 esse
1836 2505 2163 2584 ‘essentiae
2219 2516 2290 2582 in

701 2618 941 2698 ‚Patre
971 2628 1074 2688 est
1110 2643 1256 2689 esse
1284 2620 1503 2689 Patris
1539 2644 1555 2688 ε
1590 2631 1657 2689 61
1693 2623 1855 2712 quia
1884 2643 2007 2690 nec
2055 2643 2290 2689 essen-

738 2727 832 2794 tia
863 2750 988 2796 nec
1018 2751 1165 2797 esse
1196 2727 1688 2797 determinatur
1732 2729 2284 2821 proprietatibuS,

737 2833 889 2903 ideo
932 2843 1301 2927 utrumque
1351 2844 1660 2905 remanet
1712 2835 2285 2904 communicabile

735 2941 909 3011 Filio
940 2966 1063 3035 per
1097 2944 1408 3012 eamdem
1438 2945 1832 3026 essentiam,
1865 2952 1932 3012 et
1962 2943 2143 3014 idem
2183 2966 2287 3013 es·

734 3073 807 3120 se
845 3073 969 3143 per
995 3053 1360 3121 essentiam
1395 3051 1605 3120 illam.

1184 3481 1688 3552 ARTICULUS
1739 3480 1827 3552 11.

731 3698 978 3767 Utrum
1009 3697 1294 3765 essentia
1330 3696 1424 3764 sit
1448 3696 1684 3785 qenita
1712 3717 1755 3762 a
1787 3696 2022 3772 Patre,
2072 3703 2138 3761 et
2183 3715 2271 3759 an

804 3804 874 3870 in
906 3802 1161 3870 divinis
1195 3804 1334 3870 sint
1362 3802 1518 3868 deese
1557 3824 1684 3878 res,
1745 3798 1995 3879 relata,
2037 3808 2102 3867 et
2136 3821 2271 3867 non

809 3909 1059 3988 relata,
1089 3909 1346 3977 scilicet
1382 3909 1695 3986 essentia,
1728 3917 1793 3974 et
1824 3930 2114 3998 persona
2145 3904 2188 3974 P

806 4225 1066 4296 Deinde
1096 4227 1423 4318 quaeritur
1450 4225 1531 4294 de
1553 4224 1683 4294 hoc
1712 4224 1897 4316 quod
1927 4224 2087 4293 dicit
2111 4224 2265 4294 Ma-

717 4339 928 4429 gister
976 4339 1044 4406 in
1082 4341 1304 4430 prima
1346 4340 1633 4416 ratione,
1693 4336 1919 4416 Quare
1976 4336 2268 4405 essentia

718 4449 807 4516 ibi
844 4471 982 4515 non
1024 4449 1105 4516 sit
1141 4469 1181 4515 a
1212 4447 1411 4515 l'atre
1443 4449 1701 4538 genita,
1733 4445 1851 4527 ibi,
1887 4471 1922 4510 ι
1947 4447 2028 4513 Si
2058 4448 2270 4514 Pater

713 4555 1051 4622 diceretur
1114 4556 1429 4644 qennisse
1489 4554 1802 4621 divinam
1876 4554 2262 4631 essentiam,

715 4667 844 4728 etc.
892 4682 926 4724 ι

806 4765 940 4834 Seu
983 4788 1281 4834 conruit:

804 4876 865 4941 ¹.
896 4873 1287 4943 Secundum
1319 4872 1450 4942 hoc
1472 4875 1539 4941 in
1560 4873 1810 4942 divinis
1844 4881 1946 4941 est
1970 4895 2075 4941 res
2100 4872 2265 4942 rela-

711 4989 807 5060 ta,
859 4988 927 5047 et
967 5002 1071 5048 res
1136 5003 1277 5048 non
1333 4980 1542 5047 relata
1584 5002 1600 5047 ε
1647 4978 1766 5048 5611
1799 5002 1903 5048 565
1932 4978 2165 5058 relata,
2199 4988 2265 5048 et

719 5109 828 5156 res
857 5109 997 5154 non
1029 5086 1235 5156 relata
1266 5095 1424 5154 sunt
1463 5086 1615 5155 duoe
1649 5110 1754 5155 res
1782 5109 1799 5154 ε
1832 5110 1995 5178 ergo
2022 5109 2262 5156 essen-

714 5197 806 5264 tia
837 5205 903 5265 et
943 5219 1231 5288 persona
1270 5206 1427 5265 sunt
1453 5197 1603 5265 duae
1636 5220 1767 5267 res·

804 5305 869 5371 2.
907 5302 1105 5383 116111,
1149 5302 1452 5371 Persona
1490 5313 1593 5372 est
1650 5327 1755 5371 565
1794 5304 2133 5383 distincta,
2196 5312 2262 5372 et

634 5438 639 5443 ·
714 5411 1006 5479 essentia
1072 5431 1176 5479 res
1241 5435 1380 5480 non
1448 5410 1824 5481 distincta:
1894 5435 2055 5502 ergo
2121 5434 2260 5480 non

715 5526 1007 5610 possunt
1033 5539 1179 5587 esse
1210 5540 1316 5588 res
1340 5519 1594 5587 eaedem
1630 5541 1646 5586 :
1682 5541 1845 5610 ergo
1873 5520 2167 5588 essentia
2194 5528 2259 5589 et

707 5651 1000 5720 persona
1037 5636 1197 5696 sunt
1226 5627 1385 5696 duo.

1638 276 1653 338 ἵ·
1734 284 1743 326 ’·
1792 303 2130 373 1).’·-Α1.Β.
2184 303 2401 371 MAG.
2457 302 2663 372 om).
2717 301 3029 371 PRJED.=

2519 479 2585 544 3.
2621 477 2817 558 Item,
2856 476 3142 566 Propter
3171 471 3667 564 oppositionem
3705 469 3978 537 relatio-

2424 587 2532 650 nis
2573 607 2709 652 una
2738 606 3027 675 persona
3085 604 3225 650 non
3280 587 3388 647 'est
3426 577 3558 646 alia
3620 598 3911 666 persona
3952 599 3969 644 ε

2420 711 2575 756 cum
2610 691 2815 780 igitur
2844 691 3062 779 major
3091 689 3173 756 sit
3207 685 3545 778 oppositio
3577 680 3976 750 affirmatio-

2423 795 2529 859 nis
2571 801 2636 860 et
2693 795 3077 883 negationis
3144 801 3422 882 propter
3471 788 3969 880 oppositionem

2420 898 2999 980 contradictioniS,
3043 922 3196 966 cum
3230 899 3501 978 dicitur,
3544 917 3830 986 persona
3869 900 3969 960 est

2419 1029 2526 1074 res
2565 1006 2905 1085 distincta,
2935 1007 3226 1074 essentia
3269 1028 3373 1071 res
3429 1028 3567 1072 non
3624 1004 3962 1080 distincta,

2414 1114 2708 1182 essentia
2749 1137 2888 1183 non
2927 1113 3129 1181 debet
3159 1130 3306 1180 esse
3334 1133 3650 1202 persona.

2504 1222 2568 1288 4.
2615 1221 2977 1301 Praeterea,
3011 1219 3358 1288 Notabilia
3395 1226 3550 1285 sunt
3590 1216 3965 1307 sophisma-

2412 1335 2481 1394 ta
2547 1328 2999 1418 Praepositivi,
3037 1332 3150 1420 qui
3185 1330 3281 1396 sic
3311 1327 3545 1415 objicit
3587 1349 3603 1394 ε
3651 1324 3956 1392 Essentia

2411 1444 2513 1504 est
2547 1436 2772 1516 Pater,
2816 1446 2881 1505 et
2911 1438 3114 1504 Pater
3151 1444 3251 1504 est
3281 1437 3571 1504 essentia
3605 1457 3619 1499 :
3665 1432 3783 1500 sed
3822 1431 3958 1497 Pa-

2410 1552 2513 1610 ter
2539 1551 2642 1610 est
2672 1543 2875 1612 Pater
2903 1543 3052 1610 Filii
3089 1566 3104 1611 :
3150 1564 3312 1632 ergo
3355 1543 3643 1611 essentia
3683 1550 3781 1608 est
3830 1538 3957 1605 Pa-

2407 1656 2510 1716 ter
2576 1648 2751 1716 Filii.

2494 1760 2558 1825 5.
2595 1758 2793 1839 Item,
2828 1757 2989 1827 Haec
3016 1757 3416 1849 simpliciter
3457 1764 3556 1824 est
3597 1777 3781 1834 vera,
3823 1753 3955 1821 Es-

2400 1863 2620 1931 sentia
2647 1872 2749 1932 est
2779 1863 2987 1932 Filius
3018 1863 3264 1944 PatriS,
3313 1864 3473 1953 quia
3503 1862 3675 1929 inter
3707 1858 3950 1927 Filium

2405 1968 2624 2038 Patris
2665 1979 2732 2039 et
2778 1973 3141 2039 essentiam
3182 1992 3324 2038 non
3389 1969 3570 2037 cadit
3609 1968 3947 2035 distinctio

2400 2076 2747 2144 relationis
2790 2100 2807 2145 :
2836 2077 2954 2146 sed
2994 2077 3326 2168 quidquid
3357 2086 3458 2145 est
3490 2075 3696 2142 Filius
3727 2074 3947 2142 Patris

2397 2185 2707 2272 genitum
2740 2193 2841 2252 est
2880 2207 2920 2251 a
2960 2185 3160 2252 Patre
3197 2207 3213 2252 :
3281 2206 3447 2275 ergo
3496 2182 3782 2251 essentia
3824 2203 3949 2271 ge·

2397 2293 2542 2358 nita
2580 2301 2681 2360 est
2705 2316 2743 2359 a
2777 2292 3002 2378 Patre,
3048 2292 3231 2383 quod
3285 2291 3528 2359 falsum
3564 2298 3661 2358 est
3699 2313 3713 2358 :
3783 2311 3945 2380 ergo

2396 2403 2691 2471 essentia
2731 2426 2868 2470 non
2908 2411 3011 2471 est
3060 2402 3270 2470 Filius
3318 2401 3563 2481 Patris,
3607 2400 3787 2489 quod
3818 2401 3948 2467 ite-

2396 2532 2547 2576 rum
2589 2509 2834 2578 salsum
2876 2517 3003 2590 est,
3038 2512 3197 2600 quia
3246 2510 3540 2578 essentia
3578 2517 3679 2576 est
3711 2506 3942 2592 Filius,

2393 2625 2459 2684 et
2492 2640 2629 2685 non
2662 2626 2762 2685 est
2796 2617 3003 2685 Filius
3041 2617 3172 2684 nisi
3217 2617 3464 2700 Patris,
3509 2639 3673 2706 ergo
3714 2637 3946 2682 essen-

2393 2725 2485 2791 tia
2515 2733 2615 2792 est
2650 2725 2859 2794 Filius
2880 2725 3126 2794 Patris.

2480 2836 2545 2901 (3.
2583 2831 2780 2914 ltem,
2838 2833 3149 2904 Essentia
3216 2856 3352 2900 una
3384 2841 3485 2901 est
3526 2831 3635 2900 ille
3675 2833 3788 2922 qui
3828 2853 3942 2922 ge-

2389 2940 2572 3008 nitus
2610 2951 2712 3010 est
2745 2964 2761 3011 :
2799 2941 2907 3009 ille
2939 2949 3167 3010 autem
3196 2942 3315 3032 qui
3356 2942 3626 3032 genitus
3664 2948 3786 3017 est,
3822 2937 3942 3005 1³1-

2386 3049 2516 3117 lius
2554 3061 2656 3118 est
2690 3074 2707 3121 :
2751 3074 2916 3142 ergo
2948 3053 3240 3120 essentia
3280 3059 3384 3119 est
3415 3050 3647 3118 Filius.

2472 3160 2538 3226 Ἰ.
2576 3158 2770 3238 116111,
2810 3158 3116 3227 Essentia
3147 3167 3246 3226 est
3296 3181 3402 3227 565
3467 3157 3693 3250 genita
3739 3179 3755 3226 ε
3816 3155 3935 3226 sed

2383 3288 2488 3332 res
2518 3269 2748 3357 genita
2774 3277 2873 3335 est
2928 3268 3210 3359 genita:
3255 3289 3420 3358 ergo
3478 3267 3768 3335 essentia
3833 3276 3934 3335 est

2378 3374 2634 3462 genita,
2669 3375 2851 3465 quod
2885 3374 3206 3465 Magister
3243 3383 3444 3464 negat
3487 3376 3552 3441 in
3588 3376 3864 3442 Littera.

2468 3483 2535 3550 8.
2573 3481 2773 3560 ltem,
2810 3482 3117 3552 Essentia
3161 3493 3263 3550 651
3301 3483 3632 3551 terminus
3658 3505 3936 3573 genera·

2380 3589 2611 3659 tionis.
2678 3590 3043 3659 l‘nosArto.
3116 3590 3428 3659 Essentia
3483 3601 3583 3659 est
3638 3590 3703 3657 id
3749 3590 3928 3681 quod

2377 3699 2684 3787 genitum
2755 3706 2881 3779 est,
2942 3699 3046 3767 vel
3090 3698 3199 3766 ille
3267 3700 3384 3790 qui
3424 3700 3696 3790 genitus
3751 3708 3853 3765 est
3890 3721 3930 3767 a

2380 3803 2578 3873 Patre
2625 3827 2641 3874 ε
2674 3816 2741 3873 61
2771 3805 2903 3874 1100
2938 3813 3038 3874 651
3071 3807 3406 3874 terminus
3426 3806 3922 3897 generationis:

2375 3934 2539 4002 ergo
2579 3913 2870 3980 essentia
2896 3921 2998 3981 est
3039 3915 3376 3981 terminus
3418 3913 3874 4004 generationis
3906 3935 3925 3983 ε

2372 4019 2707 4087 terminus
2735 4027 2963 4088 autem
2994 4020 3457 4111 generationis
3487 4029 3588 4088 651
3615 4044 3652 4086 a
3688 4019 3881 4088 Patre
3908 4043 3925 4088 ε

2373 4148 2539 4217 ergo
2577 4129 2867 4197 essentia
2906 4137 3004 4196 est
3051 4152 3091 4195 a
3154 4128 3378 4207 l'atre,
3435 4130 3618 4220 quod
3676 4130 3931 4197 Auctor

2375 4242 2576 4323 negat
2650 4235 2720 4301 in
2798 4236 3059 4302 Littera
3130 4235 3196 4302 in
3256 4236 3454 4303 tertia
3511 4237 3792 4303 ratione.
3851 4234 3929 4302 tit

2373 4341 2534 4428 quia
2565 4339 2758 4409 facile
2791 4339 3305 4432 est-hujusmodi
3334 4339 3545 4410 multa
3568 4342 3924 4423 adducere,

2374 4446 2500 4513 ista
2533 4448 2894 4515 sustieiant.

2464 4662 2773 4732 Somno.
2839 4664 3215 4733 Dicendum
3272 4665 3358 4732 ad
3408 4666 3706 4755 primum
3746 4665 3922 4733 etad

2368 4771 2771 4850 secundum,
2834 4772 3015 4862 quod
3059 4795 3194 4841 non
3234 4775 3568 4864 sequitur,
3624 4772 3918 4841 Persona

2369 4884 2471 4942 est
2535 4876 2773 4956 relata,
2855 4876 2962 4944 vel
3020 4878 3335 4946 distincta
3392 4901 3407 4944 ε
3469 4889 3535 4946 61
3590 4880 3913 4947 ess-sentia

2370 5006 2507 5051 non
2540 4984 2774 5063 relata,
2809 5007 2934 5053 nec
2972 4985 3290 5053 distincta
3325 5009 3341 5054 ε
3386 5008 3549 5076 ergo
3572 4996 3728 5055 sunt
3767 4986 3916 5056 duae

2367 5113 2499 5157 res.
2533 5089 2751 5159 Debet
2791 5094 2972 5159 enim
3002 5091 3246 5160 addere
3281 5114 3296 5160 :
3334 5099 3401 5161 et
3444 5091 3586 5161 luaec
3634 5116 3739 5162 res
3781 5116 3918 5163 non

2366 5205 2468 5265 est
2501 5196 2663 5266 illa:
2708 5207 2776 5267 et
2840 5202 2938 5267 sic
3001 5208 3399 5290 sequeretur
3453 5200 3640 5292 quod
3695 5211 3916 5270 essent

2365 5308 2516 5376 duae
2558 5331 2665 5377 res
2699 5332 2715 5377 ε
2774 5319 2838 5378 61
2871 5310 3020 5377 ideo
3070 5310 3155 5377 ab
3209 5311 3643 5380 insufficienti
3679 5323 3918 5403 proce-

2365 5414 2486 5483 dit.

2448 5523 2556 5590 An
2620 5545 2818 5593 Auen
2884 5523 3274 5610 dicendum,
3330 5527 3514 5617 quod
3574 5529 3912 5618 oppositio

2363 5632 2838 5702 affirmationis
2912 5642 2979 5703 et
3052 5636 3443 5727 negationis
3509 5646 3605 5705 est
3693 5639 3915 5726 major

4008 4704 4203 4753 minito.

3980 4761 4049 4805 Ad
4081 4763 4169 4809 tot
4200 4759 4242 4807 8.

4020 5586 4099 5634 Ad
4125 5584 4168 5630 ⁸.
