4897 6388
550 334 677 400 390

543 512 789 568 aeterna
857 499 1163 571 videlicet
1219 512 1297 570 et
1363 491 1776 591 temporalisss
1849 500 1923 566 ln
1981 523 2091 567 se-

541 607 787 684 cunde,
824 608 1197 696 specialiter
1226 611 1447 700 agitur
1519 609 1602 675 de
1668 608 2091 697 processione

545 715 901 805 temporali
969 713 1257 806 Spiritus
1314 718 1554 795 sancti,
1627 717 1742 799 ibi,
1789 717 1867 794 Β,
1915 741 1946 778 α
1989 717 2091 781 De

541 823 908 913 temporali
973 836 1198 892 aretem
1241 826 1683 916 processione,
1748 835 1871 889 etc.
1917 850 1947 881 υ
2011 822 2089 886 ln

545 932 740 998 tertio
775 931 1170 1011 ostenditur,
1217 931 1401 1023 quod
1432 954 1569 997 non
1610 938 1872 997 tantum
1915 929 2088 994 dona

540 1041 709 1126 ejus,
743 1039 860 1105 sed
900 1040 1100 1106 etiam
1134 1043 1274 1130 ipse
1331 1041 1623 1128 Spiritus
1697 1040 1760 1102 in
1829 1047 2091 1124 tempo-

541 1146 660 1212 rali
718 1145 1144 1234 processione
1185 1146 1511 1237 procedit,
1548 1145 1663 1220 ibi,
1702 1143 1777 1222 C,
1825 1170 1855 1206 «
1910 1145 2087 1209 Sunt

535 1265 762 1321 aulem
795 1254 1021 1343 aliqui
1046 1260 1166 1346 qui
1193 1256 1461 1330 dicunt,
1517 1262 1641 1321 etc.
1692 1282 1722 1313 »

1002 1695 1503 1766 ARTICULUS
1548 1696 1600 1765 Ι.

736 1909 924 1994 Quid
946 1910 1035 1975 sil
1073 1909 1474 2002 lemporalis
1498 1908 1834 1999 processio
1862 1905 1901 1971 ἶ)

633 2230 760 2297 llic
825 2236 982 2295 ante
1051 2232 1377 2298 Litleram
1457 2225 1692 2294 incidit
1772 2223 2081 2304 dubium,

540 2337 719 2417 Quid
746 2337 832 2404 sit
867 2336 1255 2425 temporalis
1293 2334 1689 2428 processio?
1717 2331 1878 2424 quid
1911 2340 2086 2398 tem-

543 2442 795 2536 poralis
835 2444 1220 2532 apparitio?
1265 2441 1426 2533 quid
1484 2439 1871 2530 temporalis
1921 2438 2087 2503 mis-

542 2553 642 2620 sio
668 2553 704 2618 ⁴?
732 2559 798 2619 et
838 2548 1000 2640 quid
1048 2545 1440 2642 temporalis
1502 2547 1734 2615 datio?
1762 2555 1827 2615 et
1865 2543 2087 2636 quali-

550 2669 652 2726 ter
704 2678 921 2725 unum
996 2657 1277 2725 istorum
1352 2654 1616 2723 differat
1673 2653 1755 2719 ab
1805 2651 2087 2719 alio?et

545 2759 714 2857 quot
741 2762 963 2832 modis
1001 2765 1117 2832 {iat
1152 2764 1547 2856 processio?
1574 2772 1637 2832 et
1695 2760 1855 2852 quid
1911 2768 2088 2827 tem-

544 2870 793 2963 poralis
843 2873 1179 2960 processio
1227 2871 1414 2939 addit
1457 2892 1661 2961 super
1712 2871 2086 2936 aeternam?

627 3087 985 3163 Quaeratur
1041 3107 1203 3175 ergo
1259 3084 1507 3175 prime,
1542 3079 1718 3159 Quid
1757 3087 1856 3146 est
1920 3098 2083 3167 pro-

544 3190 758 3259 cessio
796 3189 1236 3278 temporalis?

645 3302 699 3366 1.
746 3296 920 3365 Dicit
964 3309 1187 3367 autem
1255 3296 1364 3366 hic
1431 3293 1754 3385 Magister
1792 3293 1857 3359 in
1901 3291 2089 3382 prin-

543 3408 718 3498 cipio
775 3406 1107 3490 lectionis,
1165 3404 1349 3498 quod
1388 3401 1729 3496 processio
1797 3397 2087 3490 Spiritus

541 3515 751 3581 sancti
817 3522 917 3580 est
981 3512 1249 3581 collatio
1314 3510 1549 3601 gratim
1620 3509 1686 3575 in
1753 3517 2079 3596 tempore.

544 3621 687 3688 lloc
728 3627 953 3688 autem
987 3642 1120 3688 non
1160 3619 1522 3689 convenire
1565 3614 1870 3683 videtur:
1929 3616 2087 3704 quia

545 3730 763 3816 gratia
792 3735 1013 3794 ereata
1035 3738 1174 3796 est:
1206 3750 1368 3816 ergo
1409 3726 1477 3791 in
1515 3720 1877 3791 collatione
1925 3744 2089 3811 gra-

553 3841 659 3905 tiae
695 3859 830 3902 non
871 3844 968 3899 est
1017 3836 1353 3923 processio
1421 3831 1714 3922 Spiritus
1761 3831 1996 3896 sancti.

640 3940 1104 4016 2.1‘ra·ter‹·a,
1184 3936 1572 4006 Secundum
1652 3934 1776 4001 lior.
1828 3931 2091 4000 videtur

549 4048 765 4140 sequi,
802 4044 981 4137 quod
1017 4045 1307 4137 ⁸<pit-itus
1343 4052 1616 4112 sanctus
1656 4049 1826 4108 esset
1876 4040 2088 4130 gratia

547 4156 788 4223 collata
816 4176 830 4219 :
868 4153 1026 4243 quia
1058 4154 1345 4245 Spiritus
1375 4159 1646 4219 sauctus
1676 4157 1774 4216 est
1820 4170 2093 4238 proces-

549 4287 648 4328 sio
679 4284 827 4326 sua.

640 4374 703 4437 3.
770 4368 965 4447 item,
1020 4367 1363 4437 i'rocessio
1411 4366 1614 4456 hujus
1675 4369 1933 4457 gratim.
1990 4366 2088 4433 vel

555 4478 913 4570 procedere
956 4479 1022 4543 in
1067 4481 1280 4565 gratia
1338 4476 1753 4566 hujusmodi.
1833 4474 2096 4541 videtur

549 4586 897 4678 :equaliter
935 4588 1290 4654 convenire
1340 4586 1462 4653 toti
1516 4584 1867 4651 Trinitati;
1913 4582 2092 4672 quod

554 4697 876 4787 probatur
904 4718 1022 4785 per
1065 4694 1462 4787 Dionysium
1495 4695 1562 4761 iu
1603 4692 1774 4760 libro
1825 4691 1906 4759 de
1969 4693 2090 4760 ln·-

554 4809 723 4874 viuis
761 4803 1146 4872 nmniuibns
1189 4810 1231 4883 ¹,
1270 4804 1562 4872 ubidicll
1604 4803 1739 4870 sic:
1781 4829 1812 4865 ι
1853 4801 2091 4868 Divina

553 4915 862 4979 discretio
905 4921 1001 4977 est
1048 4916 1385 5001 processio
1445 4910 1627 4977 bono
1683 4910 2094 4976 couveniens

559 5020 883 5086 unitionis
912 5018 1152 5087 divina:
1182 5029 1249 5089 et
1303 5019 1735 5110 superunitae,
1804 5016 2092 5105 seipsam

559 5131 922 5197 bonitatem
957 5131 1022 5194 in
1056 5131 1501 5219 pluralitatem
1542 5130 1803 5217 agentis
1843 5135 1906 5193 et
1929 5124 2095 5192 mul·

559 5238 944 5326 tiplicautiS.
981 5264 1014 5299 s
1069 5242 1236 5308 Cum
1270 5262 1432 5329 ergo
1467 5238 1608 5305 liaec
1665 5237 1842 5304 actio
1873 5237 1975 5302 sui
2027 5235 2093 5301 in

555 5347 1007 5436 pluralitatem
1036 5347 1398 5434 donorum,
1448 5348 1798 5439 aequaliter
1845 5367 2096 5413 conve-

634 5588 733 5643 ¹S.
767 5587 1082 5650 Dtoxwtcs.
1144 5592 1264 5650 Lib.
1320 5592 1392 5647 de
1449 5592 1670 5646 Divinis
1731 5590 2094 5656 nominihus,

566 5692 693 5748 cap.
727 5680 778 5733 2.

1555 330 1631 397 l).
1686 329 1881 396 ALB.
1933 327 2149 395 MAG.

2203 325 2407 394 om).
2462 328 2763 396 PRAED.

2202 500 2345 565 niat
2408 499 2599 566 omni
2667 475 2998 589 personae,
3078 501 3348 569 videtur
3395 500 3579 590 quod
3627 501 3785 567 haec·
3838 480 3905 564 f·

2202 605 2543 692 processio
2604 605 2967 694 cujuslibet
3034 614 3214 674 esset
3269 627 3601 698 personae.
3692 603 3767 671 Si

2203 711 2408 787 dica5‚
2443 713 2629 801 quod
2659 713 2742 780 de
2771 723 3027 782 aeterna
3066 715 3500 804 processione
3530 714 3767 803 loqua-

2205 825 2314 883 tur
2367 819 2767 909 Dionysius‚
2833 821 3080 889 falsum
3138 822 3469 914 probatur
3524 843 3644 912 per
3699 821 3766 888 id

2204 926 2386 1015 quod
2416 931 2858 1017 consequitur
2890 940 3387 1021 consequenter
3417 931 3486 998 in
3515 930 3767 997 Littera

2201 1036 2296 1100 sic
2332 1058 2346 1100 ε
2386 1063 2416 1095 «
2456 1035 2680 1103 Unitae
2723 1038 3000 1127 quidem
3040 1046 3199 1106 sunt
3256 1038 3630 1106 secundum
3661 1037 3769 1104 di·-

2200 1142 2431 1208 vinam
2491 1141 2976 1212 discretionem
3047 1145 3768 1238 incomprehensibiles

2200 1248 2624 1327 traditioneS,
2678 1251 3399 1330 substantificationeS,
3460 1253 3768 1320 vivifica-

2199 1355 2444 1431 tiones,
2506 1359 3181 1447 sapientificationes,
3252 1370 3320 1428 et
3400 1361 3531 1428 alia
3590 1360 3768 1428 dona

2200 1460 2524 1529 bonitatis
2581 1486 2735 1554 quae
2813 1475 2917 1534 est
2993 1469 3306 1535 omnium
3383 1490 3613 1546 causa,
3655 1490 3767 1535 se-

2197 1570 2495 1637 cundum
2526 1594 2683 1661 quae
2721 1595 2806 1639 ex
2837 1573 3473 1665 participationibus
3512 1583 3579 1642 et
3610 1597 3767 1664 par-

2196 1677 2630 1766 ticipantibus
2660 1678 3029 1748 laudantur
3082 1704 3225 1749 non
3280 1681 3767 1773 participaliter

2197 1785 2621 1875 participata.
2680 1815 2714 1850 »
2790 1786 2894 1854 Ex
2959 1787 3092 1856 hoc
3150 1790 3503 1880 accipitur,
3584 1788 3767 1880 quod

2197 1895 2339 1982 ipse
2381 1892 2689 1983 loquitur
2726 1893 2810 1962 de
2878 1895 3222 1964 attributis
3281 1896 3555 1977 divinis,
3617 1918 3767 1987 quae

2195 2021 2316 2089 per
2343 2008 2713 2069 connotata
2752 2001 2951 2093 plura
2989 2011 3175 2087 suut,
3217 2011 3287 2073 et
3340 2012 3629 2073 causant
3685 2026 3767 2072 ea

2197 2112 2267 2178 in
2307 2109 2530 2178 nobis.
2584 2107 2758 2178 Cum
2789 2132 2956 2202 ergo
2996 2109 3130 2180 hoc
3182 2109 3538 2202 aequaliter
3603 2134 3768 2181 con-

2195 2216 2423 2284 veniat
2490 2215 2770 2285 cuilibet
2835 2238 3176 2308 personae,
3254 2217 3528 2287 videtur
3583 2217 3768 2309 quod

2196 2323 2560 2413 procedere
2636 2326 2724 2391 sit
2789 2325 3156 2412 cujuslibet
3227 2347 3561 2417 personae.
3636 2325 3767 2393 San

2193 2451 2486 2497 cosma:
2547 2429 2703 2497 Non
2759 2431 3070 2521 procedit
3100 2432 3232 2499 nisi
3278 2432 3397 2522 qui
3430 2431 3763 2499 mittitur:

2195 2559 2335 2604 nou
2364 2537 2658 2604 mittitur
2698 2538 2827 2606 nisi
2868 2537 2986 2629 qui
3030 2536 3115 2606 ab
3155 2538 3291 2607 alio
3323 2546 3448 2619 est,
3484 2547 3561 2608 ut
3608 2539 3771 2608 dicit

2197 2646 2705 2737 Augustinus⁸z
2742 2670 2909 2740 ergo
2942 2671 3085 2716 non
3115 2648 3421 2740 procedit
3449 2650 3579 2717 nisi
3646 2652 3761 2740 qui

2193 2751 2278 2821 ab
2343 2752 2478 2821 alio
2545 2763 2690 2823 est:
2762 2776 2928 2845 ergo
2997 2753 3190 2822 Patri
3252 2778 3394 2824 non
3442 2757 3765 2825 convenit

2193 2857 2578 2951 procedere.

2285 3081 2593 3148 Socra-no.
2637 3078 3049 3161 Dicendum,
3093 3081 3279 3173 quod
3344 3082 3490 3149 sine
3547 3080 3754 3151 dubio
3855 3103 4051 3151 εοιιιιῑο.

2195 3193 2660 3285 temporaliter
2684 3193 3055 3284 procedere
3095 3216 3235 3261 non
3276 3194 3597 3263 convenit
3626 3196 3756 3263 nisi

2197 3302 2478 3393 Spiritui
2518 3311 2754 3370 sanc-to
2785 3310 2852 3369 et
2883 3300 3083 3382 Filio,
3126 3311 3193 3368 et
3246 3303 3518 3393 proprie
3583 3326 3760 3371 con-

2194 3413 2378 3479 venit
2410 3411 2693 3502 Spiritui
2727 3420 2992 3491 sancto,
3035 3412 3094 3480 si
3139 3411 3557 3503 accipiamus
3598 3435 3763 3503 pro-

2195 3518 2428 3587 cedere
2477 3526 2681 3609 prout
2729 3517 3059 3586 dividitur
3095 3527 3333 3587 contra
3371 3523 3763 3608 generatio-

2197 3651 2377 3705 nem,
2413 3636 2487 3694 ut
2525 3648 2733 3716 supra
2801 3625 3196 3716 expeditum
3257 3635 3400 3694 est:
3470 3636 3536 3694 et
3601 3636 3760 3695 tunc

2197 3736 2536 3824 processio
2576 3734 2740 3803 satis
2791 3728 2967 3801 bene
3011 3733 3258 3802 dicitur
3307 3733 3760 3802 manifestatio

2199 3842 2491 3932 Spiritus
2529 3842 2747 3908 sancti
2790 3842 2858 3907 in
2889 3840 3257 3909 collatione
3299 3840 3462 3910 doni
3488 3851 3760 3933 gratum

2198 3949 2500 4016 facientis
2575 3946 2660 4015 ad
2727 3947 3287 4016 sanctificandam
3335 3957 3759 4017 creaturam:

2199 4079 2346 4147 ‹pia-
2386 4054 2702 4122 diffinitio
2732 4052 2815 4121 de
2854 4052 3063 4144 plano
3111 4052 3223 4122 hic
3288 4054 3357 4123 in
3392 4057 3613 4146 primo
3652 4078 3762 4123 ca·

2199 4167 2332 4254 pite
2378 4161 2608 4252 colligi
2641 4170 2892 4252 potest.

2287 4274 2389 4338 An
2428 4292 2628 4339 Αωυο
2658 4269 3053 4353 dicendum,
3114 4269 3302 4361 quod
3380 4269 3534 4338 licet
3602 4294 3766 4362 pro-

2200 4380 2411 4445 cessio
2488 4388 2742 4445 aeterna
2800 4378 2867 4443 iu
2927 4385 3265 4467 quantum
3339 4376 3760 4466 hujusmodi.

2202 4508 2338 4552 nen
2376 4484 2554 4552 dicat
2585 4482 2867 4574 aliquod
2897 4490 3229 4562 creatum,
3281 4492 3510 4553 tamen
3545 4488 3768 4553 mani-

2202 4593 2421 4659 festari
2455 4599 2679 4681 potest
2717 4613 2839 4681 per
2866 4589 3129 4682 aliquid
3167 4600 3466 4660 creatum
3500 4600 3611 4663 :et
3655 4617 3770 4661 se-

2201 4698 2495 4767 cundum
2555 4696 2741 4789 quod
2802 4698 2900 4765 sic
2958 4698 3435 4767 manifestatur
3475 4699 3768 4791 Spiritus

2203 4805 2599 4897 procedens,
2643 4803 2892 4871 dicitur
2925 4805 3269 4896 processio
3337 4806 3764 4897 tenipomlis.

2288 4915 2390 4980 Au
2430 4934 2628 4978 Λιιιῑυ
2686 4910 3081 4992 dicendum,
3155 4910 3341 5003 quod
3399 4913 3769 5005 Dionysius

2203 5044 2336 5089 nou
2404 5019 2708 5110 loquitur
2764 5018 2857 5087 ibi
2934 5017 3018 5086 de
3057 5018 3454 5109 hujusmodi
3493 5044 3773 5111 proces-

2201 5129 2388 5195 sione
2420 5125 2641 5218 qualis
2681 5126 3010 5216 quaeritur
3040 5124 3153 5194 bic
3192 5149 3232 5193 a
3277 5126 3503 5195 nobis.
3574 5129 3770 5201 Unde

2203 5234 2606 5316 notandum,
2665 5232 2852 5323 quod
2927 5231 3183 5323 duplex
3259 5241 3361 5302 est
3420 5242 3767 5326 processio

2205 5342 2522 5411 bonitatis
2559 5341 2814 5408 divinae
2847 5341 2918 5406 in
2948 5342 3179 5408 entia:
3224 5341 3535 5431 quaedam
3583 5349 3767 5415 enim

2273 5591 2296 5626 ²
2325 5592 2380 5646 S.
2415 5593 2791 5656 Ᾱιόεετικυε,
2828 5585 2951 5643 Lib.
2979 5585 3052 5642 tv
3071 5585 3145 5642 de
3175 5588 3483 5660 Trinium,
3512 5608 3643 5665 cap.
3674 5596 3763 5652 20.

3881 3156 3952 3203 Ad
3987 3162 4024 3204 Ι.

3887 4310 3958 4353 Aa
3985 4308 4031 4357 2.
