4897 6388
638 265 767 335 570

1085 763 1593 838 ARTICULUS
1656 767 1744 833 ΙΙ.

643 986 889 1054 Utrum
927 981 1174 1072 aliqua
1202 979 1488 1046 nomina
1508 975 1910 1044 conveniant
1943 977 2078 1041 Deo
2108 995 2191 1039 ex

722 1101 1052 1181 tempore,
1095 1096 1156 1155 et
1187 1110 1278 1153 an
1316 1083 1723 1153 conveniant
1775 1082 1992 1149 simul
2040 1100 2190 1146 om·-

722 1187 952 1276 nibus,
986 1202 1112 1262 aut
1141 1192 1523 1284 aliquibuS‚
1548 1195 1614 1256 et
1644 1182 1998 1281 &liquibus
2024 1211 2186 1271 non,

726 1312 853 1371 eto.

723 1618 990 1687 Deinde
1037 1623 1049 1658 ³
1085 1618 1416 1708 quaeritur
1498 1612 1583 1680 de
1657 1612 1790 1680 alia
1863 1610 2192 1678 divisione

637 1749 845 1819 quam
887 1725 1202 1816 adjungit
1252 1724 1603 1814 Magister,
1657 1719 1936 1788 dicens:
2001 1747 2033 1781 α
2071 1720 2194 1786 llis

638 1832 1121 1924 adjiciendum
1152 1841 1248 1900 est
1267 1830 1616 1923 quaedam,
1642 1835 1768 1896 eto.
1797 1852 1830 1893 ι

735 1940 866 2008 Hic
901 1930 1086 2036 enim
1116 1937 1520 2006 bimembris
1550 1934 1797 2003 divisio
1824 1934 2098 2023 ponitur
2128 1933 2193 1999 in

646 2072 812 2129 uno,
856 2047 1116 2117 scilieet
1155 2043 1342 2138 quod
1396 2043 1712 2136 quaedam
1762 2064 1846 2110 ex
1895 2049 2196 2131 temporo

644 2158 791 2226 Deo
812 2156 1255 2239 conveniunt,
1289 2161 1359 2222 et
1393 2151 1675 2222 relative
1706 2151 1792 2219 ad
1819 2158 2192 2219 creaturam

644 2266 962 2335 dicuntur
1005 2273 1124 2333 :et
1154 2264 1308 2333 haee
1352 2270 1471 2331 aut
1528 2259 1848 2330 omnibus
1896 2259 2194 2349 personis

642 2371 1103 2442 communiter
1149 2371 1594 2444 conveniunt.
1636 2375 1715 2435 ut
1744 2374 2045 2435 creator:
2078 2373 2191 2432 aut

642 2481 1080 2573 quibusdam,
1105 2488 1182 2550 ut
1212 2480 1489 2557 missus,
1523 2477 1746 2546 datus.

732 2586 821 2657 Et
845 2586 980 2657 hoc
1015 2611 1159 2657 non
1196 2586 1467 2656 videtur
1492 2606 1695 2678 posse
1739 2591 1957 2652 stare:
1993 2584 2150 2674 quia

733 2698 796 2764 1.
829 2693 1253 2787 Cuicumque
1282 2693 1601 2763 convenit
1631 2689 1888 2782 aliquid
1919 2712 1998 2757 ex
2030 2699 2195 2758 tem-

636 2825 827 2894 pore,
873 2801 1040 2870 illud
1090 2810 1190 2871 est
1228 2799 1609 2870 mutabile:
1668 2798 1786 2866 sed
1843 2797 2026 2866 Deus
2054 2819 2188 2864 non

637 2915 738 2978 est
772 2909 1126 2979 mutabilis
1161 2932 1177 2977 z
1220 2932 1386 3000 ergo
1426 2906 1598 2976 nihil
1654 2904 1971 2975 convenit
2009 2907 2067 2972 ei
2107 2926 2190 2972 ex

639 3024 973 3109 tempore.

719 3127 786 3197 2.
831 3125 1032 3208 Item,
1078 3124 1300 3196 Omne
1334 3125 1696 3194 relativum
1737 3122 2065 3216 dependet
2108 3122 2191 3190 ad

639 3255 840 3301 suum
899 3233 1383 3302 coi-relativum
1431 3256 1447 3301 τ
1506 3231 1623 3301 sed
1675 3231 1857 3300 neus
1902 3254 2040 3298 non
2071 3230 2191 3296 ‹le-

636 3339 886 3433 pendet
923 3339 1007 3408 ad
1038 3339 1339 3431 aliquam
1379 3348 1760 3409 creaturam
1794 3359 1812 3408 t
1850 3360 2010 3429 ergo
2056 3360 2189 3405 non

635 3445 888 3516 dicitur
916 3445 1196 3514 relative
1234 3445 1320 3514 ad
1360 3447 1608 3538 ipsam.

724 3555 791 3623 3.
827 3553 1199 3637 Praeterea,
1264 3551 1512 3621 Missus
1573 3561 1641 3621 ct
1698 3552 1896 3621 datus
1960 3552 2191 3620 dicunt

636 3662 953 3731 effectum
1022 3662 1089 3730 in
1148 3671 1458 3731 creatura
1521 3684 1538 3730 ε
1600 3683 1763 3752 ergo
1811 3662 2186 3751 significant

638 3770 1000 3839 essentiam
1059 3769 1365 3839 divinam
1432 3773 1892 3838 communiter
1943 3792 1958 3837 :
2027 3792 2189 3859 ergo

639 3883 922 3968 possunt
951 3876 1083 3945 dici
1116 3876 1199 3946 de
1226 3877 1550 3946 omnibus
1581 3879 1912 3968 pei-souis.

726 3986 793 4053 4.
837 3984 1204 4063 Praeterea,
1252 3986 1465 4054 Datus
1503 3996 1565 4054 et
1627 3986 1917 4054 donatus⁸
1947 3996 2042 4069 (ut
2073 4009 2191 4050 su-

1642 251 1727 326 D.
1780 258 1977 327 ALss.
2034 257 2246 325 MAG.
2302 257 2505 325 ORD.
2558 250 2852 325 PRAED.

2299 451 2419 520 pra
2458 427 2763 515 habitum
2794 430 2918 515 est)
2951 449 3091 494 non
3122 426 3353 494 dieunt
3372 425 3457 493 ab
3487 425 3620 493 alio
3652 420 3834 493 esse:

2299 559 2459 627 ergo
2493 535 2781 612 videtur,
2816 533 3000 625 quod
3046 532 3366 601 omnibus
3405 534 3837 601 conveniant.

2391 745 2699 813 Somrrio.
2737 744 2900 811 Haee
2926 766 3083 834 pars
3113 744 3465 812 divisionis
3505 744 3843 811 reducitur

2300 852 2386 919 ad
2415 852 2822 919 divisionem
2863 850 3237 932 Ambrosii,
3292 851 3376 918 ad
3413 851 3583 919 illud
3621 873 3841 919 mem-

2299 960 2525 1038 brum,
2570 959 2751 1049 quod
2784 959 3092 1048 quaedam
3122 962 3547 1049 majestatem
3578 960 3842 1027 deitatis

2303 1069 2666 1134 insinuant.
2733 1065 2908 1132 Illud
2967 1064 3406 1133 dividendum
3477 1075 3578 1134 est
3638 1068 3842 1134 etiam

2300 1176 2626 1244 ulterius:
2664 1186 2730 1243 et
2776 1183 2937 1242 tune
2983 1174 3265 1241 includit
3320 1174 3450 1243 hoc
3506 1174 3687 1264 quod
3734 1173 3845 1241 hio

2301 1286 2543 1352 dieitur
2605 1286 2726 1362 sio,
2777 1283 2946 1363 Quae
3012 1285 3378 1351 essentiam
3434 1285 3840 1374 significant,

2301 1405 2417 1463 aut
2445 1396 2513 1462 in
2544 1418 2639 1473 se,
2673 1401 2790 1462 aut
2818 1417 2975 1462 eum
3015 1395 3498 1462 connotatione
3540 1393 3839 1461 effectus.

2304 1503 2375 1571 Si
2408 1505 2587 1572 enim
2619 1504 2686 1570 in
2736 1525 2807 1570 se
2841 1524 2857 1568 :
2896 1511 3055 1570 tuno
3084 1503 3499 1570 conveniunt
3536 1503 3621 1570 ab
3660 1510 3849 1569 aeter·

2302 1635 2416 1680 no.
2456 1611 2527 1678 Si
2568 1633 2722 1678 cum
2763 1611 3248 1678 connotatione
3293 1610 3570 1679 effeetus
3614 1633 3629 1677 ε
3687 1619 3847 1677 tuno

2304 1723 2716 1790 conveniunt
2754 1742 2847 1787 ex·
2865 1729 3194 1809 temporo.
3244 1720 3377 1786 Aut
3407 1720 3616 1811 igitur
3641 1721 3847 1811 signi·

2307 1830 2507 1897 fleant
2535 1829 2899 1896 essentiam
2929 1836 3004 1895 ut
3060 1836 3375 1918 agentem
3414 1836 3705 1905 tantum,
3749 1827 3849 1895 si-

2306 1946 2417 2004 cut
2454 1946 2713 2005 creator
2746 1958 2761 2003 :
2796 1945 2914 2004 aut
2940 1944 3249 2026 agentem
3311 1933 3466 2003 cum
3498 1936 3849 2026 consigni-

2307 2045 2615 2114 ficatione
2668 2066 2973 2135 persona*
3025 2044 3375 2111 existentis
3426 2043 3513 2111 ab
3560 2044 3721 2125 alio,
3771 2051 3848 2110 ut

2304 2152 2575 2234 missus,
2609 2150 2830 2232 datus,
2856 2159 2929 2218 ut
2958 2171 3159 2242 supra
3191 2149 3498 2218 habitum
3530 2160 3655 2219 est.

2390 2259 2738 2328 Dicamus(
2795 2277 2959 2350 ergo
3026 2258 3108 2327 ad
3160 2262 3482 2350 primum,
3525 2261 3702 2351 quod
3761 2281 3846 2328 ex

2304 2378 2607 2458 tempore
2647 2367 2790 2437 Deo
2822 2370 3185 2436 convenire
3225 2389 3362 2435 non
3402 2369 3593 2459 ponit
3636 2377 3848 2436 muta-

2305 2479 2554 2546 tionem
2606 2479 2674 2544 in
2743 2480 2915 2567 ipso,
2985 2477 3101 2545 sed
3162 2478 3386 2567 potius
3434 2478 3503 2544 in
3544 2474 3648 2544 his
3696 2498 3845 2567 quae

2305 2588 2497 2666 liunt,
2530 2594 2603 2652 ut
2632 2584 2791 2651 alibi
2822 2584 3076 2653 dictum
3117 2594 3238 2654 est.

2388 2695 2493 2761 An
2521 2715 2715 2761 Amul»
2744 2692 3131 2775 dieendum,
3157 2694 3339 2785 quod
3358 2699 3665 2763 ereatura
3697 2716 3849 2764 rea-

2303 2800 2345 2867 li
2417 2809 2719 2891 respectu
2770 2799 3104 2891 dependet
3163 2801 3245 2868 ad
3311 2800 3727 2881 Creatorem,
3780 2810 3846 2869 et

2306 2930 2439 2976 non
2507 2929 2543 2975 e
2581 2928 2913 2976 converso
2965 2908 3095 2975 nisi
3152 2908 3525 2976 secundum
3583 2907 3844 2978 intelle-

2301 3023 2483 3083 ctum
2520 3037 2538 3083 ε
2574 3015 2729 3105 quia
2774 3013 3220 3105 dependentia
3266 3024 3608 3107 respectus
3653 3038 3846 3085 crea-

2302 3131 2471 3190 turae
2511 3144 2649 3190 non
2681 3129 2901 3215 potest
2933 3121 3216 3213 intelligi
3247 3125 3393 3191 sine
3414 3132 3839 3215 correspectu

2301 3232 2367 3298 in
2408 3230 2749 3307 Creator-e,
2794 3228 2949 3297 lieet
2968 3251 3106 3298 non
3139 3230 3314 3298 dicat
3339 3232 3465 3299 nisi
3509 3234 3838 3300 rationem

2301 3339 2365 3406 in
2409 3339 2582 3428 ipso,
2614 3344 2680 3403 et
2731 3358 2865 3404 non
2910 3358 3048 3405 rem
3108 3361 3260 3430 quae
3317 3338 3583 3408 diversa
3638 3344 3723 3407 sit
3755 3341 3841 3410 ab

2299 3447 2470 3537 ipso,

2384 3554 2488 3652 An
2517 3574 2712 3619 Αιιυυ
2750 3551 3109 3621 dicendum
3159 3557 3332 3624 sicut
3384 3577 3614 3647 supra,
3657 3556 3836 3647 quod

2302 3663 2568 3744 missus,
2611 3668 2675 3727 et
2706 3658 2927 3738 datus,
2976 3662 3293 3730 claudant
3343 3666 3411 3732 in
3450 3687 3522 3732 se
3561 3661 3841 3732 relatio-

2299 3791 2440 3839 nes.

2387 3882 2488 3948 An
2544 3905 2740 3949 Αιιυυ
2808 3880 3194 3961 (licendum,
3272 3878 3455 3971 quod
3522 3878 3842 3970 Magister

2297 3990 2537 4079 accipit
2567 3990 2785 4066 «latua,
2828 3997 2887 4055 et
2924 3988 3240 4060 donatus,
3280 4011 3399 4078 pro
3432 3990 3700 4055 missus.

1507 4571 1530 4638 t
1543 4571 1590 4641 1.
1632 4566 1751 4642 De
1787 4568 1928 4643 leoc
1961 4567 2296 4663 nomine,
2337 4565 2690 4655 Trinium,
2726 4566 2964 4641 addit.

735 4910 1128 4985 Pru-,terea
1167 4920 1283 4985 est
1319 4934 1559 4984 unum
1606 4933 1884 4984 nomen
1929 4909 2128 5008 quenl
2173 4910 2265 4984 «le
2302 4911 2508 4983 nulla
2541 4933 2867 5008 persona
2922 4909 3312 5004 sigillatim
3357 4908 3662 4999 ‹lit-itur,
3707 4913 3836 4986 sod

638 5045 730 5121 de
763 5044 1132 5121 omnibus
1171 5044 1433 5139 simul,
1480 5043 1728 5139 idest,
1782 5042 2166 5120 Trimlasz
2212 5046 2413 5144 quod
2476 5070 2621 5119 non
2672 5044 2955 5120 (licitur
2984 5045 3411 5120 secundum
3483 5047 3843 5122 substau-

637 5181 849 5274 tiam,
895 5177 1026 5256 sed
1062 5177 1282 5279 quasi
1319 5179 1808 5254 collectivum
1855 5178 2361 5277 pluralitatem
2405 5180 2756 5274 designat
2789 5203 3322 5277 personarum.

3933 789 4129 838 solutio.

3962 2327 4031 2370 Ad
4061 2327 4097 2370 Ι.

3972 2759 4041 2803 Aa
4061 2757 4106 2807 2.

3948 3622 4025 3666 Ad
4047 3619 4095 3670 8·

3954 3930 4031 3976 Ad
4069 3935 4113 3979 6.
