4897 6388
721 1732 804 1783 Ad
849 1737 1025 1796 object.

1812 351 1904 416 IN
1952 350 1982 417 I
2032 349 2455 415 SENTENT:
2507 345 2736 414 DIST.
2792 346 2978 426 V111,
3029 349 3117 425 A,
3161 349 3359 418 ART.
3404 353 3469 418 5.

1083 521 1376 609 sapiens,
1424 519 1533 589 vel
1572 522 1821 608 justuS.
1880 519 2341 589 Nihilominus
2401 529 2629 588 tamen

1084 648 1239 693 cum
1271 627 1535 704 dicitur,
1576 624 1753 693 Deus
1794 635 1893 693 est
1923 628 2213 718 sapienS‚
2251 638 2351 697 est
2397 627 2629 695 diver-

1084 739 1245 804 sitas
1288 738 1565 804 rationis
1603 746 1856 804 naturae
1885 746 1949 806 et
1988 741 2408 829 assequentis
2438 747 2629 804 natu-

1086 865 1283 911 ram:
1328 853 1391 910 et
1452 844 1562 910 illa
1619 846 1862 914 suflicit
1921 846 2283 914 intellectui
2340 868 2628 934 compo-

1088 952 1276 1019 nenti
1319 954 1809 1042 compositione
1861 962 2135 1020 notante
2178 953 2621 1020 identitatem.

1181 1058 1282 1125 An
1321 1081 1515 1126 amun
1573 1060 1953 1141 dicendum,
1989 1060 2171 1151 quod
2210 1069 2311 1127 est
2359 1061 2630 1125 innote-

1089 1187 1274 1233 scere
1307 1168 1530 1255 quoad
1562 1189 1708 1248 noS,
1753 1177 1819 1235 et
1861 1167 2084 1257 quoad
2115 1169 2208 1235 rei
2258 1177 2567 1233 naturam
2605 1189 2619 1232 ε

1087 1282 1155 1340 et
1194 1273 1361 1341 nihil
1405 1274 1717 1364 prohibet
1764 1275 1834 1341 in
1889 1274 2135 1342 divinis
2184 1276 2621 1366 praedicatum

1084 1380 1303 1448 facere
1333 1382 1415 1448 ad
1453 1379 1587 1449 hoc
1616 1382 1798 1472 quod
1830 1384 2207 1470 subjectum
2249 1385 2628 1450 innotescat

1082 1488 1308 1578 quoad
1346 1511 1496 1566 nOS,
1540 1488 1692 1556 licet
1730 1492 1796 1555 in
1851 1492 1944 1557 rei
1992 1498 2233 1556 natura
2273 1489 2450 1556 idem
2490 1491 2625 1556 sint

1079 1596 1460 1684 subjectum
1492 1608 1559 1665 et
1588 1598 2048 1688 praedicatum.

1170 1702 1271 1769 Ao
1311 1727 1376 1771 m
1409 1712 1636 1772 autem
1696 1705 1877 1793 quod
1918 1714 2150 1773 contra
2208 1703 2619 1773 solutionem

967 1895 970 1898 Δ
1078 1812 1532 1902 quorumdam
1568 1813 1902 1901 objicitur,
1936 1812 2205 1881 videtur
2261 1835 2406 1881 csse
2455 1835 2623 1881 con-

1077 1921 1477 1990 cedendum.

1529 2347 2028 2416 Alt'l’lCULl’S
2072 2347 2158 2413 V.

1082 2559 1247 2642 Quae
1305 2560 1396 2624 sit
1455 2557 1811 2625 diversitas
1876 2559 2050 2625 inter
2113 2556 2448 2624 attributa
2501 2579 2619 2623 no-

1164 2668 1430 2733 minum
1469 2667 1717 2734 diviua!
1755 2677 2045 2744 ualterio,
2077 2675 2142 2734 et
2179 2664 2611 2747 substantae,

1162 2784 1227 2842 et
1257 2776 1553 2841 essenti&
1578 2773 1617 2840 ?

1163 3091 1286 3158 llis
1316 3090 1591 3167 habitis,
1645 3091 2013 3159 videndum
2045 3102 2146 3160 est
2194 3092 2277 3161 dc
2331 3094 2434 3160 his
2466 3117 2615 3185 quae

1073 3200 1389 3268 dicuntur
1428 3201 1493 3267 in
1528 3201 1807 3267 Littera.
1881 3254 1887 3261 .

1164 3308 1246 3374 Et
1277 3309 1526 3398 primo,
1579 3307 1900 3398 quaeritur
1944 3308 2025 3375 de
2064 3309 2450 3378 diversitate
2501 3310 2615 3378 lio·

1071 3439 1222 3483 rum
1263 3417 1648 3494 nominum,
1707 3416 1953 3483 divina-
2013 3426 2293 3496 naturae,
2337 3426 2404 3484 et
2452 3418 2615 3483 sub·

1068 3526 1332 3591 stantiae
1372 3526 1514 3590 sive
1546 3525 1874 3601 essentiae,

1160 3628 1240 3695 Et
1273 3627 1658 3705 dicendum,
1683 3628 1865 3718 quod
1897 3630 2024 3696 ista
2064 3629 2244 3698 idem
2277 3637 2462 3708 sunt,
2496 3631 2611 3697 sed

1071 3741 1332 3807 ratione
1372 3738 1714 3806 ditl'erunt.
1758 3739 2029 3807 Natura
2080 3751 2307 3809 autem
2367 3742 2611 3832 accipi·

1073 3857 1183 3916 tur
1226 3846 1583 3937 dupliciter
1612 3846 1983 3915 secundum
2024 3848 2193 3915 duas
2230 3850 2377 3938 ejus
2406 3850 2615 3940 signi-

1072 3960 1445 4039 ficationes,
1488 3958 1741 4026 scilicet
1781 3966 1855 4025 ut
1886 3967 1982 4025 est
2020 3958 2237 4027 virtus
2279 3961 2610 4040 intranea,

1071 4067 1446 4136 secundum
1477 4066 1656 4157 quod
1688 4067 2014 4134 diffinitur
2032 4091 2175 4135 esse
2208 4068 2613 4159 principium

1074 4190 1140 4249 et
1180 4202 1379 4249 causa
1422 4186 1647 4245 motus
1675 4187 1733 4244 et
1770 4178 2011 4268 quietis
2050 4179 2115 4245 in
2162 4202 2300 4270 quo
2339 4189 2433 4245 est
2497 4201 2617 4268 per

1073 4313 1145 4355 se
1176 4296 1241 4354 et
1283 4310 1416 4353 non
1465 4309 1584 4376 per
1612 4285 1940 4352 accidens.
1979 4285 2090 4352 Sic
2119 4286 2304 4353 enim
2364 4287 2617 4376 accipi-

1074 4405 1182 4464 tur
1207 4418 1329 4487 pro
1363 4394 1426 4461 vi
1450 4395 1653 4461 etiam
1678 4392 1786 4459 illa
1809 4415 2010 4483 quam
2033 4393 2276 4460 diffinit
2309 4393 2611 4475 Boetius,

1072 4502 1256 4594 quod
1298 4509 1537 4568 natura
1568 4507 1666 4565 est
1697 4499 1799 4565 vis
1832 4500 2026 4566 insita
2061 4498 2259 4567 rebus
2300 4524 2380 4568 ex
2422 4501 2615 4568 simi-

1070 4614 1251 4680 libus
1282 4612 1530 4678 similia
1559 4632 1939 4701 procreans.
1979 4609 2058 4677 Et
2089 4611 2182 4679 sic
2206 4611 2616 4702 quandoque

1072 4721 1339 4803 dicitur,
1402 4719 1581 4810 quod
1643 4728 1833 4808 pater
1878 4721 2122 4787 virtute
2190 4730 2492 4809 generat.
2539 4717 2614 4786 In

1072 4831 1201 4900 hac
1240 4832 1423 4899 enim
1474 4831 1731 4897 ratione.
1764 4838 2000 4895 natura
2058 4838 2160 4897 est
2206 4831 2273 4896 in
2327 4852 2615 4919 persona

1073 4941 1480 5031 principium
1529 4936 1803 5029 aliquod
1863 4937 2267 5005 naturalium
2311 4947 2611 5014 actuum,

1075 5056 1147 5115 ut
1187 5068 1539 5138 generare,
1584 5045 1861 5135 spirare,
1922 5054 2048 5111 etc.
2109 5045 2182 5111 Et
2243 5046 2395 5113 ideo
2456 5045 2616 5113 dicit

1074 5157 1524 5246 AugustinuS,
1583 5152 1762 5242 quod
1809 5152 2002 5218 l’ater
2058 5152 2140 5220 de
2196 5162 2435 5221 natura
2495 5176 2616 5220 sua

1076 5272 1354 5356 generat
1386 5262 1658 5329 Filium.
1694 5260 1775 5329 Et
1812 5260 2175 5328 Anselmus
2206 5260 2391 5342 dicit,
2435 5262 2619 5351 quod

1079 5371 1281 5439 Pater
1310 5377 1378 5436 et
1406 5367 1616 5434 Filius
1646 5365 1727 5434 de
1760 5374 1998 5433 natura
2028 5389 2149 5433 sua
2180 5366 2438 5456 spirant
2471 5366 2621 5455 Spi-

1080 5483 1288 5550 ritum
1347 5485 1679 5545 sanctum.
1734 5477 2077 5566 Accipitur
2115 5477 2318 5543 etiam
2381 5485 2619 5542 natura

1082 5613 1206 5684 pro
1248 5588 1490 5666 forma,
1521 5583 1891 5651 secundum
1923 5584 2105 5674 quod
2163 5582 2405 5651 diffinit
2438 5582 2622 5651 Boe-

1087 5702 1221 5771 tius
1278 5702 1614 5776 naturam,
1674 5691 1855 5782 quod
1914 5701 2149 5760 natura
2219 5702 2312 5760 est
2386 5715 2623 5759 unam-

4103 381 4110 388 ·
4166 350 4292 416 227

2737 540 3081 608 quamque
3138 513 3281 586 rem
3314 521 3694 589 informans
3744 520 4059 611 specifica
4113 520 4297 588 diffe-

2737 628 2978 712 rentia,
3014 636 3080 696 et
3119 631 3216 696 sic
3245 630 3574 719 accipitur
3603 627 3714 696 hic
3748 650 3763 697 ε
3804 652 3944 696 non
3974 629 4156 720 quod
4184 652 4296 697 ve·

2736 733 2856 801 lim
2906 734 3155 816 dicere,
3201 736 3384 826 quod
3415 744 3660 803 natura
3700 736 3930 802 divina
3960 737 4049 802 sit
4074 727 4296 826 speci-

2737 844 2865 911 tica
2893 844 3272 912 differentia
3305 845 3615 934 alicuju5‚
3655 869 3779 912 nec
3835 845 4020 934 quod
4076 867 4290 935 genus

2733 950 2842 1018 vel
2873 954 3131 1041 species
3169 955 3258 1020 sit
3292 976 3306 1020 ε
3353 955 3515 1043 quia
3547 977 3672 1021 nec
3699 976 3939 1044 geum,
3985 950 4094 1019 vel
4137 975 4296 1042 spe-

2732 1058 2894 1136 cieS,
2938 1081 3064 1126 nec
3102 1059 3533 1127 individuum
3565 1069 3692 1142 est,
3751 1069 3826 1127 ut
3883 1059 4059 1126 infra
4106 1066 4296 1148 pate-

2733 1165 2832 1234 bit
2865 1190 2879 1234 :
2913 1167 3031 1235 sed
3062 1168 3248 1257 quod
3287 1169 3480 1257 juxta
3512 1169 3700 1236 illum
3738 1168 4155 1236 intellectum
4188 1190 4295 1235 ac·

2734 1273 2980 1363 cipitur
3009 1274 3411 1356 formaliter,
3448 1283 3524 1342 ut
3552 1299 3708 1342 cum
3771 1275 4044 1352 dicitur,
4095 1274 4298 1341 Pater

2730 1390 2973 1448 natura
3001 1382 3235 1449 divina
3273 1392 3398 1460 est,
3441 1390 3507 1451 et
3538 1382 3672 1450 hoc
3714 1382 3919 1450 modo
3974 1382 4293 1472 frequen-

2727 1497 2832 1555 ter
2868 1490 3199 1579 accipitur
3228 1513 3266 1557 a
3302 1489 3598 1559 Sanctis,

2819 1594 3230 1663 Substantia
3271 1604 3503 1664 autem
3568 1605 3792 1686 potest
3848 1597 4060 1686 accipi
4112 1596 4291 1664 duo-

2730 1701 2856 1768 bus
2897 1703 3143 1785 modis,
3178 1705 3436 1772 scilicet
3465 1705 3549 1772 ab
3583 1713 3739 1772 actu
3773 1704 4150 1789 substandi,
4184 1704 4306 1772 vel‘

2729 1835 2764 1877 a
2825 1810 3205 1879 differentia
3272 1813 3671 1881 substantiae
3750 1835 3901 1902 quae
3971 1812 4293 1880 dividitur

2726 1929 2967 1989 contra
3006 1921 3358 1991 accidens:
3396 1932 3458 1991 et
3505 1924 3558 1990 si
3601 1924 3824 2013 primo
3865 1922 4069 1990 modo
4111 1924 4291 1991 acci-

2729 2029 2974 2117 piatur,
3012 2052 3169 2097 cum
3230 2028 3300 2097 in
3338 2029 3593 2097 divinis
3639 2029 3773 2097 sint
3839 2031 4288 2121 proprietates

2727 2135 2976 2225 quibus
3016 2136 3332 2203 substant
3361 2137 3593 2228 aliquo
3628 2136 3832 2204 modo
3871 2136 4288 2228 intelligendi

2729 2265 3062 2332 personre,
3095 2243 3472 2311 substantia
3507 2243 3669 2311 dicit
3727 2253 3886 2312 tunc
3934 2244 4098 2334 quid
4137 2267 4290 2335 per-

2724 2373 2939 2427 sona»,
3002 2373 3084 2417 eo
3146 2349 3353 2417 modo
3413 2372 3551 2440 quo
3626 2350 4058 2440 Augustinus
4101 2349 4284 2426 dicit,

2725 2456 2909 2547 quod
2963 2479 3256 2547 persona
3316 2455 3658 2547 significat
3716 2456 4105 2524 subsistens
4172 2477 4291 2546 per

2724 2565 3025 2655 seipsum
3095 2571 3163 2632 et
3226 2563 3730 2632 substantiam:
3794 2573 3860 2631 et
3918 2565 4015 2632 sic
4075 2562 4288 2632 Graeci

2724 2672 3109 2741 concedunt
3150 2681 3284 2742 tres
3331 2673 3749 2741 substantias
3794 2696 3940 2740 esse
3990 2673 4061 2740 in
4111 2672 4292 2740 divi-

2723 2782 2852 2847 nis.
2932 2779 3005 2847 Si
3074 2790 3302 2849 autem
3367 2782 3741 2872 accipiatur
3797 2804 3836 2848 a
3908 2780 4287 2849 differentia

2724 2914 2859 2981 qua
2889 2891 3222 2959 dividitur
3250 2901 3487 2960 contra
3522 2892 3860 2973 accidens,
3905 2901 4068 2960 tunc
4104 2892 4290 2960 dice-

2721 3008 2833 3067 tur
2860 2999 3246 3068 substantia
3286 3023 3410 3068 ens
3441 3023 3563 3091 per
3591 3025 3695 3080 se,
3748 3002 3923 3069 sicut
3972 3001 4282 3070 accidens

2722 3105 2971 3174 dicitur
3005 3129 3128 3175 ens
3165 3128 3287 3198 per
3347 3107 3528 3174 aliud
3568 3131 3583 3177 ε
3642 3116 3710 3174 et
3766 3109 3862 3175 sic
3911 3107 4287 3177 substantia

2722 3214 3013 3282 vicinior
3059 3224 3161 3282 est
3192 3215 3276 3282 ad
3321 3214 3640 3283 standum
3683 3239 3806 3305 pro
3856 3216 4149 3284 essentia
4180 3216 4289 3284 di-

2723 3324 2908 3403 vina,
2943 3345 3151 3414 quam
3209 3346 3332 3414 pro
3381 3324 3694 3415 personis
3738 3345 3754 3392 :
3798 3332 3867 3394 et
3910 3323 4041 3393 hoc
4077 3347 4281 3393 sensu

2724 3440 2973 3520 negant
3005 3430 3223 3500 Latini
3256 3440 3560 3500 essetres
3600 3430 4017 3500 substantias
4047 3432 4116 3500 in
4135 3432 4290 3500 Tri-

2724 3541 2958 3618 nitate,

2815 3647 3134 3714 Essentia
3165 3655 3395 3715 autem
3447 3647 3782 3717 abstracte
3846 3648 4093 3717 dicitur
4143 3649 4281 3716 for·-

2724 3752 2994 3821 maliter
3022 3753 3339 3845 simplex,
3400 3764 3468 3822 et
3507 3754 3760 3844 faciens
3806 3778 3980 3831 esse,
4037 3765 4098 3824 et
4140 3779 4279 3827 non

2725 3862 2856 3929 hoc
2893 3884 3041 3930 esse
3073 3861 3181 3931 vel
3216 3861 3385 3930 illud
3424 3885 3572 3930 esse
3603 3864 3787 3954 quod
3820 3864 4280 3954 specificatum

2723 3977 2820 4034 est
2854 3977 2918 4035 ct
2952 3977 3240 4036 tractum
3279 3970 3345 4035 in
3391 3979 3674 4059 partem.
3715 3970 3905 4037 Sicut
3938 3970 4121 4038 enim
4143 3970 4292 4038 dei-

2723 4085 2826 4143 tas
2876 4075 3253 4143 formaliter
3300 4075 3462 4143 dicit
3525 4076 3769 4158 Deum,
3853 4080 3942 4145 ita
4001 4079 4289 4146 essentia

2724 4184 2880 4250 ‹lie-it
2914 4207 3059 4249 esse
3094 4182 3506 4251 indistincte.
3563 4183 3647 4251 Et
3676 4188 3770 4252 sic
3835 4184 3998 4253 dicit
4056 4186 4291 4253 Ansel·

2726 4314 2878 4357 mus
2912 4291 2977 4357 in
3038 4289 3467 4379 sllmeoloyio,
3513 4290 3698 4380 quod
3747 4291 3917 4358 sicut
3971 4290 4292 4359 differunt

2726 4398 2866 4473 lux,
2921 4396 3170 4469 lucere.
3225 4404 3284 4462 ct
3340 4394 3601 4477 luceuS,
3674 4398 3763 4464 ita
3812 4396 4131 4464 differunt
4175 4422 4288 4464 es-

2725 4506 2967 4578 sentia,
3005 4526 3177 4584 esse,
3238 4514 3301 4571 et
3351 4528 3497 4571 ens,
3544 4501 3629 4571 Et
3687 4506 3782 4570 sic
3849 4505 4137 4572 essentia
4188 4514 4288 4572 est

2724 4635 2862 4702 quo
2895 4610 3276 4677 formaliter
3316 4634 3420 4678 res
3479 4620 3605 4689 est,
3650 4618 3716 4678 et
3772 4633 3921 4679 esse
3963 4621 4062 4679 est
4101 4622 4289 4680 actus

2724 4720 2872 4807 ejus
2902 4741 3109 4810 quem
3145 4717 3349 4785 habet
3402 4718 3471 4784 in
3521 4741 3603 4786 eo
3655 4718 3842 4809 quod
3889 4726 3990 4787 est
4026 4742 4041 4787 ε
4079 4718 4144 4785 id
4175 4742 4292 4788 au·

2726 4837 2863 4895 tem
2897 4825 3080 4917 quod
3126 4834 3254 4907 est,
3288 4836 3391 4893 est
3446 4827 3670 4916 ipsum
3711 4850 3832 4894 ens
3871 4836 4286 4896 concretum.

2726 4935 2806 5003 Et
2854 4933 3232 5002 secundum
3284 4931 3416 5002 hoc
3474 4943 3683 5025 patet,
3745 4934 3930 5025 quod
3990 4956 4112 5003 ens
4150 4959 4288 5005 non

2725 5041 2888 5108 dicit
2944 5038 3322 5129 simplicem
3396 5039 3813 5108 intellectum
3871 5048 4028 5108 ante
4086 5064 4286 5131 quem

2727 5145 2898 5213 nihil
2931 5154 3031 5212 est
3062 5144 3439 5213 secundum
3467 5146 3911 5214 intellectum.
3947 5145 4104 5214 Alio
4137 5170 4293 5215 mo-

2726 5257 2813 5323 do
2856 5256 3106 5324 dicitur
3156 5279 3294 5333 ens,
3349 5256 3730 5325 secundum
3779 5257 3962 5348 quod
4010 5279 4131 5326 ens
4189 5267 4292 5325 est

2727 5387 2931 5432 eausa
2964 5363 3290 5455 primaria
3320 5363 3405 5431 ad
3438 5365 3671 5432 omnia
3703 5368 3834 5433 alia
3879 5388 3894 5432 ε
3938 5375 4007 5434 et
4043 5388 4294 5433 secun·

2729 5472 2893 5538 dum
2928 5471 3060 5538 hoc
3091 5493 3214 5537 ens
3253 5478 3354 5538 est.
3396 5472 3723 5563 primum,
3768 5482 3834 5541 et
3869 5481 4027 5541 ante
4064 5473 4287 5562 ipsum

2729 5578 2902 5646 nihil
2942 5586 3070 5660 est,
3117 5587 3186 5645 et
3222 5579 3321 5647 sic
3357 5600 3479 5646 ens
3520 5588 3620 5648 est
3656 5581 3949 5649 vicinius
3977 5581 4285 5649 essentiae

2731 5686 3011 5753 divinoe.
3060 5682 3293 5751 Primo
3337 5692 3570 5753 autem
3613 5685 3818 5756 modo
3865 5687 4160 5756 vicinius
4188 5709 4296 5769 est
