4897 6388
687 315 832 394 ωο-
928 436 934 440 ‚
976 259 979 262 Α

1581 412 1590 423 ‚
1680 338 1759 405 D.
1813 327 2009 407 ALB.
2063 341 2278 411 MAG.
2332 339 2537 408 ORD.
2589 332 2860 404 PRAED

1724 1004 2421 1100 DISTINCTIO
2496 1002 2830 1096 XVIII.

1119 1377 1207 1448 Α.
1244 1375 1368 1448 An
1404 1370 1970 1448 concedendam
2000 1372 2128 1464 sit,
2164 1371 2369 1468 quod
2385 1394 2532 1467 per
2567 1370 2856 1445 domem
2897 1370 3180 1444 dentur
3207 1369 3470 1444 dona?

773 1825 919 1901 Hic
949 1825 1347 1923 quaeritur,
1393 1825 1579 1898 Cum
1626 1823 1963 1923 Spiritus
2003 1831 2313 1897 sanctus
2345 1841 2740 1918 perquem
2818 1815 3276 1891 dividuntur
3312 1817 3540 1907 dona,
3582 1821 3746 1918 ipse
3786 1822 3885 1896 sit

681 1964 1006 2057 donum,
1060 1971 1318 2038 utrum
1374 1958 1952 2036 concedendurn
1992 1957 2090 2033 sit
2119 1957 2325 2056 quod
2383 1978 2520 2054 per
2575 1954 2864 2029 donum
2924 1952 3375 2034 dividantur
3438 1979 3530 2031 ac
3602 1957 3884 2033 dentur

674 2099 944 2175 dona?
980 2096 1093 2175 Ad
1135 2097 1340 2197 quod
1381 2094 1738 2191 dicimuS,
1783 2093 1967 2194 quia
2002 2116 2141 2194 per
2178 2093 2496 2186 donum,
2539 2089 2746 2189 quod
2786 2098 2904 2165 est
2940 2088 3278 2189 Spiritus
3331 2080 3673 2188 san‘ctuS,
3717 2094 3881 2169 sin-

667 2227 875 2334 gulis
904 2233 1215 2335 propria
1245 2231 1721 2327 dividuntur,
1757 2240 1831 2307 et
1868 2229 2121 2329 ipsum
2165 2224 2675 2303 communiter
2733 2248 3008 2300 ornnes
3047 2210 3232 2299 boni
3293 2211 3607 2303 habent.
3656 2212 3877 2306 Unde
3967 2241 3972 2245 “

666 2369 1151 2469 Augustinus
1181 2370 1256 2444 iu
1282 2370 1477 2444 libro
1515 2368 1651 2443 XV
1700 2367 1793 2443 de
1832 2365 2201 2442 Trinilale
2232 2364 2379 2439 ait:
2428 2363 2575 2437 Per
2613 2360 2904 2436 donum
2937 2361 3143 2461 quod
3187 2369 3305 2437 est
3343 2362 3679 2461 Spiritus
3707 2388 3879 2440 san·

667 2520 863 2603 ctus,
913 2508 991 2583 in
1032 2528 1439 2582 commune
1471 2502 1830 2578 omnibus
1871 2499 2232 2575 membris
2271 2495 2554 2572 Christi
2593 2496 2833 2570 multa
2863 2495 3096 2590 dona,
3133 2518 3312 2594 quae
3344 2506 3530 2571 sunt
3553 2499 3866 2596 quibus·

665 2671 816 2746 que
842 2644 1175 2746 propria,
1219 2640 1692 2717 dividuntur.
1730 2635 1897 2713 Non
1939 2635 2144 2712 enim
2185 2632 2467 2732 singuli
2502 2631 2790 2731 quique
2818 2622 3417 2728 habentomnia,
3445 2629 3861 2731 sedhiilla,

671 2782 798 2859 alii
834 2781 1027 2857 alia:
1066 2776 1421 2878 quamvis
1465 2776 1713 2875 ipsum
1755 2773 2042 2848 donum
2085 2797 2128 2845 a
2162 2794 2313 2869 quo
2345 2769 2625 2866 cuique
2676 2766 2988 2866 propria
3062 2766 3545 2863 dividuntur,
3599 2794 3870 2847 omnes

668 2918 1029 3009 habeant,
1077 2914 1145 2988 id
1178 2924 1325 3006 est,
1362 2910 1729 3010 Spiritum
1772 2920 2118 2984 sanctum
2155 2908 2200 2978 ¹.
2267 2908 2457 2980 Ecce
2520 2911 2780 3001 aperte
2848 2901 3034 2976 dicit
3099 2924 3237 3000 per
3311 2902 3601 2978 donum
3666 2904 3868 2981 dona

665 3052 829 3129 dari
873 3045 919 3125 ².

1151 3623 1387 3667 titvtsto
1434 3620 1700 3665 ‘rt-:xus

762 3943 794 3982 ι
823 3918 954 3985 llic
983 3918 1338 4007 quaeritur,
1378 3918 1544 3982 Cum
1576 3914 1881 4004 Spiritus
1898 3921 2194 3987 sanctus,

666 4035 793 4093 etc.
843 4049 876 4088 ι

753 4129 1038 4198 Peracto
1099 4138 1377 4197 tractatu
1447 4129 1528 4195 de
1603 4126 1850 4218 duplici
1928 4147 2202 4216 proces-

664 4238 856 4304 sione
891 4235 1183 4325 Spiritus
1222 4236 1460 4315 sancti,
1511 4236 1647 4323 agit
1723 4225 2040 4317 §lagistcr
2092 4227 2201 4297 hic

662 4345 744 4413 de
778 4341 1101 4409 relatione·
1132 4343 1621 4410 determinante
1686 4341 2012 4431 Spiritum
2052 4361 2200 4404 san·

659 4463 845 4521 ctum
877 4453 1251 4520 secundum
1287 4455 1615 4520 rationem
1646 4474 1781 4517 suae
1823 4449 2195 4539 processio-

661 4562 790 4628 nis.
829 4559 1019 4627 Sicut
1059 4562 1238 4626 enim
1281 4561 1516 4627 liliatio
1583 4582 1666 4626 ex
1736 4558 1991 4625 ratione
2050 4578 2199 4644 pro·

658 4668 1010 4744 cessionis),
1045 4689 1196 4756 quae
1238 4679 1338 4734 est
1367 4667 1738 4756 generatio,
1796 4663 2193 4730 determinat

662 4776 952 4844 Filium:
1000 4777 1089 4842 ita
1119 4776 1373 4842 donum
1408 4799 1549 4841 esse
1590 4797 1669 4840 ex
1724 4775 1978 4839 ratione
2033 4794 2194 4862 pro-

658 4884 987 4953 cessionis
1021 4905 1166 4971 qua·
1196 4895 1288 4950 est
1324 4884 1600 4973 spiratio
1633 4882 1908 4959 strumis,
1967 4877 2195 4945 deter-

660 4993 874 5059 minat
909 4990 1236 5080 Spiritum
1280 5000 1621 5057 sanctum:
1656 4999 1719 5055 et
1770 4987 1849 5053 de
1898 4985 2023 5052 lioc
2056 4989 2192 5076 agit

2082 5205 2189 5271 liae

2082 5335 2143 5379 es
2168 5333 2183 5378 ε

2082 5605 2182 5661 ap.

2311 3384 2380 3449 in
2427 3398 2716 3472 quarum
2775 3382 2996 3471 prima
3060 3378 3468 3449 determinat
3543 3368 3863 3471 Magister

2309 3491 2640 3559 rationem
2673 3486 2860 3572 doni,
2894 3485 3023 3556 hoc
3058 3494 3185 3566 est,
3229 3487 3524 3580 qualiter
3553 3486 3682 3557 hoc
3728 3499 3861 3555 no-

2309 3622 2464 3667 men
2533 3598 2851 3665 convenit
2910 3596 3196 3689 Spiritui
3274 3604 3537 3667 sanctO.
3609 3593 3686 3664 In
3761 3619 3860 3666 se·

2307 3705 2551 3789 cunda,
2621 3706 2835 3795 tangit
2913 3704 3412 3795 probationem,
3489 3703 3674 3797 quod
3730 3702 3856 3773 hoc

2310 3835 2559 3882 nomen
2633 3810 2836 3880 habet
2886 3835 2971 3880 ex
3039 3812 3300 3880 ratione
3374 3813 3856 3904 processionis,

2308 3918 2427 4000 ibi,
2501 3919 2582 3996 G,
2651 3944 2684 3983 α
2754 3910 2849 3986 ΕΙ
2911 3910 3326 4003 lietardum,
3413 3915 3606 4012 quod
3679 3919 3858 3987 sicu!

2311 4027 2535 4094 Fe‘Iius
2573 4025 2906 4093 nosce-mlo
2936 4026 3218 4117 accepit,
3262 4034 3388 4094 etc.
3438 4053 3471 4092 ι
3518 4026 3594 4093 ln
3633 4027 3853 4108 tertia,

2309 4131 2650 4201 concludit
2707 4156 2791 4200 ex
2849 4133 3114 4201 ratione
3156 4135 3483 4213 nominiS.
3523 4133 3707 4225 quod
3739 4157 3857 4224 per

2309 4241 2435 4309 lioc
2465 4264 2712 4308 nomen
2754 4238 3014 4308 donum
3048 4241 3334 4308 retertur
3362 4226 3448 4309 ad
3482 4225 3750 4309 l‘atrem
3789 4251 3852 4310 et

2309 4348 2391 4414 ad
2428 4348 2714 4415 Filium:
2758 4346 2876 4415 sed
2918 4370 3038 4437 per
3095 4346 3226 4415 lioc
3283 4370 3536 4416 nomen
3595 4350 3853 4428 datum,

2307 4479 2442 4522 non
2512 4463 2772 4521 tantum
2843 4462 3282 4545 comparatur
3339 4454 3421 4522 ad
3490 4455 3760 4524 Patrem
3791 4466 3853 4524 et

2309 4561 2549 4627 Filium
2582 4559 2843 4638 dantes,
2878 4559 2996 4628 sed
3034 4560 3239 4628 etiam
3274 4561 3355 4629 ad
3401 4585 3525 4629 nos
3574 4564 3688 4654 qui
3746 4585 3854 4631 ac·

2304 4669 2630 4756 cepimus,
2666 4674 2730 4732 et
2760 4675 2986 4733 noster
3014 4674 3323 4746 vocatur,
3394 4666 3514 4752 ibi,
3558 4667 3633 4748 L,
3672 4694 3704 4733 ι
3765 4671 3856 4737 Et

2301 4772 2671 4841 secundum
2702 4772 2829 4838 leoc
2894 4772 3084 4863 quod
3134 4776 3546 4866 sempilerne
3600 4777 3853 4845 domem

2302 4890 2420 4958 est,
2448 4884 2745 4970 refer-Im·
2763 4879 2859 4946 ad
2878 4881 3160 4947 Patrem
3213 4890 3276 4946 e!
3316 4881 3611 4960 Filimn,
3646 4893 3768 4951 etc.
3818 4914 3847 4944 υ

2391 4988 2465 5055 lu
2510 4988 2721 5078 prima
2756 4997 2946 5078 parte
3014 4986 3257 5055 harum
3328 4991 3623 5078 partium
3701 5003 3854 5061 suut

2299 5098 2453 5177 tria,
2514 5096 2580 5161 in
2621 5117 2916 5185 quorum
2947 5097 3173 5185 primo
3215 5097 3567 5185 quaeritur,
3612 5096 3853 5167 Utrum

2297 5226 2418 5295 per
2493 5202 2748 5271 donum
2816 5201 3061 5270 dentur
3089 5201 3270 5269 dona
3308 5205 3344 5271 ¹?
3392 5203 3469 5271 ln
3528 5206 3852 5287 secund0.

2296 5333 2503 5402 quare
2535 5309 2800 5377 dicatur
2828 5310 3085 5376 donum
3166 5317 3233 5376 et
3301 5309 3565 5394 datum,
3610 5313 3725 5390 ibi,
3772 5314 3851 5394 Β,

2361 5595 2384 5631 ²
2413 5595 2563 5651 Edit.
2592 5596 2762 5651 toan.
2795 5592 3126 5662 Alleaume‚
3157 5592 3379 5651 donari.
