4897 6388
749 307 874 374 178

1183 890 1681 961 ARTICULUS
1733 849 1849 956 111.

744 1115 855 1181 Art
895 1114 963 1178 in
1002 1111 1257 1178 divinis
1306 1110 1591 1177 essentia
1632 1108 1725 1173 sit
1759 1105 2140 1196 proececlens
2184 1127 2290 1194 qe·

743 1261 759 1270 ·
836 1224 1281 1302 nerationem,
1316 1229 1436 1286 aut
1492 1237 1917 1305 consequens,
1964 1222 2087 1281 aut
2125 1234 2291 1280 con-

740 1355 781 1365 ’·
824 1329 1167 1395 'comitans
1190 1323 1766 1420 per-intellectum
1802 1319 1842 1388 P

738 1696 750 1706 .
839 1644 1098 1713 Deinde
1137 1642 1579 1734 quaeritur'de
1636 1641 1767 1709 hoc
1825 1639 2010 1730 quod
2074 1638 2284 1706 dicit:

757 1782 790 1816 α
833 1754 1007 1822 Cum
1055 1755 1241 1820 Deus
1297 1754 1509 1819 Pater
1569 1750 1661 1816 sic
1698 1748 1935 1816 divina
1972 1746 2286 1826 essentia,

751 1868 872 1929 etc.
919 1885 953 1927 ι

842 1971 900 2034 1.
946 1967 1256 2035 Essentia
1322 1966 1391 2032 in
1430 1937 1677 2031 divinis
1730 1973 1847 2030 aut
1892 1970 1996 2030 est
2031 1982 2292 2052 praece-

1731 297 1812 363 1).
1869 245 2075 362 ALB}
2118 267 2337 362 MAG.
2393 293 2599 364 ono.
2656 249 2955 363 PRAEnss

2400 489 2552 547 nus,
2615 467 2800 557 quod
2837 460 3090 554 Filius
3134 473 3259 546 est,
3321 464 3480 555 quia
3545 469 3650 530 est
3689 472 3887 530 natus
3930 484 3945 526 ε
4035 462 4046 469 ’

2396 597 2560 665 ergo
2588 567 2905 641 nativitas
2943 582 3045 641 est
3075 595 3281 640 causa
3320 561 3529 662 quare
3593 571 3678 637 sit
3743 568 3954 635 Filius

2398 683 2631 773 aliquo
2663 683 2898 750 mode.

2488 792 2552 857 4.
2627 791 2821 870 Item,
2882 791 3257 878 Acceptum
3312 797 3381 855 et
3420 809 3559 854 non
3601 793 3952 875 acceptum

2397 893 2536 962 non
2568 904 2727 961 sunt
2769 895 2990 963 idem:
3027 893 3146 961 sed
3176 895 3472 960 essentia
3511 895 3582 959 in
3630 892 3798 958 Filio
3856 899 3954 957 est

2396 1014 2696 1094 accepta,
2769 1003 3106 1072 ianatre
3167 1011 3398 1071 autem
3466 1025 3606 1070 non
3636 1010 3944 1091 accepta:

2364 1117 2561 1203 'ergo
2605 1111 2894 1189 videtur,
2941 1111 3125 1202 quod
3166 1112 3234 1177 in
3278 1111 3476 1178 Patre
3515 1118 3582 1177 et
3619 1109 3788 1176 Filio
3813 1131 3950 1176 non

2396 1224 2484 1291 sit
2523 1222 2761 1291 eadem
2792 1221 3105 1289 essentia.

2489 1430 2797 1500 Sozoa-to.
2834 1430 3242 1510 Dicendum,
3277 1429 3462 1521 quod
3491 1430 3780 1499 essentia
3811 1451 3949 1497 non
4032 1457 4227 1506 ςοιαιεο.

2394 1535 2602 1605 habet
2630 1561 2703 1607 se
2732 1536 2819 1605 ad
2856 1538 3370 1628 generationem
3412 1545 3487 1604 ut
3533 1534 3945 1626 praecedens,

2396 1668 2521 1714 nec
2550 1653 2622 1711 ut
2673 1645 3170 1725 concomitanS,
3231 1666 3356 1713 nec
3387 1651 3463 1711 ut
3499 1664 3945 1733 consequens,

2393 1750 2515 1819 sed
2543 1759 2619 1818 ut
2648 1751 2831 1820 idem
2869 1752 3223 1842 generanti
3252 1759 3319 1820 et
3356 1751 3612 1842 genito.

2432 1873 2435 1876 ’
2483 1864 2590 1931 An
2628 1885 2955 1931 omae-run
2985 1870 3217 1930 autem
3247 1860 3635 1945 dicendum,
3671 1859 3853 1951 quod
3883 1858 3950 1926 id
4002 1890 4078 1936 Aa
4110 1891 4292 1942 1022,-

2396 1971 2583 2062 quod
2613 1995 2734 2063 per
2761 1972 3274 2063 generationem
3307 1970 3658 2061 accipitur,
3707 1979 3781 2037 ut
3825 1990 3950 2037 cu-

747 2074 914 2153 dens
979 2074 1491 2166 generationem
1584 2070 1958 2140 seeundum
2030 2066 2292 2137 imelle·
2386 2084 2503 2172 jus
2534 2080 2962 2150 inductivum
2992 2081 3062 2148 in
3122 2101 3270 2147 esse
3310 2081 3398 2147 sit
3429 2086 3620 2147 actus
3664 2100 3952 2168 genera-

748 2192 959 2263 ctum,
1003 2192 1120 2261 aut
1149 2203 1597 2272 consequenS,
1649 2189 1766 2247 aut
1793 2177 2289 2260 concomitans,

743 2299 816 2371 et
849 2291 978 2361 hoc
1007 2291 1157 2359 dico
1188 2289 1559 2358 secundum
1592 2286 1772 2378 quod
1812 2294 1915 2355 est
1959 2286 2030 2353 in
2061 2285 2231 2352 Filio
2261 2281 2296 2350 ’ἲ

748 2399 908 2468 Non
934 2398 1344 2491 praecedens
1417 2397 1776 2465 ΡιιοΒΑτιο.
1828 2392 2033 2481 ⁴Nihil
2097 2414 2294 2461 acce·

753 2516 944 2600 ptum
994 2529 1116 2597 per
1152 2504 1338 2574 aliud
1374 2512 1477 2573 est
1521 2502 1906 2592 praecedens
1954 2499 2123 2568 iilud
2177 2521 2297 2591 per

746 2616 934 2708 quod
989 2616 1317 2706 accipitur
1379 2610 1753 2681 secundum
1818 2606 2288 2678 intellectum:

753 2725 1043 2792 essentia
1071 2721 1303 2790 divina
1349 2743 1390 2787 a
1444 2719 1614 2787 Filio
1667 2724 1939 2808 accepta
2002 2723 2106 2784 est
2177 2737 2298 2806 pcr

742 2835 1263 2926 generationem
1298 2855 1313 2900 :
1348 2853 1510 2922 ergo
1552 2851 1689 2897 non
1735 2825 2055 2919 praecedit
2094 2847 2299 2917 gene·

743 2941 1090 3017 sationem
1130 2936 1505 3008 secundum
1545 2934 1986 3003 intellectum.
2067 2931 2297 2998 Prima

748 3054 943 3138 ,patet
1014 3069 1136 3138 per
1207 3068 1303 3114 sc.
1372 3041 1688 3112 Secunda
1740 3040 2057 3109 scribitur
2096 3037 2295 3116 infra,

756 3156 1148 3227 ubidicitur
1187 3154 1372 3247 quod
1427 3152 1595 3222 nihil
1652 3150 1857 3221 habet
1901 3148 2112 3218 Filius
2170 3143 2297 3216 nisi

754 3266 943 3359 quod
972 3288 1091 3358 per
1118 3265 1632 3357 generationem
1672 3260 1938 3350 accipit.

843 3379 909 3445 2.
945 3374 1203 3443 Eodem
1242 3372 1448 3441 modo
1481 3379 1687 3462 patet,
1718 3369 1902 3460 quod
1942 3388 2083 3435 non
2132 3388 2302 3434 con-

755 3484 1115 3559 comitans,
1141 3481 1212 3550 id
1241 3488 1365 3563 est,
1412 3500 1820 3548 concurrens
1848 3473 2298 3567 generationi,

756 3593 899 3660 sive
928 3588 1132 3659 simul
1163 3611 1463 3660 currens,
1495 3589 1668 3654 sicut
1715 3583 1957 3652 dicitur
1988 3582 2304 3650 voluntas

759 3698 1228 3769 concomitans
1275 3697 1462 3787 operi
1506 3717 1656 3786 qum
1703 3695 1894 3783 operi
1935 3692 2300 3769 concurrit,

754 3809 927 3878 sicut
966 3806 1253 3875 habetur
1288 3827 1411 3895 per
1454 3802 1957 3870 distinctionem
2008 3820 2308 3889 sequen-

759 3925 896 3984 tem
934 3913 1311 3982 secundum
1353 3907 1764 3978 intellectum
1798 3904 2304 3998 generationem

761 4024 976 4114 ipsam
1012 4041 1216 4111 :ergo
1247 4017 1536 4093 videtur,
1572 4014 1753 4106 quod
1808 4014 1952 4103 ipsa
2001 4012 2087 4080 sit
2137 4032 2310 4080 con-

759 4153 1049 4223 sequens
1085 4150 1103 4199 ε
1145 4130 1262 4197 sed
1312 4128 1394 4196 de
1442 4126 1630 4194 omni
1678 4130 2135 4214 consequente
2186 4143 2322 4210 ge—

763 4241 1181 4307 nerationem
1215 4259 1494 4328 possum
1545 4234 1791 4316 dicere,
1827 4229 2008 4322 quod
2070 4252 2189 4320 per
2235 4226 2308 4297 s'e

760 4346 865 4415 vel
897 4370 980 4414 ex
1019 4345 1465 4436 consequenti
1504 4351 1867 4434 generatur
1899 4362 1915 4406 :
1970 4361 2135 4429 ergo
2197 4361 2307 4405 es-

760 4456 972 4523 sentia
1022 4453 1254 4520 divina
1309 4452 1417 4519 vel
1465 4473 1584 4541 per
1621 4473 1692 4518 se
1749 4447 1851 4516 vel
1922 4468 2006 4515 ex
2061 4467 2310 4513 consc-

761 4564 991 4654 quenti
1024 4570 1410 4651 generatur,
1461 4557 1642 4650 quod
1683 4557 1923 4624 falsum
1955 4562 2081 4623 est.

851 4673 912 4739 3.
949 4668 1284 4746 Item„ln
1346 4664 1771 4734 inferioribus
1839 4662 2067 4741 vide0,
2123 4658 2308 4751 quod

767 4779 876 4848 hic
900 4786 1176 4871 generat
1216 4776 1420 4846 hunc,
1472 4785 1538 4843 et
1581 4796 1665 4841 ex
1706 4771 2147 4861 consequenti
2200 4766 2311 4835 hic

764 4895 1041 4978 generat
1098 4884 1473 4962 hominem,
1536 4891 1602 4950 et
1659 4904 1779 4972 per
1851 4877 2162 4948 accidens
2202 4874 2311 4944 hic

763 5002 1038 5083 generat
1070 4990 1287 5058 filium
1324 5013 1337 5055 :
1376 4987 1705 5078 numquid
1746 4986 1839 5053 sic
1892 5006 2170 5077 possum
2204 4982 2312 5049 di-

764 5122 915 5169 cere
964 5100 1032 5167 in
1064 5098 1296 5167 divina
1339 5096 1802 5189 generatione,
1836 5092 2019 5185 quod
2051 5090 2161 5160 hic
2188 5113 2313 5182 ge-

770 5219 961 5278 nerat
998 5207 1206 5292 hunc,
1249 5216 1315 5276 et
1362 5229 1482 5297 per
1518 5225 1939 5294 consequens
1984 5201 2209 5269 Deum
2246 5207 2313 5268 et

771 5341 892 5409 per
918 5317 1228 5386 accidens
1259 5316 1499 5383 Filium
1537 5318 1573 5383 ‘t'
1610 5312 1918 5391 Videtur,
1962 5310 2147 5402 quod
2175 5310 2306 5377 sic:

768 5428 927 5518 quia
983 5426 1275 5494 essentia
1322 5445 1745 5515 consequens
1784 5428 1884 5489 est
1923 5418 2315 5510 generatio-

771 5557 954 5615 nem,
986 5543 1063 5603 ut
1097 5533 1462 5626 probatum
1510 5540 1611 5602 est
1648 5557 1663 5600 :
1708 5551 1869 5622 ergo
1917 5549 2038 5619 per
2064 5550 2313 5597 conse-

771 5664 985 5733 quens
1023 5651 1407 5733 generatur.
1443 5638 1772 5708 Similiter
1799 5637 1958 5705 dicit
1979 5636 2314 5728 Augusti-

2396 2188 2605 2258 tionis
2643 2186 2752 2256 vel
2782 2208 2905 2278 per
2930 2209 3004 2255 se
3040 2185 3149 2255 vel
3181 2208 3301 2276 per
3364 2208 3789 2276 consequens
3844 2184 3950 2252 vel

2397 2319 2520 2389 per
2548 2295 2888 2376 accidens,
2920 2293 3091 2362 illud
3142 2317 3215 2363 se
3255 2292 3460 2362 habet
3524 2291 3609 2361 ad
3665 2315 3953 2384 gonera-

2397 2407 2657 2474 tionem
2700 2411 2775 2472 ut
2846 2424 3316 2493 consequens:
3386 2404 3483 2469 sic
3548 2409 3775 2469 autem
3816 2423 3954 2468 non
4077 2439 4080 2442 -

2376 2520 2504 2602 ‚est
2541 2511 2835 2581 essentia
2859 2511 2930 2577 in
2960 2508 3162 2578 Filio.

2489 2621 2595 2687 An
2626 2643 2691 2687 m
2729 2626 2960 2686 autem
3000 2617 3188 2709 quod
3236 2616 3580 2706 objicitur,
3614 2615 3796 2706 quod
3847 2617 3954 2682 ni-

2401 2727 2498 2797 hil
2540 2727 2741 2796 habet
2774 2726 2987 2795 Filius
3016 2727 3145 2794 nisi
3187 2724 3372 2816 quod
3411 2747 3530 2815 per
3565 2725 3955 2817 generatio-

2405 2859 2562 2906 nem
2595 2836 2877 2925 accepit.
2913 2833 3320 2915 Dicendum,
3354 2832 3540 2924 quod
3559 2831 3691 2901 hoc
3719 2855 3956 2899 verum

2404 2954 2530 3025 est,
2564 2945 2685 3013 sed
2714 2952 2944 3012 tamen
2974 2965 3115 3012 non
3143 2942 3402 3032 accepit
3430 2949 3506 3010 ut
3534 2963 3958 3031 consequens

2405 3059 2634 3119 actum
2674 3048 3159 3141 generationis,
3192 3046 3313 3116 sed
3367 3047 3595 3138 potius
3646 3056 3718 3114 ut
3779 3045 3955 3114 idem

2402 3164 2509 3226 est
2538 3154 2918 3248 generanti,
2953 3156 3073 3247 qui
3105 3161 3336 3223 tamen
3376 3160 3480 3222 est
3511 3151 3597 3221 ab
3659 3152 3827 3243 ipso.
3878 3150 3960 3221 Εἰ

2408 3288 2531 3358 per
2567 3263 2698 3333 hoc
2728 3271 2911 3355 patet
2941 3262 3197 3331 solutio
3237 3261 3320 3330 ad
3373 3260 3768 3330 secundum.

2405 3386 2415 3396 '
2500 3373 2605 3441 An
2632 3394 2832 3441 Λιιυυ
2897 3369 3292 3449 dicendum,
3379 3368 3565 3461 quod
3621 3366 3751 3437 hoc
3824 3390 3959 3435 non
4066 3394 4137 3440 Aa
4160 3394 4202 3441 ι.

2398 3489 2637 3573 potest
2673 3480 2804 3549 dici
2838 3481 2909 3547 in
2946 3480 3388 3571 generatione
3425 3477 3698 3545 divina:
3741 3498 3967 3544 essen·

2413 3591 2506 3659 tia
2553 3590 2737 3658 enim
2780 3611 2920 3656 non
2956 3609 3388 3679 consequens
3443 3587 3779 3679 genitum,
3848 3584 3964 3651 sed

2411 3697 2542 3766 sibi
2574 3696 2752 3765 idem
2788 3718 2804 3763 ε
2842 3717 2966 3764 nec
3004 3703 3231 3763 tamen
3253 3702 3620 3785 generatur
3650 3701 3717 3760 ut
3760 3691 3961 3767 idem,

2413 3826 2540 3871 nec
2594 3810 2961 3893 generatur
3025 3802 3094 3868 in
3134 3820 3260 3868 eo:
3319 3808 3388 3868 et
3442 3796 3574 3867 hoc
3629 3798 3779 3867 ideo
3810 3798 3968 3888 quia

2412 3922 2517 3982 est
2549 3912 2730 3980 idem
2770 3911 2880 3980 cui
2912 3909 3099 3978 aliud
3169 3909 3495 3977 convenit
3569 3907 3968 3977 attributum

2412 4028 2692 4111 propter
2757 4017 3039 4087 modum
3107 4014 3534 4107 significandi
3597 4014 3807 4082 alium
3857 4012 3968 4103 qui

2414 4136 2518 4196 est
2573 4128 2642 4194 in
2683 4148 2754 4194 re
2820 4125 3130 4193 essentia:
3198 4131 3265 4192 et
3329 4145 3686 4214 personae:
3729 4143 3974 4190 conve·

2373 4229 2519 4300 'nit
2548 4215 3312 4299 enim'essentiae'nullo
3367 4227 3571 4296 modo
3621 4225 3966 4317 generari:

2419 4363 2727 4430 personae
2769 4346 3001 4406 autem
3049 4336 3373 4404 convenit
3446 4357 3795 4425 generare,
3864 4329 3971 4399 vel

2416 4445 2756 4537 generari,
2827 4444 2936 4510 vel
3010 4440 3401 4533 procedere.
3482 4439 3565 4508 Et
3666 4439 3978 4506 similiter

2419 4556 2626 4623 etiam
2667 4575 2807 4619 non
2884 4563 2987 4621 est
3045 4549 3433 4628 dicendum,
3514 4549 3699 4640 quod
3766 4547 3975 4614 Filius

2420 4670 2781 4753 generetur
2811 4683 2931 4751 per
2986 4658 3300 4728 accidens
3336 4682 3352 4727 :
3387 4659 3548 4749 quia
3605 4656 3813 4724 Filius
3860 4678 3979 4724 ea-

2420 4770 2575 4840 dem
2608 4769 3024 4861 proprietate
3054 4766 3166 4836 hic
3203 4776 3329 4846 est,
3367 4789 3502 4857 qua
3575 4765 3783 4833 Filius
3847 4774 3973 4843 est,

2420 4877 2577 4946 licet
2619 4876 2756 4944 alio
2815 4874 3024 4944 modo
3089 4873 3564 4943 considerata:
3607 4874 3768 4964 quia
3834 4872 3976 4962 ipse

2421 4985 2836 5078 proprietate
2878 4983 2992 5051 illa
3041 4985 3109 5051 in
3175 5006 3259 5051 eo
3327 4981 3509 5073 quod
3577 4982 3974 5073 proprietas,

2424 5105 2527 5166 est
2557 5096 2667 5164 liic
2701 5094 2812 5163 vel
2843 5095 3123 5186 aliquis:
3168 5095 3237 5161 in
3269 5092 3384 5161 illa
3422 5100 3652 5161 autem
3683 5093 3982 5184 proprie-

2424 5212 2563 5274 tate
2604 5226 2739 5294 qua
2768 5202 2853 5271 ad
2891 5202 3182 5270 alterum
3213 5209 3340 5283 est,
3384 5199 3623 5270 eadem
3672 5201 3983 5292 proprie-

2425 5323 2563 5383 tate
2621 5320 2724 5381 est
2783 5310 3038 5379 Filius:
3110 5319 3180 5379 et
3218 5309 3369 5377 ideo
3428 5331 3569 5377 non
3599 5331 3720 5400 per
3756 5319 3830 5377 se
3865 5330 3986 5399 per

2424 5419 2940 5515 generationem
2988 5425 3092 5485 est
3116 5415 3252 5496 hic,
3295 5415 3403 5485 vel
3442 5415 3714 5509 aliquis,
3759 5425 3823 5484 et
3861 5437 3981 5506 per

2428 5528 2740 5599 accidens
2771 5524 3027 5594 Filius:
3073 5522 3196 5594 sed
3244 5523 3453 5611 idem,
3506 5531 3574 5592 et
3618 5522 3704 5592 ab
3745 5521 3982 5593 eadem

2432 5634 2847 5729 proprietate
2895 5631 3355 5702 diversimode
3420 5630 3868 5715 considerata,
3909 5638 3985 5699 ut
