4897 6388
651 283 738 393 ,64
1659 311 1740 379 o.
1788 312 1987 379 ALB.
2040 312 2256 379 MAG.
2312 310 2516 378 ono.
2571 313 2894 380 PRAED..
3003 361 3008 365 .

634 504 1160 580 ,personarum
1190 483 1527 574 ostendit
1560 507 1576 557 :
1615 483 1875 557 dicens
1913 506 2125 578 vero,
2162 484 2608 582 imaqz'nem,
2675 484 3049 570 unitatem
3089 484 3478 561 essentiae.
3527 482 3628 559 Ut
3656 460 3892 560 enim·

652 613 840 694 dicit
869 618 1353 715 Augustinus
1385 604 1460 688 in
1507 615 1699 690 libro
1733 615 1824 692 de
1855 616 2053 694 Fide
2093 617 2201 693 od
2224 618 2546 693 Petrum
2583 643 2598 693 ε
2659 618 2737 693 Si
2781 614 2859 692 in
2917 619 3051 692 illa
3116 630 3395 695 natura
3443 620 3720 713 Patris,
3792 627 3866 694 et

655 752 861 837 Filii,
890 765 966 829 et
996 752 1329 850 Spiritus
1360 749 1632 843 sancti,
1670 775 1821 827 una
1854 762 2054 828 esset
2084 749 2372 827 tantum
2410 778 2764 851 persona,
2802 778 2956 828 non
2994 753 3408 854 diceretur,
3442 756 3861 830 Faciamus

546 979 565 986 „
650 888 1045 964 hominem
1087 887 1191 961 ad
1238 886 1655 984 imayz'nem
1696 895 1768 962 et
1827 888 2414 963 similitudinem
2467 896 2830 963 nostram.
2901 891 3092 964 Cum
3155 889 3362 965 enim
3436 891 3644 984 dicit,
3727 889 3862 965 Ad

649 1023 1097 1120 imayivzem,
1158 1020 1491 1096 ostendit
1533 1044 1763 1096 unam
1809 1033 2157 1097 naturam
2202 1047 2394 1116 esse,
2432 1024 2526 1096 ad
2581 1024 2802 1121 cujus
2834 1023 3255 1121 imaginem
3300 1028 3532 1100 homo
3577 1024 3793 1100 tieret
3843 1048 3859 1100 :

650 1183 829 1235 cum
856 1182 1039 1234 vero
1082 1158 1285 1245 dicit,
1336 1164 1702 1250 nostram,
1766 1159 2094 1234 ostendit
2158 1159 2515 1235 eumdem
2564 1160 2812 1236 Deum
2861 1183 3013 1236 non
3092 1185 3357 1255 unam,
3415 1160 3548 1237 sed
3600 1163 3871 1259 plures

602 1316 619 1321 “
648 1316 824 1371 6838
851 1316 1250 1391 personas
1284 1312 1330 1365 ¹.

1155 1778 1393 1824 mvlsto
1430 1777 1693 1824 TEXTUS.

737 1970 991 2037 Dmxoss
1048 1966 1539 2035 transeundum
1598 1975 1700 2033 est
1751 1964 1835 2032 ad
1886 1976 2194 2055 quartam

642 2089 908 2170 partem
965 2078 1161 2145 istius
1227 2078 1436 2165 partis
1493 2096 1646 2165 quoe
1702 2071 1793 2140 ibi
1870 2075 2103 2164 incipit
2170 2095 2189 2141 ε

645 2216 678 2249 «
713 2189 1200 2277 Proponamus
1238 2184 1460 2273 iqe‘tur
1498 2183 1569 2249 in
1619 2181 1944 2262 medium,
1987 2190 2113 2249 etc.
2155 2210 2187 2243 ι»

731 2291 818 2360 Et
843 2291 1256 2358 dividiturin
1287 2288 1458 2356 duas
1492 2310 1507 2356 ε
1542 2288 1612 2355 in
1651 2310 1935 2378 quarum
1973 2289 2192 2378 prima

644 2398 844 2467 docet
905 2398 1140 2466 venire
1198 2398 1268 2462 in
1318 2395 1776 2487 cognitionem
1849 2394 2191 2461 Trinitatis

642 2516 714 2578 et
785 2507 1067 2575 unitatis
1137 2527 1258 2597 per
1320 2500 1754 2573 auctoritates
1834 2503 2193 2571 canonicas

642 2616 908 2686 Bibliae.
980 2615 1059 2682 ln
1096 2613 1392 2683 secunda
1449 2624 1677 2683 autem
1739 2636 1859 2705 per
1904 2614 2198 2681 rationes

641 2745 984 2816 congruas
1040 2731 1107 2790 et
1170 2719 1651 2789 similitudines
1721 2718 1915 2788 docet
1990 2720 2193 2802 idem,

639 2831 765 2913 ibi,
811 2859 847 2894 α
888 2829 1264 2922 Apostolus
1319 2850 1617 2920 nomque
1681 2829 1803 2907 ait,
1847 2836 1976 2897 etc.
2028 2856 2063 2891 n
2114 2826 2196 2895 lit

640 2938 737 3007 ibi
769 2939 1006 3030 incipit
1043 2938 1239 3006 tertia
1271 2935 1639 3007 distincti0.

734 3044 976 3114 Prima
1005 3043 1465 3113 subdividitur
1501 3045 1569 3111 in
1626 3042 1794 3111 duas
1822 3041 2192 3112 secundum

640 3154 781 3225 duo
812 3163 1219 3224 testamenta
1247 3175 1328 3223 ex
1380 3153 1628 3245 quibus
1676 3151 2034 3222 trahuntur
2069 3174 2197 3220 au·

639 3261 1012 3333 ctoritates.
1083 3261 1159 3330 ln
1224 3262 1443 3352 prima
1503 3262 1684 3329 enim
1731 3262 1918 3352 ponit
1957 3270 2197 3329 aucto·

639 3371 875 3440 ritates
945 3361 1242 3439 Veteris.
1307 3369 1383 3436 ln
1461 3369 1756 3439 secunda
1820 3377 2046 3438 autem
2114 3367 2195 3436 de

637 3481 842 3553 Novo
886 3481 1347 3560 Testamento,
1400 3480 1521 3561 ibi,
1591 3480 1679 3557 Η.
1725 3505 1760 3546 ι
1791 3481 1991 3548 Nunc
2042 3501 2194 3548 vero

629 3600 792 3684 post
828 3591 1224 3661 testimonia
1279 3591 1546 3659 Veteris.
1575 3615 1608 3654 ιι

730 3698 811 3769 ln
840 3701 1063 3792 prima
1093 3698 1340 3769 harum
1397 3709 1555 3768 sunt
1612 3709 1747 3769 tres
1805 3710 2022 3792 patres
2062 3722 2082 3771 ε
2125 3703 2195 3770 in

635 3829 932 3900 quarum
988 3810 1206 3899 prima
1255 3806 1714 3899 principaliter
1758 3807 1998 3900 probat
2036 3810 2195 3878 uni-

628 3923 843 3984 tatem
883 3917 1195 3985 essentiae
1228 3917 1298 3983 in
1328 3938 1428 3996 se,
1489 3926 1556 3984 et
1600 3916 1668 3983 in
1732 3917 2063 4006 personis.
2117 3915 2194 3984 ln

630 4021 934 4091 secunda
972 4045 1139 4091 vero
1178 4021 1646 4114 principaliter
1688 4021 2193 4091 distinctionem

634 4152 1108 4221 personarum,
1178 4140 1246 4197 et
1314 4153 1435 4221 per
1506 4151 1931 4221 consequens
1987 4153 2192 4198 unam

633 4237 1000 4305 essentiam
1034 4257 1051 4304 ε
1088 4258 1238 4326 quae
1297 4236 1554 4326 incipit,
1624 4235 1742 4314 ibi,
1809 4234 1882 4315 F,
1922 4266 1954 4299 «
1996 4240 2197 4306 Nunc

636 4366 792 4411 vero
874 4343 973 4411 od
1036 4345 1472 4436 propositum
1542 4344 1920 4412 redeamus,
1994 4371 2027 4407 n
2119 4343 2193 4411 ln

637 4451 837 4520 tertia
881 4460 1068 4540 parte
1120 4452 1307 4540 ponit
1358 4450 1744 4540 specialiter
1809 4451 2195 4520 testimonia

640 4556 723 4625 de
759 4555 1017 4648 Spiritu
1076 4566 1337 4636 sancto,
1400 4557 1517 4637 ibi,
1571 4556 1653 4635 G,
1700 4585 1732 4624 ι
1776 4560 1879 4627 De
1924 4560 2193 4649 Spiritu

639 4673 878 4733 sancto
907 4667 1142 4748 etiam,
1176 4673 1304 4734 etc.
1353 4691 1385 4727 n

731 4769 809 4838 ln
847 4772 1069 4862 prima
1133 4771 1377 4840 harum
1445 4783 1602 4840 sunt
1649 4772 1779 4839 tria
1830 4770 2121 4862 capitula
2170 4791 2187 4842 2

637 4877 709 4943 in
758 4898 1050 4966 quorum
1085 4880 1305 4967 primo
1339 4876 1593 4944 inducit
1621 4885 1912 4967 quatuor
1960 4886 2197 4944 aucto-

637 4982 897 5065 ritates,
984 5006 1274 5074 quarum
1372 4993 1505 5051 tres
1570 4986 1827 5074 priores
1910 4985 2198 5076 probant.

636 5086 972 5154 unitatem
1047 5089 1354 5155 essentiae
1425 5089 1495 5154 in
1559 5111 1629 5155 se
1705 5089 2190 5158 consideratae:

638 5200 882 5284 quarta
942 5215 1106 5262 vero
1165 5194 1407 5286 probat
1464 5216 1614 5262 eam
1672 5217 1814 5263 esse
1871 5219 2077 5263 unam
2126 5196 2194 5261 in

639 5299 857 5368 tribus
888 5302 1222 5392 personiS,
1266 5314 1328 5370 et
1371 5302 1646 5371 adhibet
1702 5305 2192 5393 expositionem

713 5575 813 5632 ⁸S.
863 5576 1239 5645 Anccsrixus,
1292 5575 1413 5631 Lib.
1476 5575 1547 5631 de
1609 5574 1749 5632 Fide
1802 5574 1875 5631 ad
1931 5576 2192 5649 Petrum,

638 5679 773 5738 cap.
821 5669 878 5724 ¹.

2307 1662 2563 1741 qnartoe
2610 1654 2984 1722 secundum
3044 1656 3537 1746 Augustinum.
3616 1653 3687 1721 [n
3756 1676 3868 1721 se-

2175 1827 2181 1832 ,
2303 1759 2525 1826 cundo
2565 1770 2790 1828 autem
2832 1760 3135 1848 ejusdem
3183 1772 3441 1851 quartae
3481 1762 3676 1851 ponit
3740 1784 3868 1829 ex-

2303 1864 2758 1952 planationem
2797 1866 3139 1957 duplicem
3196 1867 3465 1946 Hilarii,
3503 1869 3618 1958 qui
3659 1868 3871 1936 subti-

2302 1971 2430 2039 lius
2471 1996 2619 2040 eam
2653 1975 2976 2051 intuetur,
3034 1975 3151 2055 ibi,
3200 1973 3276 2049 Ε,
3340 1975 3516 2042 circa
3568 1976 3862 2058 initium,

2305 2106 2337 2145 ι
2386 2082 2575 2159 Item,
2638 2080 2816 2148 idem
2875 2083 2947 2148 in
3013 2094 3265 2172 quarto
3346 2083 3547 2159 libro,
3619 2094 3743 2152 etc.
3824 2111 3853 2147 n

2303 2185 2377 2253 In
2409 2190 2606 2255 tertio
2635 2197 2860 2254 autem
2912 2189 3074 2256 dicit
3117 2192 3516 2258 summatim
3551 2191 3714 2282 quid
3752 2214 3865 2259 se-

2300 2293 2527 2381 quitur
2571 2315 2655 2359 ex
2702 2293 2896 2360 dictis
2944 2293 3212 2372 Hilarii,
3267 2295 3385 2374 ibi,
3444 2295 3521 2375 E,
3569 2300 3743 2365 circa
3793 2297 3867 2364 fi-

2301 2420 2484 2476 nem,
2521 2425 2553 2464 «
2587 2400 2666 2466 In
2695 2399 2803 2466 lu‘s
2831 2399 3052 2468 verbis
3081 2401 3430 2481 ΙΙίΙανίιιε,
3465 2412 3594 2473 eto.
3646 2432 3679 2466 »

2397 2603 2626 2671 Primo
2680 2614 2904 2673 autem
2965 2605 3200 2674 incidit
3267 2605 3553 2674 dubium
3612 2606 3696 2674 de
3737 2606 3866 2675 hoc

2306 2709 2489 2801 quod
2528 2710 2725 2777 dicit:
2764 2739 2797 2773 α
2845 2713 3005 2802 Ipsa
3062 2712 3237 2802 leqis
3279 2713 3594 2781 exordia.
3638 2741 3672 2776 >2
3729 2712 3872 2782 Lex

2306 2817 2485 2883 enim
2517 2817 2777 2885 orditur
2814 2818 2883 2885 in
2914 2818 3187 2888 Genesi.
3239 2819 3403 2889 naeo
3450 2829 3680 2890 autem
3738 2844 3867 2889 au-

2305 2929 2579 2994 ctoritas
2652 2929 2978 3019 accipitur
3060 2929 3144 2997 de
3221 2933 3443 3023 capite
3535 2932 3865 3002 vicesimo

2305 3033 2547 3115 Exodi,
2581 3043 2685 3114 n.
2720 3040 2759 3103 2
2792 3045 2856 3106 et
2896 3037 2962 3107 3.

2395 3260 2698 3330 Somno.
2727 3261 2863 3330 Lex
2893 3261 3005 3332 hic
3034 3263 3283 3333 dicitur
3320 3264 3689 3356 decalogus
3740 3285 3758 3335 ε
3802 3274 3869 3335 et

2305 3368 2395 3437 ibi
2436 3370 2667 3460 incipit
2695 3393 2947 3461 ponere
2988 3371 3311 3441 mandata
3351 3373 3683 3464 decalogi.

2744 3793 3252 3869 ARTICULUS
3284 3794 3412 3869 Χῖ.

2549 4014 2653 4080 An
2685 4013 2869 4079 Deus
2886 4013 2977 4080 sit
3007 4034 3252 4080 nomen
3284 4022 3553 4081 naturae
3572 4012 3611 4080 P

2394 4338 2647 4405 Deinde
2688 4339 3018 4427 quaeritur
3082 4336 3164 4402 de
3232 4335 3365 4404 hoc
3421 4336 3604 4427 quod
3654 4334 3860 4404 dicit:

2306 4469 2338 4507 α
2376 4448 2558 4512 Deus
2595 4466 2833 4510 nomen
2867 4453 2964 4509 est
2986 4452 3281 4518 naturae,
3319 4452 3445 4511 ete.
3499 4470 3531 4506 n

2398 4555 2454 4618 1.
2502 4550 2782 4617 Videtur
2820 4553 3003 4617 enim
3073 4548 3204 4617 lioc
3251 4572 3400 4618 esse
3443 4550 3687 4617 falsum
3746 4573 3864 4641 per

2307 4657 2823 4730 Damascenum,
2864 4655 2975 4722 ubi
3017 4657 3114 4722 sic.
3143 4656 3302 4724 dicit
3340 4675 3356 4724 ε
3408 4656 3588 4725 Deus
3619 4657 3863 4724 dieitur

2304 4763 2387 4831 ab
2450 4785 2529 4830 eo
2596 4763 2778 4852 quod
2831 4771 2934 4830 est
2999 4781 3134 4848 θεῖν,
3201 4763 3267 4828 id
3325 4771 3451 4838 est,
3484 4764 3769 4830 circuire
3799 4772 3866 4831 et

2302 4870 2527 4937 fovere
2589 4872 2900 4937 universa
2966 4892 2981 4937 t
3062 4868 3168 4935 vel
3231 4869 3316 4936 al»
3376 4870 3589 4951 ethin,
3637 4870 3700 4936 id
3767 4879 3865 4937 est

2303 4978 2542 5046 ardens
2578 5001 2592 5044 :
2630 4979 2806 5044 Deus
2836 4978 3015 5044 enim
3060 4977 3237 5066 ignis
3268 4999 3683 5045 consumens
3714 5001 3870 5046 om-

2303 5107 2456 5152 nem
2492 5084 2813 5151 malitiam
2859 5091 2957 5150 est
3001 5105 3016 5149 :
3079 5083 3188 5150 vel
3220 5106 3260 5149 a
3310 5081 3558 5162 0³5=⁰²2‚
3627 5084 3691 5151 id
3742 5093 3862 5159 est.

2303 5190 2788 5259 considerando
2830 5190 3064 5257 omnia
3121 5211 3137 5258 :
3193 5190 3380 5258 nulla
3447 5194 3629 5259 enim
3706 5214 3863 5259 eum

2305 5298 2508 5366 latent
2547 5322 2561 5365 ε
2607 5301 2742 5367 imo
2783 5300 3092 5366 omnium
3139 5311 3237 5367 est
3280 5300 3782 5391 contemplator
3811 5302 3858 5366 ².

2377 5581 2390 5612 ¹
2426 5575 2480 5631 S.
2513 5575 2757 5630 Joaxxes
2788 5572 3174 5636 muscast-s,
3212 5572 3335 5628 Lib.
3374 5570 3418 5640 1,
3448 5586 3576 5642 cap.
3620 5573 3703 5626 12.
