4897 6388
457 3042 655 3093 sonaim

716 362 854 427 *148

1021 847 1522 918 ARTICULUS
1574 849 1961 918 XXXVIII.

730 1068 973 1135 Utrum
1003 1083 1143 1127 una
1179 1058 1646 1151 potentiarum
1688 1062 2053 1128 necessario
2085 1082 2261 1149 proe-

808 1175 1150 1261 supponat
1162 1165 1296 1234 sibi
1333 1167 1575 1247 aliam,
1601 1183 1663 1236 et
1694 1192 1868 1236 unus
1895 1166 2257 1233 habituum

807 1284 1292 1369 pras-supponat
1345 1272 1479 1340 sibi
1516 1275 1760 1354 alium,
1822 1286 1882 1341 et
1932 1297 2107 1340 unus
2136 1297 2253 1340 ac·-

812 1396 1009 1453 tuum
1043 1385 1133 1450 sit
1162 1390 1319 1448 ante
1347 1380 1569 1447 alium
1595 1381 1634 1447 ?

807 1702 1057 1781 Tertio,
1092 1698 1415 1791 quaeritur
1469 1700 1551 1767 de
1602 1704 1835 1771 ordine
1892 1725 2092 1793 quem
2130 1723 2261 1791 po-

722 1812 825 1879 nit
874 1809 1298 1900 Augustinus
1356 1806 1491 1886 hic,
1551 1812 1735 1900 quod
1797 1834 1881 1879 ex
1928 1812 2259 1877 memoria

726 1916 1129 1997 intellectus,
1155 1923 1220 1982 et
1247 1936 1332 1981 ex
1360 1921 1649 2006 utroque
1686 1918 2000 1985 voluntas
2043 1939 2058 1983 :
2095 1923 2261 1984 etex

725 2035 950 2097 mente
974 2025 1239 2106 notitia,
1273 2031 1342 2091 et
1368 2044 1452 2090 ex
1481 2035 1767 2118 utroque
1799 2050 2016 2107 amor,
2049 2048 2262 2117 quan-

724 2146 867 2205 tum
898 2135 985 2203 ad
1021 2133 1231 2202 alium
1269 2131 1547 2201 modum
1579 2136 1916 2228 imaginis

810 2244 987 2313 IIuic
1041 2243 1223 2310 enim
1298 2240 1565 2310 videtur
1636 2267 1781 2314 esse
1845 2246 2258 2314 contrarium

726 2352 909 2445 quod
955 2351 1118 2421 dicit
1165 2349 1403 2419 Glossa
1457 2374 1659 2443 super
1705 2354 1908 2423 Eccli.
1977 2376 2166 2438 xvm,
2224 2354 2250 2419 1

726 2471 792 2533 et
820 2485 993 2554 seq..
1026 2460 1210 2553 quod
1239 2482 1323 2529 ex
1353 2459 1791 2554 intelligentia
1821 2463 2161 2541 voluntaS,
2196 2470 2263 2530 et

729 2595 808 2640 ex
841 2580 1131 2660 utroque
1163 2569 1534 2637 memoria:
1570 2591 1730 2662 ergo
1752 2572 2041 2653 videtur,
2076 2570 2259 2661 quod

727 2679 1057 2748 memoria
1085 2675 1599 2766 appropriabilis
1642 2681 1729 2747 sit
1776 2679 2054 2769 Spiritui
2101 2700 2263 2744 san-

727 2795 863 2866 cto,
895 2791 962 2853 et
991 2805 1129 2852 non
1170 2782 1378 2850 Patri.

823 2996 927 3064 An
954 3018 1082 3063 noc
1116 2994 1497 3063 eommunia
1532 3004 1632 3063 est
1647 2999 1950 3064 omnium
1984 3019 2266 3087 respon-

736 3104 862 3180 sio,
924 3100 1108 3193 quod
1178 3098 1419 3166 Glossa
1472 3123 1674 3190 super
1730 3102 2262 3171 Ecclesiasticum

737 3208 1088 3300 distinguit
1112 3207 1506 3276 Trinitatem
1565 3210 1877 3301 imaginis
1927 3212 2267 3301 potentia-

738 3340 917 3396 rum,
949 3324 1149 3409 prout
1170 3337 1242 3384 se
1272 3312 1523 3382 habent
1551 3316 1632 3384 ad
1649 3328 1835 3386 actus
1856 3319 2217 3409 acquisitos
2244 3342 2259 3385 :

738 3425 913 3518 quia,
933 3421 1310 3491 intellectus
1335 3421 1405 3487 in
1438 3419 1566 3488 illis
1614 3426 1829 3516 primo
1869 3428 2106 3516 accipit
2135 3448 2265 3494 no-

738 3534 979 3610 titiam,
1022 3539 1089 3597 et
1129 3551 1247 3620 per
1285 3530 1723 3598 intentionem
1766 3531 2129 3600 voluntatis
2162 3557 2272 3602 re-

742 3639 933 3732 ponit
961 3635 1144 3704 illam
1186 3637 1255 3702 in
1279 3638 1675 3705 memoriam
1710 3662 1726 3706 t
1770 3648 1835 3706 et
1874 3639 1939 3706 in
1973 3638 2103 3705 illis
2135 3663 2270 3707 non

743 3758 840 3815 est
872 3748 1097 3836 imago
1127 3743 1253 3811 nisi
1281 3743 1649 3812 secundum
1694 3747 1879 3837 quid,
1908 3770 2060 3815 cum
2102 3750 2274 3815 noti·

743 3856 834 3924 tia
862 3875 1000 3921 non
1039 3852 1126 3920 sit
1154 3850 1613 3919 substantialis
1650 3856 1884 3933 menti,
1925 3863 1988 3921 et
2022 3878 2123 3921 res
2152 3877 2272 3921 co-

739 3964 944 4055 gnitae
1003 3961 1389 4053 frequenter
1445 3960 1786 4033 inferiores
1851 3974 2006 4033 sunt
2065 3987 2269 4055 quam

737 4090 1177 4160 cognoscem.
1214 4066 1287 4133 ln
1328 4065 1501 4134 libro
1540 4081 1761 4139 aulem
1794 4072 1874 4139 de
1922 4073 2267 4150 Trinitate,

736 4178 977 4268 accipit
1006 4176 1131 4242 ista
1153 4172 1522 4241 secundum
1553 4180 1984 4268 capacitatem
2029 4180 2272 4246 mentis

735 4284 819 4350 ad
858 4283 1173 4373 seipsam,
1210 4278 1390 4347 etad
1436 4278 1645 4349 ileum
1680 4306 1694 4349 :
1741 4285 1895 4374 quia
1930 4283 2038 4350 illa
2079 4294 2271 4352 natu·

736 4388 964 4456 raliter
1016 4407 1138 4476 per
1182 4384 1545 4452 essentiam
1602 4412 1867 4479 semper
1920 4390 2270 4479 przrsentia

734 4502 888 4561 sunt
920 4492 1128 4560 menti
1162 4491 1232 4558 in
1270 4490 1498 4556 anima
1531 4512 1546 4559 z
1590 4501 1655 4560 et
1687 4496 1752 4561 in
1785 4494 1918 4562 illis
1947 4506 2048 4562 est
2086 4498 2271 4585 prius

733 4599 983 4669 habere
1046 4597 1359 4666 notitiam
1419 4599 1599 4686 quod
1654 4611 1751 4669 est
1801 4603 2172 4680 memoriae,
2206 4612 2273 4671 et

734 4716 968 4800 postea
997 4727 1069 4774 se
1097 4704 1326 4772 videre
1367 4703 1437 4769 in
1486 4704 1594 4774 illa
1635 4708 1819 4798 quod
1866 4717 1964 4776 est
2018 4708 2274 4776 intelle-

733 4826 905 4893 ctus,
937 4823 1002 4883 et
1024 4822 1254 4905 postea
1285 4835 1512 4879 amare
1534 4816 1712 4905 quod
1751 4825 1850 4884 est
1878 4816 2269 4887 voluntatiS.

827 4922 900 4989 Si
946 4944 1165 4989 Αυτωι
1228 4920 1567 5011 objicitur,
1617 4925 1796 5016 quod
1853 4925 2273 5015 Augustinus

737 5029 912 5098 dicat
944 5031 1013 5095 in
1054 5027 1226 5097 libro
1257 5026 1339 5095 de
1372 5029 1639 5117 Spiritu
1698 5044 1759 5100 et
1789 5033 2046 5108 anima,
2090 5032 2272 5123 quod

730 5140 1021 5208 Trinitas
1059 5140 1258 5206 estin
1302 5141 1586 5225 ratione,
1638 5143 1977 5221 irascibili,
2012 5152 2076 5210 et
2106 5166 2273 5211 con-

734 5246 1136 5338 cupiscibili,
1179 5244 1535 5315 dicendum
1587 5252 1766 5342 quod
1818 5274 1954 5318 non
1996 5260 2093 5319 est
2122 5252 2274 5318 Tri·

732 5360 907 5425 nitas
936 5354 1350 5446 simpliciter,
1386 5356 1498 5423 sed
1531 5362 1895 5430 secundum
1921 5361 2079 5452 quid
2106 5384 2120 5427 :
2148 5362 2275 5429 ira·

739 5463 988 5533 scibilis
1045 5463 1227 5530 enim
1281 5470 1346 5531 et
1403 5468 1940 5558 concupiscibilis
1988 5471 2080 5557 (ut
2116 5468 2273 5536 dicit

822 5701 838 5735 ¹
873 5697 928 5752 S.
962 5698 1334 5761 Auocsrisus,
1369 5694 1488 5752 Lib.
1522 5699 1589 5755 lx
1638 5700 1711 5758 de
1741 5700 2041 5759 Trinitate.
2073 5718 2179 5774 cap
2219 5703 2272 5757 4.

1733 362 1819 430 D.
1871 359 2067 428 ALB.
2117 354 2334 424 MAG.
2389 357 2597 442 ORD.
2650 359 2951 428 PRAED.

2366 529 2737 620 Gregorius
2767 530 3118 613 NicaenuS,
3152 537 3221 597 et
3246 518 3739 608 Damascenus)
3771 526 3924 585 sunt

2362 644 2589 724 partes
2622 637 2870 703 animae
2913 635 3254 704 sensibilis
3299 657 3314 701 ε
3358 632 3531 700 ratio
3562 634 3792 696 autem
3822 633 3923 693 est

2363 765 2521 832 pars
2580 741 2929 810 rationalis
2982 744 3230 808 animae
3266 764 3282 809 ε
3321 747 3388 808 et
3431 737 3584 805 ideo
3631 756 3772 801 non
3823 738 3924 799 est

2364 849 2458 916 ibi
2489 848 2835 918 sufficiens
2864 848 3055 928 unio,
3091 846 3207 914 sed
3232 845 3571 936 quaedam,
3613 849 3690 909 ut
3719 861 3925 928 supra

2364 959 2618 1027 dictum
2673 966 2776 1026 est
2824 958 2907 1025 de
2958 956 3110 1024 visu
3166 963 3232 1022 et
3278 952 3796 1044 imaginatione,
3854 948 3925 1014 in

2363 1066 2611 1156 quibus
2623 1065 3050 1157 Augustinus
3069 1062 3274 1131 etiam
3291 1058 3921 1150 ponitTrinitatem.

2453 1279 2554 1345 Ex
2583 1299 2935 1344 rna-:mens
2995 1282 3178 1366 patet
3231 1271 3482 1341 solutio
3541 1269 3625 1336 ad
3689 1267 3922 1336 omnia

2365 1409 2515 1478 quae
2563 1395 2963 1478 quaeruntur
2993 1393 3058 1453 et
3105 1382 3647 1451 determinantur
3676 1379 3746 1444 in
3777 1378 3918 1445 Lit-

2363 1509 2510 1566 tera
2549 1497 2620 1564 in
2668 1494 2937 1563 duobus
2985 1492 3225 1585 primis
3270 1488 3611 1579 capituliS,
3670 1485 3924 1555 scilicet

2366 1604 2414 1673 S
2445 1613 2512 1674 et
2539 1605 2619 1685 T,
2661 1627 2880 1694 usque
2911 1603 2998 1670 ad
3035 1609 3296 1670 textum
3330 1603 3756 1687 sequentem.

2695 2017 3203 2088 ARTICULUS
3264 2012 3594 2087 XXXIX.

2371 2239 2620 2308 Utrum
2675 2237 2813 2305 ista
2871 2237 3034 2313 tria,
3102 2255 3314 2311 mem,
3375 2230 3649 2308 notitia,
3701 2249 3922 2306 amor,

2454 2367 2608 2414 cum
2640 2355 2790 2412 ente
2816 2353 3124 2411 noscente
3175 2342 3316 2408 sint
3369 2361 3510 2407 una
3537 2310 3923 2405 substantia

2455 2466 2518 2524 e!
2547 2457 2835 2522 essentia
2863 2452 2903 2520 Ρ

2461 2804 2495 2845 α
2533 2780 2691 2848 Ilaec
2720 2777 2859 2844 tria
2880 2796 3033 2843 cum
3061 2774 3203 2840 sint
3231 2770 3556 2839 distincta
3589 2790 3632 2834 α
3650 2790 3731 2865 se·
3751 2766 3926 2833 invi-

2367 2913 2534 2972 cem,
2567 2889 2895 2956 dicuntur
2922 2896 3150 2952 tamen
3180 2903 3319 2950 esse
3355 2901 3599 2957 unum,
3633 2885 3761 2946 etc.
3798 2900 3832 2942 ²

2460 2996 2545 3063 Et
2586 2992 2698 3061 hic
2752 2991 2989 3060 incidit
3048 2988 3383 3056 dubitatio
3440 3006 3644 3076 quam
3722 2980 3927 3050 verba

2369 3100 2740 3194 Augustini
2772 3098 3028 3167 faciunt
3067 3116 3375 3187 gravem,
3427 3090 3734 3171 Qualiter
3780 3086 3930 3155 haec

2369 3207 2908 3280 substantialiter
2939 3209 3007 3274 in
3047 3205 3277 3272 anima
3308 3200 3655 3269 existant?

2473 3321 2529 3384 l.
2565 3316 2649 3383 Et
2678 3314 3100 3404 accipiantur
3128 3308 3335 3378 verba
3365 3305 3730 3397 Augustini
3756 3305 3822 3371 in
3855 3301 3934 3369 li-

2374 3427 2501 3496 bro
2552 3424 2643 3493 IX
2676 3423 2760 3491 de
2787 3423 3142 3499 Trinitate,
3166 3418 3280 3486 ubi
3315 3416 3478 3484 dicit
3504 3415 3600 3484 sic
3636 3436 3651 3481 ε
3679 3412 3932 3480 Admo-

2375 3555 2645 3612 nemur,
2671 3533 2726 3598 si
2760 3538 3133 3619 utcumque
3156 3525 3386 3593 videre
3403 3543 3768 3615 possumus
3791 3517 3932 3587 haec

2375 3643 2446 3710 in
2485 3640 2714 3709 anima
2763 3638 3085 3713 existere,
3131 3642 3197 3701 et
3235 3643 3584 3723 tamquam
3627 3627 3933 3697 involuta

2375 3748 2626 3825 evolvi,
2689 3754 2763 3813 ut
2829 3744 3234 3821 sentiantur,
3297 3749 3363 3809 et
3418 3738 3936 3805 dinumerentur

2375 3853 2937 3932 substantialiter,
2981 3851 3091 3920 vel
3140 3856 3236 3936 (ut
3270 3850 3361 3916 ila
3411 3847 3658 3935 dicam)
3712 3865 3936 3912 essen·

2376 3966 2651 4040 tialiter,
2724 3984 2865 4029 non
2927 3968 3279 4049 tamquam
3334 3957 3402 4023 in
3468 3953 3799 4043 subjecto,
3859 3958 3936 4016 ut

2374 4073 2591 4151 color,
2626 4079 2742 4138 aut
2785 4070 3003 4161 ligura
3044 4069 3445 4157 incorpore,
3471 4071 3584 4132 aut
3628 4061 3769 4129 ulla
3797 4058 3928 4127 alia

2376 4180 2690 4272 qualitas,
2735 4186 2852 4244 aut
2911 4175 3278 4266 quantitas.
3333 4169 3680 4261 Quidquid
3747 4167 3927 4236 enim

2376 4287 2507 4356 tale
2556 4295 2680 4363 est,
2735 4306 2873 4351 non
2934 4280 3194 4349 excedit
3245 4278 3627 4369 subjectum
3662 4278 3728 4342 in
3790 4298 3926 4366 quo

2374 4405 2500 4463 est.
2536 4393 2691 4460 Non
2719 4390 2901 4458 enim
2935 4388 3125 4456 color
3156 4388 3277 4454 iste
3319 4393 3436 4453 aut
3485 4385 3699 4475 ligura
3731 4381 3933 4470 hujus

2376 4502 2683 4593 corporis
2721 4506 3121 4588 potestesse
3170 4505 3236 4561 et
3297 4493 3575 4560 alterius
3604 4491 3929 4580 corporiS.

2376 4608 2569 4675 Mens
2600 4613 2829 4673 autem
2862 4625 3094 4670 amore
3144 4622 3279 4692 quo
3339 4623 3409 4666 se
3457 4606 3663 4674 antrat,
3715 4605 3933 4688 potest

2377 4736 2606 4782 amare
2648 4721 2711 4781 et
2743 4711 2930 4780 aliud
2986 4718 3229 4800 pra-ter
3290 4730 3386 4775 se.
3440 4706 3637 4782 Item,
3684 4725 3818 4770 non
3863 4725 3934 4769 se

2376 4820 2593 4890 solam
2627 4821 2980 4911 cognoscit
3022 4840 3240 4895 menS,
3290 4813 3407 4883 sed
3438 4821 3500 4881 et
3533 4812 3664 4879 alia
3696 4811 3930 4880 multa.

2378 4931 2846 5014 Quamobrem
2886 4953 3025 4998 non
3069 4952 3260 4996 amor
3318 4935 3382 4994 et
3423 4924 3723 5015 cognitio
3764 4932 3935 4992 tam-

2379 5064 2584 5132 quam
2627 5042 2696 5107 in
2727 5039 3034 5129 subjecto
3068 5040 3298 5105 insunt
3337 5035 3574 5113 menti,
3618 5032 3739 5102 sed
3776 5030 3935 5101 sub-

2377 5148 2784 5217 stantialiter
2840 5147 3046 5216 etiam
3107 5146 3233 5212 ista
3314 5150 3471 5210 sunt
3556 5142 3730 5211 sicut
3792 5142 3936 5231 ipsa

2379 5279 2570 5325 mens
2604 5279 2621 5328 ε
2665 5257 2828 5347 quia
2867 5257 2989 5323 etsi
3026 5251 3301 5320 relative
3368 5250 3684 5319 dicuntur
3714 5247 3797 5316 ad
3828 5248 3937 5313 in-

2377 5366 2627 5443 vicem,
2653 5365 2723 5431 in
2755 5387 2881 5432 sua
2912 5372 3139 5430 tamen
3159 5369 3318 5427 sunt
3349 5358 3617 5452 singula
3648 5336 3932 5449 quaeque

2378 5471 2760 5539 substantia
2794 5471 2835 5538 ¹.
2877 5469 2972 5536 Ex
2995 5468 3124 5535 bac
3154 5469 3554 5535 auctoritate
3582 5464 3931 5556 accipitur,
