4897 6388
345 1101 423 1143 Aa
453 1100 494 1142 2.

552 241 729 343 ·102
788 367 791 370 Α
974 333 977 334 f
1065 255 1068 257 ’
1613 285 1691 349 υ.
1750 281 1946 350 ALB.
2001 282 2213 352 MAG.
2267 284 2472 354 ono.
2527 285 2816 353 PRAED.

598 448 741 509 tota
770 444 1076 533 potentia
1106 446 1372 515 infinita
1403 449 1703 519 reluceat
1730 455 1800 520 in
1867 438 2152 544 magno,
2264 439 2570 525 formiter
2599 482 2614 525 :
2660 466 2725 524 et
2752 456 2898 524 haec
2927 454 3157 523 omnia
3197 451 3282 520 ad
3325 447 3801 538 complendum

597 558 827 617 lamen
860 554 1032 643 quia·
1060 556 1205 648 ipse
1236 557 1459 626 educit
1502 583 1827 650 magnum
1877 563 2021 627 sine
2044 563 2153 627 in-
2261 585 2621 631 numerum
2662 564 3057 646 electorum,
3092 569 3157 629 et
3196 559 3304 628 hic
3344 551 3510 626 ordo
3552 565 3652 622 est
3693 576 3808 620 sa-

601 656 902 748 dlgentia
940 663 1367 751 praejacentis
1420 668 1719 733 materiae
1781 674 1846 734 et
1904 668 2153 733 instru-
2262 673 2552 760 pientiae.
2597 671 2715 738 Est
2745 674 2918 738 alius
2967 671 3134 740 ordo
3165 667 3704 755 uniuscujusque
3736 663 3800 758 in

600 769 837 848 menti,
882 773 978 838 Sic
1044 773 1114 838 in
1165 771 1372 840 modo
1431 772 1677 861 agendi
1724 775 2151 863 cognoscitur
2259 776 2666 865 perfectione
2699 777 2850 843 [inis
2880 778 2985 843 sui
3013 784 3081 844 et
3120 774 3636 865 participatione
3677 768 3800 835 bo-

602 876 944 945 intinitum
977 901 1124 946 esse
1156 880 1226 945 in
1274 883 1578 969 potentia
1619 891 1684 949 ct
1722 883 2146 973 omnipoten-
2258 885 2543 951 nitatum
2576 884 2703 952 sibi
2747 882 3170 974 possibilium
3215 905 3254 947 a
3296 903 3503 949 causa
3557 879 3799 968 prima,

603 981 716 1047 tla-
2257 987 2326 1054 id
2382 998 2506 1067 est,
2564 988 2735 1067 Dee,
2797 997 2859 1055 et
2920 986 3030 1054 hic
3072 984 3238 1053 ordo
3297 991 3397 1051 est
3450 981 3798 1050 bonitatis.

691 1089 797 1154 Ao
844 1112 1041 1158 Amun
1097 1091 1488 1174 dicendum,
1562 1095 1740 1186 quod
1811 1106 1911 1165 est
1983 1096 2146 1163 ordo
2258 1095 2625 1185 Dispositio
2665 1104 2888 1163 autem
2931 1093 3153 1162 dissert
3190 1092 3274 1159 ab
3332 1089 3600 1157 ordine:
3647 1088 3803 1177 quia

599 1202 897 1288 partium
943 1202 1011 1268 in
1045 1211 1186 1270 toto
1227 1207 1580 1288 continuo,
1626 1209 1740 1297 qui
1766 1217 1866 1273 est
1902 1208 2145 1296 positio
2255 1202 2606 1293 dispositio
2666 1212 2767 1270 est
2818 1225 2941 1292 per
2995 1202 3246 1269 formas
3302 1198 3392 1265 rei
3449 1197 3518 1262 in
3548 1196 3792 1282 seipsa,

592 1309 889 1395 partium
925 1331 941 1373 ε
980 1316 1047 1377 et
1074 1319 1177 1377 est
1208 1312 1375 1379 ordo
1409 1314 1709 1379 universi
1753 1314 1823 1378 in
1864 1313 2138 1389 mund0,
2255 1307 2419 1377 ordo
2454 1317 2678 1376 autem
2709 1308 2792 1374 ad
2831 1307 3142 1375 alterum.

592 1414 764 1481 sicut
791 1414 1047 1482 mobile
1079 1416 1424 1483 uniforme
1455 1418 1579 1484 sub
1613 1426 1876 1485 motore
1900 1419 2139 1506 primo,
2343 1416 2442 1481 Ao
2492 1439 2784 1484 nmmum
2824 1414 3210 1491 dicendum,
3246 1411 3430 1503 quod
3459 1410 3794 1501 guberna·

591 1529 655 1588 et
688 1521 941 1589 mobile
999 1520 1318 1589 difforme
1366 1524 1492 1590 sub
1533 1524 1770 1591 mobili
1801 1527 2043 1615 prime,
2079 1534 2143 1592 ct
2252 1526 2346 1593 tio
2378 1523 2489 1592 hic
2528 1526 2596 1592 in
2651 1549 2720 1593 se
2759 1524 2966 1593 habet
3019 1523 3511 1593 continentiam
3563 1542 3790 1589 rerum

590 1637 818 1697 motus
849 1630 1154 1697 materiae
1195 1631 1605 1720 generabilis
1636 1641 1701 1699 et
1748 1632 2143 1722 corruptibi-
2251 1639 2325 1700 ut
2354 1655 2629 1701 manere
2658 1634 2953 1724 possint:
2998 1641 3065 1701 et
3108 1631 3240 1700 hoc
3286 1638 3390 1699 est
3436 1629 3784 1706 bonitatis,

585 1735 668 1804 lis
709 1736 834 1804 suh
868 1747 1059 1805 motu
1114 1736 1392 1805 mobilis
1438 1740 1856 1808 circulariter
1902 1749 1966 1808 et
2005 1739 2140 1808 dis·
2249 1748 2323 1806 ut
2352 1739 2512 1808 dicit
2539 1741 2960 1830 Augustinus
2990 1761 3194 1829 super
3225 1739 3561 1808 Genesim.

1010 2227 1093 2303 F.
1145 2225 1541 2318 Quomodo
1584 2231 1661 2304 in
1705 2230 2074 2307 creaturis
2098 2235 2418 2329 apparet
2444 2229 2852 2327 'cestiqium
2895 2226 3298 2304 Trinitatis
3320 2226 3369 2303 ,9

675 2568 902 2646 Nunc
954 2582 1196 2648 restat
1232 2575 1669 2669 ostendere,
1710 2586 1960 2651 utrum
1992 2600 2127 2675 per
2177 2601 2265 2652 ea
2325 2598 2504 2674 quoe
2546 2575 2738 2649 sacta
2774 2584 2982 2663 sunt,
3026 2572 3340 2672 aliquod
3401 2569 3791 2646 Trinitatis

580 2705 952 2784 indicium
992 2711 1118 2787 vel
1161 2712 1532 2810 exiguum
1576 2714 1840 2791 haberi
1885 2714 2237 2816 potuerit.
2295 2713 2408 2789 De
2455 2715 2600 2788 hoc
2654 2711 3135 2810 Augustinus
3183 2710 3261 2783 in
3307 2708 3502 2785 libro
3542 2706 3662 2813 le
3693 2707 3786 2783 de

581 2843 957 2922 Trinitate
987 2847 1137 2923 ait:
1166 2849 1484 2948 Oportet
1526 2861 1607 2925 ut
1644 2852 2075 2928 Creatorem
2118 2874 2253 2951 per
2282 2874 2373 2928 ea
2412 2851 2805 2950 quaefacta
2828 2861 3037 2946 sunt,
3073 2849 3465 2926 intellectu
3491 2846 3792 2946 conspi-

571 2979 892 3078 cientes,
935 2984 1389 3062 Trinitatem
1424 2986 2017 3085 intelligamus¹.
2063 2987 2313 3086 llujus
2342 2986 2548 3063 enim
2587 2987 2979 3063 Trinitatis
3016 2985 3429 3085 vestigium
3471 2982 3550 3058 in
3585 3008 3789 3061 crea·

571 3116 770 3192 turis
808 3131 1154 3220 apparet.
1205 3121 1391 3199 Haec
1423 3122 1629 3200 enim
1664 3147 1839 3224 qum
1879 3134 2038 3201 arte
2077 3123 2339 3201 divina
2367 3124 2564 3202 sacta
2593 3135 2800 3219 sunt,
2845 3134 2917 3201 et
2958 3122 3329 3200 unitatem
3371 3119 3785 3220 quamdam

576 3252 654 3327 in
689 3276 771 3328 se
812 3255 1260 3353 ostendunt,
1296 3269 1371 3333 et
1401 3260 1765 3358 speciem,
1800 3270 1871 3336 et
1903 3260 2276 3336 ordinem.
2319 3261 2512 3336 Nam
2569 3260 2932 3359 quodque
2989 3261 3263 3335 horum
3313 3266 3781 3352 creatorum,

576 3396 654 3461 et
686 3411 929 3464 unum
970 3390 1262 3490 aliquid
1297 3404 1438 3481 est,
1484 3376 1681 3470 sicut
1721 3405 1900 3470 sunt
1930 3404 2222 3470 natura·
2262 3418 2701 3495 corporum,
2744 3403 2819 3470 et
2850 3393 3162 3492 ingenia
3190 3391 3624 3468 animarum
3659 3415 3676 3468 ε
3712 3401 3787 3467 et

572 3520 841 3621 ‘aliqua
879 3524 1137 3624 specie
1172 3527 1573 3623 formatur,
1616 3528 1818 3604 sicut
1855 3538 2036 3605 sunt
2074 3527 2340 3627 figurat
2372 3530 2493 3607 vel
2549 3529 2960 3629 qualitates
2996 3549 3437 3626 corporum,
3474 3549 3563 3602 ac
3613 3525 3788 3603 doc-

579 3654 801 3731 trinm
833 3659 954 3734 vel
995 3669 1204 3736 artes
1242 3659 1680 3737 animarum
1716 3688 1732 3739 ε
1777 3673 1853 3738 et
1888 3663 2231 3738 ordinem
2273 3663 2611 3762 aliquem
2655 3665 2867 3764 petit,
2914 3675 3049 3740 aut
3078 3671 3311 3756 tenet,
3364 3660 3566 3737 sicut
3604 3669 3780 3736 sunt

575 3790 915 3888 pondera
945 3795 1064 3868 vel
1110 3795 1660 3872 collocationes
1717 3822 2151 3896 corporum,
2198 3809 2265 3874 et
2334 3822 2637 3875 amores
2685 3800 2807 3875 vel
2874 3796 3423 3875 delectationes
3486 3793 3782 3870 anima·

577 3951 775 4002 rum.
825 3931 908 4005 Et
945 3929 1047 4005 ita
1081 3929 1157 4006 in
1193 3933 1572 4008 creaturis
1602 3936 1962 4034 praducet
2005 3934 2411 4034 vestigium
2451 3934 2862 4011 Trinitatis,

673 4064 757 4139 ln
802 4065 932 4141 illa
972 4068 1180 4143 enim
1222 4068 1590 4145 Trinitate
1620 4094 1922 4145 summa
1959 4069 2174 4166 origo
2213 4080 2324 4146 est
2363 4069 2710 4145 omnium
2760 4092 3051 4163 rerum,
3086 4076 3161 4144 et
3221 4062 3775 4167 perfectissima

574 4198 1100 4297 pulchritudo,
1145 4214 1215 4277 et
1262 4202 1707 4279 beatissima
1746 4203 2169 4280 delectatio.
2206 4204 2528 4279 Summa
2563 4215 2819 4280 autem
2852 4202 3070 4301 origo
3114 4208 3229 4293 (ut
3293 4197 3779 4298 Augustinus

572 4333 907 4409 ostendit
948 4334 1024 4409 in
1074 4307 1269 4410 libro
1310 4337 1404 4412 de
1455 4338 1645 4413 t'era
1684 4335 2131 4436 rele‘yione')
2165 4338 2619 4437 intelligitur
2647 4339 2856 4414 Deus
2875 4340 3130 4426 Pater,
3160 4359 3202 4412 a
3234 4359 3391 4434 quo
3418 4344 3781 4410 suntom-

571 4466 701 4542 nia
736 4492 826 4544 :a
867 4492 1022 4567 quo
1057 4469 1329 4566 Filius,
1357 4482 1430 4548 et
1472 4472 1805 4572 Spiritus
1834 4482 2145 4548 sanctus
2180 4497 2196 4548 :
2227 4469 3286 4572 perfectissimapulchritudo
3319 4467 3779 4565 intelligitur

568 4602 837 4696 Filius,
872 4605 1167 4681 scilicet
1203 4606 1488 4681 veritas
1512 4607 1786 4701 Patris,
1819 4610 2029 4684 nulla
2055 4633 2144 4684 ex
2175 4619 2387 4708 parte
2417 4607 2485 4684 ei
2512 4606 2909 4683 dissimilis
2942 4630 2960 4684 ε
2998 4628 3229 4705 quem
3261 4626 3438 4680 cum
3467 4602 3665 4702 ipse,
3700 4609 3778 4675 et

566 4737 840 4838 inipso
875 4740 1099 4817 Patre
1142 4764 1663 4818 veneramur:
1700 4766 1876 4842 qum
1911 4744 2143 4818 forma
2172 4753 2287 4819 est
2323 4742 2672 4818 omnium
2713 4767 2889 4842 quae
2930 4741 3028 4817 ab
3071 4739 3285 4815 initio
3328 4739 3521 4814 facta
3561 4746 3771 4831 sunt,

567 4884 642 4949 et
672 4873 767 4947 ad
811 4899 1052 4950 unum
1118 4878 1601 4953 referuntur:
1661 4901 1837 4977 qum
1879 4887 2128 4954 tamen
2170 4878 2428 4953 omnia
2478 4901 2617 4954 nec
2652 4877 2923 4954 tierent
2954 4900 2998 4953 a
3038 4876 3261 4975 Patre
3294 4896 3433 4972 per
3462 4872 3771 4967 Filium,

568 5033 822 5109 neque
881 5012 1044 5087 suis
1078 5011 1369 5089 tinibus
1437 5015 1650 5089 salva
1724 5024 2005 5108 essent,
2051 5013 2195 5089 nisi
2264 5015 2474 5091 Deus
2516 5038 2814 5090 summe
2861 5014 3115 5088 bonus
3171 5020 3418 5087 esset:
3491 5009 3622 5108 qui
3701 5018 3778 5085 et

567 5150 763 5226 nulli
797 5160 1096 5226 natura}
1129 5175 1310 5250 qum
1352 5153 1448 5228 ab
1484 5152 1612 5227 illo
1662 5153 1864 5229 bona
1921 5164 2145 5244 esset,
2185 5153 2454 5228 invidit
2491 5178 2508 5230 ε
2553 5164 2628 5231 et
2687 5162 2769 5229 ut
2838 5152 2916 5227 in
2957 5151 3161 5228 bono
3205 5149 3375 5250 ipso
3428 5158 3774 5225 maneret

567 5287 715 5363 alia
757 5297 1136 5386 quantum
1178 5290 1440 5379 vellet,
1478 5289 1627 5365 alia
1693 5300 2064 5387 quantum
2100 5301 2354 5388 posset
2383 5290 2632 5366 dedit:
2706 5313 2882 5389 qum
2950 5289 3252 5365 bonitas
3320 5285 3777 5382 intelligitur

635 5548 651 5585 ¹
692 5547 748 5606 S.
782 5552 1157 5618 Acccsrixcs,
1192 5547 1318 5607 Lib.
1353 5550 1423 5606 Vl
1452 5550 1526 5607 de
1554 5551 1860 5621 Trinitatc,
1891 5568 2016 5625 cap.
2048 5553 2132 5608 ¹0.

633 5638 657 5676 ¹
684 5640 839 5709 Iucu,
869 5638 988 5696 Lib.
1022 5640 1095 5697 de
1127 5657 1267 5698 vera
1294 5640 1606 5716 religione,
1639 5659 1808 5715 capp.
1840 5642 1907 5697 43
1939 5649 1993 5697 et
2024 5645 2111 5699 53.

3914 1395 3983 1439 Ad
4015 1397 4055 1440 Ἰ.
