4897 6388
720 127 730 198 1—-
719 6 731 92 ‘w'

2040 406 2132 473 IN
2155 398 2210 475 -I
2262 401 2685 482 SENTEN‘P.
2731 460 2737 465 -

1077 565 1215 627 tem
1251 563 1368 654 qui
1408 564 1668 649 dieunt,
1712 564 1897 660 quod
1929 575 2146 645 dicere
2210 569 2455 650 dieitur
2510 584 2636 651 tri·-

1075 668 1365 757 pliciter‚
1430 674 1687 743 scilicet
1753 684 2202 756 essentialiter
2284 689 2630 781 quomodo

1077 776 1365 866 quilibet
1394 780 1555 849 dicit
1583 805 1699 851 se:
1746 796 1811 854 et
1876 797 2317 866 essentialiter
2372 823 2631 868 conno-

1075 886 1283 953 tando
1315 881 1633 957 effectum
1665 893 1735 960 in
1767 908 2098 982 creature,
2154 919 2287 995 quo
2348 897 2631 998 quilibet

1073 985 1236 1060 dicit
1261 1004 1645 1067 creaturam
1683 1024 1699 1069 ε
1733 1011 1801 1071 et
1830 1010 2290 1094 notionaliter,
2336 1033 2471 1105 quo
2512 1040 2630 1084 so·-

1073 1101 1179 1169 lus
1209 1102 1416 1172 Pater
1435 1101 1598 1176 dicit
1626 1111 1940 1196 verbum,
1989 1123 2056 1187 et
2111 1122 2180 1188 in
2245 1122 2373 1193 hac
2430 1124 2628 1194 tertia

1071 1210 1220 1278 sola
1249 1215 1750 1304 significatione
1781 1228 2143 1315 respondet
2171 1229 2233 1299 ei
2275 1234 2561 1303 verbum
2607 1255 2622 1304 ε

1073 1323 1142 1386 et
1169 1318 1303 1388 hoe
1332 1329 1434 1391 est
1461 1338 1702 1395 verum
1726 1331 1912 1420 quod
1943 1339 2304 1428 respondet
2338 1341 2625 1411 verbum

1068 1427 1433 1515 personale
1476 1449 1493 1498 ε
1536 1433 1656 1500 sed
1695 1432 1881 1526 quod
1926 1442 1993 1508 tn
2032 1443 2282 1535 duplici
2347 1448 2480 1517 alia
2530 1450 2627 1518 si·-

1072 1535 1511 1625 gnificatione
1544 1543 1812 1613 nullum
1851 1551 2136 1621 verbum
2193 1555 2622 1647 respondeat,

1074 1641 1450 1714 absurdum
1488 1655 1592 1717 est.
1632 1673 1648 1719 ε
1686 1655 1846 1743 quia
1877 1660 1993 1749 qui
2025 1650 2308 1731 dicendo
2339 1683 2480 1734 non
2522 1666 2625 1736 di-

1073 1751 1165 1818 cit
1200 1753 1518 1842 verbum,
1551 1757 1724 1827 nihil
1757 1762 2137 1858 dieit,·qnia
2174 1769 2345 1839 nihil
2382 1771 2629 1844 dicitur

1072 1858 1204 1925 nisi
1237 1861 1551 1934 verbum.

2742 371 2965 482 ms’rss
3002 409 3108 496 x,
3161 415 3235 485 o.
3990 432 4005 446 „
4040 379 4278 487 *2315

2830 586 2933 652 An
2980 609 3178 653 Auno
3243 585 3628 669 dicendum,
3681 586 3866 676 quod
3911 587 4277 653 Anselmus
4386 614 4466 659 Ad
4492 614 4536 662 ε.

2740 692 2884 759 vult
2941 692 3190 772 dicere,
3261 694 3442 784 quod
3481 717 3564 762 ex
3618 693 3998 785 pluralitate
4046 692 4281 761 dicen-

2741 801 2908 866 tium
2949 823 3088 867 non
3128 801 3617 891 multiplicatur
3680 802 3850 868 ratio
3917 799 4105 868 verbi
4159 822 4280 889 per

2741 909 3361 998 appropriationem
3406 931 3419 974 :
3464 908 3750 977 verbum
3782 911 3962 976 enim
3994 931 4032 975 a
4098 930 4280 997 quo-

2738 1037 3029 1105 cumque
3061 1015 3345 1097 dicatur,
3378 1010 3520 1084 sive
3550 1014 3752 1083 etiam
3786 1015 3869 1083 ab
3928 1015 4272 1098 omnibuS,

2736 1123 2878 1191 sive
2904 1145 2942 1189 a
2971 1123 3266 1205 duobuS,
3306 1147 3575 1214 semper
3616 1133 3716 1191 est
3781 1121 4275 1213 appropriabile

2736 1227 2906 1296 Filio
2945 1231 3166 1321 magis
3203 1245 3409 1322 quam
3440 1231 3577 1299 atii.

2821 1337 2927 1403 An
2967 1361 3031 1404 m
3071 1337 3256 1427 quod
3284 1333 3601 1427 objicitur
3636 1332 3718 1406 de
3747 1340 4127 1430 Augustino
4167 1338 4274 1406 di·
4300 1360 4382 1409 Aa
4400 1360 4629 1421 objacet.

2733 1447 3024 1515 cendum
3064 1448 3250 1538 quod
3278 1471 3359 1518 eo
3390 1448 3691 1517 Verbum
3733 1458 3834 1518 est
3862 1472 3996 1540 quo
4034 1448 4268 1531 Filius,

2736 1554 2803 1622 id
2830 1563 2953 1635 est,
2996 1577 3076 1623 ea
3114 1555 3439 1624 relatione
3489 1557 3734 1625 dicitur
3787 1556 4117 1638 Verbum,
4187 1557 4275 1625 li-

2734 1671 2841 1732 cet
2875 1675 3016 1731 non
3055 1680 3135 1732 ea
3172 1667 3433 1733 ratione
3471 1667 3769 1734 nominis
3800 1685 3817 1733 ι
3880 1673 3947 1734 et
3999 1663 4131 1734 hoc
4168 1664 4278 1734 iu-

2735 1771 2980 1863 telligit
3018 1773 3101 1840 de
3137 1774 3348 1842 verbo
3378 1773 3829 1866 personaliter
3850 1775 4052 1844 dicto·

1062 2662 1146 2737 C.
1184 2661 1415 2740 Sicut
1438 2661 1758 2743 verbum
1797 2662 1957 2744 Dei
1978 2672 2303 2769 proprie
2354 2669 2639 2751 dicitur
2690 2668 3100 2776 sapientia,
3136 2688 3212 2756 et
3233 2688 3489 2759 lamen
3512 2688 3668 2761 tota
3704 2679 4039 2764 Trinitas
4069 2681 4270 2767 dici-

1075 2815 1084 2825 ·
1156 2805 1288 2873 tur
1319 2802 1707 2899 sapientia
1740 2824 1769 2878 .·
1795 2803 1905 2878 ita
1933 2812 2007 2880 et
2046 2804 2390 2906 Spiritus
2425 2819 2735 2887 sanctus
2788 2815 3112 2913 proprie
3167 2816 3456 2894 dicitur
3508 2821 3866 2918 charita-3,
3901 2831 3974 2898 et
4008 2831 4267 2903 tamen

1157 2933 1505 3011 Patere!
1531 2935 1787 3012 Filius
1818 2946 1892 3014 et
1913 2935 2260 3039 Spiritus
2296 2954 2604 3023 sanetus
2632 2946 2918 3024 dicitur
2954 2951 3314 3028 clean‘cas.
4101 2963 4109 2972 ’

1147 3466 1227 3541 Si
1256 3488 1443 3565 ergo
1486 3471 1798 3571 proprie
1840 3472 2124 3570 aliquis
2167 3476 2439 3549 borum
2484 3477 2717 3553 trium
2756 3481 3092 3558 charitas
3123 3487 3556 3586 nuncupari
3588 3489 3841 3584 debet,
3885 3490 4062 3590 quis
4116 3513 4260 3591 np-

1050 3596 1204 3676 tius
1244 3621 1477 3703 quam
1522 3603 1858 3705 Spiritus
1888 3610 2203 3684 sanctus
2229 3607 2273 3684 ¹?
2305 3615 2382 3685 ut
2411 3610 2705 3689 scilicet
2764 3609 2839 3689 in
2879 3610 3008 3691 iiia
3074 3640 3379 3695 summa
3454 3621 3938 3726 simplicique
3981 3628 4255 3703 natura

1048 3760 1201 3810 non
1247 3737 1345 3814 sit
1384 3732 1594 3815 aliud
1626 3734 2084 3839 substantia,
2119 3750 2194 3819 et
2223 3739 2430 3821 aliud
2473 3741 2809 3825 charitas
2853 3774 2870 3827 :
2916 3748 3049 3828 sed
3093 3749 3520 3832 substantia
3565 3758 3727 3859 ipsa
3764 3754 3861 3836 sit
3891 3759 4250 3858 charitas,

1046 3883 1120 3947 et
1161 3873 1498 3950 charitas
1528 3876 1697 3975 ipsa
1726 3878 1828 3953 sit
1856 3878 2316 3975 substantia,
2378 3882 2543 3958 sive
2600 3878 2678 3959 in
2725 3885 2977 3981 Patre,
3021 3887 3185 3964 sive
3227 3890 3301 3965 in
3365 3893 3584 3988 Filio,
3641 3896 3802 3973 sive
3845 3897 3919 3973 in
3962 3898 4251 3999 Spiritu

1044 4016 1314 4082 saneto
1350 4025 1368 4084 t
1404 4019 1480 4085 et
1521 4020 1775 4087 tamen
1812 4013 2147 4113 Spiritus
2188 4029 2501 4093 sanctus
2533 4020 2843 4121 proprie
2884 4023 3224 4099 charitas
3264 4034 3830 4129 nuncupatur'.
3876 4035 4067 4110 Eece
4128 4036 4252 4112 his

1042 4134 1302 4217 verbis
1332 4153 1596 4243 aperte
1635 4142 1815 4222 dicit
1851 4148 2333 4246 Augustinus
2359 4147 2562 4253 qumi
2601 4150 2676 4230 in
2708 4152 3075 4234 Trinitate
3107 4155 3440 4238 charitas
3471 4161 3886 4265 aliquando
3929 4171 4253 4247 refertur

1039 4279 1132 4354 ad
1175 4274 1719 4376 substantiam,
1763 4308 1942 4384 quie
1983 4282 2420 4364 communis
2459 4301 2575 4366 est
2606 4292 2834 4367 trium
2872 4319 3404 4393 personarum,
3436 4311 3509 4375 et
3546 4311 3695 4378 tuta
3737 4297 3809 4378 in
3854 4299 4180 4403 singulis
4224 4332 4243 4386 ε

1036 4416 1457 4515 aliquando
1532 4420 1971 4518 specialiter
2034 4422 2127 4497 nd
2216 4449 2623 4523 personam
2693 4428 3029 4527 Spiritus
3114 4434 3387 4529 sancti,
3458 4437 3650 4513 sicut
3691 4439 4066 4538 sapientia
4105 4444 4244 4521 Dei

1037 4550 1459 4650 aliquando
1491 4573 1630 4653 pro
1660 4554 2093 4634 substantia
2123 4559 2415 4654 divina,
2470 4561 2890 4661 aliquando
2934 4592 3072 4665 pro
3134 4569 3325 4644 Filio
3383 4572 3799 4671 accipitur:
3847 4583 3919 4651 et
3979 4578 4123 4654 hoe
4163 4579 4237 4655 in

1035 4685 1300 4766 multis
1338 4687 1505 4766 fleri
1538 4684 1943 4790 reperitur.

1104 5041 1120 5073 ¹
1154 5037 1211 5093 S.
1245 5041 1623 5110 Aneonis-cs,
1655 5031 1780 5101 Lib.
1814 5045 1916 5101 XV
1952 5043 2026 5100 de
2081 5045 2386 5116 Trinitate,
2446 5053 2577 5121 cap.
2614 5050 2700 5103 ¹7.
