4897 6388
1803 301 1900 413 'm
1945 348 1977 415 1
2027 348 3047 431 SENTENr2·n1s‘1·..xx1n,
3101 352 3185 432 Β,
3233 353 3426 421 ΛΒΤ.
3472 353 3537 420 2.

1074 515 1193 583 sed
1223 518 1401 584 circa
1440 516 1889 584 substantiam
1922 516 2107 584 illam
2141 541 2348 609 quam
2379 500 2660 607 impor?

1074 631 1193 706 tat,
1216 647 1342 692 nec
1372 626 1561 714 ponit
1584 626 2095 713 proprietatem,
2123 648 2246 693 nec
2271 649 2632 694 numerum

1074 754 1281 822 quem
1314 731 1472 799 facit
1501 732 1878 822 proprietas
1923 755 1938 799 ε
1983 741 2049 799 et
2077 732 2224 801 haec
2262 735 2495 823 opinio
2530 735 2628 799 in·

1074 847 1174 908 ter
1212 862 1451 906 omnes
1501 841 1694 927 quasi
1734 840 2030 907 mediam
2083 841 2265 908 viam
2308 849 2515 925 tenet,
2569 849 2632 908 et

999 947 1027 975 ‘
1072 946 1220 1014 haec
1277 945 1447 1013 mihi
1505 948 1722 1036 magis
1778 946 2050 1015 videtur
2097 971 2244 1016 esse
2283 972 2443 1016 vera
2488 972 2504 1016 ε
2567 956 2634 1015 et

1070 1053 1225 1121 ideo
1293 1053 1587 1144 amplius
1648 1055 2072 1144 explanetur.
2144 1054 2317 1123 Cum
2358 1056 2627 1133 dicitur,

1070 1161 1276 1228 Pater
1307 1169 1408 1228 est
1437 1161 1896 1241 DeuS,‚Filius
1929 1173 2033 1232 est
2082 1164 2288 1243 DeuS,
2338 1163 2631 1254 Spiritus

1039 1357 1042 1360 Δ
1074 1280 1350 1340 sanctus
1389 1280 1492 1340 est
1531 1275 1739 1355 DeuS‚
1775 1273 2197 1364 significatur
2223 1274 2419 1342 aliter
2462 1259 2634 1342 sub-

1074 1380 1325 1446 stantia
1354 1402 1476 1469 per
1492 1379 1562 1471 ly
1582 1383 1791 1459 Deua,
1819 1381 2005 1470 quod
2025 1389 2127 1448 est
2147 1381 2585 1470 praedicatum
2611 1403 2625 1448 ε

1073 1493 1141 1553 et
1179 1484 1377 1553 aliter
1412 1508 1535 1577 per
1563 1484 1695 1554 hoc
1732 1486 2043 1566 verbum,
2096 1497 2215 1567 est,
2260 1511 2414 1556 cum
2462 1487 2633 1556 dici-

1071 1598 1209 1672 tur,
1243 1592 1354 1659 isti
1395 1599 1529 1659 tres
1560 1601 1713 1659 sunt
1750 1615 1927 1659 unus
1968 1593 2152 1661 Deus
2205 1615 2222 1661 ε
2259 1616 2414 1662 cum
2446 1594 2629 1661 enim

1071 1697 1343 1776 dicitnr,
1408 1699 1539 1777 isti,
1602 1709 1758 1778 etc.,
1843 1723 2228 1791 pronomen
2293 1700 2632 1791 significat

1078 1804 1560 1885 substantiam,
1617 1830 1770 1897 quae
1817 1808 2226 1897 supponitur
2265 1816 2332 1877 et
2386 1807 2633 1875 distin-

1077 1913 1315 2003 guitur
1347 1936 1363 1980 :
1408 1913 1479 2006 ly
1506 1924 1668 1981 sunt
1697 1924 1926 1983 autem
1964 1916 2288 2006 importat
2316 1915 2628 1985 eamdem

1071 2044 1195 2112 per
1236 2031 1617 2113 respectum
1668 2025 1753 2091 ad
1798 2033 2137 2104 naturam,
2198 2034 2266 2093 et
2318 2024 2387 2116 ty
2443 2027 2630 2093 Deus

1070 2130 1398 2220 importat
1447 2131 1759 2199 eamdem
1797 2141 1873 2199 ut
1921 2154 2385 2201 communem.
2432 2132 2627 2202 Unde

1068 2237 1245 2318 dion,
1269 2238 1454 2330 quod
1474 2263 1764 2330 persona
1786 2241 2125 2331 significat
2145 2241 2622 2322 substantiam,

1068 2356 1144 2414 ut
1172 2345 1598 2436 significatur
1652 2370 1769 2438 per
1807 2347 1874 2438 ty
1907 2349 2046 2424 isli,
2081 2357 2149 2416 et
2181 2371 2302 2439 per
2330 2348 2400 2440 ty
2432 2360 2621 2429 sunt,

1069 2461 1138 2520 et
1193 2476 1333 2521 non
1370 2463 1448 2521 ut
1485 2455 1905 2544 significatur
1942 2478 2063 2545 per
2099 2454 2168 2546 ty
2224 2459 2413 2524 Deus
2476 2481 2490 2525 :
2561 2467 2627 2525 et

1066 2559 1222 2628 ideo
1255 2562 1414 2651 quia
1470 2585 1610 2629 non
1667 2569 1890 2652 potest
1930 2562 2217 2653 intelligi
2276 2573 2412 2632 tres
2447 2588 2620 2644 esse,

1065 2669 1192 2734 nisi
1233 2668 1389 2736 talis
1419 2670 1800 2738 substantia
1838 2670 2032 2737 cadat
2059 2672 2132 2738 in
2163 2672 2620 2762 significatum

1058 2774 1346 2865 plurale,
1381 2799 1653 2845 necesse
1683 2786 1784 2844 est
1815 2775 1943 2846 hoc
1982 2801 2261 2858 nomen,
2298 2803 2616 2871 persona,

1057 2883 1298 2952 cadere
1331 2886 1399 2953 in
1429 2884 1912 2976 pluralitatem,
1956 2886 2233 2977 quando
2278 2888 2361 2957 de
2401 2890 2621 2957 omni-

1057 2990 1187 3057 bus
1216 2991 1464 3061 dicitur
1507 2993 1576 3060 in
1616 3016 1911 3061 summa.
1966 2993 2126 3063 lloec
2173 3005 2403 3064 autem
2453 2995 2621 3063 sub-

1057 3101 1311 3168 stantia
1338 3101 1435 3169 sic
1473 3102 1823 3191 supposita
1863 3125 2004 3170 non
2047 3112 2312 3171 tantum
2360 3105 2617 3196 impor-

1055 3217 1237 3276 tatur
1276 3210 1345 3276 in
1406 3211 1750 3279 intellectu
1810 3235 2146 3303 personae,
2236 3214 2355 3281 sed
2411 3217 2617 3283 etiam

1054 3317 1439 3405 proprietas
1477 3320 1900 3386 constituens
1944 3343 2273 3410 personas
2329 3321 2622 3390 indeter-

1054 3423 1310 3490 minate
1340 3432 1406 3491 et
1437 3424 1504 3493 in
1538 3426 1798 3494 ratione
1827 3426 2207 3497 communi.

1146 3530 1231 3599 Et
1268 3532 1455 3623 quod
1495 3534 1587 3601 ita
1628 3535 1740 3617 sit,
1777 3535 2113 3624 probatur
2139 3560 2262 3628 per
2305 3547 2436 3606 tres
2465 3541 2616 3605 Au-

1052 3650 1301 3725 ctores,
1344 3653 1408 3712 et
1443 3668 1560 3734 per
1597 3645 1845 3713 simile.
1901 3644 2078 3714 Dicit
2135 3650 2320 3716 enim
2370 3650 2617 3740 Augu-

1059 3750 1283 3817 stinus
1314 3753 1382 3819 in
1414 3753 1745 3843 principio
1779 3751 1931 3821 libri
1964 3753 2088 3820 Vll
2125 3755 2208 3823 de
2244 3758 2614 3824 Triuilale:

1058 3886 1092 3920 α
1133 3858 1381 3926 Omnis
1410 3863 1700 3928 essentia
1740 3885 1893 3951 quse
1917 3861 2192 3931 relative
2214 3864 2484 3946 dicitur,
2518 3876 2617 3934 est

1052 3967 1260 4033 etiam
1301 3965 1558 4058 aliquid
1590 3979 1871 4058 excepto
1919 3968 2230 4048 relativo,
2282 3972 2454 4039 sicut
2495 3971 2614 4040 ho·

1054 4095 1167 4140 nto
1202 4073 1550 4151 dominus,
1586 4086 1650 4143 et
1708 4075 1918 4142 honio
1960 4100 2223 4159 servus,
2272 4088 2339 4146 et
2396 4103 2614 4170 equus

1039 4182 1464 4268 jumentum,
1507 4192 1572 4249 et
1622 4206 1946 4250 nummus
1984 4183 2182 4251 arrha
2218 4207 2233 4251 :
2273 4197 2339 4255 et
2376 4191 2432 4253 si
2474 4211 2611 4254 non

1049 4297 1225 4357 esset
1257 4288 1494 4362 homo.
1525 4291 1586 4356 id
1612 4301 1738 4370 est,
1773 4291 2000 4382 aliqua
2031 4292 2436 4372 substantia,
2475 4318 2609 4362 non

1046 4408 1226 4466 esset
1258 4400 1371 4488 qui
1410 4399 1685 4465 relative
1725 4398 2062 4467 diceretur
2105 4423 2119 4469 ε
2158 4405 2307 4469 etsi
2343 4426 2480 4471 non
2513 4427 2613 4472 es·

1046 4515 1147 4573 set
1207 4527 1425 4596 equus
1483 4506 1794 4595 quaedam
1855 4509 2175 4587 essentia,
2238 4532 2375 4577 non
2436 4520 2612 4578 essct

1045 4612 1230 4704 quod
1264 4614 1656 4701 jumentum
1704 4613 1980 4681 relative
2021 4614 2384 4684 diceretur.
2421 4620 2610 4697 Qua-

1045 4730 1323 4811 propter
1360 4722 1416 4787 si
1465 4731 1530 4790 et
1599 4732 1787 4810 pater
1843 4745 1980 4790 non
2040 4733 2140 4792 cst
2208 4724 2464 4816 aliquid
2522 4728 2606 4795 ad

1042 4831 1371 4920 seipsum,
1447 4852 1582 4897 non
1651 4839 1751 4896 est
1807 4833 2092 4898 omnino
2150 4834 2266 4922 qui
2326 4834 2606 4902 relative

1041 4935 1306 5003 dicatur
1347 4934 1432 5003 ad
1488 4936 1779 5004 alterum
1829 4937 1934 5005 vel
1976 4937 2062 5004 ad
2106 4938 2392 5028 aliquid.
2435 4966 2469 5005 ι
2509 4941 2606 5008 Ex

1043 5041 1175 5110 hoc
1216 5043 1567 5133 accipitur,
1622 5044 1804 5134 quod
1846 5068 2135 5134 persona
2194 5044 2337 5114 hoec
2386 5060 2452 5116 et
2520 5047 2606 5116 il-

1040 5148 1105 5218 la
1146 5149 1264 5218 dat
1311 5149 1724 5217 intellectum
1775 5150 2169 5219 substantia:
2204 5155 2599 5244 supposita»,

1040 5267 1106 5327 ct
1136 5260 1343 5327 etiam
1376 5257 1791 5325 intellectum
1827 5259 2298 5349 proprietatis:
2338 5284 2505 5351 ergo
2537 5271 2603 5329 et

1039 5390 1334 5458 persona
1374 5390 1523 5457 quae
1562 5365 1723 5435 dicit
1763 5369 1829 5435 in
1872 5369 2222 5436 communi
2272 5368 2605 5438 substan-

1036 5478 1204 5543 tiam
1236 5476 1687 5565 suppositam,
1736 5477 1801 5542 in
1852 5475 2199 5545 intellectu
2248 5499 2374 5545 suo
2405 5477 2605 5546 clau-

1037 5582 1133 5650 dit
1168 5592 1560 5671 utrumque,
1604 5580 1855 5650 scilicet
1895 5606 2291 5673 personam,
2333 5594 2399 5654 et
2438 5609 2612 5680 pro-

1037 5691 1423 5781 prietatem.
1479 5687 1829 5754 Secundus
1877 5700 2117 5760 auctor
2156 5707 2261 5773 est
2321 5693 2619 5769 Boetius

4092 409 4105 434 -.
4166 355 4295 422 585

2737 517 2809 584 in
2846 516 3021 585 libro
3053 519 3137 588 de
3174 520 3467 588 Duabus
3496 521 3768 587 naturis
3797 522 3869 587 in
3896 542 4037 586 una
4060 543 4293 609 perso·

2741 647 2833 691 ηα
2869 626 3149 703 Christi,
3179 630 3293 717 qui
3327 634 3613 694 venatur
3641 626 4119 693 diffinitionem
4151 649 4297 715 per-

2736 753 2919 798 sonae
2961 756 3043 799 ex
3078 732 3457 800 substantia
3487 735 3864 822 supposita,
3901 740 3968 800 et
3998 734 4298 822 proprie-

2739 845 2871 904 tate
2912 838 3397 930 distinguente,
3455 848 3521 906 et
3558 838 3901 906 concludit
3959 861 4108 906 eam
4166 840 4286 917 sic,

2736 945 2919 1034 quod
2974 968 3269 1036 persona
3334 955 3434 1014 est
3493 945 3847 1014 individua
3912 945 4289 1013 substantia

2737 1054 3084 1121 rationalis
3134 1064 3414 1123 naturae.
3456 1055 3720 1121 Tertius
3773 1062 3873 1120 est
3911 1053 4286 1121 Richardus

2734 1162 2806 1227 in
2834 1183 2958 1228 suo
2982 1161 3152 1229 libro
3184 1161 3265 1229 de
3292 1163 3641 1241 Trinitate,
3667 1161 3894 1228 dicens
3920 1184 3938 1230 :
3966 1185 3999 1226 α
4036 1160 4286 1228 Perso-

2735 1291 2823 1335 na
2875 1267 3211 1359 significat
3257 1267 3696 1335 substantiale
3744 1290 3887 1336 esse
3927 1290 4011 1335 ex
4057 1266 4285 1357 aliqua

2735 1376 3061 1467 singulari
3110 1381 3544 1468 proprietate.
3591 1377 3749 1445 Ideo
3790 1399 3953 1468 ergo
4004 1377 4287 1444 fidenter

2736 1483 3027 1551 fatemur
3052 1508 3380 1575 personas
3419 1488 3489 1553 in
3520 1485 3871 1553 divinitate
3911 1484 4286 1553 secundum

2734 1591 3187 1660 substantiam
3217 1593 3452 1672 dictaS,
3488 1602 3556 1661 et
3581 1592 4032 1660 substantiam
4074 1594 4287 1683 signi-

2736 1699 2959 1779 ficare,
3012 1709 3080 1768 et
3124 1700 3353 1791 plures
3407 1700 3500 1768 ibi
3540 1723 3687 1768 esse
3741 1722 4091 1791 personas,
4143 1723 4283 1768 non

2734 1806 2960 1896 plures
2999 1806 3412 1875 substantias
3457 1830 3473 1877 :
3508 1809 3670 1899 quia
3714 1814 3875 1875 sunt
3903 1807 3996 1874 ibi
4051 1805 4280 1898 plures

2732 1914 3059 1984 habentes
3099 1939 3312 1983 unum
3341 1925 3406 1985 et
3444 1915 3833 1984 indifferens
3862 1937 4008 1983 esse
4039 1937 4125 1983 ex
4162 1915 4285 1983 dif-

2732 2021 2969 2090 ferenti
3018 2025 3453 2114 proprietate.
3496 2023 3737 2093 Unitas
3784 2024 4013 2113 itaque
4053 2022 4143 2090 ibi
4181 2032 4281 2092 est

2723 2134 2923 2222 juxta
2980 2133 3264 2201 modum
3331 2129 3622 2213 essendi,
3680 2133 4030 2225 pluralitas
4085 2134 4284 2223 juxta

2735 2241 3014 2308 modum
3055 2241 3389 2309 existendi
3423 2263 3439 2308 :
3485 2242 3709 2309 unitas
3740 2244 4071 2322 essentiae,
4122 2244 4284 2332 quia

2732 2371 2945 2415 unum
2989 2357 3056 2416 et
3083 2348 3474 2416 indifferens
3513 2371 3659 2417 esse
3701 2370 3718 2415 :
3763 2347 3997 2439 plures
4044 2371 4282 2439 perso-

2731 2478 2858 2532 nae,
2893 2457 3055 2546 quia
3084 2455 3312 2547 plures
3350 2455 3750 2524 existentiae.
3788 2481 3822 2519 ι

2821 2563 2949 2632 Per
2987 2563 3376 2653 exemplum
3431 2565 3635 2631 etiam
3689 2562 3824 2631 hoc
3878 2561 4206 2654 probatur
4256 2586 4272 2630 ε

2729 2669 2888 2758 quia
2947 2667 3014 2733 in
3093 2667 3522 2736 inferioribus
3589 2689 3877 2758 persona
3945 2667 4280 2759 significat

2726 2780 3180 2848 substantiam
3213 2780 3635 2870 suppositam
3675 2788 3935 2847 naturae
3971 2801 4277 2847 commu·

2727 2888 2796 2955 ni
2830 2910 2845 2955 ε
2905 2889 3314 2979 supponitur
3350 2895 3576 2955 autem
3624 2895 3884 2955 naturae
3923 2886 4269 2954 communi

2723 3019 2847 3087 per
2877 2993 3489 3064 lndividuationem
3520 3018 3725 3086 quam
3767 2993 3970 3063 habet
3999 3016 4086 3063 ex
4124 3017 4274 3061 ma·-

2723 3102 2891 3168 teria
2921 3111 2987 3169 et
3016 3100 3476 3169 accidentibus
3507 3101 3799 3191 propriis
3842 3123 3859 3168 ε
3894 3099 4011 3169 sed
4053 3122 4134 3169 ex
4166 3100 4273 3167 sui

2724 3208 3151 3301 ignobilitate
3184 3219 3310 3292 est,
3346 3209 3530 3301 quod
3559 3209 3883 3276 dividitur
3909 3232 4028 3299 per
4057 3216 4274 3276 mate-

2724 3320 2893 3385 riam
2928 3318 2994 3384 in
3026 3339 3161 3408 qua
3203 3326 3326 3395 est,
3364 3318 3454 3385 ita
3494 3315 3677 3407 quod
3718 3315 3829 3383 illa
3870 3338 4020 3407 quae
4065 3324 4165 3383 est
4203 3317 4272 3383 in

2724 3428 2876 3502 isto,
2916 3449 3054 3493 non
3093 3434 3195 3494 est
3229 3427 3296 3492 in
3323 3424 3440 3492 illo
3475 3448 3490 3492 ε
3526 3434 3592 3492 et
3629 3425 3725 3493 sic
3755 3425 3824 3491 in
3873 3422 4142 3491 duobus
4170 3446 4271 3509 est

2724 3531 3068 3625 ignobilis,
3113 3530 3366 3601 scilicet
3414 3532 3573 3624 quia
3619 3530 3967 3613 dividitur,
4009 3539 4074 3598 et
4111 3531 4269 3622 quia

2720 3642 3156 3733 componitur
3174 3664 3326 3709 cum
3360 3664 3442 3709 eo
3473 3639 3657 3730 quod
3687 3639 4066 3709 individuat
4085 3661 4262 3716 eam,

2721 3750 2970 3841 duplici
3038 3750 3556 3840 compositione,
3624 3748 3881 3818 scilicet
3925 3748 4265 3818 essentiali

2719 3882 2875 3926 cum
2910 3858 3217 3935 materia,
3249 3868 3316 3926 et
3352 3855 3745 3925 accidentali
3785 3878 3942 3925 cum
3974 3856 4275 3924 acciden-

2723 3963 3533 4033 tibusindividuantibus.
3570 3962 3641 4031 Si
3674 3986 3838 4054 ergo
3861 3963 4099 4031 demus
4134 3962 4273 4031 Deo

2720 4072 2904 4165 qnod
2944 4070 3316 4139 nobilitatis
3372 4081 3499 4149 est,
3542 4080 3609 4138 et
3663 4070 4051 4139 auferamus
4091 4070 4274 4160 quod

2719 4190 2822 4248 est
2880 4178 3354 4271 ignobilitatis,
3394 4178 3805 4269 significabit
3855 4200 4145 4269 persona
4205 4178 4271 4245 in

2717 4287 2969 4354 divinis
3026 4286 3475 4354 substantiam
3542 4287 3968 4377 suppositam
4043 4305 4058 4352 ε
4133 4307 4269 4351 non

2718 4406 2945 4462 tamen
2978 4394 3293 4477 divisam,
3329 4416 3451 4461 nec
3478 4393 3929 4483 compositam
3975 4393 4040 4458 in
4074 4415 4156 4460 eo
4199 4394 4268 4459 in

2718 4526 2855 4594 quo
2886 4502 3321 4593 supponitur,
3352 4502 3497 4569 sive
3529 4503 3598 4568 in
3629 4524 3766 4592 quo
3816 4509 3916 4570 est
3961 4522 3977 4568 :
4012 4507 4076 4568 ct
4117 4499 4268 4568 ideo

2722 4614 2941 4680 unitas
3007 4633 3449 4703 personarum
3504 4618 3807 4679 remanet
3873 4632 4140 4699 semper
4198 4611 4266 4677 in

2717 4720 3122 4797 substantia,
3192 4728 3255 4785 et
3325 4740 3648 4784 numerus
3717 4740 3924 4809 penes
3984 4717 4266 4784 modum

2714 4828 3090 4895 existentia}
3129 4825 3215 4894 ab
3244 4825 3405 4904 alin,
3439 4828 3615 4893 sicut
3651 4825 3819 4894 dixit
3856 4823 4257 4894 lticliarduS.

2714 4935 2914 5014 Quod
2944 4945 3172 5002 autem
3212 4931 3343 5001 hoc
3372 4956 3609 5001 verunt
3639 4934 3751 5011 sit,
3784 4934 4037 5002 scilicet
4073 4931 4255 5024 quod

2714 5041 2884 5111 nihil
2922 5039 3310 5109 absolutum
3362 5041 3429 5108 in
3470 5062 3759 5132 persona
3805 5041 4260 5132 significatum

2712 5158 3134 5228 numeratur,
3205 5148 3532 5239 accipitur
3594 5148 3678 5216 ab
3744 5148 4129 5239 Augustino
4188 5148 4257 5215 in

2714 5260 2845 5326 line
2875 5257 3027 5325 libri
3059 5254 3186 5322 vt!
3219 5255 3301 5323 de
3335 5257 3688 5334 Trinitate,
3729 5256 3847 5323 ubi
3897 5256 3993 5323 sic
4036 5253 4195 5323 dicit
4238 5277 4255 5324 :

2714 5395 2745 5429 α
2770 5367 2904 5433 Aut
2926 5365 2981 5432 si
3003 5361 3221 5454 placet
3251 5372 3524 5454 propter
3543 5362 3930 5455 disputandi
3958 5363 4257 5430 uecessi-

2710 5483 2944 5553 tatem,
2978 5473 3182 5541 etiam
3204 5473 3499 5560 exceptis
3520 5470 3912 5539 nominibus
3934 5470 4254 5548 relativiS,

2718 5580 3045 5676 pluralem
3107 5599 3468 5645 numerum
3536 5578 3914 5661 admittere,
3982 5584 4056 5643 ut
4116 5597 4256 5642 uno

2729 5695 3000 5764 nomine
3078 5687 3581 5778 respondeatur,
3667 5710 3822 5757 cum
3907 5686 4251 5777 quaeritur,
