4897 6388
1963 355 1970 438 j
2013 383 2029 412 .,
2101 323 2224 404 in.
2262 323 2783 403 lssswrnnr:
2825 333 3051 403 Dlsr.
3076 334 3215 416 fix,-
3248 339 3332 403 A.

2265 928 2286 935 ”
2316 937 3011 1049 DISTINCTIO
3082 939 3192 1033 X.

1370 1342 1461 1415 A.
1507 1339 1661 1416 Hic
1719 1339 1813 1415 de
1857 1338 2166 1439 Spiritu
2200 1289 2460 1419 sancto
2505 1333 2804 1435 aqita‘r:
2852 1342 2926 1414 et
2950 1337 3175 1435 prius
3216 1337 3420 1435 quod
3450 1338 3553 1423 ,sit
3601 1336 4100 1418 amor-Patris

2413 1481 2484 1549 et
2524 1469 2727 1545 Filii
2761 1469 3071 1544 dicitnr.

1230 1921 1299 1997 N
1307 1946 1461 1998 une
1489 1931 1667 2021 post
1696 1919 1868 1995 Filii
1900 1918 2436 2014 aeternitatem,
2480 1918 2575 1995 de
2602 1917 2891 2017 Spiritu
2926 1928 3192 1995 sancto
3224 1930 3596 2018 quantun]
3639 1922 3798 1997 Deo
3838 1922 4173 1996 donante
4218 1920 4337 1992 vi-
4389 1961 4458 2007 0„
4485 1967 4673 2006 mm,

1132 2059 1312 2133 dere
1348 2055 1826 2149 conceditur,
1870 2054 2365 2131 disseramus.
2404 2051 2738 2152 Spiritus
2768 2062 3083 2128 sanctus
3141 2076 3358 2128 amor
3395 2064 3532 2146 est,
3578 2055 3738 2131 sive
3771 2055 4128 2149 charitas,
4174 2055 4335 2130 sive
4366 2015 4697 2168 εἰξὲἷῇῗῖιῖἶζ

1132 2193 1444 2273 dilectio
1478 2191 1731 2275 Patris
1768 2200 1844 2267 et
1874 2190 2071 2274 Filii.
2115 2189 2348 2274 Unde'
2365 2188 2853 2287 Augustinus
2892 2188 2970 2269 in
3004 2189 3199 2270 libro
3229 2189 3367 2272 XV
3406 2190 3498 2271 de
3532 2190 3904 2274 Trim‘late
3961 2191 4065 2272 ait
4099 2215 4115 2268 ε
4162 2190 4339 2289 Spi-
4367 2135 4695 2277 22'322‘31353

1133 2329 1327 2404 ritus
1366 2336 1686 2404 sanctus
1727 2349 1872 2402 nee
1901 2325 2151 2402 Patris
2180 2335 2297 2401 est
2324 2324 2593 2419 solius,
2630 2346 2775 2400 nec
2816 2323 2987 2398 Filii
3040 2334 3158 2399 est
3217 2324 3485 2419 solius,
3530 2325 3663 2400 sed
3730 2326 4133 2401 amborum·
4179 2349 4195 2400 t
4268 2334 4343 2400 et
4419 2283 4644 2341 ‘'mmm‘'

1128 2463 1304 2540 ideo
1338 2449 2029 2562 communemque
2068 2459 2402 2544 invicem
2444 2484 2527 2537 se
2569 2459 2907 2557 diligunt
2950 2460 3177 2535 Pater
3235 2471 3310 2535 et
3375 2460 3640 2556 Filius,
3716 2462 3934 2537 nobis
4004 2462 4342 2538 insinuat

1133 2598 1589 2688 charitatem
1632 2597 1679 2674 ¹.

1620 3186 1862 3243 mvtsm
1919 3185 2189 3239 Tssxtcs.

1225 3410 1259 3444 ιι
1301 3381 1508 3452 Nune
1555 3401 1707 3454 vero
1755 3387 1913 3469 post
1985 3376 2162 3448 Filia·
2204 3374 2678 3456 aetentitatem,

1129 3496 1261 3565 etc.
1297 3513 1332 3554 ι

1212 3595 1342 3665 Hic
1373 3594 1697 3685 incipitur
1742 3616 1898 3684 pars
1948 3591 2060 3661 illa
2091 3614 2241 3684 quoe
2270 3598 2372 3661 cst
2398 3591 2482 3661 de
2520 3614 2686 3683 pro-

1126 3707 1433 3776 cessione
1491 3702 1789 3796 Spiritus
1838 3703 2079 3788 sancti,
2129 3710 2198 3771 et
2242 3702 2567 3777 dividitur
2614 3701 2684 3773 in

1127 3814 1298 3883 duas
1335 3821 1616 3906 partes:
1679 3810 1751 3887 in
1808 3833 2099 3904 quarum
2146 3810 2367 3901 prima
2414 3810 2557 3902 agit
2599 3809 2684 3878 de

1122 3921 1563 4014 processione
1592 3920 1740 4010 ejus
1773 3927 2051 3988 aeterna.
2104 3917 2180 3998 In
2227 3917 2523 3994 secunda
2554 3939 2684 3989 eu·-

1120 4042 1257 4111 tem
1305 4034 1450 4124 agit
1497 4030 1582 4110 de
1631 4031 2068 4122 processione
2114 4030 2263 4119 eius
2316 4026 2682 4120 temporali

1118 4163 1271 4233 quae
1301 4140 1541 4232 incipit
1591 4140 1659 4211 in
1707 4137 2143 4215 distinctione
2198 4132 2387 4213 XIV,
2432 4132 2554 4211 ibi,
2594 4133 2679 4215 Α,

1127 4279 1160 4316 α
1191 4250 1538 4322 Praeterea
1582 4247 1954 4339 diliqenter
2018 4242 2495 4323 annotandum
2554 4250 2677 4323 est,

1117 4356 1309 4449 quod
1340 4356 1621 4447 qemina
1649 4365 1748 4423 est
1777 4354 2144 4446 processio,
2177 4358 2304 4421 etc.
2341 4378 2372 4417 ιι

1207 4463 1445 4533 Prima
1491 4461 1817 4537 dividitur
1872 4459 2157 4537 ulterius
2223 4460 2296 4527 in
2341 4464 2477 4537 tres
2526 4479 2542 4525 ε
2612 4456 2681 4533 in

1121 4594 1415 4664 quarum
1444 4570 1669 4663 prima
1695 4571 1920 4662 egitur
1946 4567 2028 4641 de
2059 4565 2266 4643 modo
2296 4565 2684 4657 processio·-

1121 4682 1227 4750 nis
1257 4682 1408 4771 ejus
1446 4682 1519 4753 in
1565 4681 1869 4751 nomine.
1923 4678 2002 4749 ln
2057 4677 2355 4752 secunda
2402 4676 2484 4745 de
2515 4699 2682 4767 pro-

1120 4791 1429 4860 cessione
1467 4790 1617 4878 ejus
1656 4790 1726 4857 in
1770 4786 2282 4878 comparatione
2328 4783 2412 4856 ad
2452 4783 2683 4855 termi-

1123 4925 1289 4970 num
1322 4922 1360 4968 a
1418 4923 1584 4992 quo,
1639 4920 1789 4989 quoe
1837 4897 2070 4987 incipit
2121 4897 2191 4964 in
2248 4894 2682 4965 distinctione

1122 5009 1248 5089 xl,
1277 5008 1398 5092 ibi,
1433 5009 1519 5087 A,
1566 5034 1599 5074 α
1633 5007 1765 5076 llic
1801 5005 2166 5074 dicendum
2212 5013 2309 5074 est
2336 5002 2679 5095 Spiritum

1125 5126 1445 5186 sanctum
1477 5139 1615 5186 esse
1650 5138 1695 5183 a
1722 5117 1936 5184 Patre
1967 5121 2031 5182 et
2055 5112 2267 5182 Filio.
2309 5140 2341 5174 n
2374 5109 2450 5177 ln
2480 5109 2681 5179 tertia

1124 5224 1208 5295 de
1246 5223 1630 5294 differentia
1678 5221 2130 5314 processionis
2182 5219 2475 5310 Spiritus
2518 5240 2683 5287 san-

1122 5329 1240 5413 cti,
1283 5337 1353 5398 et
1393 5327 1857 5421 generationis
1898 5324 2077 5406 Filii,
2129 5346 2279 5415 quae
2330 5323 2568 5412 incipit
2610 5321 2680 5397 in

1123 5440 1563 5509 distinctione
1591 5437 1784 5522 xm,
1827 5437 1945 5517 ibi,
1981 5436 2067 5518 A,
2103 5461 2136 5508 n
2170 5437 2336 5505 Post
2362 5434 2487 5504 leoc
2515 5456 2680 5509 con-

1203 5671 1223 5707 ¹
1256 5672 1314 5729 S.
1337 5671 1716 5740 Aucusrmus,
1742 5664 1864 5726 Lib.
1886 5668 1989 5725 XV
2011 5667 2084 5723 de
2103 5664 2408 5734 Trinitate‚
2426 5672 2554 5739 cap.
2587 5664 2679 5728 Π.

2790 2951 3244 3032 siderandum
3326 2963 3447 3033 est,
3533 2965 3869 3045 quantum
3946 2980 3991 3025 a
4082 2955 4340 3028 talc‘bees

2792 3057 3035 3148 quales
3071 3082 3217 3144 nos,
3242 3070 3368 3132 etc.
4258 3091 4261 3094 ·

2886 3162 3116 3243 Prima
3146 3163 3388 3237 harum
3428 3169 3721 3260 partium
3762 3174 4150 3244 continetur
4195 3182 4338 3249 tota

2797 3273 2866 3349 in
2905 3272 3032 3352 hac
3060 3274 3516 3359 distinctione,
3550 3303 3703 3370 quae
3743 3279 4067 3350 dividitur
4105 3283 4171 3350 in
4202 3291 4337 3349 tres

2795 3392 3020 3474 partes
3063 3406 3079 3451 :
3115 3407 3403 3476 quarum
3442 3388 3657 3479 prima
3686 3389 4011 3470 continet,
4053 3389 4341 3481 qualiter

2799 3487 3081 3581 Spiritui
3124 3501 3355 3565 sancto
3385 3493 3797 3573 attribuitur,
3831 3494 4013 3586 quod
4051 3496 4138 3564 sit
4175 3495 4339 3563 cha-

2797 3596 2959 3665 ritas
3008 3597 3116 3665 vel
3172 3622 3387 3668 amor.
3436 3599 3745 3670 Secunda
3787 3603 4113 3682 eontinet,
4157 3602 4339 3692 quod

2795 3712 2872 3772 ut
2916 3728 3113 3776 antor
3156 3707 3460 3798 procedit
3505 3732 3542 3775 a
3585 3708 3781 3778 Patre
3840 3717 3906 3777 et
3951 3708 4145 3793 Filio,
4188 3734 4338 3802 quze

2795 3811 3031 3902 incipit
3061 3812 3181 3897 ibi,
3223 3813 3297 3893 F,
3353 3843 3384 3880 ι
3412 3818 3612 3886 Nunc
3650 3840 3802 3887 vero
3844 3817 4038 3909 quod
4081 3819 4339 3910 incepi-

2793 3942 2949 3991 mus
2977 3921 3347 4006 ostendere,
3383 3932 3513 3995 etc.
3545 3954 3576 3988 n
3620 3923 3695 3993 ln
3727 3927 3922 3997 tertia
3951 3927 4339 4018 assignatur

2793 4029 2967 4097 ratio
3023 4027 3226 4120 hujus
3283 4032 3609 4114 nominis,
3665 4033 3848 4124 quod
3894 4035 4036 4125 ipse
4092 4033 4342 4105 dicitur

2796 4137 3093 4228 Spiritus
3131 4150 3404 4213 sanctus
3442 4144 3717 4234 proprio
3748 4145 4051 4230 nomine,
4096 4144 4214 4224 ibi,
4248 4143 4336 4223 11,

2796 4267 2831 4304 α
2868 4243 2999 4317 llic
3030 4244 3413 4317 notandum
3442 4255 3563 4328 est,
3597 4249 3787 4339 quod
3823 4250 4130 4341 Spiritus
4173 4272 4342 4319 san-

2790 4351 3035 4426 clusin
3072 4352 3126 4421 T
3120 4352 3402 4425 rinitate
3424 4355 3812 4446 specialiter
3840 4355 4119 4439 dicitur,
4140 4365 4267 4428 etc.
4298 4382 4327 4418 n

2884 4456 2960 4523 ln
3002 4460 3221 4549 prima
3253 4459 3495 4529 barum
3527 4464 3960 4531 eontinentur
3989 4466 4289 4557 quinque
4318 4483 4333 4536 ἕ

2792 4584 3089 4657 quorum
3130 4569 3425 4657 primunt
3468 4566 3691 4651 babet,
3738 4571 3918 4661 quod
3976 4573 4147 4642 sicut
4190 4571 4342 4664 Spi-

2793 4670 2964 4749 ritus
3001 4682 3274 4744 sanctus
3302 4683 3405 4743 est
3455 4676 3673 4747 l'atris
3720 4687 3786 4748 et
3828 4679 3974 4755 Filii
4027 4703 4338 4750 commu·-

2792 4780 2993 4867 niter,
3063 4784 3154 4851 ila
3220 4783 3520 4859 insinuat
3585 4808 3886 4855 amorem
3957 4790 4333 4881 utriusque.

2795 4888 3110 4965 Secunda
3175 4888 3376 4961 habet
3435 4892 3901 4984 probationem
3958 4894 4164 4988 hujus
4218 4921 4340 4989 per

2792 4997 3206 5074 Canonicam
3270 4999 3580 5081 ¹loannis,
3645 5003 3762 5085 ibi,
3828 5004 3905 5090 Β,
3977 5030 4010 5070 α
4040 5007 4338 5074 ,loannes

2792 5116 3022 5175 autem
3056 5108 3127 5174 in
3156 5109 3499 5199 Epistola.
3537 5140 3568 5173 υ
3612 5111 3835 5180 Tertia
3864 5112 4333 5203 probationem

2795 5210 3023 5293 habet,
3077 5214 3259 5305 quod
3323 5215 3615 5285 charitas
3671 5218 3739 5285 in
3804 5218 4052 5296 divinis
4094 5220 4339 5291 dicitur

2792 5322 3238 5392 essentialiter
3266 5331 3330 5391 et
3358 5324 3822 5415 personaliter,
3855 5326 3974 5410 ibi,
4008 5329 4077 5397 in
4109 5327 4336 5402 medio

2794 5428 2875 5509 13,
2919 5458 2952 5492 «
2998 5431 3234 5505 nescio
3271 5455 3395 5500 cm·
3455 5436 3631 5503 sicut
3691 5437 4034 5527 sapientia
4089 5446 4154 5509 et
4191 5440 4337 5507 Pa-
