4897 6388
1724 351 1757 373 ⁴-
1835 308 1929 404 ΙΝ
1976 306 2005 371 1
2056 296 2482 370 SENTENT.
2532 292 2761 361 DIST.
2819 292 2905 371 V,
2956 290 3039 371 E,
3092 289 3290 356 ΛΒΤ.
3347 289 3412 356 4.
4120 298 4237 367 181

2773 468 2941 537 Haec
2971 440 3073 537 est
3113 492 3267 558 pars
3307 466 3420 534 itta
3452 466 3522 532 in
3554 486 3689 555 qua
3727 463 4041 554 objicitur
4068 485 4237 531 con-

2685 588 2786 647 tra
2818 602 3025 669 supra
3055 579 3528 658 determinata,
3562 583 3628 644 et
3665 574 3892 660 solvit,
3964 583 4030 643 et
4083 576 4235 642 Lic-

1513 709 1753 753 mvtsto
1800 710 2064 755 Tsx‘rus.
2682 700 2828 756 tera
2860 696 2962 755 est
3000 686 3232 776 plana.

1113 952 1145 990 α
1218 924 1399 992 Huic
1464 933 1696 991 autem
1779 924 2047 992 videtur
2117 921 2563 997 contrarium,

1017 1040 1144 1103 oto.
1183 1056 1215 1096 n

1749 1335 1832 1408 E.
1875 1327 2098 1404 Alias
2153 1335 2416 1425 parles
2479 1326 2931 1426 quaestionis
2996 1326 3466 1426 eoeseqzcitur.

1098 1629 1212 1705 lta
1251 1629 1481 1705 etiam
1522 1656 1680 1707 non
1722 1646 1839 1709 est
1889 1634 2328 1729 dicendum,
2375 1635 2581 1734 quod
2624 1634 2891 1710 divina
2931 1636 3268 1710 essentia
3321 1633 3594 1730 genuit
3651 1632 3973 1707 Filium:
4039 1625 4222 1724 quia

1003 1787 1179 1838 cum
1221 1765 1462 1842 Filius
1502 1767 1602 1842 sit
1657 1768 1921 1843 divina
1972 1769 2331 1864 essentia,
2374 1770 2535 1868 jam
2583 1782 2791 1863 esset
2847 1773 3089 1849 Filius
3137 1796 3257 1848 res
3314 1798 3360 1846 a
3418 1794 3575 1869 qua
3639 1776 4105 1866 generatur:
4145 1772 4220 1838 et

1003 1896 1109 1974 ita
1135 1901 1405 1976 eadem
1436 1926 1561 1978 res
1594 1903 1928 2002 seipsam
1959 1915 2390 2002 generaret.
3227 1898 3230 1901 ’

1100 2035 1215 2109 Ita
1246 2035 1474 2112 etiam
1515 2036 1873 2133 dicimus,
1919 2039 2120 2138 quod
2155 2040 2489 2115 essentia
2516 2040 2779 2116 divina
2816 2066 2969 2117 non
3002 2043 3273 2140 genuit
3312 2041 3751 2118 essentiam.
3781 2041 3971 2115 Cum
4005 2040 4210 2116 enim

998 2192 1153 2244 una
1191 2180 1267 2247 et
1305 2194 1612 2247 summa
1649 2173 2006 2272 quaedatn
2067 2197 2187 2250 res
2226 2175 2324 2250 sit
2386 2174 2652 2251 divina
2699 2178 3067 2271 essentia,
3127 2178 3187 2251 si
3232 2177 3496 2250 divina
3545 2176 3881 2251 essentia
3948 2198 4213 2250 essen-

993 2305 1176 2380 tiam
1207 2307 1503 2404 genuit,
1551 2308 1818 2384 eadem
1883 2334 2005 2386 res
2034 2310 2363 2409 seipsam
2391 2312 2692 2408 genuit,
2727 2313 2936 2412 quod
2971 2314 3289 2388 omnino
3334 2338 3504 2389 esse
3541 2335 3691 2387 non
3736 2322 3980 2410 potest
4020 2335 4036 2386 :
4074 2311 4206 2386 sed

989 2441 1217 2517 Pater
1268 2445 1483 2519 solus
1522 2445 1789 2542 genuit
1833 2446 2145 2540 Filium,
2181 2456 2255 2522 et
2294 2470 2339 2521 a
2369 2447 2596 2524 Patre
2638 2460 2708 2524 et
2745 2449 2938 2524 Filio
2973 2452 3318 2549 procedit
3349 2451 3683 2551 Spiritus
3712 2459 4052 2525 sanetus.

1480 3032 1719 3078 DlVlSlO
1778 3032 2041 3078 szrcs.

1082 3252 1114 3287 «
1149 3225 1261 3292 Ita
1299 3225 1508 3293 etiam
1549 3246 1684 3292 non
1714 3235 1808 3293 est
1837 3224 2226 3304 dicendum,
2258 3235 2386 3294 etc.
2427 3251 2460 3289 n

1078 3330 1205 3400 llic
1263 3331 1496 3423 incipit
1530 3353 1686 3421 pars
1716 3331 1830 3400 illa
1877 3355 2027 3424 quae
2083 3340 2183 3401 est
2249 3333 2329 3401 de
2386 3332 2538 3400 aliis

986 3436 1253 3505 duabus
1285 3437 1592 3529 partibus
1626 3438 2091 3528 problematis,
2118 3462 2285 3530 quas
2313 3450 2539 3531 partes

986 3544 1312 3637 Magister
1368 3545 1478 3615 hic
1550 3547 1837 3615 intendit
1896 3547 2264 3620 destruere.
2317 3549 2399 3617 Et
2437 3549 2536 3616 di-

979 3652 1241 3722 viditur
1271 3653 1339 3721 in
1371 3653 1541 3723 duas
1583 3664 1831 3746 partes.
1857 3657 1935 3724 ln
1966 3659 2182 3748 prima
2214 3657 2538 3749 Magister

979 3761 1304 3839 ostendit,
1362 3762 1546 3854 quod
1606 3766 1901 3832 essentia
1946 3765 2174 3833 diviua
2232 3790 2355 3834 nec
2411 3791 2536 3858 ge·

985 3869 1132 3938 nuit
1173 3868 1444 3947 Filium,
1483 3892 1606 3938 nec
1644 3874 1874 3962 genita
1913 3882 2008 3941 est
2051 3898 2089 3939 a
2154 3874 2397 3964 seipsa.
2454 3875 2530 3942 ln

987 3974 1283 4044 secunda
1313 3985 1539 4044 autem
1581 3987 1766 4067 parte
1820 3978 2138 4070 Magister
2174 3980 2398 4067 objicit
2467 3981 2531 4048 iu

988 4087 1406 4156 contrarium
1490 4109 1614 4177 per
1704 4089 2160 4167 auctoritates,
2245 4088 2363 4171 ibi,
2458 4088 2528 4165 1³,

986 4220 1021 4256 a
1058 4192 1420 4260 Praedictis
1456 4203 1686 4261 autem
1743 4194 2009 4262 videtur
2069 4218 2206 4262 esse
2258 4205 2533 4263 contra-

986 4301 1197 4384 rium,
1233 4309 1360 4368 ele.
1401 4330 1432 4361 υ

1076 4410 1152 4478 ln
1210 4410 1431 4501 prima
1486 4421 1644 4478 sunt
1703 4411 1849 4481 duae.
1880 4422 2103 4504 partes
2161 4437 2367 4505 penes
2397 4415 2532 4482 duo

985 4518 1408 4611 problemata
1483 4542 1634 4611 quae
1690 4522 2099 4613 exsequitur.
2164 4522 2238 4591 ln
2316 4526 2535 4615 prima

985 4627 1417 4707 determinat,
1462 4628 1645 4719 quod
1676 4632 1965 4697 essentia
1993 4630 2221 4699 divina
2254 4656 2391 4702 non
2420 4658 2536 4726 ge·

986 4736 1135 4804 nuit
1192 4735 1463 4806 Filium.
1538 4735 1614 4803 In
1682 4738 1977 4807 secunda
2034 4749 2286 4818 autem,
2349 4744 2532 4832 quod

987 4845 1280 4913 essentia
1340 4844 1571 4914 divina
1639 4869 1773 4915 non
1830 4851 2061 4938 genuit
2120 4874 2217 4932 sc,
2278 4850 2395 4928 ibi,
2463 4851 2530 4920 in

990 4951 1216 5021 medio
1255 4976 1404 5044 cap.
1440 4952 1517 5033 E,
1557 4978 1590 5019 ι
1625 4955 1732 5022 Ila
1761 4957 1967 5023 eliam
1998 4958 2312 5040 dicimus,
2348 4960 2539 5052 quod

990 5063 1276 5129 essentia
1314 5061 1550 5131 divina
1597 5087 1731 5132 non
1766 5068 2027 5154 qenuil,
2073 5077 2195 5136 etc.
2246 5097 2278 5131 »

3118 2773 3623 2846 ARTICULUS
3664 2776 3749 2844 V.

2653 2993 2904 3060 Utrum
2942 2993 3006 3058 si
3037 2992 3268 3058 Filius
3307 3001 3472 3059 esse!
3525 2994 3800 3082 qenilus
3864 3016 3906 3060 α
3964 2994 4202 3059 divina

2735 3099 3056 3176 essentia,
3102 3099 3330 3166 Filius
3360 3109 3527 3165 esset
3554 3098 3799 3190 aliqua
3858 3122 3962 3167 res
3990 3123 4034 3167 a
4063 3122 4203 3191 qua

2733 3216 3181 3297 qencrarelur
3207 3204 3247 3272 ?

2736 3531 2982 3600 Incidit
3037 3533 3321 3600 dubium
3362 3533 3444 3600 de
3478 3534 3736 3602 ratione
3777 3556 3980 3624 quam
4013 3536 4200 3625 ponit

2652 3636 2978 3728 Magister
3033 3639 3119 3707 ad
3187 3643 3484 3731 primum
3524 3640 3903 3731 problema,
3944 3639 4200 3719 dicenS,

2649 3747 2832 3837 quod
2868 3750 2921 3815 si
2960 3749 3168 3815 Filius
3197 3760 3369 3816 esset
3418 3750 3690 3839 genitus
3719 3772 3756 3816 a
3797 3748 4024 3815 divina
4091 3771 4205 3816 es-

2649 3856 2893 3924 sentia.
2931 3857 3075 3944 jani
3118 3866 3289 3922 esset
3338 3857 3545 3924 Filius·
3586 3880 3692 3923 res
3730 3880 3767 3923 a
3807 3879 3940 3947 qua
3990 3878 4205 3947 gene-

2649 3972 2861 4031 ratur.
2941 3962 3082 4032 lloc
3159 3966 3338 4031 enirn
3401 3964 3492 4031 ihi
3555 3964 3824 4032 videtur
3879 3966 4206 4033 inconve-

2647 4071 2868 4137 niens.
2921 4070 3275 4139 vnum-110.
3336 4072 3543 4139 Filius
3599 4083 3694 4141 est
3766 4075 4080 4150 essentia,
4140 4084 4202 4142 et

2647 4181 2941 4245 essentia
2983 4188 3080 4245 est
3157 4179 3393 4247 l'ater:
3456 4204 3619 4270 ergo
3683 4180 3889 4247 Filius
3945 4190 4048 4249 est
4101 4204 4206 4248 res

2648 4306 2799 4374 quae
2859 4295 2959 4353 est
3026 4286 3266 4354 Pater:
3329 4298 3461 4355 eta
3543 4287 3740 4355 Patre
3800 4298 3897 4355 est
3953 4288 4202 4356 Filius:

2647 4417 2813 4485 ergo
2848 4394 3059 4461 Filius
3091 4405 3187 4462 est
3232 4419 3334 4462 res
3379 4419 3415 4463 a
3465 4418 3600 4486 qua
3653 4395 3796 4486 ipse
3829 4405 3928 4463 est
3971 4396 4203 4464 Filius.

2740 4602 3051 4669 Soncrto.
3117 4599 3345 4665 l'ritna
3400 4608 3500 4668 est
3556 4601 3720 4672 falsa
3786 4606 4203 4697 simpliciter,

2647 4709 2818 4776 sicut
2851 4709 3012 4775 dicit
3037 4707 3381 4798 Magister,
3416 4710 3696 4796 scilicet,
3733 4713 3939 4780 Filius
3972 4724 4071 4782 est
4104 4738 4207 4783 res

2646 4840 2686 4884 a
2726 4841 2862 4908 qua
2898 4827 3287 4907 generatur.
3339 4817 3603 4886 Etcum
3680 4819 3947 4899 dicitur,
4004 4821 4208 4890 Filius

2647 4934 2746 4994 cst
2766 4927 3087 5008 essentia,
3113 4950 3271 4993 vera
3306 4937 3405 4994 est
3429 4931 3594 4996 ista:
3630 4938 3694 4996 et
3724 4931 4037 5001 similiter
4067 4933 4203 5012 illa,

2648 5034 2963 5102 Essentia
3003 5042 3103 5100 est
3149 5033 3386 5101 l'ater:
3423 5033 3535 5101 sed
3570 5059 3726 5102 cum
3768 5036 4052 5107 ulterius
4101 5042 4210 5108 in-

2650 5143 2903 5210 fertur:
2942 5164 3106 5232 ergo
3140 5141 3351 5209 Filius
3381 5152 3479 5209 est
3514 5165 3619 5239 res
3659 5166 3808 5234 quae
3848 5154 3950 5213 est
3979 5146 4204 5228 Pater,

2650 5248 2903 5340 duplex
2970 5258 3072 5316 est
3155 5248 3406 5316 locutio
3490 5273 3572 5317 ex
3667 5253 4208 5342 aequivocatione

2651 5352 2859 5446 hujus
2915 5357 3215 5435 termini,
3267 5378 3371 5422 res
3422 5379 3438 5423 ε
3492 5358 3652 5448 quia
3708 5358 3763 5425 si
3821 5361 4204 5449 essentiale,

2650 5485 2813 5530 vera
2845 5473 2984 5532 est:
3020 5465 3075 5531 si
3116 5464 3502 5555 personale,
3539 5464 3704 5533 falsa
3741 5489 3756 5535 :
3809 5476 3874 5536 et
3950 5469 4021 5536 in
4079 5469 4209 5538 hoc

2652 5593 2858 5639 sensu
2889 5573 3201 5660 sequitur
3238 5570 3614 5659 conclusio,
3647 5596 3811 5664 ergo
3840 5573 4054 5645 Filius
4108 5585 4207 5644 est

2653 5702 2761 5748 res
2800 5701 2840 5746 a
2871 5701 3006 5770 qua
3037 5681 3181 5770 ipse
3221 5689 3343 5748 est.

4290 4669 4486 4715 solano.
4508 4706 4518 4714 .
