4897 6388
734 411 863 476 604

1735 409 1811 475 ι).
1863 408 2060 474 ALB.
2112 405 2330 474 MAG.
2384 405 2590 474 om).
2646 404 2950 472 PRAED.
3767 454 3801 474 ,
3898 493 3911 506 ι

1735 957 2469 1085 DISTINCTIO
2552 988 2890 1083 XXIV.

723 1392 811 1462 A.
862 1386 1067 1477 Quid
1095 1384 1572 1484 siqnificetur
1597 1384 1717 1461 lais
1753 1382 2218 1478 nominibus,
2248 1405 2444 1454 τινας
2470 1379 2597 1455 vel
2641 1406 2827 1475 una,
2862 1381 3014 1456 duo
3039 1382 3162 1456 vel
3194 1381 3395 1467 duae,
3427 1387 3580 1455 tres
3617 1377 3744 1455 vel
3766 1379 3944 1468 tria,

824 1523 1072 1597 trinus
1109 1521 1234 1596 vel
1265 1521 1596 1611 crinitam,
1638 1519 1901 1617 plures
1930 1518 2055 1593 vel
2076 1515 2514 1616 pluralitas
2568 1499 2961 1590 distinctio
3002 1515 3131 1590 vel
3164 1516 3573 1601 distinctae,
3612 1537 3785 1588 cum
3827 1513 3949 1587 Itis

832 1657 1125 1731 utimur
1161 1656 1253 1730 de
1291 1656 1460 1730 Deo
1509 1655 1921 1754 loquentes,

812 2068 1025 2148 Quid
1053 2064 1579 2141 significetui·
1607 2080 1764 2143 pm·
1794 2075 2098 2124 nonuen
2129 2059 2599 2131 numerale,
2640 2074 2839 2122 eum
2876 2059 3302 2138 loquimur
3332 2059 3442 2123 de
3487 2061 3788 2123 «livinis
3815 2060 3864 2121 ’ἒ

827 2429 970 2503 llic
1022 2426 1435 2523 diligenter
1499 2424 1787 2523 inquiri
1847 2433 2169 2523 oportet,
2233 2445 2404 2497 cum
2458 2422 2535 2496 in
2575 2421 2945 2497 Trinitate
3016 2444 3173 2496 non
3226 2422 3326 2497 sit
3364 2421 3772 2498 diversitas
3810 2424 3932 2499 vel

727 2561 1245 2660 singularitaS,
1293 2583 1436 2634 nec
1478 2557 1998 2657 multiplicitas
2037 2558 2156 2632 vel
2216 2556 2580 2652 solitudo,
2634 2555 2823 2654 quid
2881 2554 3375 2653 significetur
3436 2556 3560 2632 his
3603 2556 3941 2632 nomini-

728 2700 910 2792 buS,
965 2697 1253 2772 scilicet
1293 2719 1498 2770 unus
1536 2695 1657 2771 vel
1723 2718 1903 2784 una,
1948 2694 2098 2768 duo
2131 2694 2251 2768 vel
2284 2692 2497 2806 glute,
2552 2702 2709 2768 tres
2757 2693 2883 2768 vel
2916 2692 3092 2788 tria,
3123 2693 3379 2768 trinus
3415 2694 3540 2769 vel
3609 2693 3937 2788 trinitaS,

720 2836 988 2936 plures
1041 2834 1163 2908 vel
1233 2829 1662 2929 pluralitas,
1724 2827 2102 2903 distinctae
2165 2828 2291 2902 vel
2357 2825 2748 2903 distinctio
2795 2850 2812 2902 :
2865 2850 3044 2903 cum
3087 2827 3397 2915 dicitur,
3442 2851 3646 2903 unus
3695 2828 3933 2924 DeuS‚

719 2969 903 3044 duae
948 2990 1322 3067 personze,
1360 2966 1480 3041 vel
1525 2975 1681 3040 tres
1721 2986 2099 3063 personae,
2137 2963 2396 3061 plures
2435 2984 2822 3061 personae,
2885 2961 3273 3037 distincta}
3305 2972 3490 3036 sunt
3520 2985 3872 3062 persona}
3918 2987 3935 3039 ε

727 3107 850 3179 vel
926 3128 1103 3179 cum
1145 3101 1450 3194 dicitur,
1511 3098 1896 3174 distinctio
1965 3121 2501 3198 personarum,
2546 3097 2955 3198 pluralitas
3023 3121 3567 3198 personarum,
3630 3099 3930 3174 trinitas

691 3264 1248 3343 personarum,
1273 3249 1349 3314 et
1390 3237 1859 3335 hujusmodi.
1897 3235 2269 3311 Videmur
2293 3234 2501 3310 enim
2536 3237 2682 3311 hoc
2706 3235 3081 3331 dicenteS,
3130 3261 3638 3313 numerorum
3674 3263 3930 3338 quan-

719 3378 999 3470 titates,
1043 3386 1115 3451 et
1150 3398 1402 3450 rerum
1450 3371 2017 3447 multitudinem
2045 3372 2166 3446 vel
2213 3369 2860 3470 multiplicitatem
2896 3371 2972 3445 in
3006 3371 3171 3447 Deo
3226 3396 3543 3471 ponere.
3582 3373 3779 3462 Quid
3813 3397 3937 3450 er-

721 3538 817 3609 go
851 3512 991 3585 ista
1026 3509 1124 3584 ibi
1151 3506 1617 3605 significent,
1662 3506 1829 3606 ipso
1868 3506 1962 3581 de
1994 3528 2147 3604 quo
2191 3505 2584 3605 loquimur
2621 3504 3048 3605 aperiente,
3085 3506 3488 3584 insinuare
3533 3533 3927 3586 curemus.

1214 4222 1457 4267 ΏΙΥΙ8ΙΟ
1495 4224 1766 4272 TBXTUS·

825 4548 856 4578 e·
885 4519 1013 4585 llic
1058 4517 1423 4607 diliyeteler
1443 4522 1706 4611 inquiri
1734 4533 2016 4614 oportet,
2058 4533 2185 4593 etc.
2224 4553 2256 4586 »

819 4625 950 4692 llic
989 4625 1217 4715 incipit
1250 4626 1573 4717 Magister
1607 4652 1807 4719 agere
1845 4630 1927 4699 de
1958 4632 2261 4699 terminis

736 4734 1228 4802 numeralibus,
1293 4736 1367 4803 Et
1411 4736 1613 4805 habet
1681 4737 1826 4806 haec
1894 4763 2046 4830 pars
2101 4740 2268 4809 duas

732 4842 1197 4908 distinctiones
1243 4864 1259 4911 ε
1326 4845 1390 4909 in
1432 4866 1722 4933 quarum
1780 4847 1998 4935 prima
2045 4847 2269 4915 deter-

737 4951 949 5015 minat
997 4948 1079 5015 de
1120 4951 1509 5018 nominibus
1541 4952 2004 5020 numeralibus
2043 4953 2108 5020 in
2166 4978 2261 5022 se.
2296 5022 2300 5026 .

737 5054 810 5121 ln
876 5056 1168 5123 secunda
1218 5057 1298 5124 de
1356 5080 1437 5125 eo
1496 5058 1671 5125 circa
1731 5058 1910 5149 quod
1966 5061 2262 5151 ponitur,

735 5161 919 5252 quod
952 5170 1052 5229 cst
1079 5165 1268 5253 quasi
1310 5174 1741 5233 numeratum
1773 5167 1843 5244 in
1880 5166 2124 5234 divinis
2159 5192 2173 5235 ε
2201 5178 2267 5237 et

736 5269 878 5337 haec
917 5272 1147 5361 incipit
1184 5275 1247 5339 in
1296 5271 1729 5341 distinctione
1771 5273 1990 5353 XXV,
2026 5276 2143 5359 ibi,
2180 5278 2263 5357 A,

744 5399 776 5438 α
811 5378 1147 5445 I’reeterea
1176 5378 1743 5447 considerandum
1783 5390 1902 5463 est,
1932 5389 2059 5449 etc.
2107 5408 2139 5446 ι

831 5483 1056 5554 Prima
1115 5511 1263 5578 pars
1319 5488 1773 5557 subdividitur
1818 5492 1888 5557 in
1954 5499 2137 5559 tres:
2197 5493 2268 5560 in

743 5613 1027 5679 quarum
1079 5596 1291 5684 prima
1323 5594 1563 5684 prohat
1601 5595 1946 5687 Magister,
1988 5597 2170 5688 quod
2199 5601 2267 5667 in

746 5695 990 5765 talibus
1046 5699 1448 5768 dictionibus
1488 5701 1949 5771 numeralibus
1977 5726 2116 5773 non
2153 5729 2273 5796 po·

2369 3864 2554 3929 nitur
2581 3863 2929 3954 quantitas
2958 3863 3031 3931 iu
3061 3862 3343 3931 divinis.
3380 3862 3455 3930 ln
3487 3861 3784 3930 secunda
3816 3884 3938 3929 os-

2370 3971 2608 4053 tendit,
2677 3973 2843 4064 quid
2900 3974 3292 4066 significent
3351 3971 3559 4041 verba
3628 3974 3932 4040 notantia

2369 4080 2850 4149 discretionem
2904 4083 3200 4162 numeri,
3258 4090 3333 4149 ut
3393 4080 3778 4162 distinctus,
3827 4078 3935 4145 di-

2368 4199 2650 4272 scretuS,
2714 4186 2834 4266 ibi,
2898 4187 2983 4267 G,
3045 4215 3080 4253 ι
3118 4189 3287 4257 Cum
3330 4197 3561 4253 aulem
3609 4185 3926 4263 die-imus,

2369 4308 2551 4366 etc.»
2600 4298 2673 4365 ln
2717 4297 2915 4365 tertia
2965 4295 3292 4373 ostendit,
3345 4293 3510 4385 quid
3584 4293 3672 4361 sit
3745 4292 3930 4383 quod

2369 4406 2644 4498 quidam
2720 4406 2934 4474 sancti
3011 4404 3248 4472 dicunt
3315 4403 3713 4470 Trinitatem
3780 4424 3926 4469 esse

2368 4512 2840 4605 multiplicem,
2893 4512 3012 4589 ibi,
3068 4512 3157 4595 K,
3203 4540 3237 4575 α
3283 4513 3414 4579 llic
3449 4536 3582 4579 mm
3615 4522 3712 4578 est
3741 4534 3928 4603 pra·-

2366 4620 2908 4699 termiuendum‚
2945 4628 3078 4687 etc.
3128 4645 3160 4683 ιι

2464 4728 2538 4796 ln
2587 4731 2807 4819 prima
2866 4726 3114 4796 harum
3177 4736 3337 4794 suut
3394 4748 3513 4794 sex
3554 4725 3923 4815 particulae.

2374 4839 2451 4906 ln
2488 4842 2707 4929 prima
2751 4846 2982 4906 movet
3032 4837 3506 4928 quaestionem.
3554 4834 3627 4901 ln
3687 4858 3926 4903 secun·

2373 4949 2460 5016 da
2496 4946 2817 5027 ostendit,
2860 4945 3046 5037 quod
3085 4944 3253 5012 talia
3301 4965 3440 5010 non
3483 4952 3769 5031 ponunt,
3809 4944 3925 5011 sed

2375 5063 2753 5132 removent,
2790 5053 2910 5136 ibi,
2960 5052 3041 5130 Β,
3090 5078 3125 5116 ι
3158 5052 3242 5120 Si
3281 5049 3674 5139 diliqevater,
3716 5058 3839 5118 etc.
3893 5081 3923 5111 n

2375 5164 2452 5230 ln
2481 5163 2703 5243 tertia,
2737 5160 3013 5249 subjicit
3042 5156 3437 5248 exemplum
3477 5156 3560 5224 de
3590 5158 3927 5248 signitica-

2375 5273 2560 5338 tione
2590 5269 2821 5346 uniuS,
2854 5267 2978 5350 ibi,
3013 5266 3092 5348 C,
3139 5291 3173 5331 α
3221 5266 3392 5335 Cum
3424 5265 3605 5331 enim
3644 5264 3922 5350 dicitur,

2377 5398 2552 5444 unus
2610 5377 2822 5453 Deus,
2884 5379 3013 5440 etc.
3079 5396 3113 5437 ι
3176 5369 3256 5437 ln
3324 5378 3587 5459 quarta,
3655 5370 3927 5462 subjicit

2377 5481 2766 5572 exemplum
2797 5481 2881 5548 de
2901 5478 3405 5569 significatione
3435 5476 3761 5568 plurium,
3804 5478 3916 5556 ibi,

2377 5597 2446 5663 in
2477 5593 2811 5685 principio
2854 5612 3005 5680 cap.
3066 5587 3155 5666 D,
3198 5616 3231 5650 «
3271 5588 3471 5665 Item,
3520 5610 3674 5655 cum
3751 5588 3925 5656 dici-

2377 5701 2786 5794 musplures
2809 5723 2950 5769 esse
2978 5720 3336 5790 persona-5,
3379 5705 3505 5764 etc.
3541 5721 3577 5762 ι
3608 5695 3687 5764 ln
3726 5697 3925 5788 quin-
