4897 6388
647 325 793 405 too·
1541 424 1551 436 ,
1641 351 1720 418 D.
1773 337 1969 420 ALB.
2025 353 2238 424 MAG.
2291 351 2498 422 onn.
2550 346 2820 418 PRAED

1683 1017 2381 1114 DISTINCTIO
2454 1016 2789 1110 XVIII.

1078 1389 1166 1460 A.
1203 1387 1327 1460 An
1363 1383 1928 1461 concedendum
1959 1384 2086 1477 sit,
2123 1384 2490 1482 quoclper
2526 1384 2815 1459 (Ionum
2856 1384 3139 1459 dentur
3165 1384 3427 1460 dona?

731 1837 877 1912 llic
907 1837 1305 1935 quaeritur,
1351 1838 1537 1911 Cum
1583 1836 1921 1935 Spiritus
1961 1845 2271 1910 sanctus
2303 1855 2699 1932 perquem
2776 1815 3233 1907 dividuntur
3270 1819 3497 1922 dona,
3538 1837 3704 1934 ipse
3744 1839 3842 1913 sit

639 1975 964 2069 donum,
1017 1983 1276 2049 utrum
1331 1971 1909 2048 concedendum
1949 1971 2047 2046 sit
2075 1970 2281 2069 quod
2340 1992 2479 2068 per
2532 1967 2823 2043 donum
2883 1967 3332 2044 dividantur
3395 1995 3487 2047 ac
3559 1973 3842 2049 dentur

632 2109 902 2186 dona?
937 2107 1050 2185 Ad
1091 2109 1297 2209 quod
1339 2107 1695 2203 dicimus,
1740 2106 1924 2206 quia
1959 2129 2099 2207 per
2135 2106 2453 2200 donum,
2496 2103 2703 2203 quod
2744 2113 2860 2179 est
2898 2103 3236 2204 Spiritus
3288 2096 3630 2204 san'ctuS,
3673 2109 3839 2186 sin-

624 2239 832 2344 gulis
861 2244 1172 2345 propria
1203 2241 1678 2339 dividuntur,
1714 2251 1787 2318 et
1826 2241 2079 2342 ipsum
2122 2239 2634 2317 communiter
2691 2262 2966 2315 omnes
3003 2225 3187 2314 boni
3249 2227 3564 2318 habent.
3612 2239 3835 2322 Unde
3922 2256 3929 2262 “

623 2380 1108 2479 Augustinus
1137 2381 1215 2456 in
1239 2381 1433 2456 libro
1472 2379 1608 2455 XV
1657 2380 1751 2455 de
1788 2378 2158 2454 Trinilate
2189 2377 2336 2452 ait:
2384 2377 2534 2452 Per
2569 2374 2861 2450 donum
2894 2375 3100 2474 quod
3142 2384 3261 2452 est
3300 2377 3635 2477 Spiritus
3664 2403 3837 2457 san·

624 2531 820 2614 ctus,
869 2520 947 2594 in
988 2539 1397 2593 commune
1429 2515 1786 2590 omnibus
1828 2512 2189 2588 membris
2227 2510 2512 2586 Christi
2549 2511 2790 2584 multa
2820 2509 3053 2605 dona,
3088 2532 3268 2609 quae
3300 2522 3484 2587 sunt
3509 2514 3824 2612 quibus·

620 2681 773 2757 que
796 2655 1130 2757 propria,
1176 2652 1648 2728 dividuntur.
1686 2647 1853 2725 Non
1895 2648 2101 2724 enim
2141 2646 2424 2745 singuli
2458 2645 2747 2745 quique
2774 2636 3062 2722 habent
3082 2645 3374 2745 omnia,
3400 2647 3535 2724 sed
3559 2646 3819 2747 hiilla,

627 2793 755 2869 alii
790 2792 983 2868 alia:
1022 2789 1377 2889 quamvis
1419 2788 1669 2886 ipsum
1711 2785 1999 2860 donum
2041 2810 2084 2858 a
2118 2807 2269 2882 quo
2301 2783 2581 2880 cuique
2632 2782 2944 2881 propria
3017 2780 3499 2880 dividuntur,
3554 2797 3827 2864 omnes

626 2926 985 3020 habeant,
1033 2924 1103 2998 id
1133 2934 1280 3018 est,
1316 2922 1682 3022 Spiritum
1726 2931 2073 2996 sanctum
2110 2919 2156 2992 ¹.
2223 2921 2411 2993 Ecce
2476 2925 2736 3015 aperte
2804 2915 2989 2991 dicit
3053 2939 3194 3016 per
3266 2918 3558 2994 donum
3621 2921 3824 2998 dona

621 3063 784 3139 dari
828 3056 875 3136 ⁸.

2264 3396 2334 3462 in
2383 3412 2671 3485 quarum
2729 3397 2950 3486 prima
3014 3393 3422 3465 determinat
3497 3384 3819 3488 Magister

2264 3504 2596 3572 rationem
2628 3501 2814 3587 doni,
2849 3500 2977 3572 hoc
3012 3510 3139 3581 est,
3184 3502 3478 3597 qualiter
3508 3502 3637 3574 hoc
3683 3516 3817 3573 'no-

2263 3635 2420 3680 men
2487 3613 2806 3679 convenit
2864 3611 3149 3703 Spiritui
3230 3621 3491 3682 sancto,
3564 3608 3641 3681 ln
3716 3635 3816 3683 se·

2261 3719 2505 3802 cunda,
2574 3720 2791 3809 tangit
2867 3719 3367 3811 probationem,
3442 3720 3628 3813 quod
3686 3719 3811 3790 hoc

2263 3849 2514 3894 nomen
2589 3825 2789 3895 habet
2840 3849 2925 3893 ex
2992 3827 3254 3896 ratione
3329 3828 3811 3920 processionis,

1106 3634 1341 3676 mvnsto
1389 3632 1654 3679 'rt-:XTt‘su

715 3953 749 3992 ι
777 3928 907 3996 mc
937 3929 1292 4018 quaeritur,
1331 3929 1496 3993 Cum
1529 3925 1834 4015 Spiritus
1852 3933 2149 4000 sanctus,

620 4044 747 4102 etc.
796 4060 829 4097 n

706 4140 992 4208 Peracto
1051 4150 1330 4208 tractatu
1400 4140 1481 4206 de
1557 4138 1805 4230 duplici
1882 4160 2156 4228 proces-

617 4249 810 4315 sione
844 4245 1136 4336 Spiritus
1175 4247 1413 4325 sancti,
1463 4248 1603 4334 agit
1676 4238 1994 4330 Magister
2047 4240 2154 4310 hic

615 4356 698 4422 de
731 4352 1054 4420 relation«-
1085 4354 1574 4423 ‹lcterminantc
1639 4353 1965 4444 Spiritum
2005 4374 2154 4418 san·

613 4473 798 4532 ctum
830 4464 1204 4531 secundum
1239 4466 1567 4531 rationein
1599 4486 1734 4529 suae
1775 4462 2147 4552 processio·

614 4573 743 4638 nis.
781 4570 972 4638 Sicut
1011 4574 1191 4638 etnim
1234 4572 1468 4638 filiatio
1535 4594 1619 4637 ex
1688 4570 1943 4636 ratione
2003 4591 2151 4658 pro·

612 4680 963 4755 cessionis»,
997 4700 1148 4769 quae
1191 4690 1288 4746 est
1319 4679 1690 4767 gene-ratio,
1749 4676 2146 4743 determinat

615 4787 904 4855 Filium:
951 4788 1041 4852 ita
1072 4786 1325 4853 donum
1359 4810 1502 4852 esse
1542 4809 1624 4853 cx
1676 4788 1930 4853 ratione
1984 4808 2146 4876 pro·

611 4896 939 4964 cessionis
972 4916 1120 4983 qua·
1149 4906 1241 4960 est
1277 4896 1553 4983 spiratio
1585 4894 1860 4971 ειιιιυτίε,
1919 4891 2147 4958 ‹leter-

614 5005 825 5070 minat
862 5001 1189 5092 Spiritum
1232 5011 1574 5068 sanctum:
1609 5011 1669 5067 et
1721 5001 1801 5067 ‹h-
1849 4998 1974 5065 hoc
2008 5002 2142 5089 agit

610 5109 720 5178 hic
750 5110 1091 5198 Magister.

701 5219 785 5287 Et
814 5222 1198 5287 continetur
1279 5228 1416 5285 tota
1485 5240 1636 5308 pars
1703 5219 1824 5283 ista
1893 5219 1959 5283 in
2018 5214 2141 5284 hac

607 5326 1038 5396 distinctione
1087 5353 1233 5418 qua·
1265 5327 1587 5395 dividitur
1619 5326 1682 5391 in
1727 5334 1855 5391 tres
1875 5336 2133 5416 partes:

671 5604 688 5638 ¹
723 5605 782 5661 S.
818 5607 1186 5673 Aucusrascs,
1222 5603 1341 5658 Lib.
1372 5603 1464 5657 XV
1511 5602 1583 5657 de
1640 5602 1944 5670 Trinium,
2004 5620 2132 5676 cap.

606 5695 691 5749 ¹⁹.

2263 3932 2381 4013 ihi,
2456 3932 2537 4010 G,
2605 3958 2637 3996 ι
2708 3923 2803 4001 ΕΙ
2865 3925 3281 4018 tentandum,
3367 3931 3561 4027 quod
3633 3936 3812 4004 sicu!

2265 4040 2490 4107 Fe'lius
2527 4039 2859 4107 navt-mdo
2889 4042 3171 4132 accepit,
3215 4048 3342 4111 etc.
3391 4069 3424 4106 ι
3471 4042 3547 4109 ln
3587 4044 3806 4124 tertia,

2262 4145 2604 4214 concludit
2660 4170 2745 4214 ex
2804 4147 3067 4215 ratione
3109 4150 3437 4229 nominis,
3477 4149 3660 4241 quod
3692 4173 3811 4241 per

2263 4254 2388 4322 hoc
2417 4277 2665 4322 nornen
2708 4254 2966 4323 donum
3001 4255 3287 4324 retertur
3316 4242 3401 4325 ad
3432 4240 3705 4325 I‘atrem
3744 4268 3806 4326 et

2263 4362 2343 4428 nd
2382 4361 2667 4428 Filium:
2712 4361 2828 4429 sed
2871 4385 2992 4453 per
3049 4361 3178 4430 hoc
3236 4386 3489 4432 nomen
3548 4364 3806 4444 datum,

2259 4493 2394 4535 non
2466 4477 2725 4535 tautum
2795 4477 3234 4559 comparatur
3290 4470 3372 4538 od
3443 4470 3713 4541 Patrem
3744 4482 3806 4540 et

2262 4575 2503 4642 Filium
2534 4573 2796 4653 «lantes,
2831 4574 2949 4642 sed
2986 4574 3192 4643 etiarn
3225 4576 3308 4644 ad
3352 4601 3477 4645 nos
3525 4579 3641 4670 qui
3699 4601 3807 4647 oc·

2255 4682 2582 4770 cepimus,
2618 4687 2682 4746 et
2713 4689 2939 4747 noster
2966 4690 3275 4762 vocatur,
3345 4682 3467 4770 ibi,
3511 4683 3585 4766 L,
3623 4711 3657 4750 ι
3717 4687 3809 4754 ΕΙ

2252 4787 2623 4854 secundum
2654 4787 2782 4853 leoc
2846 4787 3035 4878 quod
3086 4792 3499 4881 sempiterne
3552 4793 3805 4861 domem

2253 4904 2372 4967 est.
2400 4898 2696 4984 refertur
2715 4893 2811 4961 ad
2829 4896 3112 4962 Panem
3166 4907 3228 4963 e!
3268 4897 3563 4977 Filium,
3598 4909 3720 4969 etc.
3771 4931 3799 4960 ι»

2343 5002 2416 5069 ln
2463 5002 2674 5092 prima
2708 5012 2898 5092 parte
2966 5001 3209 5071 harum
3279 5007 3575 5094 partium
3652 5019 3806 5078 sunt

2252 5111 2403 5191 tria,
2465 5110 2531 5175 in
2573 5132 2867 5200 quorum
2901 5112 3124 5199 primo
3165 5113 3518 5201 quaeritur,
3563 5113 3803 5184 Utrum

2250 5241 2368 5307 per
2444 5216 2699 5283 donum
2767 5216 3011 5284 dentur
3040 5216 3220 5285 dona
3259 5221 3295 5287 ⁴?
3343 5219 3421 5287 ln
3479 5223 3802 5305 secundo,

2247 5348 2454 5414 quare
2486 5323 2751 5391 dicatur
2780 5323 3037 5391 donum
3117 5333 3184 5391 et
3250 5325 3516 5410 datum,
3561 5329 3676 5407 ibi,
3722 5330 3801 5410 Β,

2311 5609 2333 5644 ²
2364 5609 2514 5665 Edit.
2545 5609 2712 5665 Jonn.
2747 5607 3078 5678 Attenuare,
3108 5608 3330 5667 donari.
