4897 6388
737 2779 920 2826 Salutio

752 4409 820 4452 Ad
857 4414 889 4458 1.

674 5589 755 5635 Ad
783 5593 807 5634 ‘.·
832 5598 878 5637 et
905 5592 945 5638 3.

1796 297 1891 364 ΙΝ
1941 297 1971 364 I
2024 292 2453 394 SENTENT.
2504 290 2736 359 DIST.
2787 291 2978 371 vlu,
3011 295 3367 396 AfART.
3421 298 3482 364 3.

1028 469 1271 536 teriam
1317 490 1332 537 ε
1380 491 1542 560 ergo
1587 467 1884 546 videtur,
1948 464 2133 557 quod
2208 465 2279 531 in
2337 462 2588 531 divinis

1027 577 1401 644 secundum
1452 577 1782 643 rationem
1835 572 2257 664 intelligendi
2313 572 2590 640 incom-

1027 684 1528 754 municabilitas
1558 686 1645 752 sit
1685 684 1863 751 circa
1904 684 2108 752 idem.
2156 682 2328 751 Cum
2380 683 2590 773 igitur

1027 797 1095 861 in
1136 794 1384 861 divinis
1437 814 1578 858 non
1623 793 1710 859 sit
1747 785 2180 883 suppositum
2238 791 2369 857 nisi
2425 812 2588 879 per-

1024 923 1220 981 sona,
1282 899 1795 989 videtur·quod
1843 894 2587 968 incommunicabilitas

1023 1008 1110 1074 sit
1140 1006 1222 1073 de
1262 1006 1827 1074 convenientibus
1873 1028 2175 1097 personae
2207 1002 2586 1072 secundum

1025 1135 1124 1195 se,
1162 1121 1229 1179 et
1258 1135 1397 1180 non
1430 1120 1712 1180 naturae.

1114 1223 1176 1290 3.
1223 1222 1419 1306 Item,
1463 1220 1733 1289 Veritas
1783 1229 1849 1290 01
1904 1223 2151 1289 entitas
2207 1218 2585 1288 secundum

1021 1338 1272 1409 actum,
1319 1352 1470 1420 quae
1498 1352 1662 1397 vera
1693 1336 1795 1397 est
1824 1330 2096 1413 entitas,
2133 1328 2202 1395 in
2236 1328 2587 1396 inferiori-

1019 1435 1145 1504 bus
1179 1459 1314 1505 non
1345 1445 1447 1504 est
1494 1437 1627 1503 nisi
1666 1438 1888 1527 gratia
1918 1459 2065 1504 esse
2102 1435 2212 1503 vel
2247 1458 2381 1525 quo
2413 1442 2518 1502 est
2561 1455 2577 1500 z

1018 1566 1182 1633 ergo
1213 1542 1505 1622 videtur,
1541 1541 1728 1633 quod
1784 1545 1857 1610 in
1904 1541 2155 1611 divinis
2201 1542 2455 1609 veritas
2495 1542 2581 1609 sit

1018 1650 1099 1717 de
1130 1650 1624 1740 pertinentibus
1652 1650 1742 1718 ad
1790 1651 2157 1718 essentiam
2196 1672 2211 1716 ι
2246 1649 2582 1740 simplici·-

1016 1768 1118 1826 tas
1157 1766 1383 1826 autem
1424 1757 1672 1826 dicitur
1734 1778 1774 1825 a
1840 1759 2223 1849 privatione
2280 1758 2573 1865 partium

1014 1868 1577 1957 componentium
1620 1888 1636 1935 t
1673 1889 1839 1958 ergo
1878 1866 2172 1946 videtur,
2207 1865 2391 1957 quod
2416 1867 2578 1932 sim·-

1014 1972 1279 2062 plicitas
1334 1973 1499 2040 sita
1558 1972 1943 2062 privatione
1998 1972 2373 2062 primarum
2416 1993 2581 2062 par-

1015 2084 1186 2150 tium
1234 2082 1795 2173 componentium
1864 2104 2010 2151 csse
2072 2104 2088 2151 ε
2151 2081 2295 2150 haec
2343 2091 2573 2149 autem

1015 2196 1175 2256 sunt
1213 2187 1398 2280 quod
1440 2197 1567 2274 est,
1628 2197 1697 2257 et
1737 2210 1886 2257 esse
1945 2187 2320 2256 secundum
2389 2188 2576 2256 Boe-

1015 2297 1188 2364 tium
1233 2319 1248 2363 :
1293 2318 1456 2386 ergo
1496 2295 1897 2386 simplicitas
1928 2298 1999 2363 in
2037 2295 2286 2363 divinis
2327 2296 2452 2363 erit
2489 2294 2576 2362 ab

1017 2407 1467 2476 indifferentia
1543 2406 1729 2497 quod
1786 2415 1890 2474 est
1963 2415 2029 2475 et
2072 2429 2218 2476 esse
2276 2409 2346 2473 in
2394 2405 2580 2474 divi-

1018 2536 1147 2581 1115.

1114 2726 1422 2795 Somno.
1498 2725 1768 2794 l’ltimae
1848 2725 2212 2815 objectioni
2282 2745 2579 2792 consen-

1021 2833 1251 2902 tiendo
1290 2833 1605 2918 dicimuS,
1640 2833 1826 2924 quod
1861 2833 1991 2900 ista
2043 2834 2171 2901 tria
2226 2833 2581 2922 accipiun-

1019 2950 1130 3010 tur
1167 2943 1285 3024 ita,
1346 2940 1531 3032 quod
1576 2940 1828 3008 veritas
1903 2948 2213 3008 sumetur
2278 2939 2363 3007 ab
2430 2963 2579 3010 esse

1017 3049 1356 3126 essentiae,
1401 3047 2057 3116 incommutabilitas
2097 3056 2328 3116 autem
2358 3046 2443 3114 ab
2494 3071 2577 3116 eo

1017 3156 1204 3249 quod
1243 3164 1368 3237 est,
1419 3154 1824 3247 simplicitas
1878 3163 2107 3223 autem
2166 3154 2251 3223 ab
2310 3154 2579 3226 indiffe-

1017 3268 1233 3334 rentia
1282 3267 1658 3355 utriusque.
1726 3264 1811 3332 Et
1850 3264 2037 3356 quod
2095 3263 2417 3353 objicitur
2469 3287 2578 3334 se-

1017 3372 1451 3451 eundemne,
1496 3371 1679 3463 quod
1721 3393 1860 3440 non
1931 3380 2032 3439 051
2088 3369 2273 3461 quod
2339 3379 2439 3441 est
2509 3372 2578 3441 in

1016 3480 1268 3548 divinis
1314 3479 1422 3548 vel
1474 3479 1906 3570 suppositum
1948 3478 2077 3546 nisi
2147 3479 2214 3546 in
2252 3502 2573 3570 persona,

1017 3586 1381 3655 dicendum
1420 3585 1606 3677 quod
1673 3585 1803 3654 hoc
1859 3607 2101 3653 verum
2157 3596 2259 3654 est
2325 3609 2578 3655 secun-

1017 3694 1181 3761 dum
1211 3716 1379 3771 rem,
1414 3693 1531 3761 sed
1569 3715 1651 3760 ex
1684 3691 1892 3759 modo
1933 3691 2385 3784 intelligendi,
2415 3717 2574 3762 cum

1015 3805 1285 3884 dicitur,
1346 3806 1555 3879 Deus,
1624 3802 2050 3893 significatur
2107 3803 2427 3872 divinitas
2505 3805 2576 3873 in

1015 3910 1332 3996 habente,
1367 3918 1432 3978 et
1474 3909 1638 3978 illud
1668 3908 1931 3978 habens
1970 3909 2216 3978 dicitur
2253 3912 2578 4002 supposi-

1015 4027 1162 4086 tum
1196 4041 1332 4087 non
1389 4020 1457 4085 in
1516 4019 1777 4086 ratione
1857 4040 2163 4109 personae
2200 4038 2217 4084 ι
2253 4028 2319 4086 01
2356 4019 2577 4108 gratia

1016 4127 1195 4194 illius
1234 4128 1543 4217 sequitur
1579 4125 2034 4194 substantiam
2100 4126 2403 4195 divinam
2465 4128 2576 4195 in-

1014 4233 1617 4303 commutabilitas,

1109 4343 1209 4409 An
1283 4364 1538 4408 0111111311
1628 4365 1794 4433 ergo
1898 4341 2289 4421 dicendum,
2386 4341 2573 4433 quod

1020 4451 1187 4516 bene
1247 4447 1573 4531 concede,
1607 4447 1791 4538 quod
1830 4470 1970 4516 non
2012 4457 2377 4516 sumuntur
2423 4447 2571 4517 haec

1014 4558 1142 4624 tria
1183 4556 1269 4623 ab
1303 4556 1434 4624 illis
1475 4556 1715 4635 tribnS,
1760 4578 1841 4623 eo
1883 4554 2067 4647 quod
2116 4565 2275 4623 511111
2321 4578 2571 4624 conse-

1012 4665 1289 4755 quentia
1356 4665 1718 4730 essentiam
1791 4663 1858 4729 in
1917 4684 1999 4729 eo
2059 4661 2240 4751 quod
2277 4664 2571 4730 essentia

1008 4782 1130 4841 051.
1181 4772 1361 4840 Licet
1408 4771 1589 4840 enim
1626 4795 1763 4839 non
1824 4772 1959 4839 sint
2026 4772 2091 4837 in
2148 4771 2397 4838 divinis
2437 4772 2566 4839 nisi

1007 4880 1120 4948 illa
1155 4882 1306 4960 tria,
1342 4889 1569 4947 tamen
1612 4879 1726 4947 illa
1757 4881 1884 4947 tria
1916 4901 2055 4947 non
2095 4888 2251 4947 511111
2285 4880 2375 4945 ibi
2408 4881 2563 4959 tria,

1007 4988 1166 5077 quia
1225 5009 1361 5055 non
1421 4987 1674 5055 faciunt
1751 5009 2114 5055 numerum
2184 5010 2200 5054 z
2272 4988 2567 5056 essentia

1004 5118 1168 5163 vero
1211 5094 1362 5163 licet
1420 5097 1506 5163 sit
1563 5120 1778 5164 unum
1849 5104 2138 5181 tantum,
2186 5104 2414 5164 tamen
2465 5106 2564 5165 est

1008 5206 1223 5293 ipsam
1257 5203 1489 5270 multis
1524 5205 1745 5273 modis
1803 5206 2259 5285 considerare,
2310 5206 2564 5275 scilicet

1007 5313 1075 5380 in
1117 5310 1438 5388 habente,
1508 5321 1574 5380 01
1612 5322 1802 5381 extra
1858 5312 2251 5394 habentem,
2304 5313 2411 5381 vel
2453 5338 2565 5381 se-

1006 5421 1304 5488 eundum
1345 5429 1736 5514 utrumque,
1773 5431 1848 5490 ut
1888 5423 2142 5490 dictum
2174 5430 2296 5490 est.

1095 5531 1198 5596 An
1246 5551 1444 5596 ,111011
1483 5528 1874 5616 dicendum,
1920 5531 2102 5621 quod
2135 5552 2273 5597 non
2332 5539 2434 5598 051
2490 5531 2560 5597 in

1011 5648 1246 5706 natura
1278 5639 1576 5728 accipere
1609 5639 1737 5706 nisi
1777 5637 2037 5706 habens
2086 5646 2152 5707 01
2182 5636 2493 5705 habitum
2540 5660 2556 5707 ε

4115 297 4245 368 223
4330 390 4348 406 ³

2698 463 2820 531 sed
2859 486 2943 532 ex
2973 464 3104 534 hoc
3140 467 3287 557 ipso
3332 465 3607 534 resultat
3638 469 3835 535 tertia
3864 465 4246 537 considera-

2697 573 2791 642 tio
2851 598 2934 643 ex
3000 579 3503 666 comparatione
3550 577 3754 645 unius
3820 577 3905 645 ad
3953 577 4240 646 alterum

2693 702 2813 770 pet·
2853 681 3401 753 indifferentiam.
3439 685 3544 751 Ad
3609 685 3740 753 alia
3807 693 3990 774 patet
4051 685 4243 753 solu-

2693 789 2788 854 tio
2828 812 2950 879 per
2978 791 3153 859 dicta
3186 793 3250 857 in
3292 793 3621 882 principio
3672 791 4057 861 solutionis,

3128 1436 3626 1506 ARTICULl'S
3669 1439 3790 1507 111.

2696 1643 2943 1710 Utrum
2973 1647 3255 1713 nomina
3292 1647 3475 1714 dicta
3504 1647 3586 1714 de
3621 1651 3755 1717 Deo
3787 1660 3862 1717 ut
3918 1655 4232 1733 essentia,

2775 1752 3189 1842 substantia,
3230 1757 3540 1836 scientia,
3598 1758 3965 1848 sapientia,
4038 1759 4235 1828 boni-

2778 1870 2886 1926 tas
2948 1861 3337 1951 siqnificent
3395 1864 3574 1930 idem
3623 1865 3731 1933 vel
3781 1866 4049 1934 diversa
4096 1889 4111 1933 ε
4171 1878 4235 1934 et

2782 1976 3018 2035 utrum
3082 1969 3367 2037 debeant
3440 1971 3578 2038 dici
3680 1979 4065 2064 synonyma
4127 1974 4239 2042 vel

2772 2096 2910 2141 non
2942 2073 2985 2141 ?

2772 2393 3035 2462 Deinde
3065 2396 3392 2486 quaeritur
3428 2396 3508 2464 de
3542 2397 3916 2466 ditl'erentia
3956 2397 4227 2467 illorum

2686 2503 3048 2569 nominum
3086 2524 3240 2592 quae
3279 2502 3603 2595 Magister
3631 2506 3848 2596 tangit
3913 2507 3981 2573 in
4037 2508 4231 2597 prin-

2686 2609 2892 2700 cipie,
2935 2609 3190 2680 scilicet
3253 2620 3519 2695 natura,
3589 2613 3990 2693 substantia,
4056 2636 4229 2696 esse,

2688 2727 2818 2788 etc.
2848 2740 2864 2788 t
2894 2727 2958 2788 et
2987 2722 3207 2812 gratia
3235 2722 3506 2791 illorum
3533 2734 3876 2814 quaeratur
3919 2725 4124 2792 etiam
4157 2723 4240 2792 de

2686 2824 2839 2893 aliis
2869 2848 3023 2917 quae
3054 2838 3214 2896 sunt
3261 2831 3620 2921 sapientia,
3663 2832 3971 2912 scientia,
4035 2831 4246 2900 boni-

2691 2940 2816 3014 tas,
2860 2941 2927 3002 et
2957 2936 3188 3003 omnia
3236 2959 3387 3027 quze
3442 2937 3522 3004 de
3578 2937 3719 3006 Deo
3776 2938 4116 3007 dicuntur.
4154 2938 4236 3006 Et

2689 3062 3076 3132 quaeremus
3105 3044 3267 3124 duc,
3300 3045 3546 3112 scilicet
3579 3054 3806 3113 utrum
3848 3047 3973 3114 ista
4004 3047 4238 3114 omni-

2689 3171 2777 3219 no
2854 3150 3035 3219 idem
3110 3153 3561 3244 significent?
3627 3152 3708 3222 Et
3774 3152 4072 3222 secundo
4152 3153 4235 3223 de

2687 3258 3184 3348 compositione
3239 3282 3477 3328 corum
3542 3282 3698 3328 cum
3775 3260 3942 3338 Dec,
4002 3270 4232 3329 utrum

2687 3373 2964 3434 notetur
3018 3365 3112 3433 ibi
3172 3365 3314 3435 lieri
3354 3367 3578 3459 aliqua
3637 3369 4067 3459 compositio,
4120 3368 4229 3437 vel

2689 3473 2941 3542 nussa?

2787 3586 2846 3653 1.
2881 3583 3168 3654 Videtur
3185 3594 3435 3666 autem,
3460 3587 3641 3679 quod
3672 3590 3903 3657 omnia
3940 3590 4116 3657 dicta
4153 3589 4233 3657 de

2690 3692 2836 3762 Deo
2877 3694 3322 3763 essentialiter
3358 3697 3492 3764 sint
3536 3718 3916 3788 synonyma
3960 3718 3975 3763 :
4019 3720 4233 3788 syno-

2688 3822 2897 3892 nyma
2937 3802 3119 3870 enim
3152 3809 3309 3870 sunt
3358 3825 3510 3893 quae
3576 3804 3753 3871 idem
3821 3804 4230 3895 signiticant,

2686 3909 3003 4000 quamvis
3041 3911 3247 3977 etiam
3303 3910 3502 3977 aliam
3558 3919 3619 3977 01
3688 3909 3891 3979 aliam
3937 3910 4229 3980 habeant

2686 4016 3061 4085 secundum
3117 4040 3369 4086 nomen
3434 4020 4085 4109 interpretationem,
4157 4032 4231 4090 ut

2687 4124 2884 4213 lapis,
2943 4133 3008 4191 et
3065 4134 3313 4215 petra:
3375 4145 3528 4191 cum
3594 4147 3758 4216 ergo
3817 4128 4040 4192 omnis
4111 4126 4226 4196 illa

2688 4230 3054 4301 multitudo
3103 4233 3458 4301 nominum
3522 4233 3979 4301 essentialium
4050 4235 4229 4304 idem

2685 4339 3095 4429 significent,
3140 4339 3291 4409 lieet
3341 4340 3543 4408 aliam
3582 4350 3647 4409 et
3692 4342 3894 4409 aliam
3938 4341 4232 4410 habeant

2684 4448 3060 4517 secundum
3118 4472 3369 4518 nomen
3432 4452 4082 4542 interpretationem,
4126 4463 4233 4522 ta-

2686 4579 2843 4625 men
2882 4579 3266 4651 synonyma
3295 4582 3440 4626 esse
3472 4560 3804 4627 videntur.

2772 4669 2837 4732 2.
2877 4665 3074 4746 ltem,
3111 4668 3507 4759 ⁸{vnonyma
3560 4681 3712 4736 sunt
3769 4692 3921 4760 qua*
3965 4679 4232 4739 tantum

2685 4770 2939 4841 habent
2998 4773 3498 4842 multitudinem
3566 4777 3934 4844 secundum
3983 4800 4223 4846 voc-em

2682 4882 2855 4949 sicut
2922 4881 3343 4974 homonyma
3399 4908 3548 4975 quze
3587 4884 3835 4952 habent
3892 4888 4221 4956 unitatem

2681 4990 3057 5057 secundum
3097 5014 3362 5071 vocem,
3430 5002 3490 5059 01
3536 4992 4035 5062 multitudinem
4105 5018 4219 5063 se-

2679 5097 2981 5165 cundum
3022 5122 3166 5166 esse
3202 5122 3215 5165 :
3260 5099 3375 5167 sed
3427 5102 3491 5167 in
3533 5102 3675 5167 istis
3716 5100 3879 5168 nihil
3951 5102 4219 5169 inveni-

2681 5212 2789 5272 tur
2858 5207 2924 5271 iu
3000 5207 3284 5274 essentia
3354 5217 3416 5275 01
3493 5206 3779 5297 persona
3853 5208 4034 5299 quod
4119 5208 4211 5276 illi

2681 5314 3097 5384 multitudini
3122 5317 3544 5408 respondeat,
3573 5320 3730 5409 quia
3762 5342 3880 5387 nec
3911 5318 4220 5386 substan-

2678 5424 2795 5497 tia,
2858 5446 2981 5491 nec
3037 5423 3348 5493 accidens
3419 5448 3437 5491 t
3500 5448 3661 5516 ergo
3695 5426 3984 5505 videtur,
4032 5427 4221 5517 quod

2678 5528 2804 5595 ista
2843 5531 3195 5598 verissime
3235 5532 3365 5597 sint
3408 5555 3816 5624 synonyma.

2765 5639 2829 5705 3.
2888 5635 3083 5718 110111,
3126 5639 3546 5728 Augustinus
3576 5640 3758 5722 dicit,
3809 5650 3870 5710 et
3912 5640 4217 5711 habitum
