4897 6388
704 322 835 390 548
1440 379 1445 384 .
1677 320 1764 390 D.
1813 321 2013 390 ALB.
2066 322 2281 391 MAG.
2337 322 2546 391 ORD.
2598 322 2901 391 PRAED.

1317 885 1404 959 Β.
1447 884 1671 975 Quod
1703 910 1859 960 non
1877 894 2131 985 potest
2156 889 2412 962 min-us
2451 886 2707 963 Filius
2737 911 2970 987 quam
3004 889 3274 964 Pater.

787 1217 1025 1312 Nihil,
1070 1218 1324 1315 inquit
1354 1219 1400 1307 ¹,
1439 1221 1663 1295 Patre
1700 1220 1955 1296 minus
1989 1222 2216 1298 habet
2245 1222 2372 1297 ille
2408 1221 2543 1319 qui
2577 1221 2785 1315 dicit,
2826 1220 3109 1296 Omnia
3139 1243 3639 1319 quaecumque
3676 1215 3902 1291 habel

689 1353 954 1447 Pater,
997 1377 1168 1429 mea
1194 1362 1375 1430 sunt
1410 1355 1432 1390 ²
1475 1381 1491 1430 ε
1539 1380 1718 1431 nam
1759 1356 1821 1432 si
1864 1357 2123 1432 minus
2163 1358 2393 1434 habet
2432 1358 2510 1430 in
2581 1365 2953 1455 potestate
3009 1356 3306 1461 aliquid
3366 1378 3600 1454 quam
3641 1353 3892 1442 Pater,

690 1516 846 1568 non
887 1504 1066 1569 sunt
1094 1495 1263 1593 ejus
1296 1497 1558 1571 omnia
1597 1497 2045 1596 quffiliabet
2074 1499 2300 1573 Pater
2341 1522 2357 1572 ε
2396 1498 2531 1574 sed
2564 1498 2732 1594 ejus
2772 1507 2957 1572 sunt
2998 1496 3261 1572 omnia
3293 1467 3470 1594 quie
3505 1495 3735 1570 habet
3766 1494 3901 1566 Pa·

689 1638 830 1706 ter.
874 1630 1189 1705 Tantam
1231 1654 1413 1729 ergo
1466 1633 1697 1707 habet
1733 1642 2183 1731 potestatem
2225 1632 2495 1725 Filius,
2541 1640 2909 1729 quantam
2972 1630 3205 1705 Pater
3268 1654 3285 1705 ε
3350 1628 3677 1727 aequalis
3715 1650 3897 1723 ergo

687 1772 802 1839 est
831 1764 1062 1839 Patri.
1095 1764 1267 1839 Non
1311 1766 1517 1841 enim
1558 1776 1811 1865 potest
1838 1767 1971 1865 qui
2012 1768 2303 1866 accepit
2342 1766 2758 1865 inaequalis
2797 1788 2967 1841 esse
3010 1765 3080 1840 ei
3123 1765 3260 1863 qui
3322 1763 3559 1839 dedit.
3618 1763 3726 1837 Tu
3767 1785 3898 1836 au·

685 1907 839 1973 tem
873 1899 1017 1974 hoc
1066 1899 1159 1975 de
1200 1901 1541 1998 potentia
1578 1901 1807 2000 sapis,
1865 1902 2070 1999 quod
2111 1912 2384 2000 potens
2437 1901 2539 1977 sit
2573 1900 2838 1995 Filius,
2882 1899 3019 1975 sed
3054 1900 3442 1999 potentior
3473 1899 3700 1973 Pater
3741 1922 3757 1972 :
3807 1905 3889 1970 ut

684 2032 1108 2108 Secundum
1165 2035 1590 2112 doctrinam
1657 2045 1992 2113 vestram
2034 2047 2305 2136 potens
2354 2044 2747 2135 potentem
2809 2033 3148 2134 potuerit
3201 2055 3575 2132 generare
3620 2017 3748 2106 ‘vel
3788 2029 3895 2127 gi·

684 2190 950 2264 gnere,
993 2178 1068 2243 et
1099 2194 1253 2246 non
1282 2170 1772 2270 omnipotens
1811 2171 2443 2269 omnipotentem.
2474 2169 2726 2244 Habet
2763 2192 2950 2266 ergo
2993 2168 3225 2244 Pater
3255 2164 3891 2265 omnipotentiam

685 2324 916 2399 quam
958 2301 1113 2379 non
1168 2305 1400 2381 habet
1451 2304 1693 2383 Filius
1737 2329 1754 2381 ε
1809 2314 1886 2381 et
1923 2305 1988 2380 si
2030 2307 2173 2381 hoc
2212 2313 2353 2400 est,
2400 2304 2676 2380 falsum
2729 2303 3090 2400 estquod
3137 2301 3243 2376 ait
3281 2301 3546 2389 Filius,
3619 2289 3895 2374 Omnia

680 2437 1445 2539 quaecumque-lioba
1469 2439 1737 2537 Pater,
1770 2463 1946 2516 mea
1971 2447 2173 2515 sunt.

841 2969 922 3044 C.
959 2968 1126 3043 Iloc
1155 2990 1424 3045 verum
1458 2966 2305 3070 fatebaturyeaerelicus,
2351 2994 2453 3048 ex
2489 2995 2636 3070 quo
2667 2968 3321 3071 proqrediebalur
3360 2970 3467 3044 ad
3486 2969 3716 3069 salsa.

776 3303 954 3400 Sed,
990 3304 1278 3403 inquis»,
1322 3306 1551 3383 Pater
1585 3330 1633 3383 a
1669 3306 1980 3384 nemine
2049 3306 2466 3408 potentiam
2519 3305 2837 3407 accepit,
2901 3305 3145 3380 Filius
3200 3315 3461 3381 autem
3516 3330 3564 3380 a
3620 3305 3870 3383 Patre.

681 3439 1040 3518 Fatemur
1064 3452 1141 3519 et
1177 3468 1322 3521 nos
1359 3443 1635 3520 Filium
1677 3442 2066 3544 accepisse
2105 3442 2525 3544 potentiam
2559 3441 2812 3518 abillo
2842 3442 2939 3517 de
2969 3464 3127 3540 quo
3162 3451 3389 3516 natus
3419 3452 3534 3517 est
3560 3453 3875 3542 potens:

681 3575 883 3651 Patri
923 3601 1106 3653 vero
1146 3578 1562 3679 potentiam
1597 3580 1861 3676 nullus
1899 3577 2131 3673 dedit,
2162 3578 2345 3677 quia
2377 3578 2642 3654 nullus
2680 3600 2859 3653 eum
2899 3576 3200 3674 genuit.
3232 3576 3637 3673 Gignendu
3668 3577 3871 3653 enim

674 3710 880 3787 dedit
922 3713 1148 3789 Pater
1185 3713 1605 3814 potentiam
1650 3713 1869 3803 Filio,
1905 3713 2100 3790 sieut
2139 3712 2402 3788 omnia
2458 3736 2638 3813 qua·¹
2679 3713 2912 3788 habet
2979 3712 3061 3787 iu
3108 3713 3542 3788 substantia
3581 3737 3725 3790 sua
3769 3713 3877 3810 gi·

677 3848 985 3945 gnendo
1023 3848 1233 3924 dedit
1272 3850 1341 3928 ei
1382 3873 1615 3950 quem
1645 3850 1918 3948 genuit
1953 3849 2048 3926 de
2084 3849 2517 3925 substantia
2555 3848 2605 3923 ⁸.

1308 4375 1398 4449 D.
1441 4375 1777 4480 Qnaestgb
1808 4377 1871 4451 Α
1887 4377 2251 4476 etyusle'm‘,
2286 4401 2440 4476 qna
2481 4382 2726 4452 arctat
2764 4377 3245 4453 luerelicmn.

767 4713 913 4789 Sed
957 4715 1359 4812 quaeritur,
1396 4714 1666 4789 Utrum
1710 4714 1779 4790 ei
1841 4723 2124 4788 tantam
2186 4726 2476 4814 quanta
2520 4715 2662 4815 ipsi
2730 4729 2873 4803 est,
2933 4720 3358 4817 potentiam
3421 4721 3646 4796 Pater
3690 4723 3877 4797 Filio

666 4849 985 4944 dederit,
1028 4873 1125 4925 an
1163 4850 1533 4927 minorem
1563 4851 1606 4924 ἱ)
1645 4850 1723 4925 Si
1759 4858 2074 4945 tantam,
2111 4875 2261 4924 non
2297 4851 2551 4925 solum
2596 4864 3018 4951 potentem,
3072 4855 3205 4929 sed
3256 4855 3488 4930 etiam
3531 4858 3882 4957 omnipo-

664 4995 949 5063 tentem
981 4987 1343 5085 genuisse
1382 4986 1872 5086 omnipotens
1903 4985 2358 5083 intelligitur
2418 5011 2435 5062 :
2484 4987 2550 5063 si
2605 5012 2788 5063 vero
2833 4990 3244 5084 minorem,
3292 4993 3684 5089 quomodo
3724 5019 3880 5069 om-

671 5122 802 5197 nia
840 5145 1017 5221 quae
1052 5122 1284 5199 habet
1322 5123 1576 5219 Pater,
1613 5122 1781 5198 Filii
1822 5121 2067 5198 suut?
2106 5121 2184 5196 Si
2218 5123 2471 5199 Patris
2509 5124 3076 5224 omnipotentia
3109 5127 3276 5201 Filii
3321 5150 3477 5200 non
3523 5139 3665 5223 est,
3709 5153 3863 5204 non

740 5469 757 5504 ¹
788 5464 845 5520 S.
877 5468 1251 5536 Aucusmus.
1282 5467 1407 5525 Lib.
1440 5467 1516 5523 111
1547 5473 1755 5525 contra
1784 5463 2185 5534 Maximinum,
2221 5480 2350 5537 cap.
2389 5466 2441 5520 2.

734 5554 759 5591 ²
785 5556 955 5614 Joan.
1003 5575 1116 5626 xvi,
1150 5562 1237 5614 45.

732 5648 757 5684 ⁸
780 5653 842 5707 S.
874 5652 1243 5723 Aecum-isus,
1277 5648 1400 5706 Lib.
1440 5649 1516 5706 ΙΙΙ
1547 5656 1755 5707 contra
1787 5648 2187 5715 Maximinum,
2226 5661 2358 5718 cap.
2389 5647 2443 5702 2.
