<?xml version="1.0" encoding="UTF-8"?>
<!DOCTYPE html PUBLIC "-//W3C//DTD XHTML 1.0 Transitional//EN"
    "http://www.w3.org/TR/xhtml1/DTD/xhtml1-transitional.dtd">
<html xmlns="http://www.w3.org/1999/xhtml" xml:lang="en" lang="en">
 <head>
  <title>
</title>
<meta http-equiv="Content-Type" content="text/html;charset=utf-8" />
  <meta name='ocr-system' content='tesseract 3.04.00' />
  <meta name='ocr-capabilities' content='ocr_page ocr_carea ocr_par ocr_line ocrx_word'/>
</head>
<body>
  <div class='ocr_page' id='page_1' title='image "balbertimagnira03chgoog_0405.png"; bbox 0 0 4897 6388; ppageno 0'>
   <div class='ocr_carea' id='block_1_1' title="bbox 702 5492 898 5543">
    <p class='ocr_par' dir='ltr' id='par_1_1' title="bbox 702 5492 898 5543">
     <span class='ocr_line' id='line_1_1' title="bbox 702 5492 898 5543; baseline 0.01 -4"><span class='ocrx_word' id='word_1_1' title='bbox 702 5492 898 5543; x_wconf 64' lang='lat' dir='ltr'><strong>solutio.</strong></span> 
     </span>
    </p>
   </div>
   <div class='ocr_carea' id='block_1_2' title="bbox 1815 309 3459 424">
    <p class='ocr_par' dir='ltr' id='par_1_2' title="bbox 1815 309 3459 424">
     <span class='ocr_line' id='line_1_2' title="bbox 1815 309 3459 424; baseline 0.002 -46"><span class='ocrx_word' id='word_1_2' title='bbox 1815 311 1910 378; x_wconf 95' lang='lat' dir='ltr'><strong>IN</strong></span> <span class='ocrx_word' id='word_1_3' title='bbox 1953 311 1987 380; x_wconf 93' lang='lat' dir='ltr'><strong>I</strong></span> <span class='ocrx_word' id='word_1_4' title='bbox 2025 309 2465 424; x_wconf 63' lang='lat' dir='ltr'><strong>sENTENT.</strong></span> <span class='ocrx_word' id='word_1_5' title='bbox 2517 311 2745 388; x_wconf 84' lang='lat' dir='ltr'><strong>DIST.</strong></span> <span class='ocrx_word' id='word_1_6' title='bbox 2797 312 2990 393; x_wconf 87' lang='lat' dir='ltr'><strong>XIII,</strong></span> <span class='ocrx_word' id='word_1_7' title='bbox 3045 313 3358 394; x_wconf 63' lang='lat' dir='ltr'><strong>c,‚ART.</strong></span> <span class='ocrx_word' id='word_1_8' title='bbox 3392 315 3459 382; x_wconf 87' lang='lat'><strong>6.</strong></span> 
     </span>
    </p>
   </div>
   <div class='ocr_carea' id='block_1_3' title="bbox 1000 484 4218 588">
    <p class='ocr_par' dir='ltr' id='par_1_3' title="bbox 1000 484 4218 588">
     <span class='ocr_line' id='line_1_3' title="bbox 1000 484 4218 588; baseline 0.001 -34"><span class='ocrx_word' id='word_1_9' title='bbox 1000 509 1163 577; x_wconf 90' lang='lat' dir='ltr'><strong>ergo</strong></span> <span class='ocrx_word' id='word_1_10' title='bbox 1202 487 1498 573; x_wconf 87' lang='lat' dir='ltr'><strong>videtur,</strong></span> <span class='ocrx_word' id='word_1_11' title='bbox 1557 486 1741 588; x_wconf 86' lang='lat' dir='ltr'><strong>quod</strong></span> <span class='ocrx_word' id='word_1_12' title='bbox 1791 484 2080 576; x_wconf 85' lang='lat' dir='ltr'>Spiritus</span> <span class='ocrx_word' id='word_1_13' title='bbox 2130 491 2404 551; x_wconf 87' lang='lat' dir='ltr'><strong>sanctus</strong></span> <span class='ocrx_word' id='word_1_14' title='bbox 2460 486 2550 552; x_wconf 88' lang='lat' dir='ltr'><strong>sit</strong></span> <span class='ocrx_word' id='word_1_15' title='bbox 2665 496 2905 554; x_wconf 91' lang='lat' dir='ltr'><strong>auctor</strong></span> <span class='ocrx_word' id='word_1_16' title='bbox 2942 485 3123 566; x_wconf 86' lang='lat' dir='ltr'><strong>Filii,</strong></span> <span class='ocrx_word' id='word_1_17' title='bbox 3157 494 3227 555; x_wconf 91' lang='lat' dir='ltr'><strong>et</strong></span> <span class='ocrx_word' id='word_1_18' title='bbox 3256 488 3569 555; x_wconf 91' lang='lat' dir='ltr'><strong>omnium</strong></span> <span class='ocrx_word' id='word_1_19' title='bbox 3602 508 3839 554; x_wconf 91' lang='lat' dir='ltr'><strong>eorum</strong></span> <span class='ocrx_word' id='word_1_20' title='bbox 3869 511 4021 579; x_wconf 86' lang='lat' dir='ltr'><strong>quae</strong></span> <span class='ocrx_word' id='word_1_21' title='bbox 4059 491 4218 557; x_wconf 88' lang='lat' dir='ltr'><strong>sunt</strong></span> 
     </span>
    </p>
   </div>
   <div class='ocr_carea' id='block_1_4' title="bbox 998 596 2547 792">
    <p class='ocr_par' dir='ltr' id='par_1_4' title="bbox 998 596 2547 792">
     <span class='ocr_line' id='line_1_4' title="bbox 998 596 1844 688; baseline -0.001 -26"><span class='ocrx_word' id='word_1_22' title='bbox 998 596 1202 675; x_wconf 84' lang='lat' dir='ltr'><strong>filius,</strong></span> <span class='ocrx_word' id='word_1_23' title='bbox 1241 596 1690 688; x_wconf 85' lang='lat' dir='ltr'><strong>quodfalsum</strong></span> <span class='ocrx_word' id='word_1_24' title='bbox 1721 603 1844 662; x_wconf 85' lang='lat' dir='ltr'><strong>est.</strong></span> 
     </span>
     <span class='ocr_line' id='line_1_5' title="bbox 1085 701 2547 792; baseline -0.002 -22"><span class='ocrx_word' id='word_1_25' title='bbox 1085 707 1149 771; x_wconf 84' lang='lat'><strong>2.</strong></span> <span class='ocrx_word' id='word_1_26' title='bbox 1186 705 1384 788; x_wconf 90' lang='lat' dir='ltr'><strong>Item,</strong></span> <span class='ocrx_word' id='word_1_27' title='bbox 1423 703 1921 792; x_wconf 88' lang='lat' dir='ltr'><strong>Cujuscumque</strong></span> <span class='ocrx_word' id='word_1_28' title='bbox 1951 701 2155 769; x_wconf 86' lang='lat' dir='ltr'><strong>Pater</strong></span> <span class='ocrx_word' id='word_1_29' title='bbox 2183 709 2284 768; x_wconf 89' lang='lat' dir='ltr'><strong>est</strong></span> <span class='ocrx_word' id='word_1_30' title='bbox 2309 707 2547 768; x_wconf 89' lang='lat' dir='ltr'><strong>auctor</strong></span> 
     </span>
    </p>
   </div>
   <div class='ocr_carea' id='block_1_5' title="bbox 991 811 2546 1012">
    <p class='ocr_par' dir='ltr' id='par_1_5' title="bbox 991 811 2546 1012">
     <span class='ocr_line' id='line_1_6' title="bbox 992 811 2546 904; baseline -0.002 -23"><span class='ocrx_word' id='word_1_31' title='bbox 992 813 1410 904; x_wconf 82' lang='lat' dir='ltr'><strong>generandO,</strong></span> <span class='ocrx_word' id='word_1_32' title='bbox 1447 813 1611 880; x_wconf 89' lang='lat' dir='ltr'><strong>illud</strong></span> <span class='ocrx_word' id='word_1_33' title='bbox 1638 813 1873 903; x_wconf 87' lang='lat' dir='ltr'><strong>genuit</strong></span> <span class='ocrx_word' id='word_1_34' title='bbox 1908 836 1922 880; x_wconf 74' lang='grc' dir='ltr'><strong><em>ε</em></strong></span> <span class='ocrx_word' id='word_1_35' title='bbox 1956 811 2412 901; x_wconf 83' lang='lat' dir='ltr'><strong>processionis</strong></span> <span class='ocrx_word' id='word_1_36' title='bbox 2443 820 2546 878; x_wconf 89' lang='lat' dir='ltr'><strong>est</strong></span> 
     </span>
     <span class='ocr_line' id='line_1_7' title="bbox 991 920 2539 1012; baseline -0.002 -23"><span class='ocrx_word' id='word_1_37' title='bbox 991 931 1228 989; x_wconf 77' lang='lat' dir='ltr'>auctor</span> <span class='ocrx_word' id='word_1_38' title='bbox 1280 921 1669 1011; x_wconf 90' lang='lat' dir='ltr'><strong>generando</strong></span> <span class='ocrx_word' id='word_1_39' title='bbox 1732 943 1748 987; x_wconf 81' lang='lat' dir='ltr'><em>z</em></span> <span class='ocrx_word' id='word_1_40' title='bbox 1806 943 1965 1010; x_wconf 89' lang='lat' dir='ltr'><strong>ergo</strong></span> <span class='ocrx_word' id='word_1_41' title='bbox 2032 920 2539 1012; x_wconf 81' lang='lat' dir='ltr'><strong>processionem</strong></span> 
     </span>
    </p>
   </div>
   <div class='ocr_carea' id='block_1_6' title="bbox 965 1027 2357 1120">
    <p class='ocr_par' dir='ltr' id='par_1_6' title="bbox 965 1027 2357 1120">
     <span class='ocr_line' id='line_1_8' title="bbox 965 1027 2357 1120; baseline -0.002 -24"><span class='ocrx_word' id='word_1_42' title='bbox 965 1030 1250 1120; x_wconf 83' lang='lat' dir='ltr'><strong>genuit,</strong></span> <span class='ocrx_word' id='word_1_43' title='bbox 1285 1028 1396 1095; x_wconf 90' lang='lat' dir='ltr'><strong>vel</strong></span> <span class='ocrx_word' id='word_1_44' title='bbox 1425 1030 1495 1095; x_wconf 91' lang='lat' dir='ltr'><strong>in</strong></span> <span class='ocrx_word' id='word_1_45' title='bbox 1524 1027 1693 1096; x_wconf 88' lang='lat' dir='ltr'><strong>Filio</strong></span> <span class='ocrx_word' id='word_1_46' title='bbox 1716 1029 1801 1096; x_wconf 91' lang='lat' dir='ltr'><strong>ad</strong></span> <span class='ocrx_word' id='word_1_47' title='bbox 1834 1028 2058 1096; x_wconf 90' lang='lat' dir='ltr'><strong>minus</strong></span> <span class='ocrx_word' id='word_1_48' title='bbox 2095 1027 2357 1119; x_wconf 89' lang='lat' dir='ltr'><strong>genuit.</strong></span> 
     </span>
    </p>
   </div>
   <div class='ocr_carea' id='block_1_7' title="bbox 987 1135 2539 1448">
    <p class='ocr_par' dir='ltr' id='par_1_7' title="bbox 987 1135 2539 1448">
     <span class='ocr_line' id='line_1_9' title="bbox 1077 1135 2536 1216; baseline -0.001 -12"><span class='ocrx_word' id='word_1_49' title='bbox 1077 1138 1140 1204; x_wconf 89' lang='lat'><strong>3.</strong></span> <span class='ocrx_word' id='word_1_50' title='bbox 1186 1136 1382 1216; x_wconf 91' lang='lat' dir='ltr'><strong>Item,</strong></span> <span class='ocrx_word' id='word_1_51' title='bbox 1427 1137 1746 1206; x_wconf 82' lang='lat' dir='ltr'><strong>Potestne</strong></span> <span class='ocrx_word' id='word_1_52' title='bbox 1813 1137 1938 1205; x_wconf 88' lang='lat' dir='ltr'><strong>ista</strong></span> <span class='ocrx_word' id='word_1_53' title='bbox 1977 1139 2180 1204; x_wconf 91' lang='lat' dir='ltr'><strong>etiam</strong></span> <span class='ocrx_word' id='word_1_54' title='bbox 2230 1135 2536 1215; x_wconf 87' lang='lat' dir='ltr'><strong>concedi,</strong></span> 
     </span>
     <span class='ocr_line' id='line_1_10' title="bbox 987 1245 2539 1338; baseline -0.001 -23"><span class='ocrx_word' id='word_1_55' title='bbox 987 1247 1179 1338; x_wconf 90' lang='lat' dir='ltr'><strong>quod</strong></span> <span class='ocrx_word' id='word_1_56' title='bbox 1217 1246 1424 1316; x_wconf 87' lang='lat' dir='ltr'><strong>Pater</strong></span> <span class='ocrx_word' id='word_1_57' title='bbox 1476 1249 1563 1314; x_wconf 89' lang='lat' dir='ltr'><strong>sit</strong></span> <span class='ocrx_word' id='word_1_58' title='bbox 1610 1254 1847 1316; x_wconf 91' lang='lat' dir='ltr'><strong>auctor</strong></span> <span class='ocrx_word' id='word_1_59' title='bbox 1907 1245 2260 1314; x_wconf 88' lang='lat' dir='ltr'><strong>filiationis</strong></span> <span class='ocrx_word' id='word_1_60' title='bbox 2313 1245 2539 1313; x_wconf 80' lang='lat' dir='ltr'><strong>Filii?</strong></span> 
     </span>
     <span class='ocr_line' id='line_1_11' title="bbox 996 1354 2538 1448; baseline -0.001 -26"><span class='ocrx_word' id='word_1_61' title='bbox 996 1355 1278 1423; x_wconf 86' lang='lat' dir='ltr'><strong>Videtur</strong></span> <span class='ocrx_word' id='word_1_62' title='bbox 1317 1356 1501 1447; x_wconf 90' lang='lat' dir='ltr'><strong>quod</strong></span> <span class='ocrx_word' id='word_1_63' title='bbox 1537 1357 1632 1424; x_wconf 90' lang='lat' dir='ltr'><strong>sic</strong></span> <span class='ocrx_word' id='word_1_64' title='bbox 1676 1379 1693 1425; x_wconf 92' lang='lat'><strong>:</strong></span> <span class='ocrx_word' id='word_1_65' title='bbox 1728 1356 1888 1448; x_wconf 90' lang='lat' dir='ltr'><strong>quia</strong></span> <span class='ocrx_word' id='word_1_66' title='bbox 1923 1358 1978 1423; x_wconf 92' lang='lat' dir='ltr'><strong>si</strong></span> <span class='ocrx_word' id='word_1_67' title='bbox 2028 1354 2266 1424; x_wconf 85' lang='lat' dir='ltr'><strong>filiatio</strong></span> <span class='ocrx_word' id='word_1_68' title='bbox 2316 1363 2419 1422; x_wconf 89' lang='lat' dir='ltr'><strong>est</strong></span> <span class='ocrx_word' id='word_1_69' title='bbox 2466 1355 2538 1421; x_wconf 92' lang='lat' dir='ltr'><strong>in</strong></span> 
     </span>
    </p>
   </div>
   <div class='ocr_carea' id='block_1_8' title="bbox 966 1463 2531 1558">
    <p class='ocr_par' dir='ltr' id='par_1_8' title="bbox 966 1463 2531 1558">
     <span class='ocr_line' id='line_1_12' title="bbox 966 1463 2531 1558; baseline -0.001 -26"><span class='ocrx_word' id='word_1_70' title='bbox 966 1465 1186 1545; x_wconf 73' lang='lat' dir='ltr'><strong>Filio,</strong></span> <span class='ocrx_word' id='word_1_71' title='bbox 1222 1463 1356 1533; x_wconf 89' lang='lat' dir='ltr'><strong>hoc</strong></span> <span class='ocrx_word' id='word_1_72' title='bbox 1389 1474 1491 1533; x_wconf 88' lang='lat' dir='ltr'><strong>est</strong></span> <span class='ocrx_word' id='word_1_73' title='bbox 1527 1488 1647 1556; x_wconf 92' lang='lat' dir='ltr'><strong>per</strong></span> <span class='ocrx_word' id='word_1_74' title='bbox 1690 1466 2198 1558; x_wconf 80' lang='lat' dir='ltr'><strong>generationem</strong></span> <span class='ocrx_word' id='word_1_75' title='bbox 2247 1463 2472 1532; x_wconf 91' lang='lat' dir='ltr'><strong>Patris</strong></span> <span class='ocrx_word' id='word_1_76' title='bbox 2515 1486 2531 1531; x_wconf 95' lang='lat'><strong>:</strong></span> 
     </span>
    </p>
   </div>
   <div class='ocr_carea' id='block_1_9' title="bbox 972 1569 2538 3392">
    <p class='ocr_par' dir='ltr' id='par_1_9' title="bbox 984 1569 2538 1749">
     <span class='ocr_line' id='line_1_13' title="bbox 985 1569 2538 1665; baseline -0.001 -26"><span class='ocrx_word' id='word_1_77' title='bbox 985 1593 1151 1662; x_wconf 87' lang='lat' dir='ltr'><strong>ergo</strong></span> <span class='ocrx_word' id='word_1_78' title='bbox 1186 1572 1476 1652; x_wconf 87' lang='lat' dir='ltr'><strong>videtur,</strong></span> <span class='ocrx_word' id='word_1_79' title='bbox 1519 1572 1704 1665; x_wconf 91' lang='lat' dir='ltr'><strong>quod</strong></span> <span class='ocrx_word' id='word_1_80' title='bbox 1741 1574 1882 1663; x_wconf 89' lang='lat' dir='ltr'><strong>ipse</strong></span> <span class='ocrx_word' id='word_1_81' title='bbox 1928 1572 2017 1640; x_wconf 92' lang='lat' dir='ltr'><strong>sit</strong></span> <span class='ocrx_word' id='word_1_82' title='bbox 2062 1578 2302 1639; x_wconf 79' lang='lat' dir='ltr'><strong>auctor</strong></span> <span class='ocrx_word' id='word_1_83' title='bbox 2353 1569 2538 1638; x_wconf 86' lang='lat' dir='ltr'><strong>filia-</strong></span> 
     </span>
     <span class='ocr_line' id='line_1_14' title="bbox 984 1680 1399 1749; baseline 0 -2"><span class='ocrx_word' id='word_1_84' title='bbox 984 1682 1192 1749; x_wconf 83' lang='lat' dir='ltr'><strong>tionis</strong></span> <span class='ocrx_word' id='word_1_85' title='bbox 1221 1680 1399 1749; x_wconf 87' lang='lat' dir='ltr'><strong>Filii.</strong></span> 
     </span>
    </p>

    <p class='ocr_par' dir='ltr' id='par_1_10' title="bbox 978 1785 2535 2291">
     <span class='ocr_line' id='line_1_15' title="bbox 1075 1785 2531 1867; baseline -0.001 -13"><span class='ocrx_word' id='word_1_86' title='bbox 1075 1787 1143 1854; x_wconf 73' lang='lat'><strong>4.</strong></span> <span class='ocrx_word' id='word_1_87' title='bbox 1187 1785 1387 1867; x_wconf 86' lang='lat' dir='ltr'><strong>Item,</strong></span> <span class='ocrx_word' id='word_1_88' title='bbox 1451 1788 1771 1857; x_wconf 81' lang='lat' dir='ltr'><strong>Potestne</strong></span> <span class='ocrx_word' id='word_1_89' title='bbox 1812 1788 1937 1856; x_wconf 90' lang='lat' dir='ltr'><strong>ista</strong></span> <span class='ocrx_word' id='word_1_90' title='bbox 1966 1787 2170 1855; x_wconf 89' lang='lat' dir='ltr'><strong>etiam</strong></span> <span class='ocrx_word' id='word_1_91' title='bbox 2224 1785 2531 1864; x_wconf 87' lang='lat' dir='ltr'><strong>concedi,</strong></span> 
     </span>
     <span class='ocr_line' id='line_1_16' title="bbox 984 1891 2535 1984; baseline 0 -23"><span class='ocrx_word' id='word_1_92' title='bbox 984 1893 1171 1984; x_wconf 90' lang='lat' dir='ltr'><strong>quod</strong></span> <span class='ocrx_word' id='word_1_93' title='bbox 1199 1893 1405 1964; x_wconf 86' lang='lat' dir='ltr'><strong>Pater</strong></span> <span class='ocrx_word' id='word_1_94' title='bbox 1440 1896 1529 1962; x_wconf 88' lang='lat' dir='ltr'><strong>sit</strong></span> <span class='ocrx_word' id='word_1_95' title='bbox 1564 1903 1801 1964; x_wconf 80' lang='lat' dir='ltr'><strong>auctor</strong></span> <span class='ocrx_word' id='word_1_96' title='bbox 1847 1894 2155 1963; x_wconf 81' lang='lat' dir='ltr'><strong>essentiae</strong></span> <span class='ocrx_word' id='word_1_97' title='bbox 2187 1893 2256 1960; x_wconf 89' lang='lat' dir='ltr'><strong>in</strong></span> <span class='ocrx_word' id='word_1_98' title='bbox 2287 1891 2461 1960; x_wconf 87' lang='lat' dir='ltr'><strong>Filio</strong></span> <span class='ocrx_word' id='word_1_99' title='bbox 2500 1894 2535 1961; x_wconf 80' lang='lat'><strong>⁴?</strong></span> 
     </span>
     <span class='ocr_line' id='line_1_17' title="bbox 984 1999 2529 2094; baseline 0.003 -27"><span class='ocrx_word' id='word_1_100' title='bbox 984 1999 1300 2086; x_wconf 62' lang='lat' dir='ltr'><strong>Videtur-3</strong></span> <span class='ocrx_word' id='word_1_101' title='bbox 1335 2001 1521 2094; x_wconf 88' lang='lat' dir='ltr'><strong>quod</strong></span> <span class='ocrx_word' id='word_1_102' title='bbox 1549 2005 1647 2070; x_wconf 88' lang='lat' dir='ltr'><strong>sic</strong></span> <span class='ocrx_word' id='word_1_103' title='bbox 1678 2024 1695 2072; x_wconf 89' lang='lat'><strong>:</strong></span> <span class='ocrx_word' id='word_1_104' title='bbox 1729 2002 1883 2094; x_wconf 89' lang='lat' dir='ltr'><strong>quia</strong></span> <span class='ocrx_word' id='word_1_105' title='bbox 1946 2001 2090 2092; x_wconf 86' lang='lat' dir='ltr'><strong>ipse</strong></span> <span class='ocrx_word' id='word_1_106' title='bbox 2117 2008 2222 2068; x_wconf 91' lang='lat' dir='ltr'><strong>est</strong></span> <span class='ocrx_word' id='word_1_107' title='bbox 2267 2010 2529 2072; x_wconf 76' lang='lat' dir='ltr'><strong>auctor,</strong></span> 
     </span>
     <span class='ocr_line' id='line_1_18' title="bbox 980 2110 2535 2208; baseline 0.005 -31"><span class='ocrx_word' id='word_1_108' title='bbox 980 2110 1167 2201; x_wconf 89' lang='lat' dir='ltr'><strong>quod</strong></span> <span class='ocrx_word' id='word_1_109' title='bbox 1197 2111 1489 2180; x_wconf 79' lang='lat' dir='ltr'><strong>essentia</strong></span> <span class='ocrx_word' id='word_1_110' title='bbox 1535 2114 1623 2181; x_wconf 90' lang='lat' dir='ltr'><strong>sit</strong></span> <span class='ocrx_word' id='word_1_111' title='bbox 1662 2113 1730 2180; x_wconf 89' lang='lat' dir='ltr'><strong>in</strong></span> <span class='ocrx_word' id='word_1_112' title='bbox 1777 2112 1946 2182; x_wconf 88' lang='lat' dir='ltr'><strong>Filio</strong></span> <span class='ocrx_word' id='word_1_113' title='bbox 1990 2135 2009 2184; x_wconf 90' lang='lat'><strong>:</strong></span> <span class='ocrx_word' id='word_1_114' title='bbox 2051 2137 2216 2208; x_wconf 90' lang='lat' dir='ltr'><strong>ergo</strong></span> <span class='ocrx_word' id='word_1_115' title='bbox 2248 2117 2392 2207; x_wconf 87' lang='lat' dir='ltr'><strong>ipse</strong></span> <span class='ocrx_word' id='word_1_116' title='bbox 2432 2123 2535 2185; x_wconf 88' lang='lat' dir='ltr'><strong>est</strong></span> 
     </span>
     <span class='ocr_line' id='line_1_19' title="bbox 978 2220 1754 2291; baseline 0.008 -7"><span class='ocrx_word' id='word_1_117' title='bbox 978 2228 1222 2290; x_wconf 89' lang='lat' dir='ltr'><strong>auctor</strong></span> <span class='ocrx_word' id='word_1_118' title='bbox 1242 2221 1549 2289; x_wconf 79' lang='lat' dir='ltr'><strong>essentiae</strong></span> <span class='ocrx_word' id='word_1_119' title='bbox 1577 2220 1754 2291; x_wconf 86' lang='lat' dir='ltr'><strong>Filii.</strong></span> 
     </span>
    </p>

    <p class='ocr_par' dir='ltr' id='par_1_11' title="bbox 972 2328 2534 3045">
     <span class='ocr_line' id='line_1_20' title="bbox 1069 2328 2529 2422; baseline 0.002 -23"><span class='ocrx_word' id='word_1_120' title='bbox 1069 2332 1137 2400; x_wconf 78' lang='lat'><strong>5.</strong></span> <span class='ocrx_word' id='word_1_121' title='bbox 1175 2329 1336 2410; x_wconf 87' lang='lat' dir='ltr'><strong>Sed,</strong></span> <span class='ocrx_word' id='word_1_122' title='bbox 1367 2328 1872 2422; x_wconf 87' lang='lat' dir='ltr'><strong>Cujuscumque</strong></span> <span class='ocrx_word' id='word_1_123' title='bbox 1901 2332 2105 2401; x_wconf 90' lang='lat' dir='ltr'><strong>Pater</strong></span> <span class='ocrx_word' id='word_1_124' title='bbox 2133 2340 2234 2402; x_wconf 91' lang='lat' dir='ltr'><strong>est</strong></span> <span class='ocrx_word' id='word_1_125' title='bbox 2265 2341 2529 2415; x_wconf 87' lang='lat' dir='ltr'><strong>auctor,</strong></span> 
     </span>
     <span class='ocr_line' id='line_1_21' title="bbox 980 2438 2534 2530; baseline 0.002 -22"><span class='ocrx_word' id='word_1_126' title='bbox 980 2438 1066 2508; x_wconf 86' lang='lat' dir='ltr'><strong>ab</strong></span> <span class='ocrx_word' id='word_1_127' title='bbox 1099 2438 1217 2507; x_wconf 78' lang='lat' dir='ltr'><strong>illo</strong></span> <span class='ocrx_word' id='word_1_128' title='bbox 1248 2438 1693 2530; x_wconf 89' lang='lat' dir='ltr'><strong>distinguitur</strong></span> <span class='ocrx_word' id='word_1_129' title='bbox 1733 2462 1750 2508; x_wconf 92' lang='lat'><strong>:</strong></span> <span class='ocrx_word' id='word_1_130' title='bbox 1783 2440 1900 2509; x_wconf 88' lang='lat' dir='ltr'><strong>sed</strong></span> <span class='ocrx_word' id='word_1_131' title='bbox 1928 2439 2136 2510; x_wconf 90' lang='lat' dir='ltr'><strong>Pater</strong></span> <span class='ocrx_word' id='word_1_132' title='bbox 2161 2450 2266 2511; x_wconf 87' lang='lat' dir='ltr'><strong>est</strong></span> <span class='ocrx_word' id='word_1_133' title='bbox 2294 2449 2534 2511; x_wconf 86' lang='lat' dir='ltr'><strong>auctor</strong></span> 
     </span>
     <span class='ocr_line' id='line_1_22' title="bbox 977 2547 2532 2640; baseline 0.002 -25"><span class='ocrx_word' id='word_1_134' title='bbox 977 2549 1287 2616; x_wconf 79' lang='lat' dir='ltr'><strong>essentiae</strong></span> <span class='ocrx_word' id='word_1_135' title='bbox 1318 2547 1468 2615; x_wconf 87' lang='lat' dir='ltr'><strong>Filii</strong></span> <span class='ocrx_word' id='word_1_136' title='bbox 1512 2569 1528 2616; x_wconf 91' lang='lat'><strong>:</strong></span> <span class='ocrx_word' id='word_1_137' title='bbox 1574 2570 1735 2640; x_wconf 91' lang='lat' dir='ltr'><strong>ergo</strong></span> <span class='ocrx_word' id='word_1_138' title='bbox 1759 2548 1843 2617; x_wconf 91' lang='lat' dir='ltr'><strong>ab</strong></span> <span class='ocrx_word' id='word_1_139' title='bbox 1874 2551 2163 2619; x_wconf 81' lang='lat' dir='ltr'><strong>essentia</strong></span> <span class='ocrx_word' id='word_1_140' title='bbox 2195 2549 2346 2619; x_wconf 86' lang='lat' dir='ltr'><strong>Filii</strong></span> <span class='ocrx_word' id='word_1_141' title='bbox 2385 2550 2532 2618; x_wconf 92' lang='lat' dir='ltr'><strong>dis-</strong></span> 
     </span>
     <span class='ocr_line' id='line_1_23' title="bbox 975 2652 2524 2749; baseline 0.003 -26"><span class='ocrx_word' id='word_1_142' title='bbox 975 2655 1354 2746; x_wconf 86' lang='lat' dir='ltr'><strong>tinguitur:</strong></span> <span class='ocrx_word' id='word_1_143' title='bbox 1378 2652 1496 2723; x_wconf 88' lang='lat' dir='ltr'><strong>sed</strong></span> <span class='ocrx_word' id='word_1_144' title='bbox 1524 2676 1564 2722; x_wconf 88' lang='lat' dir='ltr'><strong>a</strong></span> <span class='ocrx_word' id='word_1_145' title='bbox 1594 2677 2025 2747; x_wconf 87' lang='lat' dir='ltr'><strong>quocumque</strong></span> <span class='ocrx_word' id='word_1_146' title='bbox 2054 2655 2524 2749; x_wconf 84' lang='lat' dir='ltr'><strong>distinguitur,</strong></span> 
     </span>
     <span class='ocr_line' id='line_1_24' title="bbox 973 2759 2523 2857; baseline 0.004 -28"><span class='ocrx_word' id='word_1_147' title='bbox 973 2759 1107 2831; x_wconf 86' lang='lat' dir='ltr'><strong>hoc</strong></span> <span class='ocrx_word' id='word_1_148' title='bbox 1136 2760 1542 2831; x_wconf 77' lang='lat' dir='ltr'><strong>affirmative</strong></span> <span class='ocrx_word' id='word_1_149' title='bbox 1579 2783 1720 2830; x_wconf 89' lang='lat' dir='ltr'><strong>non</strong></span> <span class='ocrx_word' id='word_1_150' title='bbox 1765 2763 2172 2853; x_wconf 82' lang='lat' dir='ltr'><strong>proedicatur</strong></span> <span class='ocrx_word' id='word_1_151' title='bbox 2208 2763 2291 2833; x_wconf 89' lang='lat' dir='ltr'><strong>de</strong></span> <span class='ocrx_word' id='word_1_152' title='bbox 2320 2764 2471 2857; x_wconf 91' lang='lat' dir='ltr'><strong>ipso</strong></span> <span class='ocrx_word' id='word_1_153' title='bbox 2503 2788 2523 2835; x_wconf 89' lang='lat'><strong>:</strong></span> 
     </span>
     <span class='ocr_line' id='line_1_25' title="bbox 972 2867 2529 2964; baseline 0.003 -27"><span class='ocrx_word' id='word_1_154' title='bbox 972 2891 1139 2959; x_wconf 88' lang='lat' dir='ltr'><strong>ergo</strong></span> <span class='ocrx_word' id='word_1_155' title='bbox 1189 2867 1393 2936; x_wconf 86' lang='lat' dir='ltr'><strong>Pater</strong></span> <span class='ocrx_word' id='word_1_156' title='bbox 1437 2890 1577 2936; x_wconf 90' lang='lat' dir='ltr'><strong>non</strong></span> <span class='ocrx_word' id='word_1_157' title='bbox 1618 2876 1719 2937; x_wconf 86' lang='lat' dir='ltr'><strong>est</strong></span> <span class='ocrx_word' id='word_1_158' title='bbox 1776 2871 2067 2939; x_wconf 80' lang='lat' dir='ltr'><strong>essentia</strong></span> <span class='ocrx_word' id='word_1_159' title='bbox 2106 2870 2284 2957; x_wconf 87' lang='lat' dir='ltr'><strong>Filii,</strong></span> <span class='ocrx_word' id='word_1_160' title='bbox 2339 2872 2529 2964; x_wconf 87' lang='lat' dir='ltr'><strong>quod</strong></span> 
     </span>
     <span class='ocr_line' id='line_1_26' title="bbox 972 2974 1393 3045; baseline -0.007 0"><span class='ocrx_word' id='word_1_161' title='bbox 972 2974 1223 3045; x_wconf 77' lang='lat' dir='ltr'><strong>falsum</strong></span> <span class='ocrx_word' id='word_1_162' title='bbox 1261 2983 1393 3043; x_wconf 89' lang='lat' dir='ltr'><strong>est.</strong></span> 
     </span>
    </p>

    <p class='ocr_par' dir='ltr' id='par_1_12' title="bbox 972 3081 2531 3392">
     <span class='ocr_line' id='line_1_27' title="bbox 1060 3081 2531 3176; baseline 0.004 -26"><span class='ocrx_word' id='word_1_163' title='bbox 1060 3083 1128 3150; x_wconf 84' lang='lat'><strong>6.</strong></span> <span class='ocrx_word' id='word_1_164' title='bbox 1155 3081 1410 3151; x_wconf 85' lang='lat' dir='ltr'><strong>Eadem</strong></span> <span class='ocrx_word' id='word_1_165' title='bbox 1442 3084 1703 3152; x_wconf 84' lang='lat' dir='ltr'><strong>ratione</strong></span> <span class='ocrx_word' id='word_1_166' title='bbox 1727 3083 2075 3174; x_wconf 87' lang='lat' dir='ltr'><strong>probatur,</strong></span> <span class='ocrx_word' id='word_1_167' title='bbox 2109 3085 2296 3176; x_wconf 92' lang='lat' dir='ltr'><strong>quod</strong></span> <span class='ocrx_word' id='word_1_168' title='bbox 2324 3085 2531 3156; x_wconf 88' lang='lat' dir='ltr'><strong>Pater</strong></span> 
     </span>
     <span class='ocr_line' id='line_1_28' title="bbox 972 3192 2527 3288; baseline 0.002 -26"><span class='ocrx_word' id='word_1_169' title='bbox 972 3215 1114 3262; x_wconf 90' lang='lat' dir='ltr'><strong>non</strong></span> <span class='ocrx_word' id='word_1_170' title='bbox 1143 3199 1247 3261; x_wconf 89' lang='lat' dir='ltr'><strong>est</strong></span> <span class='ocrx_word' id='word_1_171' title='bbox 1271 3192 1378 3260; x_wconf 78' lang='lat' dir='ltr'><strong>vis</strong></span> <span class='ocrx_word' id='word_1_172' title='bbox 1414 3194 1799 3284; x_wconf 85' lang='lat' dir='ltr'><strong>processiva</strong></span> <span class='ocrx_word' id='word_1_173' title='bbox 1837 3192 1944 3263; x_wconf 77' lang='lat' dir='ltr'><strong>vel</strong></span> <span class='ocrx_word' id='word_1_174' title='bbox 1977 3197 2347 3286; x_wconf 84' lang='lat' dir='ltr'><strong>processio,</strong></span> <span class='ocrx_word' id='word_1_175' title='bbox 2389 3219 2527 3288; x_wconf 85' lang='lat' dir='ltr'><strong>qua</strong></span> 
     </span>
     <span class='ocr_line' id='line_1_29' title="bbox 980 3299 2529 3392; baseline 0.004 -25"><span class='ocrx_word' id='word_1_176' title='bbox 980 3299 1278 3392; x_wconf 86' lang='lat' dir='ltr'><strong>Spiritus</strong></span> <span class='ocrx_word' id='word_1_177' title='bbox 1332 3299 1635 3391; x_wconf 84' lang='lat' dir='ltr'><strong>procedit</strong></span> <span class='ocrx_word' id='word_1_178' title='bbox 1663 3322 1704 3369; x_wconf 91' lang='lat' dir='ltr'><strong>a</strong></span> <span class='ocrx_word' id='word_1_179' title='bbox 1734 3299 1905 3369; x_wconf 83' lang='lat' dir='ltr'><strong>Filio</strong></span> <span class='ocrx_word' id='word_1_180' title='bbox 1950 3304 2060 3370; x_wconf 90' lang='lat' dir='ltr'><strong>:si</strong></span> <span class='ocrx_word' id='word_1_181' title='bbox 2108 3303 2293 3372; x_wconf 90' lang='lat' dir='ltr'><strong>enim</strong></span> <span class='ocrx_word' id='word_1_182' title='bbox 2343 3303 2529 3373; x_wconf 90' lang='lat' dir='ltr'><strong>illius</strong></span> 
     </span>
    </p>
   </div>
   <div class='ocr_carea' id='block_1_10' title="bbox 980 3408 2540 3503">
    <p class='ocr_par' dir='ltr' id='par_1_13' title="bbox 980 3408 2540 3503">
     <span class='ocr_line' id='line_1_30' title="bbox 980 3408 2540 3503; baseline 0.002 -26"><span class='ocrx_word' id='word_1_183' title='bbox 980 3418 1081 3477; x_wconf 89' lang='lat' dir='ltr'><strong>est</strong></span> <span class='ocrx_word' id='word_1_184' title='bbox 1110 3416 1352 3478; x_wconf 88' lang='lat' dir='ltr'><strong>auctor</strong></span> <span class='ocrx_word' id='word_1_185' title='bbox 1392 3409 1499 3498; x_wconf 90' lang='lat' dir='ltr'><strong>(ut</strong></span> <span class='ocrx_word' id='word_1_186' title='bbox 1532 3408 1692 3479; x_wconf 87' lang='lat' dir='ltr'><strong>dicit</strong></span> <span class='ocrx_word' id='word_1_187' title='bbox 1739 3411 2190 3503; x_wconf 80' lang='lat' dir='ltr'><strong>Augustinus)</strong></span> <span class='ocrx_word' id='word_1_188' title='bbox 2229 3420 2400 3482; x_wconf 89' lang='lat' dir='ltr'><strong>tunc</strong></span> <span class='ocrx_word' id='word_1_189' title='bbox 2436 3412 2540 3482; x_wconf 83' lang='lat' dir='ltr'><strong>ab·</strong></span> 
     </span>
    </p>
   </div>
   <div class='ocr_carea' id='block_1_11' title="bbox 974 3516 2532 5333">
    <p class='ocr_par' dir='ltr' id='par_1_14' title="bbox 974 3516 2532 5333">
     <span class='ocr_line' id='line_1_31' title="bbox 984 3516 2524 3613; baseline 0.005 -29"><span class='ocrx_word' id='word_1_190' title='bbox 984 3516 1100 3585; x_wconf 89' lang='lat' dir='ltr'><strong>illo</strong></span> <span class='ocrx_word' id='word_1_191' title='bbox 1158 3516 1596 3608; x_wconf 86' lang='lat' dir='ltr'><strong>distinguitur</strong></span> <span class='ocrx_word' id='word_1_192' title='bbox 1628 3539 1645 3585; x_wconf 89' lang='lat'><strong>:</strong></span> <span class='ocrx_word' id='word_1_193' title='bbox 1679 3527 1745 3587; x_wconf 90' lang='lat' dir='ltr'><strong>et</strong></span> <span class='ocrx_word' id='word_1_194' title='bbox 1783 3542 1823 3588; x_wconf 91' lang='lat' dir='ltr'><strong>a</strong></span> <span class='ocrx_word' id='word_1_195' title='bbox 1859 3543 1995 3612; x_wconf 90' lang='lat' dir='ltr'><strong>quo</strong></span> <span class='ocrx_word' id='word_1_196' title='bbox 2050 3519 2524 3613; x_wconf 86' lang='lat' dir='ltr'><strong>distinguitur,</strong></span> 
     </span>
     <span class='ocr_line' id='line_1_32' title="bbox 984 3622 2523 3721; baseline 0.006 -30"><span class='ocrx_word' id='word_1_197' title='bbox 984 3622 1114 3692; x_wconf 89' lang='lat' dir='ltr'><strong>hoc</strong></span> <span class='ocrx_word' id='word_1_198' title='bbox 1144 3623 1550 3694; x_wconf 81' lang='lat' dir='ltr'><strong>affirmative</strong></span> <span class='ocrx_word' id='word_1_199' title='bbox 1581 3648 1717 3694; x_wconf 92' lang='lat' dir='ltr'><strong>non</strong></span> <span class='ocrx_word' id='word_1_200' title='bbox 1749 3626 2154 3716; x_wconf 83' lang='lat' dir='ltr'><strong>praedicatur</strong></span> <span class='ocrx_word' id='word_1_201' title='bbox 2196 3629 2282 3698; x_wconf 87' lang='lat' dir='ltr'><strong>de</strong></span> <span class='ocrx_word' id='word_1_202' title='bbox 2312 3630 2461 3721; x_wconf 88' lang='lat' dir='ltr'><strong>ipso</strong></span> <span class='ocrx_word' id='word_1_203' title='bbox 2504 3654 2523 3701; x_wconf 91' lang='lat'><strong>:</strong></span> 
     </span>
     <span class='ocr_line' id='line_1_33' title="bbox 981 3730 2525 3828; baseline 0.006 -31"><span class='ocrx_word' id='word_1_204' title='bbox 981 3732 1145 3824; x_wconf 88' lang='lat' dir='ltr'><strong>quia</strong></span> <span class='ocrx_word' id='word_1_205' title='bbox 1184 3730 1573 3800; x_wconf 89' lang='lat' dir='ltr'><strong>distinctum</strong></span> <span class='ocrx_word' id='word_1_206' title='bbox 1640 3742 1706 3800; x_wconf 88' lang='lat' dir='ltr'><strong>et</strong></span> <span class='ocrx_word' id='word_1_207' title='bbox 1757 3755 1797 3801; x_wconf 89' lang='lat' dir='ltr'><strong>a</strong></span> <span class='ocrx_word' id='word_1_208' title='bbox 1854 3757 1989 3825; x_wconf 92' lang='lat' dir='ltr'><strong>quo</strong></span> <span class='ocrx_word' id='word_1_209' title='bbox 2054 3735 2525 3828; x_wconf 87' lang='lat' dir='ltr'><strong>distinguitur,</strong></span> 
     </span>
     <span class='ocr_line' id='line_1_34' title="bbox 982 3838 2524 3936; baseline 0.007 -33"><span class='ocrx_word' id='word_1_210' title='bbox 982 3847 1428 3928; x_wconf 90' lang='lat' dir='ltr'><strong>opponuntur</strong></span> <span class='ocrx_word' id='word_1_211' title='bbox 1475 3838 1751 3907; x_wconf 79' lang='lat' dir='ltr'><strong>relative</strong></span> <span class='ocrx_word' id='word_1_212' title='bbox 1818 3840 1888 3907; x_wconf 89' lang='lat' dir='ltr'><strong>in</strong></span> <span class='ocrx_word' id='word_1_213' title='bbox 1950 3840 2200 3909; x_wconf 84' lang='lat' dir='ltr'><strong>divinis</strong></span> <span class='ocrx_word' id='word_1_214' title='bbox 2278 3864 2294 3908; x_wconf 92' lang='lat'><strong>:</strong></span> <span class='ocrx_word' id='word_1_215' title='bbox 2358 3865 2524 3936; x_wconf 86' lang='lat' dir='ltr'><strong>ergo</strong></span> 
     </span>
     <span class='ocr_line' id='line_1_35' title="bbox 981 3943 2527 4040; baseline 0.005 -30"><span class='ocrx_word' id='word_1_216' title='bbox 981 3943 1188 4012; x_wconf 83' lang='lat' dir='ltr'><strong>Pater</strong></span> <span class='ocrx_word' id='word_1_217' title='bbox 1252 3967 1389 4011; x_wconf 91' lang='lat' dir='ltr'><strong>non</strong></span> <span class='ocrx_word' id='word_1_218' title='bbox 1473 3952 1573 4012; x_wconf 88' lang='lat' dir='ltr'><strong>est</strong></span> <span class='ocrx_word' id='word_1_219' title='bbox 1658 3943 2064 4037; x_wconf 91' lang='lat' dir='ltr'><strong>principium</strong></span> <span class='ocrx_word' id='word_1_220' title='bbox 2132 3948 2527 4040; x_wconf 84' lang='lat' dir='ltr'><strong>spirationis</strong></span> 
     </span>
     <span class='ocr_line' id='line_1_36' title="bbox 979 4052 2525 4150; baseline 0.005 -31"><span class='ocrx_word' id='word_1_221' title='bbox 979 4052 1164 4143; x_wconf 91' lang='lat' dir='ltr'><strong>quod</strong></span> <span class='ocrx_word' id='word_1_222' title='bbox 1193 4062 1296 4121; x_wconf 92' lang='lat' dir='ltr'><strong>est</strong></span> <span class='ocrx_word' id='word_1_223' title='bbox 1326 4054 1393 4120; x_wconf 90' lang='lat' dir='ltr'><strong>in</strong></span> <span class='ocrx_word' id='word_1_224' title='bbox 1430 4052 1621 4122; x_wconf 82' lang='lat' dir='ltr'><strong>Filio.</strong></span> <span class='ocrx_word' id='word_1_225' title='bbox 1657 4052 1854 4133; x_wconf 91' lang='lat' dir='ltr'><strong>Quod</strong></span> <span class='ocrx_word' id='word_1_226' title='bbox 1885 4054 2130 4123; x_wconf 79' lang='lat' dir='ltr'><strong>falsum</strong></span> <span class='ocrx_word' id='word_1_227' title='bbox 2167 4065 2270 4125; x_wconf 91' lang='lat' dir='ltr'><strong>est</strong></span> <span class='ocrx_word' id='word_1_228' title='bbox 2313 4080 2330 4126; x_wconf 90' lang='lat'><strong>:</strong></span> <span class='ocrx_word' id='word_1_229' title='bbox 2363 4059 2525 4150; x_wconf 88' lang='lat' dir='ltr'><strong>quia</strong></span> 
     </span>
     <span class='ocr_line' id='line_1_37' title="bbox 976 4162 2525 4252; baseline 0.003 -24"><span class='ocrx_word' id='word_1_230' title='bbox 976 4183 1272 4252; x_wconf 87' lang='lat' dir='ltr'><strong>persona</strong></span> <span class='ocrx_word' id='word_1_231' title='bbox 1315 4170 1415 4229; x_wconf 86' lang='lat' dir='ltr'><strong>est</strong></span> <span class='ocrx_word' id='word_1_232' title='bbox 1444 4162 1818 4251; x_wconf 88' lang='lat' dir='ltr'><strong>proprietas</strong></span> <span class='ocrx_word' id='word_1_233' title='bbox 1863 4185 1985 4230; x_wconf 89' lang='lat' dir='ltr'><strong>sua</strong></span> <span class='ocrx_word' id='word_1_234' title='bbox 2046 4187 2062 4231; x_wconf 92' lang='lat'><strong>:</strong></span> <span class='ocrx_word' id='word_1_235' title='bbox 2124 4163 2306 4233; x_wconf 89' lang='lat' dir='ltr'><strong>unde</strong></span> <span class='ocrx_word' id='word_1_236' title='bbox 2366 4188 2525 4234; x_wconf 85' lang='lat' dir='ltr'><strong>curn</strong></span> 
     </span>
     <span class='ocr_line' id='line_1_38' title="bbox 977 4267 2527 4359; baseline 0.003 -24"><span class='ocrx_word' id='word_1_237' title='bbox 977 4267 1216 4336; x_wconf 87' lang='lat' dir='ltr'><strong>eadem</strong></span> <span class='ocrx_word' id='word_1_238' title='bbox 1256 4269 1632 4359; x_wconf 83' lang='lat' dir='ltr'><strong>proprietas</strong></span> <span class='ocrx_word' id='word_1_239' title='bbox 1670 4291 1954 4338; x_wconf 88' lang='lat' dir='ltr'><strong>numero</strong></span> <span class='ocrx_word' id='word_1_240' title='bbox 1984 4270 2071 4338; x_wconf 91' lang='lat' dir='ltr'><strong>sit</strong></span> <span class='ocrx_word' id='word_1_241' title='bbox 2112 4271 2181 4339; x_wconf 89' lang='lat' dir='ltr'><strong>in</strong></span> <span class='ocrx_word' id='word_1_242' title='bbox 2211 4268 2413 4340; x_wconf 84' lang='lat' dir='ltr'><strong>Patre</strong></span> <span class='ocrx_word' id='word_1_243' title='bbox 2462 4279 2527 4340; x_wconf 91' lang='lat' dir='ltr'><strong>et</strong></span> 
     </span>
     <span class='ocr_line' id='line_1_39' title="bbox 978 4377 2524 4471; baseline 0.005 -27"><span class='ocrx_word' id='word_1_244' title='bbox 978 4377 1149 4445; x_wconf 83' lang='lat' dir='ltr'><strong>Filio</strong></span> <span class='ocrx_word' id='word_1_245' title='bbox 1196 4377 1284 4445; x_wconf 89' lang='lat' dir='ltr'><strong>ad</strong></span> <span class='ocrx_word' id='word_1_246' title='bbox 1340 4379 1736 4469; x_wconf 82' lang='lat' dir='ltr'><strong>spirandum</strong></span> <span class='ocrx_word' id='word_1_247' title='bbox 1793 4378 2123 4471; x_wconf 89' lang='lat' dir='ltr'><strong>Spiritum</strong></span> <span class='ocrx_word' id='word_1_248' title='bbox 2182 4391 2524 4469; x_wconf 89' lang='lat' dir='ltr'><strong>sanctum,</strong></span> 
     </span>
     <span class='ocr_line' id='line_1_40' title="bbox 978 4484 2526 4583; baseline 0.006 -31"><span class='ocrx_word' id='word_1_249' title='bbox 978 4484 1182 4553; x_wconf 82' lang='lat' dir='ltr'><strong>l‘ater</strong></span> <span class='ocrx_word' id='word_1_250' title='bbox 1200 4494 1305 4553; x_wconf 86' lang='lat' dir='ltr'><strong>est</strong></span> <span class='ocrx_word' id='word_1_251' title='bbox 1324 4486 1732 4575; x_wconf 88' lang='lat' dir='ltr'><strong>principium</strong></span> <span class='ocrx_word' id='word_1_252' title='bbox 1765 4486 2063 4577; x_wconf 89' lang='lat' dir='ltr'><strong>Spiritus</strong></span> <span class='ocrx_word' id='word_1_253' title='bbox 2101 4490 2317 4559; x_wconf 88' lang='lat' dir='ltr'><strong>sancti</strong></span> <span class='ocrx_word' id='word_1_254' title='bbox 2338 4492 2526 4583; x_wconf 85' lang='lat' dir='ltr'><strong>quod</strong></span> 
     </span>
     <span class='ocr_line' id='line_1_41' title="bbox 975 4592 2526 4670; baseline 0.006 -10"><span class='ocrx_word' id='word_1_255' title='bbox 975 4600 1076 4662; x_wconf 85' lang='lat' dir='ltr'><strong>est</strong></span> <span class='ocrx_word' id='word_1_256' title='bbox 1120 4593 1191 4660; x_wconf 88' lang='lat' dir='ltr'><strong>in</strong></span> <span class='ocrx_word' id='word_1_257' title='bbox 1234 4592 1404 4662; x_wconf 83' lang='lat' dir='ltr'><strong>Filio</strong></span> <span class='ocrx_word' id='word_1_258' title='bbox 1442 4604 1559 4662; x_wconf 91' lang='lat' dir='ltr'><strong>:et</strong></span> <span class='ocrx_word' id='word_1_259' title='bbox 1610 4617 1693 4663; x_wconf 84' lang='lat' dir='ltr'><strong>ex</strong></span> <span class='ocrx_word' id='word_1_260' title='bbox 1732 4595 1863 4664; x_wconf 88' lang='lat' dir='ltr'><strong>hoc</strong></span> <span class='ocrx_word' id='word_1_261' title='bbox 1917 4596 2186 4666; x_wconf 76' lang='lat' dir='ltr'><strong>videtur</strong></span> <span class='ocrx_word' id='word_1_262' title='bbox 2241 4598 2526 4670; x_wconf 78' lang='lat' dir='ltr'><strong>ulterius</strong></span> 
     </span>
     <span class='ocr_line' id='line_1_42' title="bbox 974 4700 2529 4794; baseline 0.006 -27"><span class='ocrx_word' id='word_1_263' title='bbox 974 4701 1167 4793; x_wconf 87' lang='lat' dir='ltr'><strong>sequi</strong></span> <span class='ocrx_word' id='word_1_264' title='bbox 1209 4700 1558 4769; x_wconf 88' lang='lat' dir='ltr'><strong>conclusio</strong></span> <span class='ocrx_word' id='word_1_265' title='bbox 1598 4725 1749 4794; x_wconf 80' lang='lat' dir='ltr'><strong>quae</strong></span> <span class='ocrx_word' id='word_1_266' title='bbox 1801 4702 2288 4774; x_wconf 86' lang='lat' dir='ltr'><strong>absurdissima</strong></span> <span class='ocrx_word' id='word_1_267' title='bbox 2343 4709 2529 4777; x_wconf 76' lang='lat' dir='ltr'><strong>vide-</strong></span> 
     </span>
     <span class='ocr_line' id='line_1_43' title="bbox 976 4808 2528 4906; baseline 0.006 -30"><span class='ocrx_word' id='word_1_268' title='bbox 976 4816 1088 4876; x_wconf 93' lang='lat' dir='ltr'><strong>tur</strong></span> <span class='ocrx_word' id='word_1_269' title='bbox 1118 4810 1188 4877; x_wconf 89' lang='lat' dir='ltr'><strong>in</strong></span> <span class='ocrx_word' id='word_1_270' title='bbox 1239 4808 1513 4890; x_wconf 80' lang='lat' dir='ltr'><strong>divinis,</strong></span> <span class='ocrx_word' id='word_1_271' title='bbox 1571 4810 1754 4901; x_wconf 89' lang='lat' dir='ltr'><strong>quod</strong></span> <span class='ocrx_word' id='word_1_272' title='bbox 1799 4813 2289 4906; x_wconf 88' lang='lat' dir='ltr'><strong>cujuscumque</strong></span> <span class='ocrx_word' id='word_1_273' title='bbox 2322 4814 2528 4886; x_wconf 83' lang='lat' dir='ltr'><strong>Pater</strong></span> 
     </span>
     <span class='ocr_line' id='line_1_44' title="bbox 975 4917 2526 5016; baseline 0.006 -31"><span class='ocrx_word' id='word_1_274' title='bbox 975 4926 1079 4986; x_wconf 91' lang='lat' dir='ltr'><strong>est</strong></span> <span class='ocrx_word' id='word_1_275' title='bbox 1135 4926 1396 4995; x_wconf 89' lang='lat' dir='ltr'><strong>auctor,</strong></span> <span class='ocrx_word' id='word_1_276' title='bbox 1454 4917 1585 4987; x_wconf 89' lang='lat' dir='ltr'><strong>hoc</strong></span> <span class='ocrx_word' id='word_1_277' title='bbox 1640 4927 1741 4987; x_wconf 90' lang='lat' dir='ltr'><strong>est</strong></span> <span class='ocrx_word' id='word_1_278' title='bbox 1781 4918 1863 4986; x_wconf 86' lang='lat' dir='ltr'><strong>ab</strong></span> <span class='ocrx_word' id='word_1_279' title='bbox 1912 4921 2061 5012; x_wconf 90' lang='lat' dir='ltr'><strong>ipso</strong></span> <span class='ocrx_word' id='word_1_280' title='bbox 2105 4926 2321 4992; x_wconf 90' lang='lat' dir='ltr'><strong>:etsi</strong></span> <span class='ocrx_word' id='word_1_281' title='bbox 2379 4927 2526 5016; x_wconf 92' lang='lat' dir='ltr'><strong>ipse</strong></span> 
     </span>
     <span class='ocr_line' id='line_1_45' title="bbox 976 5026 2527 5129; baseline 0.006 -35"><span class='ocrx_word' id='word_1_282' title='bbox 976 5026 1182 5095; x_wconf 84' lang='lat' dir='ltr'><strong>l’ater</strong></span> <span class='ocrx_word' id='word_1_283' title='bbox 1235 5034 1338 5095; x_wconf 88' lang='lat' dir='ltr'><strong>est</strong></span> <span class='ocrx_word' id='word_1_284' title='bbox 1386 5026 1516 5096; x_wconf 86' lang='lat' dir='ltr'><strong>hoc</strong></span> <span class='ocrx_word' id='word_1_285' title='bbox 1570 5029 1763 5118; x_wconf 90' lang='lat' dir='ltr'><strong>cujus</strong></span> <span class='ocrx_word' id='word_1_286' title='bbox 1819 5036 1919 5098; x_wconf 91' lang='lat' dir='ltr'><strong>est</strong></span> <span class='ocrx_word' id='word_1_287' title='bbox 1947 5038 2204 5109; x_wconf 86' lang='lat' dir='ltr'><strong>auctor,</strong></span> <span class='ocrx_word' id='word_1_288' title='bbox 2249 5033 2392 5129; x_wconf 79' lang='lat' dir='ltr'><strong>ipse</strong></span> <span class='ocrx_word' id='word_1_289' title='bbox 2423 5044 2527 5104; x_wconf 89' lang='lat' dir='ltr'><strong>est</strong></span> 
     </span>
     <span class='ocr_line' id='line_1_46' title="bbox 978 5133 2532 5231; baseline 0.005 -29"><span class='ocrx_word' id='word_1_290' title='bbox 978 5133 1111 5203; x_wconf 86' lang='lat' dir='ltr'><strong>hoc</strong></span> <span class='ocrx_word' id='word_1_291' title='bbox 1156 5133 1342 5225; x_wconf 87' lang='lat' dir='ltr'><strong>quod</strong></span> <span class='ocrx_word' id='word_1_292' title='bbox 1380 5135 1465 5202; x_wconf 92' lang='lat' dir='ltr'><strong>ab</strong></span> <span class='ocrx_word' id='word_1_293' title='bbox 1523 5136 1670 5226; x_wconf 89' lang='lat' dir='ltr'><strong>ipso</strong></span> <span class='ocrx_word' id='word_1_294' title='bbox 1711 5144 1812 5205; x_wconf 90' lang='lat' dir='ltr'><strong>est</strong></span> <span class='ocrx_word' id='word_1_295' title='bbox 1843 5159 1860 5204; x_wconf 90' lang='lat'><strong>:</strong></span> <span class='ocrx_word' id='word_1_296' title='bbox 1896 5138 2080 5229; x_wconf 87' lang='lat' dir='ltr'><strong>quod</strong></span> <span class='ocrx_word' id='word_1_297' title='bbox 2116 5161 2330 5231; x_wconf 90' lang='lat' dir='ltr'><strong>supra</strong></span> <span class='ocrx_word' id='word_1_298' title='bbox 2392 5164 2532 5210; x_wconf 91' lang='lat' dir='ltr'><strong>re-</strong></span> 
     </span>
     <span class='ocr_line' id='line_1_47' title="bbox 976 5241 1815 5333; baseline 0.006 -24"><span class='ocrx_word' id='word_1_299' title='bbox 976 5249 1296 5333; x_wconf 90' lang='lat' dir='ltr'><strong>putatum</strong></span> <span class='ocrx_word' id='word_1_300' title='bbox 1327 5250 1426 5310; x_wconf 91' lang='lat' dir='ltr'><strong>est</strong></span> <span class='ocrx_word' id='word_1_301' title='bbox 1463 5241 1738 5312; x_wconf 64' lang='lat' dir='ltr'><strong>haeresis</strong></span> <span class='ocrx_word' id='word_1_302' title='bbox 1771 5246 1815 5314; x_wconf 86' lang='lat'><strong>¹.</strong></span> 
     </span>
    </p>
   </div>
   <div class='ocr_carea' id='block_1_12' title="bbox 1076 5455 2531 5553">
    <p class='ocr_par' dir='ltr' id='par_1_15' title="bbox 1076 5455 2531 5553">
     <span class='ocr_line' id='line_1_48' title="bbox 1076 5455 2531 5553; baseline 0.008 -28"><span class='ocrx_word' id='word_1_303' title='bbox 1076 5455 1386 5527; x_wconf 72' lang='lat' dir='ltr'><strong>Somno.</strong></span> <span class='ocrx_word' id='word_1_304' title='bbox 1448 5459 1848 5541; x_wconf 86' lang='lat' dir='ltr'><strong>Dicendum,</strong></span> <span class='ocrx_word' id='word_1_305' title='bbox 1901 5461 2085 5553; x_wconf 92' lang='lat' dir='ltr'><strong>quod</strong></span> <span class='ocrx_word' id='word_1_306' title='bbox 2156 5462 2363 5533; x_wconf 90' lang='lat' dir='ltr'><strong>Pater</strong></span> <span class='ocrx_word' id='word_1_307' title='bbox 2428 5474 2531 5536; x_wconf 88' lang='lat' dir='ltr'><strong>est</strong></span> 
     </span>
    </p>
   </div>
   <div class='ocr_carea' id='block_1_13' title="bbox 1058 5671 1704 5746">
    <p class='ocr_par' dir='ltr' id='par_1_16' title="bbox 1058 5671 1704 5746">
     <span class='ocr_line' id='line_1_49' title="bbox 1058 5671 1704 5746; baseline 0.003 -16"><span class='ocrx_word' id='word_1_308' title='bbox 1058 5677 1075 5712; x_wconf 86' lang='lat'><strong>¹</strong></span> <span class='ocrx_word' id='word_1_309' title='bbox 1107 5672 1193 5730; x_wconf 79' lang='lat' dir='ltr'><strong>Cf.</strong></span> <span class='ocrx_word' id='word_1_310' title='bbox 1218 5671 1426 5746; x_wconf 85' lang='lat' dir='ltr'><strong>Supra,</strong></span> <span class='ocrx_word' id='word_1_311' title='bbox 1461 5674 1604 5731; x_wconf 83' lang='lat' dir='ltr'><strong>Dist.</strong></span> <span class='ocrx_word' id='word_1_312' title='bbox 1636 5677 1704 5732; x_wconf 81' lang='lat' dir='ltr'><strong>V.</strong></span> 
     </span>
    </p>
   </div>
   <div class='ocr_carea' id='block_1_14' title="bbox 2630 593 4214 5551">
    <p class='ocr_par' dir='ltr' id='par_1_17' title="bbox 2657 593 4214 1010">
     <span class='ocr_line' id='line_1_50' title="bbox 2664 593 4214 685; baseline 0.005 -27"><span class='ocrx_word' id='word_1_313' title='bbox 2664 593 2732 659; x_wconf 91' lang='lat' dir='ltr'><strong>in</strong></span> <span class='ocrx_word' id='word_1_314' title='bbox 2780 593 2955 662; x_wconf 91' lang='lat' dir='ltr'><strong>Filio</strong></span> <span class='ocrx_word' id='word_1_315' title='bbox 3024 604 3230 685; x_wconf 90' lang='lat' dir='ltr'><strong>prout</strong></span> <span class='ocrx_word' id='word_1_316' title='bbox 3286 603 3446 662; x_wconf 89' lang='lat' dir='ltr'><strong>sunt</strong></span> <span class='ocrx_word' id='word_1_317' title='bbox 3510 595 3582 661; x_wconf 92' lang='lat' dir='ltr'><strong>in</strong></span> <span class='ocrx_word' id='word_1_318' title='bbox 3647 593 3875 662; x_wconf 89' lang='lat' dir='ltr'><strong>Filio:</strong></span> <span class='ocrx_word' id='word_1_319' title='bbox 3940 604 4005 663; x_wconf 89' lang='lat' dir='ltr'><strong>et</strong></span> <span class='ocrx_word' id='word_1_320' title='bbox 4043 596 4214 665; x_wconf 88' lang='lat' dir='ltr'><strong>bene</strong></span> 
     </span>
     <span class='ocr_line' id='line_1_51' title="bbox 2660 702 4214 793; baseline 0.003 -26"><span class='ocrx_word' id='word_1_321' title='bbox 2660 702 2990 785; x_wconf 89' lang='lat' dir='ltr'><strong>conced0,</strong></span> <span class='ocrx_word' id='word_1_322' title='bbox 3035 704 3222 793; x_wconf 92' lang='lat' dir='ltr'><strong>quod</strong></span> <span class='ocrx_word' id='word_1_323' title='bbox 3252 704 3562 770; x_wconf 88' lang='lat' dir='ltr'><strong>omnium</strong></span> <span class='ocrx_word' id='word_1_324' title='bbox 3595 724 3827 770; x_wconf 88' lang='lat' dir='ltr'><strong>eorum</strong></span> <span class='ocrx_word' id='word_1_325' title='bbox 3867 726 4017 793; x_wconf 86' lang='lat' dir='ltr'><strong>quae</strong></span> <span class='ocrx_word' id='word_1_326' title='bbox 4057 715 4214 772; x_wconf 89' lang='lat' dir='ltr'><strong>sunt</strong></span> 
     </span>
     <span class='ocr_line' id='line_1_52' title="bbox 2660 808 4206 900; baseline 0.001 -25"><span class='ocrx_word' id='word_1_327' title='bbox 2660 810 2730 875; x_wconf 93' lang='lat' dir='ltr'><strong>in</strong></span> <span class='ocrx_word' id='word_1_328' title='bbox 2769 808 2944 877; x_wconf 89' lang='lat' dir='ltr'><strong>Filio</strong></span> <span class='ocrx_word' id='word_1_329' title='bbox 3003 809 3208 878; x_wconf 88' lang='lat' dir='ltr'><strong>Pater</strong></span> <span class='ocrx_word' id='word_1_330' title='bbox 3246 820 3347 878; x_wconf 90' lang='lat' dir='ltr'><strong>est</strong></span> <span class='ocrx_word' id='word_1_331' title='bbox 3394 817 3631 878; x_wconf 91' lang='lat' dir='ltr'><strong>auctor</strong></span> <span class='ocrx_word' id='word_1_332' title='bbox 3669 832 3788 900; x_wconf 90' lang='lat' dir='ltr'><strong>per</strong></span> <span class='ocrx_word' id='word_1_333' title='bbox 3825 811 4206 899; x_wconf 89' lang='lat' dir='ltr'><strong>generatio-</strong></span> 
     </span>
     <span class='ocr_line' id='line_1_53' title="bbox 2657 919 3421 1010; baseline 0.003 -26"><span class='ocrx_word' id='word_1_334' title='bbox 2657 940 2818 985; x_wconf 91' lang='lat' dir='ltr'><strong>nem</strong></span> <span class='ocrx_word' id='word_1_335' title='bbox 2854 919 2968 987; x_wconf 87' lang='lat' dir='ltr'><strong>vel</strong></span> <span class='ocrx_word' id='word_1_336' title='bbox 2996 920 3421 1010; x_wconf 92' lang='lat' dir='ltr'><strong>generando.</strong></span> 
     </span>
    </p>

    <p class='ocr_par' dir='ltr' id='par_1_18' title="bbox 2646 1025 4204 1873">
     <span class='ocr_line' id='line_1_54' title="bbox 2742 1025 4202 1116; baseline 0.001 -25"><span class='ocrx_word' id='word_1_337' title='bbox 2742 1026 2849 1092; x_wconf 81' lang='lat' dir='ltr'><strong>An</strong></span> <span class='ocrx_word' id='word_1_338' title='bbox 2896 1049 3157 1094; x_wconf 65' lang='lat' dir='ltr'><strong>ramum</strong></span> <span class='ocrx_word' id='word_1_339' title='bbox 3187 1049 3350 1116; x_wconf 87' lang='lat' dir='ltr'><strong>ergo</strong></span> <span class='ocrx_word' id='word_1_340' title='bbox 3391 1025 3778 1103; x_wconf 88' lang='lat' dir='ltr'><strong>dicendum,</strong></span> <span class='ocrx_word' id='word_1_341' title='bbox 3813 1026 3997 1115; x_wconf 88' lang='lat' dir='ltr'><strong>quod</strong></span> <span class='ocrx_word' id='word_1_342' title='bbox 4036 1025 4202 1093; x_wconf 91' lang='lat' dir='ltr'><strong>illud</strong></span> 
     </span>
     <span class='ocr_line' id='line_1_55' title="bbox 2653 1136 4202 1228; baseline 0.001 -25"><span class='ocrx_word' id='word_1_343' title='bbox 2653 1146 3139 1227; x_wconf 88' lang='lat' dir='ltr'><strong>argumentum</strong></span> <span class='ocrx_word' id='word_1_344' title='bbox 3171 1160 3310 1205; x_wconf 90' lang='lat' dir='ltr'><strong>non</strong></span> <span class='ocrx_word' id='word_1_345' title='bbox 3340 1138 3647 1228; x_wconf 89' lang='lat' dir='ltr'><strong>sequitur</strong></span> <span class='ocrx_word' id='word_1_346' title='bbox 3680 1159 3694 1203; x_wconf 90' lang='lat'><strong>:</strong></span> <span class='ocrx_word' id='word_1_347' title='bbox 3730 1138 3786 1204; x_wconf 89' lang='lat' dir='ltr'><strong>si</strong></span> <span class='ocrx_word' id='word_1_348' title='bbox 3816 1137 3995 1204; x_wconf 89' lang='lat' dir='ltr'><strong>enim</strong></span> <span class='ocrx_word' id='word_1_349' title='bbox 4027 1136 4202 1205; x_wconf 89' lang='lat' dir='ltr'><strong>dabo</strong></span> 
     </span>
     <span class='ocr_line' id='line_1_56' title="bbox 2651 1243 4200 1336; baseline 0.001 -26"><span class='ocrx_word' id='word_1_350' title='bbox 2651 1243 2882 1322; x_wconf 89' lang='lat' dir='ltr'><strong>istam,</strong></span> <span class='ocrx_word' id='word_1_351' title='bbox 2930 1244 3135 1314; x_wconf 89' lang='lat' dir='ltr'><strong>Pater</strong></span> <span class='ocrx_word' id='word_1_352' title='bbox 3180 1244 3573 1336; x_wconf 89' lang='lat' dir='ltr'><strong>generando</strong></span> <span class='ocrx_word' id='word_1_353' title='bbox 3615 1253 3715 1312; x_wconf 86' lang='lat' dir='ltr'><strong>est</strong></span> <span class='ocrx_word' id='word_1_354' title='bbox 3752 1254 3988 1312; x_wconf 86' lang='lat' dir='ltr'><strong>auctor</strong></span> <span class='ocrx_word' id='word_1_355' title='bbox 4042 1267 4200 1335; x_wconf 92' lang='lat' dir='ltr'><strong>pro-</strong></span> 
     </span>
     <span class='ocr_line' id='line_1_57' title="bbox 2650 1350 4196 1442; baseline 0 -25"><span class='ocrx_word' id='word_1_356' title='bbox 2650 1352 2982 1418; x_wconf 89' lang='lat' dir='ltr'><strong>cessionis</strong></span> <span class='ocrx_word' id='word_1_357' title='bbox 3043 1350 3340 1442; x_wconf 89' lang='lat' dir='ltr'><strong>Spiritus</strong></span> <span class='ocrx_word' id='word_1_358' title='bbox 3388 1353 3607 1419; x_wconf 90' lang='lat' dir='ltr'><strong>sancti</strong></span> <span class='ocrx_word' id='word_1_359' title='bbox 3664 1374 3705 1418; x_wconf 90' lang='lat' dir='ltr'><strong>a</strong></span> <span class='ocrx_word' id='word_1_360' title='bbox 3775 1351 3947 1419; x_wconf 90' lang='lat' dir='ltr'><strong>Filio</strong></span> <span class='ocrx_word' id='word_1_361' title='bbox 4006 1373 4196 1419; x_wconf 92' lang='lat' dir='ltr'><strong>:non</strong></span> 
     </span>
     <span class='ocr_line' id='line_1_58' title="bbox 2648 1460 4204 1552; baseline 0.002 -25"><span class='ocrx_word' id='word_1_362' title='bbox 2648 1462 2984 1551; x_wconf 90' lang='lat' dir='ltr'><strong>sequitur,</strong></span> <span class='ocrx_word' id='word_1_363' title='bbox 3042 1460 3228 1551; x_wconf 90' lang='lat' dir='ltr'><strong>quod</strong></span> <span class='ocrx_word' id='word_1_364' title='bbox 3267 1462 3410 1552; x_wconf 91' lang='lat' dir='ltr'><strong>ipse</strong></span> <span class='ocrx_word' id='word_1_365' title='bbox 3459 1470 3695 1529; x_wconf 87' lang='lat' dir='ltr'><strong>auctor</strong></span> <span class='ocrx_word' id='word_1_366' title='bbox 3735 1462 3829 1528; x_wconf 90' lang='lat' dir='ltr'><strong>sit</strong></span> <span class='ocrx_word' id='word_1_367' title='bbox 3876 1483 4204 1552; x_wconf 89' lang='lat' dir='ltr'><strong>generan-</strong></span> 
     </span>
     <span class='ocr_line' id='line_1_59' title="bbox 2647 1567 4202 1662; baseline 0.001 -27"><span class='ocrx_word' id='word_1_368' title='bbox 2647 1567 2734 1635; x_wconf 93' lang='lat' dir='ltr'><strong>do</strong></span> <span class='ocrx_word' id='word_1_369' title='bbox 2788 1567 3087 1659; x_wconf 89' lang='lat' dir='ltr'><strong>Spiritus</strong></span> <span class='ocrx_word' id='word_1_370' title='bbox 3118 1571 3337 1638; x_wconf 89' lang='lat' dir='ltr'><strong>sancti</strong></span> <span class='ocrx_word' id='word_1_371' title='bbox 3390 1595 3407 1638; x_wconf 76' lang='grc' dir='ltr'>ε</span> <span class='ocrx_word' id='word_1_372' title='bbox 3455 1568 3575 1638; x_wconf 90' lang='lat' dir='ltr'><strong>sed</strong></span> <span class='ocrx_word' id='word_1_373' title='bbox 3637 1571 3964 1660; x_wconf 89' lang='lat' dir='ltr'><strong>sequitur,</strong></span> <span class='ocrx_word' id='word_1_374' title='bbox 4017 1569 4202 1662; x_wconf 90' lang='lat' dir='ltr'><strong>quod</strong></span> 
     </span>
     <span class='ocr_line' id='line_1_60' title="bbox 2647 1674 4201 1766; baseline 0.001 -25"><span class='ocrx_word' id='word_1_375' title='bbox 2647 1674 2792 1765; x_wconf 88' lang='lat' dir='ltr'><strong>ipse</strong></span> <span class='ocrx_word' id='word_1_376' title='bbox 2828 1675 3227 1766; x_wconf 85' lang='lat' dir='ltr'><strong>generando</strong></span> <span class='ocrx_word' id='word_1_377' title='bbox 3259 1684 3499 1744; x_wconf 85' lang='lat' dir='ltr'><strong>auctor</strong></span> <span class='ocrx_word' id='word_1_378' title='bbox 3527 1684 3630 1743; x_wconf 87' lang='lat' dir='ltr'><strong>est</strong></span> <span class='ocrx_word' id='word_1_379' title='bbox 3676 1674 3858 1765; x_wconf 89' lang='lat' dir='ltr'><strong>quod</strong></span> <span class='ocrx_word' id='word_1_380' title='bbox 3909 1674 4201 1766; x_wconf 89' lang='lat' dir='ltr'><strong>Spiritus</strong></span> 
     </span>
     <span class='ocr_line' id='line_1_61' title="bbox 2646 1781 4018 1873; baseline -0.001 -24"><span class='ocrx_word' id='word_1_381' title='bbox 2646 1781 2977 1873; x_wconf 88' lang='lat' dir='ltr'><strong>procedat</strong></span> <span class='ocrx_word' id='word_1_382' title='bbox 3011 1804 3053 1850; x_wconf 92' lang='lat' dir='ltr'><strong>a</strong></span> <span class='ocrx_word' id='word_1_383' title='bbox 3082 1781 3279 1860; x_wconf 88' lang='lat' dir='ltr'><strong>Filio,</strong></span> <span class='ocrx_word' id='word_1_384' title='bbox 3324 1791 3391 1851; x_wconf 88' lang='lat' dir='ltr'><strong>et</strong></span> <span class='ocrx_word' id='word_1_385' title='bbox 3432 1781 3566 1851; x_wconf 88' lang='lat' dir='ltr'><strong>hoc</strong></span> <span class='ocrx_word' id='word_1_386' title='bbox 3604 1804 3843 1849; x_wconf 87' lang='lat' dir='ltr'><strong>verum</strong></span> <span class='ocrx_word' id='word_1_387' title='bbox 3893 1792 4018 1849; x_wconf 90' lang='lat' dir='ltr'><strong>est.</strong></span> 
     </span>
    </p>

    <p class='ocr_par' dir='ltr' id='par_1_19' title="bbox 2636 1889 4206 3587">
     <span class='ocr_line' id='line_1_62' title="bbox 2732 1889 4204 1981; baseline 0.001 -24"><span class='ocrx_word' id='word_1_388' title='bbox 2732 1890 2841 1957; x_wconf 84' lang='lat' dir='ltr'><strong>An</strong></span> <span class='ocrx_word' id='word_1_389' title='bbox 2869 1912 3071 1958; x_wconf 66' lang='lat' dir='ltr'><strong>Aaron</strong></span> <span class='ocrx_word' id='word_1_390' title='bbox 3136 1889 3527 1971; x_wconf 88' lang='lat' dir='ltr'><strong>dicendum,</strong></span> <span class='ocrx_word' id='word_1_391' title='bbox 3616 1890 3799 1981; x_wconf 91' lang='lat' dir='ltr'><strong>quod</strong></span> <span class='ocrx_word' id='word_1_392' title='bbox 3900 1889 4046 1958; x_wconf 83' lang='lat' dir='ltr'><strong>haec</strong></span> <span class='ocrx_word' id='word_1_393' title='bbox 4098 1897 4204 1959; x_wconf 90' lang='lat' dir='ltr'><strong>est</strong></span> 
     </span>
     <span class='ocr_line' id='line_1_63' title="bbox 2643 1997 4203 2090; baseline 0.002 -25"><span class='ocrx_word' id='word_1_394' title='bbox 2643 1997 2839 2079; x_wconf 76' lang='lat' dir='ltr'><strong>falsa,</strong></span> <span class='ocrx_word' id='word_1_395' title='bbox 2873 1998 3384 2090; x_wconf 78' lang='lat' dir='ltr'><strong>cujuscumque</strong></span> <span class='ocrx_word' id='word_1_396' title='bbox 3427 1999 3627 2069; x_wconf 83' lang='lat' dir='ltr'><strong>Pater</strong></span> <span class='ocrx_word' id='word_1_397' title='bbox 3668 2008 3769 2069; x_wconf 85' lang='lat' dir='ltr'><strong>est</strong></span> <span class='ocrx_word' id='word_1_398' title='bbox 3816 2006 4054 2068; x_wconf 85' lang='lat' dir='ltr'><strong>auctor</strong></span> <span class='ocrx_word' id='word_1_399' title='bbox 4077 2021 4203 2090; x_wconf 86' lang='lat' dir='ltr'><strong>ge-</strong></span> 
     </span>
     <span class='ocr_line' id='line_1_64' title="bbox 2646 2108 4201 2200; baseline 0 -25"><span class='ocrx_word' id='word_1_400' title='bbox 2646 2108 2978 2191; x_wconf 90' lang='lat' dir='ltr'><strong>nerando,</strong></span> <span class='ocrx_word' id='word_1_401' title='bbox 3019 2108 3189 2177; x_wconf 90' lang='lat' dir='ltr'><strong>illud</strong></span> <span class='ocrx_word' id='word_1_402' title='bbox 3229 2110 3509 2200; x_wconf 86' lang='lat' dir='ltr'><strong>genuit:</strong></span> <span class='ocrx_word' id='word_1_403' title='bbox 3563 2131 3687 2178; x_wconf 90' lang='lat' dir='ltr'><strong>nec</strong></span> <span class='ocrx_word' id='word_1_404' title='bbox 3749 2109 3819 2176; x_wconf 91' lang='lat' dir='ltr'><strong>in</strong></span> <span class='ocrx_word' id='word_1_405' title='bbox 3883 2108 4201 2177; x_wconf 88' lang='lat' dir='ltr'><strong>humanis</strong></span> 
     </span>
     <span class='ocr_line' id='line_1_65' title="bbox 2642 2215 4206 2308; baseline 0 -25"><span class='ocrx_word' id='word_1_406' title='bbox 2642 2222 2831 2284; x_wconf 90' lang='lat' dir='ltr'><strong>tenet</strong></span> <span class='ocrx_word' id='word_1_407' title='bbox 2862 2239 2879 2283; x_wconf 75' lang='grc' dir='ltr'>ε</span> <span class='ocrx_word' id='word_1_408' title='bbox 2925 2217 3088 2308; x_wconf 90' lang='lat' dir='ltr'><strong>quia</strong></span> <span class='ocrx_word' id='word_1_409' title='bbox 3116 2216 3342 2286; x_wconf 91' lang='lat' dir='ltr'><strong>cordis</strong></span> <span class='ocrx_word' id='word_1_410' title='bbox 3380 2216 3503 2287; x_wconf 83' lang='lat' dir='ltr'><strong>filii</strong></span> <span class='ocrx_word' id='word_1_411' title='bbox 3538 2224 3730 2308; x_wconf 88' lang='lat' dir='ltr'><strong>pater</strong></span> <span class='ocrx_word' id='word_1_412' title='bbox 3783 2215 4071 2285; x_wconf 87' lang='lat' dir='ltr'><strong>carnalis</strong></span> <span class='ocrx_word' id='word_1_413' title='bbox 4102 2224 4206 2285; x_wconf 89' lang='lat' dir='ltr'><strong>est</strong></span> 
     </span>
     <span class='ocr_line' id='line_1_66' title="bbox 2641 2324 4199 2416; baseline -0.001 -24"><span class='ocrx_word' id='word_1_414' title='bbox 2641 2329 2880 2393; x_wconf 89' lang='lat' dir='ltr'><strong>auctor</strong></span> <span class='ocrx_word' id='word_1_415' title='bbox 2916 2324 3333 2415; x_wconf 87' lang='lat' dir='ltr'><strong>generand0,</strong></span> <span class='ocrx_word' id='word_1_416' title='bbox 3366 2346 3493 2394; x_wconf 86' lang='lat' dir='ltr'><strong>nec</strong></span> <span class='ocrx_word' id='word_1_417' title='bbox 3521 2333 3748 2391; x_wconf 89' lang='lat' dir='ltr'><strong>tamen</strong></span> <span class='ocrx_word' id='word_1_418' title='bbox 3793 2347 3912 2393; x_wconf 91' lang='lat' dir='ltr'><strong>cor</strong></span> <span class='ocrx_word' id='word_1_419' title='bbox 3938 2324 4199 2416; x_wconf 88' lang='lat' dir='ltr'><strong>genuit,</strong></span> 
     </span>
     <span class='ocr_line' id='line_1_67' title="bbox 2640 2431 4204 2523; baseline 0 -23"><span class='ocrx_word' id='word_1_420' title='bbox 2640 2431 2760 2501; x_wconf 90' lang='lat' dir='ltr'><strong>sed</strong></span> <span class='ocrx_word' id='word_1_421' title='bbox 2800 2431 3063 2501; x_wconf 86' lang='lat' dir='ltr'><strong>lilium:</strong></span> <span class='ocrx_word' id='word_1_422' title='bbox 3098 2442 3291 2501; x_wconf 88' lang='lat' dir='ltr'><strong>actus</strong></span> <span class='ocrx_word' id='word_1_423' title='bbox 3329 2434 3514 2502; x_wconf 89' lang='lat' dir='ltr'><strong>enim</strong></span> <span class='ocrx_word' id='word_1_424' title='bbox 3552 2435 4010 2523; x_wconf 88' lang='lat' dir='ltr'><strong>generationis</strong></span> <span class='ocrx_word' id='word_1_425' title='bbox 4047 2455 4204 2523; x_wconf 90' lang='lat' dir='ltr'><strong>per-</strong></span> 
     </span>
     <span class='ocr_line' id='line_1_68' title="bbox 2639 2539 4204 2641; baseline 0 -33"><span class='ocrx_word' id='word_1_426' title='bbox 2639 2561 2828 2609; x_wconf 77' lang='lat' dir='ltr'><strong>sonae</strong></span> <span class='ocrx_word' id='word_1_427' title='bbox 2891 2563 3036 2609; x_wconf 91' lang='lat' dir='ltr'><strong>non</strong></span> <span class='ocrx_word' id='word_1_428' title='bbox 3093 2552 3196 2609; x_wconf 91' lang='lat' dir='ltr'><strong>est</strong></span> <span class='ocrx_word' id='word_1_429' title='bbox 3266 2542 3396 2611; x_wconf 89' lang='lat' dir='ltr'><strong>nisi</strong></span> <span class='ocrx_word' id='word_1_430' title='bbox 3456 2540 3864 2633; x_wconf 86' lang='lat' dir='ltr'><strong>hypostasis,</strong></span> <span class='ocrx_word' id='word_1_431' title='bbox 3948 2550 4017 2641; x_wconf 69' lang='lat' dir='ltr'><strong>et</strong></span> <span class='ocrx_word' id='word_1_432' title='bbox 4071 2539 4204 2609; x_wconf 88' lang='lat' dir='ltr'><strong>alia</strong></span> 
     </span>
     <span class='ocr_line' id='line_1_69' title="bbox 2640 2649 4202 2742; baseline 0 -25"><span class='ocrx_word' id='word_1_433' title='bbox 2640 2650 2818 2718; x_wconf 83' lang='lat' dir='ltr'><strong>fiunt</strong></span> <span class='ocrx_word' id='word_1_434' title='bbox 2844 2650 2920 2718; x_wconf 90' lang='lat' dir='ltr'><strong>in</strong></span> <span class='ocrx_word' id='word_1_435' title='bbox 2960 2649 3363 2742; x_wconf 86' lang='lat' dir='ltr'><strong>hypostasi:</strong></span> <span class='ocrx_word' id='word_1_436' title='bbox 3396 2650 3514 2720; x_wconf 84' lang='lat' dir='ltr'><strong>sed</strong></span> <span class='ocrx_word' id='word_1_437' title='bbox 3562 2651 3925 2720; x_wconf 87' lang='lat' dir='ltr'><strong>auctoritas</strong></span> <span class='ocrx_word' id='word_1_438' title='bbox 3981 2651 4202 2740; x_wconf 90' lang='lat' dir='ltr'><strong>respi-</strong></span> 
     </span>
     <span class='ocr_line' id='line_1_70' title="bbox 2638 2758 4202 2852; baseline -0.001 -24"><span class='ocrx_word' id='word_1_439' title='bbox 2638 2760 2731 2828; x_wconf 92' lang='lat' dir='ltr'><strong>cit</strong></span> <span class='ocrx_word' id='word_1_440' title='bbox 2749 2760 2992 2828; x_wconf 84' lang='lat' dir='ltr'><strong>omnia</strong></span> <span class='ocrx_word' id='word_1_441' title='bbox 3029 2780 3495 2852; x_wconf 80' lang='lat' dir='ltr'><strong>quaecumque</strong></span> <span class='ocrx_word' id='word_1_442' title='bbox 3531 2758 3639 2828; x_wconf 75' lang='lat' dir='ltr'><strong>vel</strong></span> <span class='ocrx_word' id='word_1_443' title='bbox 3689 2782 3807 2851; x_wconf 89' lang='lat' dir='ltr'><strong>per</strong></span> <span class='ocrx_word' id='word_1_444' title='bbox 3836 2782 3908 2827; x_wconf 88' lang='lat' dir='ltr'><strong>se</strong></span> <span class='ocrx_word' id='word_1_445' title='bbox 3945 2768 4014 2827; x_wconf 93' lang='lat' dir='ltr'><strong>et</strong></span> <span class='ocrx_word' id='word_1_446' title='bbox 4060 2759 4202 2848; x_wconf 88' lang='lat' dir='ltr'><strong>pri-</strong></span> 
     </span>
     <span class='ocr_line' id='line_1_71' title="bbox 2639 2865 4201 2960; baseline 0 -26"><span class='ocrx_word' id='word_1_447' title='bbox 2639 2889 2783 2952; x_wconf 86' lang='lat' dir='ltr'><strong>mo,</strong></span> <span class='ocrx_word' id='word_1_448' title='bbox 2815 2865 2926 2936; x_wconf 86' lang='lat' dir='ltr'><strong>vel</strong></span> <span class='ocrx_word' id='word_1_449' title='bbox 2954 2889 3080 2960; x_wconf 88' lang='lat' dir='ltr'><strong>per</strong></span> <span class='ocrx_word' id='word_1_450' title='bbox 3105 2868 3421 2937; x_wconf 86' lang='lat' dir='ltr'><strong>accidens</strong></span> <span class='ocrx_word' id='word_1_451' title='bbox 3447 2876 3516 2936; x_wconf 91' lang='lat' dir='ltr'><strong>et</strong></span> <span class='ocrx_word' id='word_1_452' title='bbox 3546 2878 4035 2958; x_wconf 89' lang='lat' dir='ltr'><strong>consequenter</strong></span> <span class='ocrx_word' id='word_1_453' title='bbox 4073 2866 4201 2934; x_wconf 85' lang='lat' dir='ltr'><strong>ha·</strong></span> 
     </span>
     <span class='ocr_line' id='line_1_72' title="bbox 2637 2973 4199 3067; baseline 0 -25"><span class='ocrx_word' id='word_1_454' title='bbox 2637 2973 2891 3045; x_wconf 86' lang='lat' dir='ltr'><strong>bentur</strong></span> <span class='ocrx_word' id='word_1_455' title='bbox 2928 2997 3054 3067; x_wconf 86' lang='lat' dir='ltr'><strong>per</strong></span> <span class='ocrx_word' id='word_1_456' title='bbox 3097 2977 3654 3067; x_wconf 85' lang='lat' dir='ltr'><strong>generationem:</strong></span> <span class='ocrx_word' id='word_1_457' title='bbox 3707 2976 3885 3043; x_wconf 89' lang='lat' dir='ltr'><strong>unde</strong></span> <span class='ocrx_word' id='word_1_458' title='bbox 3932 2997 4199 3066; x_wconf 89' lang='lat' dir='ltr'><strong>proces·</strong></span> 
     </span>
     <span class='ocr_line' id='line_1_73' title="bbox 2637 3082 4200 3176; baseline 0.001 -24"><span class='ocrx_word' id='word_1_459' title='bbox 2637 3084 2905 3153; x_wconf 87' lang='lat' dir='ltr'><strong>sionem</strong></span> <span class='ocrx_word' id='word_1_460' title='bbox 2936 3106 3064 3153; x_wconf 89' lang='lat' dir='ltr'><strong>nee</strong></span> <span class='ocrx_word' id='word_1_461' title='bbox 3091 3105 3216 3175; x_wconf 90' lang='lat' dir='ltr'><strong>per</strong></span> <span class='ocrx_word' id='word_1_462' title='bbox 3249 3106 3324 3153; x_wconf 84' lang='lat' dir='ltr'><strong>se</strong></span> <span class='ocrx_word' id='word_1_463' title='bbox 3363 3085 3625 3176; x_wconf 85' lang='lat' dir='ltr'><strong>genuit,</strong></span> <span class='ocrx_word' id='word_1_464' title='bbox 3667 3107 3791 3153; x_wconf 89' lang='lat' dir='ltr'><strong>nec</strong></span> <span class='ocrx_word' id='word_1_465' title='bbox 3820 3082 4200 3174; x_wconf 86' lang='lat' dir='ltr'><strong>processio-</strong></span> 
     </span>
     <span class='ocr_line' id='line_1_74' title="bbox 2636 3192 4194 3288; baseline -0.002 -23"><span class='ocrx_word' id='word_1_466' title='bbox 2636 3194 2902 3265; x_wconf 86' lang='lat' dir='ltr'><strong>nemin</strong></span> <span class='ocrx_word' id='word_1_467' title='bbox 2931 3193 3106 3265; x_wconf 82' lang='lat' dir='ltr'><strong>Filio</strong></span> <span class='ocrx_word' id='word_1_468' title='bbox 3146 3197 3429 3288; x_wconf 87' lang='lat' dir='ltr'><strong>genuit:</strong></span> <span class='ocrx_word' id='word_1_469' title='bbox 3481 3194 3601 3265; x_wconf 89' lang='lat' dir='ltr'><strong>sed</strong></span> <span class='ocrx_word' id='word_1_470' title='bbox 3658 3196 3894 3287; x_wconf 90' lang='lat' dir='ltr'><strong>genuit</strong></span> <span class='ocrx_word' id='word_1_471' title='bbox 3947 3192 4194 3263; x_wconf 84' lang='lat' dir='ltr'><strong>Filium</strong></span> 
     </span>
     <span class='ocr_line' id='line_1_75' title="bbox 2637 3303 4195 3395; baseline 0 -25"><span class='ocrx_word' id='word_1_472' title='bbox 2637 3304 2756 3395; x_wconf 89' lang='lat' dir='ltr'><strong>qui</strong></span> <span class='ocrx_word' id='word_1_473' title='bbox 2787 3303 3133 3373; x_wconf 84' lang='lat' dir='ltr'><strong>nascendo</strong></span> <span class='ocrx_word' id='word_1_474' title='bbox 3164 3304 3423 3395; x_wconf 78' lang='lat' dir='ltr'><strong>accepit</strong></span> <span class='ocrx_word' id='word_1_475' title='bbox 3453 3303 3979 3395; x_wconf 86' lang='lat' dir='ltr'><strong>processionem,</strong></span> <span class='ocrx_word' id='word_1_476' title='bbox 4021 3303 4195 3370; x_wconf 90' lang='lat' dir='ltr'><strong>sicut</strong></span> 
     </span>
     <span class='ocr_line' id='line_1_76' title="bbox 2638 3409 4195 3504; baseline -0.001 -24"><span class='ocrx_word' id='word_1_477' title='bbox 2638 3411 2876 3480; x_wconf 88' lang='lat' dir='ltr'><strong>omnia</strong></span> <span class='ocrx_word' id='word_1_478' title='bbox 2903 3409 3042 3480; x_wconf 83' lang='lat' dir='ltr'><strong>alia</strong></span> <span class='ocrx_word' id='word_1_479' title='bbox 3070 3412 3142 3479; x_wconf 91' lang='lat' dir='ltr'><strong>in</strong></span> <span class='ocrx_word' id='word_1_480' title='bbox 3189 3410 3441 3504; x_wconf 88' lang='lat' dir='ltr'><strong>quibus</strong></span> <span class='ocrx_word' id='word_1_481' title='bbox 3482 3433 3622 3480; x_wconf 89' lang='lat' dir='ltr'><strong>non</strong></span> <span class='ocrx_word' id='word_1_482' title='bbox 3675 3410 4046 3501; x_wconf 89' lang='lat' dir='ltr'><strong>opponitur</strong></span> <span class='ocrx_word' id='word_1_483' title='bbox 4085 3430 4195 3478; x_wconf 87' lang='lat' dir='ltr'><strong>re-</strong></span> 
     </span>
     <span class='ocr_line' id='line_1_77' title="bbox 2636 3516 3100 3587; baseline 0 -1"><span class='ocrx_word' id='word_1_484' title='bbox 2636 3516 2843 3587; x_wconf 76' lang='lat' dir='ltr'><strong>lative</strong></span> <span class='ocrx_word' id='word_1_485' title='bbox 2883 3517 3100 3587; x_wconf 85' lang='lat' dir='ltr'><strong>Patri.</strong></span> 
     </span>
    </p>

    <p class='ocr_par' dir='ltr' id='par_1_20' title="bbox 2635 3626 4189 4018">
     <span class='ocr_line' id='line_1_78' title="bbox 2726 3626 4188 3717; baseline -0.001 -23"><span class='ocrx_word' id='word_1_486' title='bbox 2726 3627 2833 3694; x_wconf 80' lang='lat' dir='ltr'><strong>An</strong></span> <span class='ocrx_word' id='word_1_487' title='bbox 2898 3649 3100 3695; x_wconf 76' lang='grc' dir='ltr'><strong>Αιιυο</strong></span> <span class='ocrx_word' id='word_1_488' title='bbox 3144 3626 3533 3706; x_wconf 86' lang='lat' dir='ltr'><strong>dicendum,</strong></span> <span class='ocrx_word' id='word_1_489' title='bbox 3584 3626 3767 3717; x_wconf 89' lang='lat' dir='ltr'><strong>quod</strong></span> <span class='ocrx_word' id='word_1_490' title='bbox 3829 3626 4028 3694; x_wconf 78' lang='lat' dir='ltr'><strong>I‘ater</strong></span> <span class='ocrx_word' id='word_1_491' title='bbox 4088 3632 4188 3693; x_wconf 86' lang='lat' dir='ltr'><strong>est</strong></span> 
     </span>
     <span class='ocr_line' id='line_1_79' title="bbox 2637 3732 4181 3825; baseline -0.001 -23"><span class='ocrx_word' id='word_1_492' title='bbox 2637 3742 2877 3802; x_wconf 89' lang='lat' dir='ltr'><strong>auctor</strong></span> <span class='ocrx_word' id='word_1_493' title='bbox 2903 3733 3256 3802; x_wconf 77' lang='lat' dir='ltr'><strong>filiationis</strong></span> <span class='ocrx_word' id='word_1_494' title='bbox 3296 3733 3474 3813; x_wconf 82' lang='lat' dir='ltr'><strong>Filii,</strong></span> <span class='ocrx_word' id='word_1_495' title='bbox 3515 3744 3580 3803; x_wconf 90' lang='lat' dir='ltr'><strong>et</strong></span> <span class='ocrx_word' id='word_1_496' title='bbox 3607 3733 3730 3801; x_wconf 78' lang='lat' dir='ltr'><strong>ltoc</strong></span> <span class='ocrx_word' id='word_1_497' title='bbox 3755 3732 4181 3825; x_wconf 75' lang='lat' dir='ltr'><strong>generando:</strong></span> 
     </span>
     <span class='ocr_line' id='line_1_80' title="bbox 2635 3841 4189 3935; baseline -0.001 -25"><span class='ocrx_word' id='word_1_498' title='bbox 2635 3864 2777 3911; x_wconf 89' lang='lat' dir='ltr'><strong>non</strong></span> <span class='ocrx_word' id='word_1_499' title='bbox 2820 3849 3050 3911; x_wconf 88' lang='lat' dir='ltr'><strong>tamen</strong></span> <span class='ocrx_word' id='word_1_500' title='bbox 3089 3842 3324 3935; x_wconf 88' lang='lat' dir='ltr'><strong>genuit</strong></span> <span class='ocrx_word' id='word_1_501' title='bbox 3365 3841 3791 3925; x_wconf 71' lang='lat' dir='ltr'><strong>filiationem,</strong></span> <span class='ocrx_word' id='word_1_502' title='bbox 3823 3844 3995 3910; x_wconf 87' lang='lat' dir='ltr'><strong>sicut</strong></span> <span class='ocrx_word' id='word_1_503' title='bbox 4044 3842 4189 3932; x_wconf 87' lang='lat' dir='ltr'><strong>jam</strong></span> 
     </span>
     <span class='ocr_line' id='line_1_81' title="bbox 2635 3948 3070 4018; baseline 0 -2"><span class='ocrx_word' id='word_1_504' title='bbox 2635 3948 2896 4018; x_wconf 88' lang='lat' dir='ltr'><strong>dictum</strong></span> <span class='ocrx_word' id='word_1_505' title='bbox 2943 3955 3070 4016; x_wconf 85' lang='lat' dir='ltr'><strong>est.</strong></span> 
     </span>
    </p>

    <p class='ocr_par' dir='ltr' id='par_1_21' title="bbox 2630 4057 4189 5551">
     <span class='ocr_line' id='line_1_82' title="bbox 2723 4057 4187 4151; baseline 0.001 -27"><span class='ocrx_word' id='word_1_506' title='bbox 2723 4059 2831 4125; x_wconf 81' lang='lat' dir='ltr'><strong>An</strong></span> <span class='ocrx_word' id='word_1_507' title='bbox 2878 4081 3080 4126; x_wconf 77' lang='grc' dir='ltr'><strong>Αιιυι)</strong></span> <span class='ocrx_word' id='word_1_508' title='bbox 3135 4057 3527 4137; x_wconf 89' lang='lat' dir='ltr'><strong>dicendum,</strong></span> <span class='ocrx_word' id='word_1_509' title='bbox 3573 4058 3751 4151; x_wconf 84' lang='lat' dir='ltr'><strong>quod</strong></span> <span class='ocrx_word' id='word_1_510' title='bbox 3804 4058 4005 4125; x_wconf 80' lang='lat' dir='ltr'><strong>l’ater</strong></span> <span class='ocrx_word' id='word_1_511' title='bbox 4051 4080 4187 4125; x_wconf 86' lang='lat' dir='ltr'><strong>non</strong></span> 
     </span>
     <span class='ocr_line' id='line_1_83' title="bbox 2636 4165 4187 4235; baseline -0.001 0"><span class='ocrx_word' id='word_1_512' title='bbox 2636 4175 2737 4235; x_wconf 90' lang='lat' dir='ltr'><strong>est</strong></span> <span class='ocrx_word' id='word_1_513' title='bbox 2795 4176 3036 4235; x_wconf 90' lang='lat' dir='ltr'><strong>auctor</strong></span> <span class='ocrx_word' id='word_1_514' title='bbox 3099 4170 3408 4235; x_wconf 79' lang='lat' dir='ltr'><strong>essentioe</strong></span> <span class='ocrx_word' id='word_1_515' title='bbox 3463 4168 3532 4235; x_wconf 91' lang='lat' dir='ltr'><strong>in</strong></span> <span class='ocrx_word' id='word_1_516' title='bbox 3575 4166 3785 4235; x_wconf 84' lang='lat' dir='ltr'><strong>Filio:</strong></span> <span class='ocrx_word' id='word_1_517' title='bbox 3854 4166 3971 4234; x_wconf 87' lang='lat' dir='ltr'><strong>sed</strong></span> <span class='ocrx_word' id='word_1_518' title='bbox 4020 4165 4187 4234; x_wconf 81' lang='lat' dir='ltr'><strong>bene</strong></span> 
     </span>
     <span class='ocr_line' id='line_1_84' title="bbox 2634 4272 4187 4367; baseline 0 -26"><span class='ocrx_word' id='word_1_519' title='bbox 2634 4272 2938 4343; x_wconf 87' lang='lat' dir='ltr'><strong>concedo</strong></span> <span class='ocrx_word' id='word_1_520' title='bbox 2988 4273 3191 4357; x_wconf 87' lang='lat' dir='ltr'><strong>hanc,</strong></span> <span class='ocrx_word' id='word_1_521' title='bbox 3252 4275 3436 4367; x_wconf 89' lang='lat' dir='ltr'><strong>quod</strong></span> <span class='ocrx_word' id='word_1_522' title='bbox 3502 4273 3705 4342; x_wconf 78' lang='lat' dir='ltr'><strong>I’ater</strong></span> <span class='ocrx_word' id='word_1_523' title='bbox 3774 4285 3873 4342; x_wconf 88' lang='lat' dir='ltr'><strong>est</strong></span> <span class='ocrx_word' id='word_1_524' title='bbox 3929 4286 4187 4353; x_wconf 83' lang='lat' dir='ltr'><strong>auctor,</strong></span> 
     </span>
     <span class='ocr_line' id='line_1_85' title="bbox 2635 4379 4189 4473; baseline 0 -25"><span class='ocrx_word' id='word_1_525' title='bbox 2635 4380 2821 4472; x_wconf 88' lang='lat' dir='ltr'><strong>quod</strong></span> <span class='ocrx_word' id='word_1_526' title='bbox 2860 4387 2928 4449; x_wconf 87' lang='lat' dir='ltr'><strong>et</strong></span> <span class='ocrx_word' id='word_1_527' title='bbox 2959 4381 3150 4473; x_wconf 85' lang='lat' dir='ltr'><strong>quia,</strong></span> <span class='ocrx_word' id='word_1_528' title='bbox 3201 4379 3311 4449; x_wconf 77' lang='lat' dir='ltr'><strong>vel</strong></span> <span class='ocrx_word' id='word_1_529' title='bbox 3345 4404 3555 4473; x_wconf 90' lang='lat' dir='ltr'><strong>quare</strong></span> <span class='ocrx_word' id='word_1_530' title='bbox 3600 4391 3699 4449; x_wconf 86' lang='lat' dir='ltr'><strong>est</strong></span> <span class='ocrx_word' id='word_1_531' title='bbox 3773 4384 4062 4450; x_wconf 81' lang='lat' dir='ltr'><strong>essentia</strong></span> <span class='ocrx_word' id='word_1_532' title='bbox 4121 4382 4189 4449; x_wconf 92' lang='lat' dir='ltr'><strong>in</strong></span> 
     </span>
     <span class='ocr_line' id='line_1_86' title="bbox 2641 4487 4188 4582; baseline 0.001 -25"><span class='ocrx_word' id='word_1_533' title='bbox 2641 4487 2863 4558; x_wconf 82' lang='lat' dir='ltr'><strong>Filio:</strong></span> <span class='ocrx_word' id='word_1_534' title='bbox 2905 4490 3070 4582; x_wconf 87' lang='lat' dir='ltr'><strong>quia</strong></span> <span class='ocrx_word' id='word_1_535' title='bbox 3115 4488 3273 4558; x_wconf 87' lang='lat' dir='ltr'><strong>licet</strong></span> <span class='ocrx_word' id='word_1_536' title='bbox 3324 4490 3691 4559; x_wconf 89' lang='lat' dir='ltr'><strong>auctoritas</strong></span> <span class='ocrx_word' id='word_1_537' title='bbox 3737 4492 3822 4559; x_wconf 88' lang='lat' dir='ltr'><strong>sit</strong></span> <span class='ocrx_word' id='word_1_538' title='bbox 3882 4500 4188 4582; x_wconf 83' lang='lat' dir='ltr'><strong>respectu</strong></span> 
     </span>
     <span class='ocr_line' id='line_1_87' title="bbox 2633 4599 4187 4691; baseline 0.001 -24"><span class='ocrx_word' id='word_1_539' title='bbox 2633 4599 2950 4667; x_wconf 87' lang='lat' dir='ltr'><strong>omnium</strong></span> <span class='ocrx_word' id='word_1_540' title='bbox 2994 4622 3147 4691; x_wconf 87' lang='lat' dir='ltr'><strong>quae</strong></span> <span class='ocrx_word' id='word_1_541' title='bbox 3184 4607 3345 4667; x_wconf 89' lang='lat' dir='ltr'><strong>sunt</strong></span> <span class='ocrx_word' id='word_1_542' title='bbox 3394 4600 3463 4668; x_wconf 91' lang='lat' dir='ltr'><strong>in</strong></span> <span class='ocrx_word' id='word_1_543' title='bbox 3521 4610 3708 4684; x_wconf 81' lang='lat' dir='ltr'><strong>natu,</strong></span> <span class='ocrx_word' id='word_1_544' title='bbox 3768 4624 3905 4668; x_wconf 92' lang='lat' dir='ltr'><strong>non</strong></span> <span class='ocrx_word' id='word_1_545' title='bbox 3963 4608 4187 4668; x_wconf 85' lang='lat' dir='ltr'><strong>tamen</strong></span> 
     </span>
     <span class='ocr_line' id='line_1_88' title="bbox 2632 4706 4187 4800; baseline 0 -25"><span class='ocrx_word' id='word_1_546' title='bbox 2632 4714 2734 4775; x_wconf 89' lang='lat' dir='ltr'><strong>est</strong></span> <span class='ocrx_word' id='word_1_547' title='bbox 2783 4714 3096 4798; x_wconf 89' lang='lat' dir='ltr'><strong>respectu</strong></span> <span class='ocrx_word' id='word_1_548' title='bbox 3127 4730 3369 4776; x_wconf 88' lang='lat' dir='ltr'><strong>eorum</strong></span> <span class='ocrx_word' id='word_1_549' title='bbox 3398 4730 3550 4800; x_wconf 82' lang='lat' dir='ltr'><strong>quae</strong></span> <span class='ocrx_word' id='word_1_550' title='bbox 3588 4706 3815 4799; x_wconf 86' lang='lat' dir='ltr'><strong>aliquo</strong></span> <span class='ocrx_word' id='word_1_551' title='bbox 3865 4706 4069 4775; x_wconf 78' lang='lat' dir='ltr'><strong>inodo</strong></span> <span class='ocrx_word' id='word_1_552' title='bbox 4116 4732 4187 4775; x_wconf 90' lang='lat' dir='ltr'><strong>se</strong></span> 
     </span>
     <span class='ocr_line' id='line_1_89' title="bbox 2633 4812 4188 4905; baseline 0.002 -24"><span class='ocrx_word' id='word_1_553' title='bbox 2633 4812 2888 4882; x_wconf 86' lang='lat' dir='ltr'><strong>habent</strong></span> <span class='ocrx_word' id='word_1_554' title='bbox 2919 4813 3006 4882; x_wconf 88' lang='lat' dir='ltr'><strong>ad</strong></span> <span class='ocrx_word' id='word_1_555' title='bbox 3042 4815 3555 4905; x_wconf 84' lang='lat' dir='ltr'><strong>generationem</strong></span> <span class='ocrx_word' id='word_1_556' title='bbox 3587 4825 3657 4883; x_wconf 89' lang='lat' dir='ltr'><strong>ut</strong></span> <span class='ocrx_word' id='word_1_557' title='bbox 3699 4818 3997 4900; x_wconf 90' lang='lat' dir='ltr'><strong>termini,</strong></span> <span class='ocrx_word' id='word_1_558' title='bbox 4047 4819 4188 4884; x_wconf 81' lang='lat' dir='ltr'><strong>sive</strong></span> 
     </span>
     <span class='ocr_line' id='line_1_90' title="bbox 2630 4921 4189 5014; baseline 0.001 -24"><span class='ocrx_word' id='word_1_559' title='bbox 2630 4943 2845 5013; x_wconf 89' lang='lat' dir='ltr'><strong>perse</strong></span> <span class='ocrx_word' id='word_1_560' title='bbox 2875 4923 3022 4990; x_wconf 79' lang='lat' dir='ltr'><strong>sive</strong></span> <span class='ocrx_word' id='word_1_561' title='bbox 3052 4944 3175 5014; x_wconf 86' lang='lat' dir='ltr'><strong>per</strong></span> <span class='ocrx_word' id='word_1_562' title='bbox 3203 4921 3575 5000; x_wconf 78' lang='lat' dir='ltr'><strong>aliud,sive</strong></span> <span class='ocrx_word' id='word_1_563' title='bbox 3606 4925 3824 5014; x_wconf 88' lang='lat' dir='ltr'><strong>primo</strong></span> <span class='ocrx_word' id='word_1_564' title='bbox 3853 4923 3995 4992; x_wconf 79' lang='lat' dir='ltr'><strong>sive</strong></span> <span class='ocrx_word' id='word_1_565' title='bbox 4022 4946 4189 4991; x_wconf 89' lang='lat' dir='ltr'><strong>con-</strong></span> 
     </span>
     <span class='ocr_line' id='line_1_91' title="bbox 2631 5031 4183 5120; baseline 0.001 -24"><span class='ocrx_word' id='word_1_566' title='bbox 2631 5037 3052 5120; x_wconf 86' lang='lat' dir='ltr'><strong>sequenter:</strong></span> <span class='ocrx_word' id='word_1_567' title='bbox 3105 5031 3395 5099; x_wconf 88' lang='lat' dir='ltr'><strong>essentia</strong></span> <span class='ocrx_word' id='word_1_568' title='bbox 3462 5040 3713 5108; x_wconf 84' lang='lat' dir='ltr'><strong>antem,</strong></span> <span class='ocrx_word' id='word_1_569' title='bbox 3785 5053 3908 5099; x_wconf 89' lang='lat' dir='ltr'><strong>nec</strong></span> <span class='ocrx_word' id='word_1_570' title='bbox 3961 5031 4030 5098; x_wconf 91' lang='lat' dir='ltr'><strong>in</strong></span> <span class='ocrx_word' id='word_1_571' title='bbox 4086 5054 4183 5115; x_wconf 88' lang='lat' dir='ltr'><strong>se,</strong></span> 
     </span>
     <span class='ocr_line' id='line_1_92' title="bbox 2633 5134 4185 5229; baseline 0.002 -26"><span class='ocrx_word' id='word_1_572' title='bbox 2633 5157 2758 5204; x_wconf 90' lang='lat' dir='ltr'><strong>ncc</strong></span> <span class='ocrx_word' id='word_1_573' title='bbox 2790 5136 2857 5203; x_wconf 93' lang='lat' dir='ltr'><strong>in</strong></span> <span class='ocrx_word' id='word_1_574' title='bbox 2883 5134 3018 5204; x_wconf 87' lang='lat' dir='ltr'><strong>alia</strong></span> <span class='ocrx_word' id='word_1_575' title='bbox 3059 5160 3376 5228; x_wconf 86' lang='lat' dir='ltr'><strong>persona,</strong></span> <span class='ocrx_word' id='word_1_576' title='bbox 3412 5160 3485 5206; x_wconf 88' lang='lat' dir='ltr'><strong>se</strong></span> <span class='ocrx_word' id='word_1_577' title='bbox 3525 5134 3724 5205; x_wconf 82' lang='lat' dir='ltr'><strong>habet</strong></span> <span class='ocrx_word' id='word_1_578' title='bbox 3755 5137 3984 5229; x_wconf 90' lang='lat' dir='ltr'><strong>aliquo</strong></span> <span class='ocrx_word' id='word_1_579' title='bbox 4032 5160 4185 5206; x_wconf 87' lang='lat' dir='ltr'><strong>mo-</strong></span> 
     </span>
     <span class='ocr_line' id='line_1_93' title="bbox 2634 5242 4185 5316; baseline 0.005 -7"><span class='ocrx_word' id='word_1_580' title='bbox 2634 5242 2722 5311; x_wconf 89' lang='lat' dir='ltr'><strong>do</strong></span> <span class='ocrx_word' id='word_1_581' title='bbox 2764 5252 2836 5312; x_wconf 91' lang='lat' dir='ltr'><strong>ut</strong></span> <span class='ocrx_word' id='word_1_582' title='bbox 2876 5266 3000 5313; x_wconf 90' lang='lat' dir='ltr'><strong>ens</strong></span> <span class='ocrx_word' id='word_1_583' title='bbox 3039 5244 3123 5312; x_wconf 90' lang='lat' dir='ltr'><strong>ab</strong></span> <span class='ocrx_word' id='word_1_584' title='bbox 3159 5243 3338 5313; x_wconf 90' lang='lat' dir='ltr'><strong>alio:</strong></span> <span class='ocrx_word' id='word_1_585' title='bbox 3390 5245 3508 5313; x_wconf 89' lang='lat' dir='ltr'><strong>sed</strong></span> <span class='ocrx_word' id='word_1_586' title='bbox 3557 5246 3843 5314; x_wconf 91' lang='lat' dir='ltr'><strong>essentia</strong></span> <span class='ocrx_word' id='word_1_587' title='bbox 3892 5248 3959 5315; x_wconf 90' lang='lat' dir='ltr'><strong>in</strong></span> <span class='ocrx_word' id='word_1_588' title='bbox 4016 5245 4185 5316; x_wconf 85' lang='lat' dir='ltr'><strong>Filio</strong></span> 
     </span>
     <span class='ocr_line' id='line_1_94' title="bbox 2633 5352 4189 5424; baseline 0.003 -7"><span class='ocrx_word' id='word_1_589' title='bbox 2633 5372 2775 5418; x_wconf 91' lang='lat' dir='ltr'><strong>non</strong></span> <span class='ocrx_word' id='word_1_590' title='bbox 2816 5360 2919 5420; x_wconf 90' lang='lat' dir='ltr'><strong>est</strong></span> <span class='ocrx_word' id='word_1_591' title='bbox 2948 5353 3241 5421; x_wconf 87' lang='lat' dir='ltr'><strong>essentia</strong></span> <span class='ocrx_word' id='word_1_592' title='bbox 3289 5352 3661 5422; x_wconf 84' lang='lat' dir='ltr'><strong>secundum</strong></span> <span class='ocrx_word' id='word_1_593' title='bbox 3685 5354 3962 5422; x_wconf 89' lang='lat' dir='ltr'><strong>modum</strong></span> <span class='ocrx_word' id='word_1_594' title='bbox 3985 5354 4189 5424; x_wconf 90' lang='lat' dir='ltr'><strong>intel-</strong></span> 
     </span>
     <span class='ocr_line' id='line_1_95' title="bbox 2637 5455 4186 5551; baseline 0.003 -27"><span class='ocrx_word' id='word_1_595' title='bbox 2637 5455 2922 5547; x_wconf 85' lang='lat' dir='ltr'><strong>ligendi,</strong></span> <span class='ocrx_word' id='word_1_596' title='bbox 2966 5457 3087 5527; x_wconf 89' lang='lat' dir='ltr'><strong>sed</strong></span> <span class='ocrx_word' id='word_1_597' title='bbox 3143 5461 3373 5551; x_wconf 91' lang='lat' dir='ltr'><strong>potius</strong></span> <span class='ocrx_word' id='word_1_598' title='bbox 3403 5462 3701 5551; x_wconf 90' lang='lat' dir='ltr'><strong>acceptio</strong></span> <span class='ocrx_word' id='word_1_599' title='bbox 3745 5464 4075 5541; x_wconf 82' lang='lat' dir='ltr'><strong>essentioe,</strong></span> <span class='ocrx_word' id='word_1_600' title='bbox 4121 5471 4186 5529; x_wconf 90' lang='lat' dir='ltr'><strong>et</strong></span> 
     </span>
    </p>
   </div>
   <div class='ocr_carea' id='block_1_15' title="bbox 4094 321 4302 415">
    <p class='ocr_par' dir='ltr' id='par_1_22' title="bbox 4094 321 4302 415">
     <span class='ocr_line' id='line_1_96' title="bbox 4094 321 4302 415; baseline 0.019 -27"><span class='ocrx_word' id='word_1_601' title='bbox 4094 321 4221 392; x_wconf 79' lang='lat'><strong>379</strong></span> <span class='ocrx_word' id='word_1_602' title='bbox 4299 411 4302 415; x_wconf 6' lang='grc' dir='ltr'><strong>Α</strong></span> 
     </span>
    </p>
   </div>
   <div class='ocr_carea' id='block_1_16' title="bbox 4329 1067 4469 1112">
    <p class='ocr_par' dir='ltr' id='par_1_23' title="bbox 4329 1067 4469 1112">
     <span class='ocr_line' id='line_1_97' title="bbox 4329 1067 4469 1112; baseline 0.021 -3"><span class='ocrx_word' id='word_1_603' title='bbox 4329 1067 4397 1111; x_wconf 76' lang='lat' dir='ltr'><strong>Ad</strong></span> <span class='ocrx_word' id='word_1_604' title='bbox 4431 1067 4469 1112; x_wconf 83' lang='grc'><strong>1.</strong></span> 
     </span>
    </p>
   </div>
   <div class='ocr_carea' id='block_1_17' title="bbox 4316 1930 4460 1981">
    <p class='ocr_par' dir='ltr' id='par_1_24' title="bbox 4316 1930 4460 1981">
     <span class='ocr_line' id='line_1_98' title="bbox 4316 1930 4460 1981; baseline 0.035 -5"><span class='ocrx_word' id='word_1_605' title='bbox 4316 1933 4387 1978; x_wconf 72' lang='lat' dir='ltr'><strong>Ad</strong></span> <span class='ocrx_word' id='word_1_606' title='bbox 4413 1930 4460 1981; x_wconf 79' lang='lat'><strong>2.</strong></span> 
     </span>
    </p>
   </div>
   <div class='ocr_carea' id='block_1_18' title="bbox 4306 3647 4456 3697">
    <p class='ocr_par' dir='ltr' id='par_1_25' title="bbox 4306 3647 4456 3697">
     <span class='ocr_line' id='line_1_99' title="bbox 4306 3647 4456 3697; baseline -0.02 0"><span class='ocrx_word' id='word_1_607' title='bbox 4306 3648 4386 3697; x_wconf 75' lang='lat' dir='ltr'><strong>Ad</strong></span> <span class='ocrx_word' id='word_1_608' title='bbox 4412 3647 4456 3694; x_wconf 74' lang='lat'><strong>8.</strong></span> 
     </span>
    </p>
   </div>
   <div class='ocr_carea' id='block_1_19' title="bbox 4313 4084 4451 4131">
    <p class='ocr_par' dir='ltr' id='par_1_26' title="bbox 4313 4084 4451 4131">
     <span class='ocr_line' id='line_1_100' title="bbox 4313 4084 4451 4131; baseline 0 0"><span class='ocrx_word' id='word_1_609' title='bbox 4313 4084 4383 4131; x_wconf 69' lang='lat' dir='ltr'><strong>Ad</strong></span> <span class='ocrx_word' id='word_1_610' title='bbox 4412 4089 4451 4131; x_wconf 61' lang='grc' dir='ltr'><strong>ί.</strong></span> 
     </span>
    </p>
   </div>
  </div>
 </body>
</html>
