4897 6388
330 5178 529 5232 solutio.

657 371 786 439 340

1566 457 1601 480 ρ
1633 372 1718 442 Ι).
1769 371 1966 440 ALB.
2015 371 2232 439 MAG.
2286 370 2489 438 ORD.
2544 370 2841 442 PRAED.

658 542 954 634 Spiritus
985 554 1256 613 sanctus
1298 546 1386 612 sit
1423 527 1635 610 unu-m
1702 543 2013 633 simplex,
2057 566 2194 609 non
2302 543 2563 609 rando:
2618 554 2684 612 et
2751 533 2900 614 ideo
2952 569 3226 615 necesse
3283 555 3386 614 est
3438 545 3851 635 respondere
3955 528 3959 532 ’

652 660 904 741 potest.
944 657 1303 743 procedere
1372 676 1408 718 a
1479 650 1745 718 duobus
1823 650 2191 718 secundum

650 779 861 825 unam
907 760 1218 849 principii
1280 758 1634 836 rationem,
1680 759 1805 824 nisi
1866 759 2194 826 diceretur

651 866 836 956 quod
876 866 1069 933 aliter
1097 874 1271 932 esset
1310 865 1715 955 principium
1755 874 1832 932 ut
1872 866 2092 945 Pater,
2127 872 2193 932 et

649 974 848 1042 aliter
906 983 983 1042 ut
1047 984 1286 1053 mater,
1358 974 1540 1065 quod
1593 974 1960 1042 absurdum
2029 983 2182 1042 est:

648 1084 809 1174 quia
847 1106 935 1152 ex
973 1082 1104 1151 hoc
1169 1092 1583 1173 sequeretur,
1649 1083 1831 1173 quod
1899 1083 2189 1173 Spiritus

647 1199 748 1260 est
776 1193 1073 1283 genitus,
1107 1201 1174 1259 et
1232 1192 1672 1259 materialiter
1729 1190 1813 1259 ab
1881 1214 2045 1270 uno,
2124 1199 2189 1259 et

645 1300 863 1368 active
904 1300 986 1367 ab
1019 1300 1177 1382 alio,
1212 1307 1278 1366 et
1332 1307 1728 1389 sequeretur
1793 1298 1976 1388 quod
2015 1305 2189 1366 esset

645 1427 730 1473 ex
762 1407 1138 1473 commixta
1184 1404 1536 1472 divinitate
1603 1403 1920 1482 duorum,
1979 1412 2040 1471 et
2088 1426 2188 1472 se·

645 1523 967 1605 queretur
1004 1514 1184 1606 quod
1223 1514 1544 1582 exivisset
1603 1512 1684 1580 de
1741 1515 2044 1603 potentia
2100 1512 2183 1579 ad

643 1630 898 1702 actum,
944 1629 1011 1691 et
1039 1621 1169 1690 alia
1201 1620 1415 1689 multa
1445 1619 1742 1688 absurda
1776 1642 1791 1687 ε
1854 1643 2013 1711 ergo
2048 1642 2184 1687 non

638 1737 863 1820 potest
898 1728 1292 1819 hujusmodi
1324 1728 1513 1819 poni.

727 1840 794 1908 2.
825 1837 1024 1918 Item,
1059 1838 1139 1905 In
1168 1837 1467 1905 numeris
1507 1836 1601 1903 ita
1629 1843 1753 1915 est,
1789 1835 1971 1926 quod
1999 1858 2182 1903 com·

632 1946 925 2036 positior
952 1967 1278 2013 numerus
1316 1966 1585 2034 semper
1605 1953 1706 2011 est
1733 1951 1887 2033 post
1914 1940 2178 2033 simpli-

633 2054 892 2122 ciorem
930 2052 1302 2144 procedens
1349 2050 1433 2119 ab
1477 2053 1647 2141 ipso,
1691 2050 1865 2118 sicut
1927 2049 2182 2141 Diony·

633 2161 776 2229 sius
805 2159 971 2228 dicit
1004 2183 1019 2227 ε
1063 2160 1229 2228 Post
1268 2156 1637 2227 monadem
1679 2157 1848 2244 dias,
1889 2166 1956 2225 et
2024 2164 2180 2247 post

632 2269 902 2338 diadem
943 2268 1301 2346 ternariuS,
1353 2274 1419 2335 et
1464 2266 1563 2362 sic
1633 2265 1716 2333 de
1780 2265 1953 2334 aliis.
1995 2264 2174 2356 Ergo

628 2376 927 2458 videtur,
961 2375 1147 2467 quod
1185 2375 1254 2441 in
1293 2373 1544 2442 divinis
1582 2395 1798 2441 unum
1828 2381 1906 2441 ut
1959 2395 2173 2440 unum

629 2507 771 2553 non
839 2484 1058 2575 possit
1125 2505 1269 2552 esse
1345 2505 1387 2549 a
1451 2479 1722 2550 duobus
1801 2480 2172 2550 secundum

627 2615 838 2661 unam
914 2589 1224 2684 principii
1297 2590 1659 2676 rationem,
1737 2610 1893 2657 cum
1970 2586 2173 2677 hujus

628 2700 1027 2794 exemplum
1093 2701 1163 2768 in
1221 2699 1548 2769 creaturis
1649 2698 1938 2767 inveniri
2032 2720 2171 2767 non

798 2810 871 2877 it.

628 2832 791 2986 1³03?
813 2914 889 2984 Si
922 2916 960 2983 d
971 2917 1130 2997 icas,
1155 2913 1339 3006 quod
1372 2913 1719 2982 invenitur
1736 2910 2122 3002 exemplum
2149 2934 2165 2979 :

627 3026 790 3115 quia
827 3022 1015 3093 calor
1052 3020 1380 3091 naturalis
1420 3023 1490 3089 in
1555 3019 1813 3088 semine
1872 3020 1971 3108 (ut
2010 3018 2169 3087 dicit

626 3130 1114 3223 Philosophus)
1144 3153 1320 3198 unus
1349 3136 1472 3206 est,
1517 3135 1585 3197 et
1622 3128 1763 3220 agit
1816 3127 1889 3193 in
1925 3125 2168 3217 triplici

624 3242 905 3321 virtute,
948 3240 1200 3309 scilicet
1232 3239 1432 3331 ignis,
1464 3246 1531 3307 et
1559 3236 1734 3314 coeli,
1771 3246 1840 3305 et
1868 3236 2112 3304 animae
2146 3259 2163 3304 :

625 3350 759 3421 hoe
786 3350 960 3421 nihil
1012 3358 1162 3420 est:
1197 3352 1358 3440 quia
1418 3347 1528 3416 ille
1595 3350 1691 3415 sic
1739 3347 1972 3414 unitus
2028 3369 2167 3415 non

623 3460 938 3552 producit
957 3458 1270 3551 simplex,
1285 3458 1404 3527 sed
1424 3456 1649 3548 potius
1671 3458 2124 3546 compositum
2146 3476 2163 3522 ε

624 3566 814 3637 calor
847 3568 1033 3637 enim
1098 3566 1210 3634 ille
1250 3566 1318 3632 in
1377 3565 1445 3631 vi
1483 3562 1798 3632 elementi
1837 3569 2167 3654 praeparat

624 3675 984 3744 materiam
1013 3671 1414 3743 attrahendo
1464 3669 1969 3761 homogeneum
2008 3669 2162 3750 sibi,

628 3786 696 3847 et
731 3776 1111 3871 separando
1134 3776 1662 3867 heterogeneum
1703 3796 2014 3865 grossum
2043 3796 2168 3864 ge·

626 3887 964 3955 nerationi
1011 3908 1149 3955 non
1207 3893 1468 3975 aptum.
1510 3880 1587 3949 ln
1625 3883 1693 3949 vi
1749 3890 1975 3950 autem
2015 3879 2166 3948 coeli

625 3992 738 4062 vel
776 3992 1126 4062 stellarum
1157 3992 1296 4081 agit
1327 3989 1410 4057 ad
1440 3989 1728 4057 formam
1757 3988 2162 4079 specificam,

623 4109 693 4170 et
720 4101 1151 4192 operationes
1181 4106 1542 4189 sequentes
1596 4096 2160 4186 compositionem

620 4211 896 4302 speciei.
927 4210 1007 4279 In
1045 4210 1372 4277 viantem
1403 4206 1649 4276 animae
1688 4206 1826 4296 agit
1882 4204 1963 4273 ad
2002 4207 2162 4273 vitae

621 4320 1076 4389 influentiam.
1139 4317 1434 4408 Spiritus
1469 4324 1697 4385 autem
1755 4323 2025 4383 sanctus
2061 4323 2163 4383 est

617 4451 836 4498 unum
875 4426 1194 4516 simplex,
1237 4435 1303 4493 et
1362 4424 1445 4492 ad
1487 4422 1664 4491 idem
1726 4424 1794 4490 in
1851 4423 1998 4514 ipso
2063 4431 2163 4490 est

617 4537 1032 4630 principium
1074 4533 1467 4626 spirationis
1533 4531 1753 4598 Patris
1824 4538 1889 4598 et
1955 4529 2102 4598 Filii
2142 4553 2157 4598 :

616 4666 781 4735 ergo
813 4642 1108 4727 videtur,
1151 4638 1335 4731 quod
1376 4637 1506 4707 hoc
1554 4659 1693 4704 non
1723 4637 1810 4704 sit
1850 4634 2165 4726 intelligi·

614 4751 776 4832 bile,
813 4750 998 4843 quod
1055 4748 1349 4840 Spiritus
1405 4754 1679 4814 sanctus
1726 4743 2045 4835 procedat
2119 4767 2158 4811 a

614 4861 884 4931 duobus
914 4869 988 4927 ut
1019 4858 1153 4926 duo
1176 4866 1355 4926 sunt.

705 5179 1018 5248 Somno.
1046 5177 1320 5267 Absque
1351 5172 1666 5264 scrupulo
1697 5173 2156 5263 ambiguitatis

611 5285 978 5356 dicendum
1006 5290 1131 5363 est,
1176 5281 1358 5373 quod
1391 5280 1683 5370 Spiritus
1711 5288 1980 5347 sanctus
2002 5301 2157 5368 pro-

611 5394 789 5463 cedit
816 5417 855 5461 a
886 5392 1090 5460 Patre
1146 5397 1213 5457 et
1251 5386 1447 5469 Filio,
1482 5394 1554 5452 ut
1594 5407 1807 5452 unum
1865 5392 2046 5465 sunt,
2088 5393 2155 5452 et

610 5524 750 5571 non
781 5509 858 5569 ut
899 5499 1130 5592 plures
1159 5503 1316 5565 sunt
1353 5518 1368 5562 ε
1427 5493 1732 5585 procedit
1793 5502 2017 5561 tamen
2068 5493 2152 5560 ab

608 5611 705 5680 eis
734 5608 1068 5701 pluribus.
1108 5602 1298 5676 Unde
1336 5624 1551 5670 unum
1583 5601 1866 5669 dicendo
1915 5622 2154 5691 proce·

606 5717 705 5786 dit
732 5739 774 5785 a
802 5715 1096 5795 duobus,
1141 5720 1214 5781 ut
1244 5710 1381 5780 duo
1444 5732 1659 5778 unum
1689 5717 1845 5777 sunt
1902 5709 1967 5776 in
2005 5708 2150 5798 spi·

2296 651 2431 717 fere
2464 653 2781 721 omnibus
2823 656 3200 724 rationibus
3242 655 3534 723 inductis
3581 663 3647 722 et
3721 677 3843 743 pro

2297 782 2432 825 una
2473 769 2682 848 parte,
2738 771 2801 830 et
2833 787 2955 852 pro
2979 762 3213 832 altera.

2385 867 2485 932 An
2534 889 2789 936 ramim
2820 892 2981 961 ergo
3005 870 3399 947 dicendum,
3425 869 3609 960 quod
3642 870 3845 938 Pater

2296 981 2359 1038 et
2405 972 2613 1040 Filius
2655 998 2793 1043 non
2832 985 2990 1044 sunt
3029 1000 3206 1044 unus
3247 978 3513 1066 spirans
3569 985 3845 1067 propter

2295 1081 2627 1147 rationem
2657 1083 3063 1172 objectionis
3100 1108 3114 1152 ε
3160 1094 3395 1152 tamen
3435 1106 3652 1150 unum
3684 1092 3842 1151 sunt

2294 1185 2363 1253 in
2410 1188 2779 1276 spirando:
2853 1190 3014 1281 quia
3069 1192 3337 1282 spirans
3388 1190 3551 1257 dicit
3613 1198 3839 1257 actum

2291 1297 2824 1384 suppositorum,
2870 1307 2935 1366 et
2982 1322 3123 1367 non
3169 1299 3333 1367 dicit
3376 1299 3470 1366 ita
3505 1298 3843 1389 principa-

2290 1403 2441 1470 liter
2462 1408 3043 1494 comparationem
3084 1408 3169 1476 ad
3203 1406 3563 1498 Spiritum,
3606 1405 3712 1474 vel
3755 1407 3837 1474 ad

2289 1512 2425 1577 vim
2458 1511 2851 1601 spirativam
2894 1514 2964 1580 in
2997 1514 3199 1582 Patre
3230 1522 3296 1582 et
3326 1513 3498 1581 Filio
3535 1537 3550 1581 :
3587 1513 3707 1581 sed
3744 1520 3839 1581 ta-

2290 1643 2444 1687 men
2478 1630 2635 1687 sunt
2675 1645 2890 1689 unum
2931 1623 3346 1714 principium
3393 1644 3408 1689 τ
3446 1623 3604 1713 quia
3642 1624 3840 1713 prin-

2287 1727 2537 1816 cipium
2597 1729 2908 1796 nominat
3003 1732 3361 1798 notionem
3456 1729 3832 1797 secundum

2286 1835 2865 1924 comparationem
2923 1837 3009 1904 ad
3084 1841 3416 1929 spiratum
3474 1846 3542 1906 et
3576 1839 3835 1928 princi-

2282 1944 2567 2035 piatum,
2603 1953 2670 2011 ct
2708 1946 2777 2012 in
2805 1947 3319 2036 comparatione
3375 1945 3462 2014 ad
3508 1948 3650 2013 vim
3691 1948 3836 2037 spi-

2283 2051 2593 2117 rativam.
2640 2048 2923 2142 Spirans
2950 2060 3181 2122 autem
3211 2075 3355 2121 non
3403 2050 3608 2120 habet
3649 2075 3835 2120 com-

2280 2157 2702 2250 parationem
2728 2159 2859 2226 nisi
2900 2158 2985 2226 ad
3016 2161 3372 2251 supposita
3408 2182 3649 2228 eorum
3682 2182 3832 2251 quae

2280 2267 2579 2356 spirant:
2641 2273 2707 2334 et
2744 2267 2904 2358 quia
2935 2267 3052 2335 illa
3105 2276 3268 2336 sunt
3306 2268 3470 2351 duo,
3524 2266 3728 2335 Pater
3767 2274 3833 2336 et

2278 2375 2488 2444 Filius
2518 2383 2676 2443 sunt
2704 2376 2840 2445 duo
2866 2377 3236 2466 spiranteS,
3266 2399 3408 2446 non
3450 2398 3630 2445 unus
3667 2399 3683 2443 :
3713 2377 3829 2444 sed

2278 2507 2490 2552 unum
2519 2484 2929 2576 principium
2961 2486 3379 2576 spirationis.

2364 2592 2467 2659 An
2540 2614 2738 2659 Amen
2812 2592 3202 2673 dicendum,
3275 2593 3461 2685 quod
3545 2593 3824 2683 spiratio

2277 2700 2492 2768 activa
2530 2702 2907 2792 proprietas
2954 2710 3082 2787 est,
3118 2723 3271 2794 quae
3318 2724 3459 2771 non
3501 2700 3829 2769 determi-

2274 2817 2391 2876 nat
2439 2811 2827 2894 essentiam,
2906 2810 3026 2878 sed
3081 2832 3414 2900 personas
3481 2809 3704 2877 Patris
3761 2816 3829 2878 et

2276 2913 2451 2983 Filii.
2521 2914 2605 2982 Et
2642 2916 2726 2983 nd
2793 2913 2926 2984 hoc
2990 2916 3177 3006 quod
3237 2914 3583 3005 objicitur,
3645 2913 3827 3005 quod

2274 3042 2410 3088 una
2446 3021 2825 3110 proprietas
2856 3043 2996 3089 non
3036 3030 3137 3091 est
3167 3022 3465 3089 duorum
3495 3019 3829 3110 subjecto·

2277 3152 2452 3208 rum,
2496 3127 2875 3198 Dicendum
2917 3129 3105 3222 quod
3152 3128 3287 3200 hoc
3332 3153 3573 3200 verum
3617 3136 3719 3198 est
3757 3131 3826 3198 in

2275 3235 2408 3304 illis
2438 3237 2809 3327 suppositis
2839 3259 2990 3328 quae
3020 3261 3142 3327 per
3169 3239 3536 3306 essentiam
3568 3246 3637 3305 et
3664 3235 3826 3304 sub-

2275 3342 2590 3408 stantiam
2672 3340 3071 3409 dividuntur
3163 3340 3246 3408 ab
3321 3341 3616 3409 invicem
3685 3364 3700 3409 ι
3757 3343 3825 3408 in

2275 3445 2405 3513 illis
2442 3448 2624 3515 enim
2658 3448 2842 3538 quod
2882 3449 3058 3517 inest
3088 3449 3231 3525 uni,
3287 3447 3474 3518 idem
3537 3470 3823 3516 numero

2275 3578 2411 3624 non
2467 3556 2638 3622 inest
2676 3555 2790 3623 alii
2843 3579 2859 3624 ε
2922 3555 3043 3624 sed
3110 3556 3382 3625 duobus
3457 3557 3824 3648 suppositis

2274 3684 2421 3752 quae
2454 3661 2521 3727 in
2554 3660 2741 3729 nullo
2780 3661 3046 3731 diversa
3106 3671 3290 3742 sunt,
3351 3663 3483 3731 nisi
3534 3665 3709 3731 inter
3744 3684 3825 3731 ea

2275 3768 2618 3836 relationis
2665 3771 3035 3862 oppositi0,
3087 3778 3313 3862 potest
3371 3771 3592 3838 inesse
3641 3770 3821 3839 idem

2274 3877 2342 3942 in
2392 3882 2721 3964 quantum
2780 3900 2918 3944 non
2976 3876 3259 3945 relative
3315 3884 3816 3968 opponuntur:

2275 3982 2476 4050 l’ater
2504 3989 2726 4050 autem
2761 3992 2828 4051 et
2859 3983 3071 4051 Filius
3120 3984 3283 4052 talia
3312 3993 3475 4053 sunt
3499 3984 3824 4075 supposi-

2272 4102 2339 4160 ta
2396 4092 2641 4159 divinae.
2708 4102 2991 4173 naturae,
3056 4103 3123 4163 et
3189 4094 3568 4163 secundum
3639 4093 3824 4186 quod

2270 4212 2749 4293 comparantur
2794 4203 2879 4272 ad
2926 4204 3254 4273 virtutem
3286 4204 3608 4295 spiralem
3646 4213 3712 4273 et
3739 4203 3825 4272 ad

2275 4310 2600 4400 Spiritum
2658 4321 2997 4391 sanctum,
3042 4334 3182 4380 non
3230 4311 3494 4381 habent
3541 4312 3827 4403 opposi-

2272 4420 2526 4487 tionem
2558 4419 2907 4489 relativam
2954 4422 3131 4489 inter
3174 4443 3247 4489 se
3298 4439 3317 4489 :
3360 4443 3526 4512 ergo
3590 4441 3826 4488 secun-

2271 4523 2429 4591 dum
2473 4524 2601 4593 hoc
2642 4537 2995 4596 remanent
3061 4526 3273 4605 idem,
3336 4533 3402 4595 et
3467 4527 3566 4594 sic
3604 4549 3818 4595 unuin

2271 4653 2553 4700 numero
2585 4634 2732 4712 erit,
2769 4634 2953 4724 quod
2986 4634 3055 4701 in
3112 4631 3243 4701 hac
3308 4635 3822 4726 comparatione

2273 4741 2440 4807 inest
2474 4739 2568 4804 eis
2605 4763 2618 4806 :
2657 4739 2785 4808 lnoc
2822 4748 3051 4809 autem
3106 4751 3209 4810 est
3251 4742 3635 4834 proprietas
3682 4744 3825 4834 spi-

2271 4847 2458 4916 randi
2495 4869 2509 4912 :
2554 4848 2743 4917 etsie
2772 4871 2987 4916 unum
3022 4858 3181 4918 sunt
3227 4850 3637 4941 principium
3677 4852 3823 4940 spi-

2270 4954 2456 5023 randi
2513 4952 2840 5044 Spiritum
2882 4965 3225 5025 sanctum.

2355 5062 2459 5127 An
2477 5082 2671 5127 Αιιυυ
2692 5061 3277 5155 dicendum,quod
3297 5065 3596 5133 concedo
3629 5063 3812 5154 quod

2268 5166 2468 5236 Pater
2523 5176 2588 5234 et
2653 5167 2861 5237 Filius
2901 5193 3041 5238 non
3098 5178 3261 5238 sunt
3317 5193 3495 5238 unus
3559 5172 3673 5261 qui
3733 5174 3820 5240 sit

2270 5274 2697 5363 principium,
2733 5299 2857 5345 nec
2895 5298 3073 5344 unus
3129 5276 3401 5367 spirans
3454 5300 3470 5345 ε
3533 5279 3697 5368 quia
3746 5279 3816 5370 ly

2269 5405 2442 5449 unus
2508 5382 2915 5472 adjectivum
2985 5391 3187 5464 esset,
3250 5385 3359 5453 vel
3443 5385 3814 5454 substanti·

2265 5512 2426 5556 vum
2465 5513 2480 5555 ε
2516 5497 2578 5556 et
2610 5491 2677 5556 in
2709 5500 2998 5582 utroque
3029 5513 3235 5559 sensu
3297 5491 3466 5561 falsa
3497 5501 3675 5561 esset
3712 5492 3811 5562 lo·

2265 5596 2445 5665 cutio
2482 5618 2496 5664 :
2534 5598 2693 5686 quia
2722 5598 2792 5690 ly
2823 5620 3003 5666 unus
3042 5619 3316 5690 semper
3369 5598 3623 5670 diceret
3667 5601 3817 5668 uni·

2262 5714 2469 5774 tatem
2501 5729 2804 5796 personae
2855 5709 3179 5799 spirantis
3231 5731 3248 5776 ε
3294 5709 3414 5778 sed
3442 5718 3520 5779 ut
3554 5709 3811 5778 dictum

3960 883 4028 926 Ad
4063 885 4097 930 Ι.

3934 2596 4090 2645 Adz.

3924 5064 4005 5111 Ad
4030 5067 4073 5115 3.
