4897 6388
575 505 583 514 ι
716 404 845 469 442

635 585 646 592 ⁴
712 577 926 642 stinus
972 573 1192 641 dicere
1253 574 1321 638 in
1368 574 1655 650 Littera,
1717 561 1874 637 cum
1926 568 1992 633 in
2032 565 2261 633 Veteri

708 682 1136 750 Testamento
1217 667 1525 771 pers'onae
1608 676 1993 746 visibilibus
2051 674 2264 764 signis

712 814 890 882 saepe
922 798 1404 882 apparuerunt,
1439 789 1714 856 videtur
1743 786 1926 878 quod
1950 787 2075 852 ista
2099 785 2260 850 mis-

713 900 812 966 sio
844 899 913 965 in
951 897 1182 966 Veteri
1220 898 1653 964 Testamento
1694 915 1872 982 saepe
1914 892 2088 959 facta
2123 890 2263 956 fue-

716 1007 823 1074 rit.

803 1117 865 1182 2.
913 1115 1251 1182 Praeterea
1281 1111 1411 1179 hoc
1442 1112 1712 1179 videtur
1751 1111 1957 1178 etiam
2003 1106 2134 1175 alia
2165 1129 2267 1173 ra-

714 1225 895 1290 tione
950 1244 965 1289 :
1029 1220 1263 1287 missio
1322 1219 1508 1285 enim
1560 1215 1851 1284 visibilis
1913 1213 2265 1282 ordinatur

713 1329 799 1398 ad
828 1327 1239 1396 invisibilem
1285 1349 1300 1393 ε
1345 1326 1465 1395 sed
1495 1323 1859 1393 invisibilis
1917 1326 1987 1390 in
2043 1321 2265 1389 Veteri

710 1435 1139 1502 Testamento
1192 1453 1368 1520 saepe
1401 1430 1577 1498 facta
1609 1437 1710 1496 est
1742 1451 1757 1494 :
1796 1449 1957 1517 ergo
1988 1433 2054 1492 et
2108 1423 2267 1491 visi-

713 1541 891 1624 bilis.
917 1539 1252 1607 Pnonxrio
1267 1539 1540 1628 ·primae.
1568 1535 1646 1603 In
1667 1537 1929 1603 Littera
1949 1533 2109 1600 dicit
2127 1531 2266 1598 Au·

714 1648 1026 1739 gustinus
1056 1646 1239 1737 quod
1259 1645 1331 1711 in
1369 1644 1503 1711 illis
1535 1644 1862 1711 creaturis
1882 1639 2262 1709 visibilibus

718 1753 1011 1845 Spiritus
1040 1760 1312 1820 sanctus
1342 1750 1427 1818 ad
1473 1750 1608 1819 hoc
1644 1757 1810 1832 erat,
1861 1757 1940 1816 ut
1994 1769 2114 1838 per
2152 1767 2264 1814 eas

716 1860 1179 1930 ostenderetur
1211 1856 1507 1948 Spiritus
1550 1863 1825 1924 sanctus
1856 1854 1926 1922 in
1960 1853 2088 1921 illis
2117 1874 2264 1921 esse

716 1967 802 2036 ad
840 1988 1011 2058 quos
1042 1959 1173 2033 illae
1203 1970 1531 2033 creaturae
1568 1961 1959 2031 veniebant.
2002 1958 2267 2027 Secun-

715 2074 802 2143 da
863 2082 1090 2144 autem
1157 2072 1512 2164 probatur,
1596 2067 1903 2160 Sapient.
1965 2088 2061 2146 tx,
2118 2067 2198 2134 10
2243 2085 2260 2136 ε

715 2183 914 2252 Mitte
951 2180 1155 2250 illam
1186 2181 1271 2249 de
1298 2179 1486 2248 coelis
1515 2178 1771 2247 sanctis
1800 2179 1963 2256 tuis,
1996 2185 2062 2244 et
2089 2199 2133 2243 α
2157 2197 2269 2243 se-

719 2294 802 2363 de
845 2292 1351 2384 maqnitudinis
1399 2300 1563 2375 tuae,
1623 2298 1702 2359 ut
1757 2311 2019 2359 meeum
2060 2289 2152 2356 sit
2205 2295 2269 2355 et

721 2423 981 2469 mecum
1014 2397 1298 2468 laboret.
1347 2397 1496 2467 Hoc
1544 2397 1728 2466 enim
1773 2396 2029 2465 dictum
2059 2403 2161 2463 est
2196 2394 2266 2461 in

719 2507 950 2576 Veteri
976 2505 1461 2576 Testamento:
1522 2526 1687 2597 ergo
1742 2503 2035 2585 videtur,
2086 2500 2270 2593 quod

722 2614 1111 2705 hujusmodi
1151 2615 1385 2682 missio
1415 2609 1705 2682 visibilis
1735 2619 1895 2680 tunc
1932 2609 2159 2680 fuerit.

807 2723 873 2792 3.
907 2722 1104 2800 Item,
1151 2720 1229 2789 Si
1291 2720 1581 2789 visibilis
1639 2726 1951 2788 creatura
2023 2725 2123 2786 est
2167 2739 2272 2785 os·

716 2831 999 2902 tendens
1044 2827 1300 2922 aliquid
1345 2829 1680 2908 divinum,
1733 2826 1982 2896 sufficit
2044 2825 2131 2894 ad
2168 2846 2273 2894 ra-

727 2944 981 3013 tionem
1037 2939 1324 3009 visibilis
1387 2939 1737 3008 missionis
1797 2960 1813 3006 :
1883 2957 2064 3015 cum,
2099 2934 2272 3004 sicut

722 3074 925 3147 supra
949 3049 1339 3131 habuimus,
1384 3048 1592 3117 Pater
1630 3048 1703 3117 in
1727 3044 1977 3116 visibili
2009 3052 2272 3115 creatu·

727 3185 801 3231 ra
838 3161 1174 3253 apparuit,
1214 3158 1484 3229 videtur
1535 3155 1744 3227 Pater
1809 3177 1956 3225 esse
1994 3153 2266 3225 missus.

729 3269 970 3338 GeneS.
1004 3290 1194 3349 xvm,
1236 3268 1302 3349 2,
1327 3266 1493 3334 Tres
1520 3264 1715 3345 vidit,
1750 3271 1815 3332 et
1863 3285 2079 3331 unum
2111 3260 2271 3330 ado·

729 3377 926 3445 ravit.

816 3485 880 3551 4.
919 3482 991 3552 Si
1021 3483 1230 3573 dicas,
1268 3479 1450 3575 quod
1477 3479 1626 3549 haec
1655 3479 1803 3549 visa
1839 3477 2120 3547 Petrum
2150 3499 2274 3569 per

724 3590 1027 3683 Angelos
1065 3590 1533 3659 administrata
1571 3595 1757 3666 sunt,
1816 3594 1884 3655 et
1931 3585 2080 3654 ideo
2131 3606 2270 3653 non

727 3699 1126 3792 intelligitur
1153 3702 1221 3768 in
1251 3699 1348 3766 eis
1379 3696 1614 3766 missio
1654 3719 1671 3765 ε
1705 3692 1839 3765 hoc
1868 3717 2009 3764 non
2057 3716 2272 3763 excu-

725 3815 829 3877 sat
865 3804 1317 3896 objectionem
1354 3803 1574 3873 tribus
1633 3799 2055 3872 rationibus:
2100 3821 2269 3894 qua·

728 3937 879 3983 rum
906 3912 1127 4006 prima
1184 3920 1310 3997 est,
1371 3908 1557 4003 quod
1594 3909 2023 4002 Augustinus
2076 3905 2271 3987 dicit,

727 4021 910 4115 quod
948 4020 1513 4090 absurdissimum
1558 4025 1662 4088 est
1702 4015 1925 4087 dicere
1964 4014 2267 4096 Patrem,

727 4131 781 4198 si
811 4128 1164 4213 voluisset,
1196 4129 1268 4197 in
1316 4134 1624 4196 creatura
1663 4124 1914 4194 visibili
1948 4146 2273 4218 apparere

730 4261 867 4306 non
906 4237 1205 4328 potuisse
1260 4234 1534 4327 :posito
1590 4255 1782 4324 ergo,
1832 4232 2017 4326 quod
2070 4256 2274 4325 appa-

730 4347 960 4426 ruerit,
1032 4344 1198 4414 nihil
1245 4344 1442 4413 debet
1479 4344 1674 4437 sequi
1723 4342 2208 4413 inconveniens
2250 4363 2268 4410 ε

731 4455 1038 4548 sequitur
1083 4462 1336 4537 autem,
1396 4450 1582 4544 quod
1646 4450 1897 4520 missus
1925 4450 2063 4521 sit:
2105 4472 2270 4541 ergo

732 4562 861 4632 hoc
916 4584 1054 4631 non
1107 4561 1378 4630 videtur
1445 4558 1935 4630 inconveniens
1978 4582 1993 4627 :
2048 4565 2112 4627 et
2143 4555 2274 4626 hoc

732 4677 1053 4762 negatum
1091 4675 1192 4739 est
1223 4690 1425 4761 supra
1460 4690 1476 4735 ε
1512 4689 1705 4759 ergo,
1739 4674 1867 4738 etc.

820 4780 882 4846 ὅ.
909 4777 1220 4847 Secunda
1243 4777 1454 4845 ratio:
1489 4774 1666 4856 Quia
1695 4775 1754 4845 si
1775 4782 2081 4844 creatura
2104 4774 2277 4842 irra-

733 4884 1003 4955 tionalis
1024 4894 1089 4955 et
1123 4882 1669 4954 inintellectualis
1704 4885 1804 4973 (ut
1835 4882 1928 4951 ita
1956 4881 2150 4950 liceat
2177 4881 2277 4950 di-

731 4994 1249 5087 cere)sussicitad
1264 4992 1864 5063 demonstrandam
1879 4991 2273 5060 missionem

732 5123 1063 5193 personae,
1105 5101 1276 5169 sicut
1317 5094 1661 5179 columba,
1692 5095 1799 5165 vel
1834 5095 2030 5164 ssatus
2063 5116 2078 5162 t
2107 5093 2278 5163 mul-

810 5388 1091 5445 ¹DanioL
1152 5406 1229 5457 ix,
1277 5394 1311 5441 9
1368 5395 1427 5443 ot
1483 5388 1553 5443 ⁴0
1608 5402 1623 5442 :
1673 5384 2059 5458 Adspiciebam
2106 5385 2276 5441 dorice

740 5477 937 5536 throni
982 5478 1330 5552 positijsunt,
1379 5484 1433 5534 et
1479 5479 1748 5547 antiquus
1793 5474 2007 5532 dierum
2061 5474 2272 5531 sedit..:

737 5569 1014 5625 Iudicium
1043 5568 1203 5638 sedit,
1234 5575 1288 5624 et
1317 5566 1449 5622 libri
1488 5567 1675 5640 aperti
1696 5569 1850 5621 sunt.

809 5657 834 5694 ¹
872 5658 982 5714 lsa.
1017 5673 1092 5728 vt,
1121 5656 1153 5714 3
1181 5673 1197 5714 :
1228 5658 1296 5713 Et
1348 5654 1668 5713 clamabant
1706 5652 1854 5709 alter
1898 5657 1951 5708 et
2018 5652 2276 5724 atterum,

742 5754 794 5804 et
823 5745 1075 5803 dicebant
1103 5762 1123 5803 .·
1154 5746 1408 5814 Sanctus,
1445 5750 1689 5813 sanctu,
1718 5743 1937 5800 candus
1995 5742 2274 5814 Dominus,

1747 395 1834 465 D.
1882 393 2080 462 ALB.
2133 390 2354 460 MAG.
2406 388 2617 460 ORD.
2666 391 2979 483 PR'AED,

2371 572 2441 631 to
2476 544 3055 655 magis'crea'tura
3121 562 3615 640 intellectualis,
3651 570 3717 630 et
3757 585 3921 653 prae-

2368 675 2568 762 cipue
2607 673 2937 764 Angelus.
2981 675 3061 741 In
3101 674 3215 741 illa
3263 673 3444 740 enim
3473 679 3661 739 tanto
3702 674 3919 762 magis

2369 781 2683 849 divinum
2714 783 2974 873 aliquid
3018 784 3476 873 cognoscitur,
3520 788 3776 871 quanto
3813 781 3920 869 ip-

2369 911 2445 956 sa
2475 896 2580 956 est
2633 887 2933 957 nobilior
2998 897 3065 957 et
3131 889 3483 956 divinior:
3545 910 3702 954 cum
3756 908 3916 977 ergo

2297 1007 2302 1012 “
2371 997 2543 1065 tales
2599 996 2961 1065 missiones
3029 996 3451 1087 Angelorum
3516 997 3585 1061 in
3694 994 3917 1062 Veteri

2367 1105 2802 1172 Testamento
2871 1106 3122 1194 saepius
3190 1104 3378 1171 factae
3429 1111 3611 1185 sunt,
3652 1102 3922 1170 videtur

2373 1213 2559 1304 quod
2585 1234 2764 1303 saepe
2792 1214 3020 1280 missae
3051 1220 3211 1280 sunt
3239 1234 3570 1302 personae,
3613 1219 3681 1279 et
3708 1212 3917 1279 etiam

2372 1319 2602 1389 Pater.
3130 1399 3137 1407 .

2463 1431 2529 1497 6.
2569 1428 2794 1497 Tertia
2834 1429 3005 1497 ratio
3047 1436 3149 1496 est
3195 1428 3277 1496 ab
3337 1430 3733 1496 auctoritate
3778 1427 3923 1494 Da-

2369 1535 2593 1615 nieliS,
2629 1534 2745 1603 ubi
2776 1533 3051 1627 legitur,
3086 1536 3269 1628 quod
3308 1537 3628 1626 antiquus
3657 1534 3921 1602 dierum

2369 1645 2570 1731 sedit,
2604 1654 2671 1714 et
2699 1645 2859 1713 libri
2896 1646 3114 1736 aperti
3144 1653 3301 1713 sunt
3328 1667 3557 1713 coram
3589 1666 3671 1711 eo
3703 1646 3747 1710 ¹.
3808 1642 3916 1727 Et,

2369 1753 2588 1832 Isaiae,
2630 1777 2724 1833 v1‚
2773 1757 2804 1820 1
2864 1775 2880 1819 ε
2966 1752 3121 1820 Vidi
3154 1754 3533 1821 Dominum
3587 1750 3920 1817 sedentem

2365 1885 2574 1954 super
2598 1861 2860 1929 solium
2898 1862 3239 1930 excelsum
3279 1871 3343 1928 et
3380 1861 3745 1939 elevatum,
3786 1867 3912 1926 etc.

2369 1969 2514 2039 Nec
2542 1970 2797 2061 poteris
2845 1969 3094 2050 dicere,
3138 1970 3321 2061 quod
3378 1967 3509 2037 hoc
3547 1967 3741 2036 fuerit
3774 1967 3924 2034 An-

2325 2087 2328 2098 *
2369 2076 2566 2170 gelus
2593 2075 2667 2145 in
2704 2097 3002 2169 persona
3039 2077 3165 2146 Dei
3200 2097 3218 2146 t
3262 2075 3422 2167 quia
3478 2073 3741 2167 Angelo
3791 2072 3923 2141 Se-

2369 2183 2639 2276 raphim
2693 2207 2838 2254 non
2890 2183 3215 2265 clamant,
3257 2185 3576 2266 Sanctae,
3615 2189 3917 2265 sanctus,

2365 2300 2645 2361 sanetus
2709 2281 2732 2320 ²
2769 2314 2785 2361 ε
2848 2311 2974 2361 nec
3019 2289 3323 2382 Angelus
3361 2290 3431 2358 in
3470 2310 3761 2380 persona
3796 2286 3921 2356 Dei

2360 2398 2719 2490 judicabit.

2462 2507 2531 2577 7.
2567 2504 2641 2574 Si
2663 2506 2837 2575 forte
2866 2506 3077 2590 dicas,
3110 2505 3295 2598 quod
3325 2506 3455 2575 hoc
3498 2504 3696 2573 fuerit
3727 2524 3925 2573 reve-

2370 2613 2563 2695 latio,
2606 2622 2676 2683 et
2711 2636 2853 2682 non
2892 2613 3252 2706 apparitio,
3307 2614 3418 2682 vel
3458 2612 3715 2681 missio.
3751 2609 3927 2680 cox-

2372 2743 2506 2791 τιυι
2534 2743 2554 2791 t
2583 2720 2765 2792 Talis
2796 2721 3102 2792 ostensio
3159 2742 3612 2815 quaecumque
3648 2721 3762 2800 sit,
3800 2718 3930 2787 fuit

2373 2831 2796 2900 constituens
2851 2827 3233 2922 Prophetas
3278 2852 3295 2900 ε
3346 2830 3510 2921 quia
3555 2826 3926 2919 Prophetas

2373 2960 2707 3008 vocamus
2736 2938 2988 3030 quihus
3018 2937 3148 3009 ista
3174 2938 3347 3007 sacta
3384 2945 3542 3005 sunt
3577 2958 3596 3002 z
3625 2934 3740 3004 sed
3774 2957 3925 3027 pro·

2373 3044 2566 3140 prius
2597 3044 2876 3116 effectus
2905 3044 3253 3115 missionis
3298 3053 3398 3113 est
3444 3041 3821 3135 Prophetas
3859 3049 3927 3110 et

2376 3155 2636 3225 amicos
2673 3153 2800 3224 Dei
2849 3154 3290 3236 constituere,
3349 3154 3523 3222 sicut
3561 3149 3927 3221 habuimus

2374 3266 2448 3333 in
2486 3261 2891 3354 praecedenti
2958 3261 3416 3340 distinctione,
3474 3283 3558 3329 ex
3617 3257 3920 3351 Sapit-nt.

2373 3394 2498 3456 vn,
2531 3372 2617 3440 27
2650 3393 2666 3440 ε
2701 3373 2839 3440 Per
2882 3372 3194 3439 nationes
3244 3372 3312 3438 ιἰι
3351 3370 3623 3438 animas
3656 3378 3927 3436 sanctos

2372 3504 2445 3549 se
2495 3482 2856 3569 transfert,
2926 3501 3043 3546 am
3053 3479 3191 3547 icos
3254 3478 3390 3547 Dei
3441 3487 3506 3546 et
3542 3476 3926 3569 Prophetas

2373 3586 2752 3656 constituit.
2788 3583 2959 3653 Item
2989 3581 3318 3653 faciamus
3345 3584 3486 3652 vim
3528 3585 3599 3651 in
3628 3604 3711 3651 eo
3742 3581 3924 3673 quod
4008 3580 4015 3588 ’

2374 3695 2559 3774 dicit.
2594 3719 2725 3790 per
2748 3696 3061 3765 nationes
3089 3718 3114 3765 .·
3152 3718 3316 3787 ergo
3375 3717 3513 3763 non
3578 3695 3648 3762 in
3696 3702 3926 3762 nostra

2376 3809 2653 3876 natione
2691 3814 2990 3888 tantum,
3056 3804 3176 3874 sed
3241 3805 3448 3874 etiam
3513 3806 3584 3872 in
3650 3802 3924 3872 natione

2374 3914 2661 3984 Petrum
2716 3913 2848 3983 ista
2911 3910 3090 3983 facta
3152 3920 3313 3982 sunt
3353 3934 3567 4003 :ergo
3630 3909 3924 3990 videtur,

2377 4021 2563 4117 quod
2599 4030 2763 4092 tunc
2824 4020 3000 4091 facta
3073 4021 3275 4091 fuerit
3331 4021 3565 4091 missio
3611 4017 3921 4097 visibilis,

2376 4138 2443 4201 et
2480 4127 2668 4223 quod
2705 4127 2911 4199 Pater
2949 4136 3019 4199 et
3070 4125 3356 4221 singulae
3410 4149 3718 4221 personas
3761 4128 3930 4196 mis-

2375 4260 2471 4307 sae
2512 4239 2672 4307 sint.

2468 4454 2605 4522 San
2623 4475 2918 4522 comm:

2463 4561 2574 4632 Ad
2604 4559 2824 4632 Galat.
2859 4586 2960 4648 ιιι,
2999 4565 3105 4644 19,
3138 4559 3276 4631 Lex
3308 4564 3375 4632 in
3405 4585 3612 4632 manu
3660 4561 3926 4632 media-

2376 4672 2546 4742 toris
2590 4670 2812 4763 posita
2868 4679 2994 4750 est,
3064 4670 3376 4739 ordinata
3422 4693 3543 4763 per
3598 4669 3923 4762 Angelos,

2376 4778 2595 4847 donec
2631 4778 2894 4847 veniret
2932 4799 3168 4847 semen
3214 4779 3321 4846 cui
3364 4778 3836 4870 repromiserat
3877 4778 3925 4846 ⁸.

2377 4887 2559 4978 Ergo
2590 4885 2883 4965 videtur,
2955 4886 3139 4978 quod
3180 4887 3413 4955 onmia
3459 4885 3605 4953 visa
3650 4884 3929 4953 Petrum

2374 4993 2650 5063 fuerunt
2681 5016 2802 5085 per
2832 5015 3079 5062 manus
3138 4992 3559 5086 Angelorum
3599 5014 3813 5086 usque
3842 4992 3928 5061 ad

2377 5100 2750 5171 adventum
2808 5097 3083 5169 Christi.
3148 5098 3372 5192 Supra
3410 5106 3636 5169 autem
3679 5099 3931 5191 proba-

2378 5388 2722 5446 eaeerct‘tmem
2757 5403 2773 5444 ε
2797 5386 2977 5457 plena
3007 5392 3087 5443 est
3116 5384 3296 5441 omnis
3327 5391 3477 5440 terra
3506 5385 3689 5454 utorio
3719 5384 3862 5456 ejtaen.

2450 5476 2475 5513 ³
2504 5476 2594 5533 Ad
2624 5476 2813 5535 Galat.
2844 5491 2931 5543 ιιι.
2959 5478 3023 5531 19
3057 5490 3072 5532 2
3102 5474 3249 5542 Quid
3295 5476 3471 5545 ἰοὶιιιι·
3509 5474 3648 5532 ιιι-Ρ
3700 5478 3936 5548 Propter

2381 5567 2874 5638 transvectionem
2890 5564 3093 5639 posita
3141 5570 3242 5634 est,
3272 5563 3446 5621 donee
3489 5566 3699 5621 veniret
3751 5580 3930 5623 semen

2380 5655 2473 5712 cui
2495 5654 2905 5727 repromiserat,
2949 5652 3212 5710 ordinata
3253 5670 3357 5726 per
3398 5653 3643 5729 Angelos
3669 5653 3731 5711 ιἰι
3762 5671 3931 5712 manu

2381 5744 2723 5804 mediatoris.

3948 4490 4045 4536 Set
4067 4496 4234 4536 contr·
