4897 6388
451 1078 653 1124 Solutio.

730 339 862 406 454
1710 331 1796 399 D.
1847 329 2044 398 ALB.
2098 329 2311 398 MAG.
2368 329 2578 399 ORD.
2631 331 2932 401 PRAED.

819 490 1178 575 Hoc-enim
1214 529 1351 572 non
1381 504 1647 571 videtur
1680 529 1694 572 :
1732 505 1888 594 quia
1919 503 2133 593 magis
2164 481 2274 569 co·
2383 512 2683 571 mutatur
2746 504 3112 572 discretum
3171 502 3240 567 in
3305 470 3636 565 intensius
3693 521 3706 563 :
3796 519 3934 562 non

728 616 1084 702 gnoscitur
1113 613 1366 703 aliquid
1401 614 1616 680 inesse
1649 635 1767 703 per
1806 615 2129 703 majorem
2172 612 2271 679 ef·
2382 614 2562 677 enim
2615 616 2946 703 sequitur,
3019 610 3202 702 quod
3259 610 3313 676 si
3370 605 3679 698 pluribus
3712 603 3930 670 modis

729 720 980 787 fectum
1019 743 1033 786 :
1072 720 1221 810 plus
1253 731 1475 787 autem
1513 719 1730 786 effecit
1761 720 1828 785 in
1870 720 2024 799 illis,
2060 741 2266 808 quam
2385 719 2604 799 insuit,
2650 721 2833 810 quod
2875 721 3089 808 magis
3133 718 3433 793 infuerit,
3469 715 3597 780 nisi
3624 712 3715 779 illi
3746 711 3931 778 modi

735 830 803 893 in
845 829 995 896 aliis
1031 851 1045 896 :
1091 852 1252 919 ergo
1285 830 1501 918 magis
1532 837 1675 895 erat
1716 827 1965 894 inillis.
2382 824 2677 892 facerent
2739 827 3194 892 intensionem
3260 845 3275 893 :
3358 821 3540 889 unde
3608 820 3933 907 Magister

2382 928 2553 997 bene
2584 933 2767 1009 dicit,
2814 932 2996 1022 quod
3030 957 3063 996 ι
3110 930 3205 996 ad
3241 929 3451 997 aliud
3480 954 3512 993 ι»
3550 927 3769 993 insuit.

832 1016 1139 1109 Sonurio.
1186 1041 1320 1108 lsta
1357 1042 1524 1143 ratio
1558 1048 1782 1129 peccat
1813 1061 1894 1105 ex
1933 1039 2063 1106 hoc
2092 1042 2273 1128 quod

730 1548 811 1622 C.
865 1546 1060 1621 Cum
1098 1543 1354 1618 Filius
1392 1545 1497 1617 sic
1519 1543 1777 1616 minor
1803 1542 2040 1617 Patre
2076 1542 2499 1617 secundam
2525 1541 2859 1637 formam
2892 1546 3227 1613 creatam
3258 1539 3515 1637 inqua
3545 1539 3931 1636 apparuit,

1527 1700 1667 1752 cur
1701 1700 1851 1752 non
1886 1690 1960 1757 et
1997 1677 2340 1782 Spiritus
2389 1687 2694 1752 Sanclns
2722 1672 3087 1750 similiter
3108 1674 3149 1748 ἱ)

829 2009 985 2087 Sed
1011 2012 1229 2110 prius
1267 2011 1775 2109 quaerendum
1816 2020 1955 2105 est,
1989 2011 2179 2085 Cum
2244 2010 2485 2085 Filius
2534 2011 2837 2084 dicatur
2893 2010 3146 2085 minor
3211 2010 3441 2086 Patre
3510 2009 3938 2085 secundum

736 2145 1184 2222 missionem
1219 2169 1374 2244 qua
1414 2146 1491 2219 in
1537 2145 1778 2220 forma
1806 2153 2061 2220 ereata
2099 2145 2479 2245 apparuit,
2521 2168 2658 2218 cur
2696 2154 2770 2220 et
2810 2143 3148 2244 Spiritus
3179 2154 3501 2221 sanetus
3541 2169 3697 2219 nou
3738 2144 3950 2218 diea-

739 2291 867 2355 tur
905 2280 1262 2358 similiter
1289 2280 1544 2355 minor
1582 2281 1834 2372 Patre,
1868 2305 2041 2356 cum
2099 2281 2176 2354 iu
2211 2282 2448 2356 forma
2509 2291 2765 2356 creata
2802 2281 3164 2379 apparuit
3201 2281 3243 2353 ⁸?
3318 2281 3515 2356 Nam
3588 2280 3682 2355 de
3756 2281 3949 2354 Filio

742 2417 950 2516 quod
983 2417 1241 2492 minor
1277 2418 1376 2494 sit
1414 2417 1640 2493 Patre
1685 2416 2112 2494 secundum
2155 2417 2475 2492 sormam
2539 2439 2689 2515 qua
2751 2417 3037 2491 missus
3095 2417 3486 2517 apparuit,
3531 2427 3792 2516 aperte
3833 2440 3948 2491 os-

742 2551 987 2627 tendit
1024 2552 1506 2650 Augustinus
1546 2553 1619 2626 in
1667 2552 1862 2626 libro
1903 2552 2000 2625 IV
2040 2552 2134 2625 de
2208 2548 2651 2640 Trinitate¹‚
2714 2551 3027 2627 diceus:
3113 2551 3342 2626 Misit
3414 2551 3630 2625 Deus
3693 2549 3947 2625 Filius

741 2710 998 2781 smmi,
1039 2687 1334 2784 lachem
1365 2710 1464 2760 ezr
1500 2684 1853 2779 muliere,
1892 2686 2184 2785 lactum
2222 2684 2359 2759 sub
2402 2684 2565 2784 lesse
2594 2689 2660 2760 ²:
2739 2708 2983 2784 usque
3050 2686 3247 2761 adeo
3306 2709 3662 2785 parvum,
3715 2698 3786 2759 ut
3831 2685 3948 2760 fa-

747 2831 956 2896 ctum
996 2844 1014 2897 :
1059 2843 1151 2897 eo
1185 2819 1437 2920 itaque
1469 2819 1821 2915 missum,
1856 2842 2011 2918 quo
2081 2820 2388 2894 sactum.
2436 2818 2841 2894 Fateamur
2878 2844 3063 2916 ergo
3132 2821 3448 2914 sactum,
3507 2819 3884 2894 minorem
3930 2843 3947 2894 :

749 2956 943 3034 etin
997 2966 1297 3034 tantum
1330 2958 1737 3049 minorem,
1783 2956 1857 3031 in
1900 2955 2325 3054 quantum³
2364 2955 2712 3030 missum.
2760 2957 2952 3031 Eece
3014 2956 3282 3051 habes,
3341 2956 3527 3055 quia
3588 2957 3828 3031 Filius
3880 2956 3954 3030 in

748 3102 1125 3192 quantum
1160 3103 1270 3167 est
1317 3092 1629 3186 missus,
1673 3090 1747 3165 id
1781 3099 1921 3185 est,
1964 3092 2236 3184 tactus,
2273 3089 2528 3165 minor
2555 3101 2663 3165 est
2698 3090 2952 3165 Patre.
2986 3092 3147 3165 Cur
3176 3114 3369 3185 ergo
3402 3090 3738 3190 Spiritus
3790 3114 3958 3165 san·

746 3239 917 3303 ctus
958 3251 1112 3303 non
1156 3227 1456 3302 dicatur
1490 3227 1715 3300 Patre
1759 3225 2032 3320 minor,
2068 3248 2241 3300 cum
2272 3235 2346 3301 et
2403 3227 2566 3326 ipse
2619 3230 3047 3303 ereaturam
3118 3228 3627 3326 assumpserit
3685 3228 3759 3302 in
3803 3250 3955 3326 qua

745 3361 1105 3462 apparuit
1138 3361 1181 3435 ’ἓ
1219 3360 1400 3460 quia
1446 3360 1668 3436 aliter
1692 3359 2023 3460 Spiritus
2059 3361 2475 3461 assumpsit
2513 3372 2938 3437 ereaturam
2987 3361 3059 3437 iu
3094 3387 3249 3462 qua
3280 3364 3668 3463 apparuit,
3731 3364 3952 3437 aliter

745 3496 1013 3572 Filius.
1048 3495 1245 3572 Nam
1290 3495 1848 3601 Filiusqaccepit
1886 3519 2022 3594 per
2061 3496 2458 3590 unionem,
2501 3497 2833 3595 Spiritus
2864 3522 3049 3573 vero
3081 3522 3270 3573 non.
3311 3498 3553 3573 Filius
3579 3498 3784 3574 enim
3819 3523 3951 3571 ac-

746 3631 950 3731 cepit
989 3630 1409 3716 hominem,
1451 3630 1555 3705 ita
1596 3642 1669 3704 ut
1708 3628 1923 3704 tieret
1991 3631 2244 3704 houm.
2283 3631 2617 3729 Spiritus
2651 3657 2834 3707 vern
2896 3644 3214 3708 sanctus
3247 3657 3400 3707 non
3485 3633 3583 3708 ita
3655 3633 3943 3731 arcepit

745 3766 1214 3858 columbam,
1250 3775 1330 3839 ut
1361 3764 1575 3839 tieret
1618 3765 2001 3839 columba.
2050 3765 2159 3840 De
2193 3766 2334 3840 hor
2375 3768 2857 3860 Augustinus
2889 3767 2963 3843 in
3024 3768 3223 3844 libro
3287 3769 3348 3842 11
3385 3768 3481 3843 ‹le
3524 3767 3900 3843 Trinilalc·
3930 3776 3951 3811 ⁸

744 3899 852 3974 ait
897 3925 914 3973 :
954 3898 1134 3974 Ideo
1178 3907 1560 3997 nusquam
1602 3898 2142 3998 scriptumest,
2177 3899 2381 4000 quod
2425 3901 2633 3975 Deus
2679 3903 3171 4000 l‘atermajor
3200 3904 3295 3977 sit
3330 3903 3623 4001 Spiritu
3651 3915 3949 3994 sanctu,

745 4036 867 4109 vel
911 4034 1250 4132 Spiritus
1289 4045 1603 4107 sanetus
1636 4034 1888 4107 minor
1930 4035 2199 4110 l‘atre:
2245 4036 2426 4133 quia
2481 4060 2629 4109 nou
2691 4038 2800 4110 sir.
2863 4049 2975 4112 est
3027 4049 3428 4137 assumpta
3486 4049 3833 4113 ereatura
3880 4039 3953 4111 in

745 4194 899 4269 qua
931 4180 1333 4269 appareret
1371 4170 1704 4267 Spiritus
1733 4181 2071 4263 sanc-tus,
2106 4171 2299 4245 sicut
2332 4185 2914 4271 assumptusest
2957 4174 3197 4249 Filius
3232 4175 3571 4249 huminis
3617 4200 3632 4249 τ
3683 4176 3754 4248 iu
3801 4200 3953 4274 qua

749 4307 986 4379 toriua
1023 4305 1266 4404 ipsius
1309 4305 1440 4380 nei
1487 4305 1715 4379 Verbi
1788 4330 2112 4405 persona
2169 4321 2796 4407 pra-seutui·etur‚
2870 4337 3021 4385 non
3073 4324 3149 4385 ut
3223 4313 3537 4387 halwret
3612 4314 3947 4387 Vei-lium

745 4440 885 4517 Dei
926 4442 1126 4516 sicut
1188 4441 1312 4515 alii
1356 4441 1597 4515 saneti
1657 4441 2070 4540 sapienteS‚
2140 4442 2272 4516 sed
2341 4444 2544 4540 quud
2614 4445 2861 4542 ipsunt
2907 4446 3245 4520 Verbum
3315 4458 3506 4521 erat.
3572 4449 3796 4522 Aliud
3839 4461 3950 4523 est

747 4576 954 4653 euim
991 4576 1337 4652 Verbum
1381 4576 1455 4649 iu
1501 4600 1757 4664 carue,
1802 4576 2007 4650 aliud
2060 4576 2394 4654 Verbum
2459 4604 2661 4673 riu-o,
2725 4581 2792 4654 id
2849 4592 2990 4675 est,
3036 4582 3242 4656 aliud
3291 4595 3402 4657 est
3468 4583 3805 4657 Verbum
3873 4583 3945 4657 in

753 4712 1092 4802 homine,
1137 4710 1343 4786 aliud
1388 4710 1725 4784 Verbum
1761 4722 1871 4785 est
1917 4713 2171 4785 hoino.
2210 4716 2403 4786 Caro
2446 4715 2648 4787 ‹eiiiiu
2712 4741 2849 4813 pru
2906 4716 3217 4792 hunnine
3259 4718 3513 4817 posita
3553 4730 3661 4793 est
3729 4720 3799 4791 iu
3859 4747 3951 4789 eu

751 4848 955 4945 quod
991 4846 1123 4932 ait,
1186 4844 1503 4919 Verbum
1539 4869 1715 4919 caro
1743 4845 2030 4943 sactum
2057 4856 2168 4921 est
2205 4849 2250 4921 ².
2290 4849 2456 4922 Nou
2503 4876 2683 4945 erga»
2724 4853 2834 4925 sic
2861 4864 3259 4952 assumpta
3294 4864 3407 4926 est
3460 4865 3808 4928 creatura
3875 4857 3947 4929 in

752 5002 908 5079 qua
933 4977 1302 5077 apparuit
1352 4976 1682 5075 Spiritus
1721 4989 2062 5072 sauctus,
2106 4980 2298 5054 sicut
2335 4995 2729 5080 assumpta
2766 4995 2876 5058 est
2920 5009 3099 5059 caro
3131 4986 3256 5060 iila
3300 4996 3374 5060 et
3420 4988 3755 5062 humana
3802 4990 3953 5062 sor-

822 5311 838 5345 ¹
872 5309 930 5364 S.
964 5312 1343 5375 Aenesi-isus,
1375 5308 1499 5364 Lib.
1532 5308 1602 5363 tv
1631 5307 1704 5363 de
1730 5310 2033 5379 Trinitate,
2067 5328 2196 5382 cap.
2220 5315 2307 5370 ¹⁹.

819 5397 842 5433 ²
869 5395 956 5452 Ad
983 5395 1170 5454 Galat.
1208 5413 1280 5466 iv,
1311 5399 1366 5451 4.

816 5487 840 5522 ⁸
869 5491 932 5541 tn
966 5484 1109 5541 edit.
1141 5486 1190 5540 J.
1223 5486 1528 5544 Alleaume
1555 5489 1793 5545 additur
1824 5508 1837 5546 ε
1866 5493 2090 5548 Factum
2121 5510 2140 5548 .·
2168 5501 2217 5549 et
2245 5496 2302 5549 in
2335 5502 2548 5550 tantum
2577 5500 2806 5565 scic-tum,
2834 5500 2887 5552 in
2920 5504 3195 5568 quantum
3226 5498 3468 5552 missum.

819 5575 844 5609 ⁴
872 5575 929 5631 S.
960 5578 1336 5643 Αυσυετικεε,
1378 5576 1504 5633 Lib.
1536 5579 1584 5634 11
1625 5579 1698 5636 de
1727 5580 2029 5652 Trinitate,
2068 5598 2196 5656 cap.
2227 5587 2282 5640 6.

820 5664 845 5698 ⁵
870 5663 1038 5719 Joan.
1070 5678 1108 5730 ι,
1134 5664 1219 5718 14.
