4897 6388
583 22 1339 156 Ὗ..

658 159 669 324 ἰ
1232 305 1267 329 .

660 327 668 480 l
786 382 988 430 801050·
1168 350 1477 447 Sensim.
1538 373 1943 460 Dicendum,
1986 375 2166 470 quod
2222 371 2443 445 omnis
2474 357 2621 467 spe·
2734 401 2882 446 cere
2929 381 3073 447 sine
3132 378 3458 447 relatione
3515 385 3914 456 creatorem,
3961 378 4133 447 sicut
4180 382 4281 449 di-

1828 206 1923 274 IN
1969 207 1997 274 1
2048 197 2470 274 SENTENT.
2531 195 2752 274 DIST.
2808 207 2990 288 VIII,
3047 203 3127 288 G,
3181 200 3381 279 ART.
3435 210 3544 276 31.
3583 269 3637 325 .·
4157 203 4286 278 263

1072 488 1210 558 cies
1260 494 1490 557 motus
1529 481 1871 554 reducitur
1934 486 2016 554 ad
2064 484 2412 555 immobile
2458 510 2616 554 mo·-
2733 486 2828 554 xit
2868 489 2935 554 in
2975 487 3146 556 aliis.

1067 617 1237 663 vens
1291 593 1664 664 secundum
1725 593 1909 660 illam
1982 594 2270 684 speciem
2355 600 2607 678 motus,

1067 703 1242 772 sicut
1271 709 1500 770 motus
1539 699 1874 768 inferioris
1913 701 1995 768 ad
2034 709 2293 769 motum
2335 684 2510 784 coe‘li,
2547 712 2612 768 et

1067 815 1298 878 motus
1329 799 1481 879 eceli
1511 810 1596 877 ad
1629 818 1962 878 motorem
2011 809 2160 878 coeli
2203 825 2218 878 t
2274 816 2341 877 et
2378 811 2433 877 si
2496 803 2610 878 ille

1064 925 1296 985 motus
1336 925 1461 999 est,
1516 917 1857 985 reducitur
1906 916 2180 984 ulterius
2227 910 2310 984 ad
2379 924 2608 985 moto-

1065 1047 1209 1093 rem
1241 1019 1542 1114 primum
1565 1015 1979 1114 simpliciter,
2026 1030 2096 1090 ut
2147 1028 2369 1092 motus
2404 1023 2602 1091 calidi

1063 1131 1410 1200 reducitur
1475 1131 1560 1199 ad
1633 1137 1899 1199 motum
1981 1130 2181 1222 igniS,
2251 1131 2316 1198 et
2375 1132 2603 1198 motus

1061 1240 1241 1338 ignis
1279 1235 1367 1309 'ad
1419 1248 1681 1309 motum
1714 1237 1923 1308 stellae
1972 1235 2236 1325 Martis,
2284 1239 2393 1307 vel
2445 1237 2602 1308 'altess

1061 1347 1202 1415 rius
1241 1363 1394 1437 quae
1455 1347 1524 1413 in
1565 1361 1637 1413 se
1668 1367 1806 1413 non
1853 1342 2229 1436 disponitur
2270 1343 2386 1412 illa
2432 1363 2600 1434 qua·

1057 1455 1385 1548 litate,-et
1421 1448 1518 1523 sic
1546 1454 1630 1523 de
1670 1453 1843 1522 aliis.
1904 1449 2015 1522 Sic
2080 1461 2179 1523 est
2243 1447 2325 1522 de
2373 1452 2602 1522 varia—

1059 1555 1245 1634 tione
1276 1558 1730 1633 accidentium
1762 1569 1827 1631 et
1864 1562 2364 1653 temporalium,
2416 1561 2601 1652 quod

1058 1674 1479 1743 reducuntur
1504 1672 1872 1741 secundum
1905 1695 1973 1741 se
2004 1672 2086 1740 ad
2122 1672 2419 1762 primurn
2441 1686 2599 1738 cau-

1056 1805 1216 1852 sans
1290 1804 1396 1860 ea,
1452 1779 1638 1871 quod
1707 1778 1894 1850 nullo
1952 1779 2222 1848 illorum
2300 1775 2600 1869 disponi-

1054 1899 1188 1959 tur.
2348 1895 2365 1903 ⁶

1144 1997 1249 2066 An
1298 2015 1425 2065 noc
1452 1983 1683 2064 autem
1736 1984 1918 2086 quod
1974 1993 2309 2083 objicitur,
2359 1989 2597 2063 dicen-

1054 2105 1218 2176 dum
1262 2093 1540 2196 quod'si
1598 2104 1684 2172 sit
1721 2099 1791 2170 in
1829 2099 1972 2171 Deo
2003 2104 2171 2170 ratio
2199 2093 2421 2181 calidi,
2455 2120 2597 2171 non

1050 2223 1284 2285 tamen
1314 2219 1415 2282 est
1451 2210 1731 2291 calidus,
1772 2208 1880 2280 vel
1936 2210 2126 2279 albus
2172 2218 2450 2302 propter
2494 2231 2596 2278 ra·

1052 2321 1312 2392 tionem
1351 2313 1507 2391 alhi'
1559 2344 1575 2388 :
1619 2319 1765 2389 haee
1830 2320 2008 2388 enim
2070 2320 2236 2388 ratio
2291 2340 2431 2387 non
2495 2326 2597 2387 est

1048 2429 1367 2499 diffinitio
1399 2427 1559 2508 albi,
1593 2429 1711 2498 sed
1749 2437 1851 2498 est
1877 2426 2048 2497 sicut
2085 2425 2253 2497 ratio
2284 2424 2353 2495 in
2391 2450 2597 2496 eausa

1048 2541 1299 2632 prima,
1369 2562 1454 2608 ex
1509 2540 1701 2628 cujus
1765 2537 2011 2605 virtute
2067 2557 2204 2606 non
2270 2533 2594 2628 qualitate

1047 2647 1431 2740 procedunt
1467 2645 1857 2737 hujusmodi
1903 2667 2027 2714 res.

1408 3071 1907 3148 ARTICULUS
1971 3073 2229 3147 xxxi.

1053 3289 1301 3365 Utrum
1330 3314 1566 3359 novem
1590 3291 2118 3385 praedicamenta
2148 3288 2592 3358 accidentium

1137 3405 1281 3467 tam
1310 3395 1682 3467 secuudum
1708 3418 1955 3488 qenera
1983 3417 2189 3489 quam
2215 3396 2589 3466 secundum

1131 3506 1384 3598 species
1406 3514 1690 3598 possunt
1720 3506 1862 3573 Deo
1891 3502 2179 3573 attribui
2206 3528 2228 3572 :
2258 3513 2322 3572 e!
2354 3510 2587 3572 utrum

1134 3614 1323 3683 Deus
1345 3621 1568 3706 potest
1598 3612 1901 3703 iutelliyi
1924 3614 2069 3681 sine
2095 3611 2436 3705 qualitate
2465 3611 2589 3681 bo-

1130 3743 1263 3791 uus
1290 3717 1334 3789 P

1130 4047 1394 4116 Deinde
1470 4046 1791 4137 quaeritur
1829 4043 1909 4112 de
1967 4043 2093 4113 hoc
2157 4039 2338 4136 quod
2369 4044 2580 4113 dicit:

1043 4182 1076 4222 ι
1120 4155 1610 4246 Intelliqamus
1640 4156 1883 4229 Deum,
1944 4162 2274 4244 quantum
2335 4175 2583 4244 possu-

1040 4288 1219 4343 mm,
1259 4266 1410 4334 siue
1425 4263 1766 4357 qualitate
1805 4262 2076 4339 bonum.
2112 4270 2239 4330 etc.
2268 4289 2303 4324 ι

1134 4378 1196 4448 1.
1240 4373 1507 4444 CONTRA
1549 4373 1677 4442 hoc
1708 4374 1888 4442 enim
1911 4395 2052 4442 esse
2075 4371 2362 4452 videtur,
2401 4373 2585 4466 quod

1039 4508 1078 4552 a
1137 4503 1573 4575 quocumque
1640 4488 2023 4548 removetur
2058 4503 2296 4570 geum,
2359 4503 2587 4548 remo-

1042 4602 1241 4661 vetur
1305 4600 1370 4658 et
1437 4589 1691 4680 speeies
1724 4609 1739 4656 ι
1778 4612 1939 4677 ergo
2005 4589 2059 4654 si
2117 4588 2255 4679 ipse
2298 4587 2582 4656 estsine

1042 4698 1395 4792 qualitate,
1438 4697 1579 4787 ipse
1636 4702 1735 4762 est
1774 4695 1977 4761 etiam
2043 4695 2185 4761 sine
2253 4693 2577 4775 bonitate,

1037 4819 1114 4878 ut
1144 4806 1439 4877 videtur.

1128 4920 1194 4986 2.
1257 4913 1456 4992 Item,
1501 4912 1671 4981 Cum
1724 4911 1989 4991 dicitur,
2028 4910 2172 4977 sine
2198 4912 2584 5002 qeeantitate

1040 5045 1403 5114 maqnum,
1439 5043 1576 5088 non
1607 5019 1872 5087 videtur
1908 5018 1990 5085 ah
2050 5019 2192 5109 ipso
2248 5019 2580 5087 removeri

1036 5131 1384 5224 quantitas
1442 5129 1697 5196 ratione
1768 5125 2031 5218 generis
2114 5133 2402 5202 tantum,
2464 5122 2582 5193 sed

1037 5240 1244 5310 etiam
1316 5240 1576 5305 ratione
1642 5235 1883 5326 speciei
1952 5256 1966 5302 :
2035 5237 2193 5326 quia
2261 5236 2327 5302 in
2395 5234 2579 5302 nulla

1038 5347 1264 5438 specie
1295 5344 1563 5413 discreti
1594 5350 1692 5410 est
1720 5341 1826 5410 vel
1856 5342 2180 5411 continui.

1131 5455 1196 5522 3.
1223 5446 1423 5531 Item,
1448 5453 1613 5521 Sine
1642 5446 2018 5540 indiqentio
2034 5451 2146 5518 sui
2163 5458 2531 5518 creatorem
2559 5468 2575 5518 ε

1043 5562 1325 5632 Creator
1354 5559 1516 5628 dicit
1558 5557 1947 5627 relationem
1991 5580 2007 5627 :
2042 5580 2205 5649 ergo
2236 5557 2432 5628 debet
2471 5557 2580 5625 di-

2816 595 2878 659 4.
2919 593 2990 661 Si
3021 593 3192 663 forte
3232 595 3516 679 dicatur,
3561 595 3745 686 quod
3776 591 3907 662 hoc
3963 594 4090 662 diei
4141 618 4278 664 non

2725 702 2955 768 debuit
3007 726 3021 769 :
3075 705 3233 793 quia
3292 702 3528 771 relatio
3563 717 3702 772 non
3737 711 3956 771 mutat
3988 698 4275 772 modum

2721 809 3126 896 praedicandi
3186 810 3254 876 in
3313 808 3583 877 divinis.
3666 803 3816 876 Hoc
3874 815 3974 876 est
4042 815 4277 878 contra

2720 915 3061 992 Boetium,
3101 917 3215 1006 qui
3256 918 3417 985 dicit
3458 918 3525 984 in
3565 913 3739 984 libro
3784 916 3866 983 de
3918 919 3974 984 Τ
3968 918 4270 996 rinitate,

2718 1026 2814 1092 sic
2851 1048 2863 1091 ε
2900 1026 2999 1093 Ac
3028 1049 3185 1093 cum
3240 1024 3411 1106 haec,
3477 1027 3544 1095 id
3585 1034 3712 1108 est,
3774 1025 3906 1094 alia
3945 1017 4276 1116 praedica-

2717 1141 2944 1200 menta
2976 1140 3222 1224 praeter
3244 1128 3669 1215 relationem,
3696 1135 3848 1225 quis
3876 1133 3948 1213 >in
3964 1133 4270 1201 divinam

2711 1242 3261 1330 praedicationem
3293 1239 3596 1322 verterit,
3641 1250 3885 1312 cuncta
3915 1250 4273 1310 mutantur

2714 1372 2862 1439 quae
2894 1351 3240 1440 praedicari
3285 1360 3572 1442 possunt
3615 1374 3630 1421 :
3676 1342 3759 1419 ad
3801 1350 4058 1441 aliquid
4103 1373 4266 1418 vero

2712 1455 2993 1523 omnino
3026 1471 3164 1525 non
3195 1449 3600 1547 praedicatur
3635 1478 3649 1524 :
3684 1473 3847 1548 ergo
3886 1455 4154 1525 videtur
4183 1475 4268 1524 ex

2710 1561 2841 1629 hoc
2897 1559 3077 1653 quod
3135 1586 3173 1631 a
3239 1557 3485 1632 divinis
3527 1561 3827 1632 maxime
3876 1563 4267 1631 removetur

2713 1669 2974 1739 relatio,

2798 1783 2860 1849 5.
2909 1780 3105 1860 Item,
3168 1777 3458 1850 Videtur
3524 1779 3700 1850 male
3781 1778 4027 1864 dicere,
4097 1781 4262 1869 Sine

2705 1889 2842 1956 situ
2862 1887 3338 1980 praesidentem
3383 1911 3398 1959 ε
3443 1887 3602 1981 quia
3649 1885 3812 1958 dic-lt
3857 1887 4135 1957 Boetius
4175 1888 4258 1958 de

2707 1994 2840 2062 situ
2880 1997 2945 2063 et
2972 1992 3312 2086 positione
3343 1999 3439 2065 sic
3468 1996 3673 2064 situm
3704 1995 4258 2088 posltionemque

2708 2103 2957 2193 requiri
2985 2105 3054 2171 in
3085 2103 3231 2171 Deo
3273 2123 3413 2172 non
3450 2123 3650 2195 posse
3695 2124 3711 2172 ε
3749 2119 3911 2195 ergo
3960 2103 4251 2186 videtur,

2708 2212 2892 2302 quod
2920 2210 3088 2279 situs
3146 2211 3212 2279 et
3271 2211 3489 2303 gratia
3540 2213 3836 2302 generis,
3897 2218 3963 2280 et
4035 2207 4256 2304 gratia

2704 2316 2950 2407 speciei
2988 2325 3441 2386 removeatur.

2790 2427 2854 2494 6.
2901 2424 3095 2509 Item,
3132 2424 3318 2494 SItus
3352 2445 3506 2495 cum
3531 2425 3615 2494 sit
3655 2427 3950 2517 partium
3973 2421 4256 2494 ordina-

2704 2537 2796 2604 tio
2837 2533 2907 2604 in
2945 2543 3090 2605 toto
3120 2535 3228 2605 vel
3259 2538 3328 2604 in
3359 2536 3537 2617 loco,
3579 2535 3687 2605 vel
3736 2537 4081 2617 universe,
4127 2559 4255 2627 pa-

2703 2651 2794 2713 tet
2836 2641 3018 2735 quod
3084 2661 3226 2715 non
3291 2646 3612 2715 convenit
3649 2641 3852 2714 alicui
3916 2639 4248 2737 spirituali

2701 2760 3028 2820 creatura}
3072 2763 3089 2821 t
3125 2774 3289 2844 ergo
3323 2751 3539 2821 multo
3576 2750 3804 2820 minus
3836 2751 4007 2821 Deo,

2789 2862 2856 2932 7.
2899 2862 3096 2943 Item,
3133 2859 3467 2954 Objicitur
3494 2865 3576 2934 de
3633 2862 3765 2934 hoc
3829 2862 4015 2956 quod
4060 2860 4247 2950 dicit,

2699 2970 2865 3039 Sim.-
2897 2969 3039 3039 loco
3089 2962 3343 3063 ubique
3400 2974 3620 3039 totum
3689 2991 3713 3039 .·
3767 2965 3884 3039 ubi
3944 2972 4125 3040 enim
4186 2975 4248 3041 et

2701 3079 2971 3170 quando
3031 3076 3198 3149 nihil
3269 3078 3632 3173 praedicant
3700 3078 3766 3149 in
3817 3103 3897 3150 eo
3972 3080 4055 3150 de
4111 3083 4264 3173 quo'

2697 3184 3036 3268 dicuntur,
3109 3197 3181 3257 ut
3233 3185 3394 3258 dicit
3451 3185 3793 3259 Boetius:
3855 3207 4017 3281 ergo
4092 3211 4248 3259 eum

2700 3297 2826 3363 ista
2866 3291 3034 3363 nihil
3078 3294 3440 3385 praedicent
3500 3296 3567 3363 in
3599 3318 3681 3365 eo
3720 3296 3804 3365 de
3834 3315 3972 3388 quo
4000 3295 4250 3365 dicun-

2696 3413 2833 3485 tur,
2893 3426 3030 3472 non
3099 3412 3369 3494 oportet
3406 3427 3485 3474 ea
3543 3426 3892 3476 removere
3931 3427 3968 3473 a
4016 3399 4248 3474 divina

2699 3513 3179 3605 praedieatione
3223 3536 3239 3582 ε
3283 3516 3443 3606 quia
3485 3535 3625 3583 non
3666 3513 3922 3584 iaciunt
3958 3536 4248 3607 compo-

2694 3623 3038 3691 sitionem.

2782 3732 2846 3799 8.
2883 3730 3082 3813 Item,
3139 3729 3239 3797 De
3294 3730 3567 3823 quando
3606 3726 3879 3799 videtur
3926 3730 4244 3800 frivolum

2694 3834 2874 3929 quod
2908 3835 3077 3906 nihil
3109 3834 3431 3929 praedicet
3474 3860 3489 3905 :
3528 3837 3690 3929 quia
3726 3832 3784 3906 si
3823 3862 3952 3931 ego
3992 3831 4280 3918 ‹licam‚'

2692 3941 2876 4010 Deus
2942 3947 3041 4011 est
3117 3964 3410 4031 semper,
3468 3941 3880 4033 praedicatur
3969 3941 4244 4035 quando

2690 4049 3085 4118 aeternitatis
3130 4073 3144 4117 :
3180 4049 3297 4117 sed
3341 4047 3521 4117 Deus
3542 4059 3640 4119 est
3682 4051 4024 4120 aeternitas
4054 4074 4177 4120 sua
4223 4070 4239 4119 ε

2692 4179 2854 4247 ergo
2911 4155 3184 4225 videtur
3237 4157 3423 4247 quod
3487 4156 3745 4249 aliquid
3821 4157 4135 4249 praedicet
4175 4156 4244 4226 in

2694 4265 2839 4355 ipso
2872 4262 3055 4355 quod
3084 4272 3183 4332 est
3224 4263 3393 4355 ipse.

2779 4376 2846 4439 9.
2884 4369 3082 4455 Item,
3127 4371 3460 4462 Objicitur
3516 4374 3598 4443 ‹Ie
3665 4372 3798 4443 hoc
3829 4375 4012 4466 quod
4052 4374 4241 4459 dicit,

2689 4483 2855 4550 Sine
2919 4482 3452 4549 commutatione
3510 4484 3626 4551 sui
3698 4484 4074 4553 mutabilia
4120 4488 4244 4576 sa-

2687 4593 2968 4661 cientem
3014 4616 3029 4659 :
3064 4592 3225 4683 quia
3265 4591 3422 4660 dicit
3482 4591 3907 4683 Augustinus
3964 4593 4033 4663 in
4065 4595 4240 4664 libro

2691 4698 3037 4767 LXXXIII
3078 4701 3571 4784 Quaestionum,
3632 4701 3817 4791 quod
3846 4701 4065 4771 iacere
4097 4703 4240 4773 Deo

2688 4808 2891 4876 etiam
2937 4807 3154 4896 magis
3202 4808 3472 4898 proprie
3515 4831 3724 4899 quam
3782 4810 3931 4876 aliis
3983 4834 4242 4880 conve-

2688 4915 2787 4981 nit
2832 4936 2847 4980 :
2893 4936 3054 5005 ergo
3087 4914 3349 4981 ratione
3394 4915 3662 5004 generis
3712 4938 3852 4983 non
3889 4915 4088 4986 debet
4128 4941 4240 4986 re·

2688 5021 2947 5088 moveri
2988 5042 3026 5087 a
3057 5015 3226 5088 Deo.

2785 5131 2885 5197 10.
2940 5128 3136 5208 Item,
3183 5128 3643 5218 Ol›jictitur‚de
3702 5130 3856 5209 hoe,
3909 5132 4240 5224 Nihilque

2679 5238 3053 5329 patientem
3096 5261 3111 5306 ε
3159 5237 3319 5329 quia
3347 5235 3616 5306 videtur
3645 5237 3830 5307 Deus
3869 5241 4032 5330 pati,
4065 5242 4238 5310 sieut

2684 5341 2847 5411 dicit
2889 5341 3307 5434 symbolum,
3364 5372 3396 5406 «
3449 5342 3855 5423 CrucifixuS,
3901 5354 4235 5423 mortuae,

2684 5456 2751 5519 et
2777 5450 3107 5541 sepultus.
3145 5477 3178 5517 ι
