4897 6388
716 360 851 428 186
1024 333 1027 336 ’
1104 423 1135 442 ,,
1718 351 1800 426 n;
1853 361 2054 427 ALB.
2107 358 2320 427 MAG.
2373 358 2575 426 ono.
2632 361 2923 430 PRAED.

1230 812 1318 884 G.
1372 809 1597 900 Quod
1628 812 1934 888 videtur
1952 790 2353 911 praedictae
2396 813 2863 912 expositioni
2887 821 3391 889 contrarium.

714 1169 719 1174 ’
799 1143 1002 1220 Huic
1032 1169 1217 1221 vero
1251 1147 1483 1221 etiam
1527 1144 1600 1219 id
1644 1118 2115 1220 contrarium
2150 1146 2476 1238 videtur,
2522 1145 2726 1243 quod
2768 1144 3110 1219 Hilarius
3155 1145 3378 1219 ait'in
3437 1144 3632 1220 libro
3680 1145 3779 1219 1v
3819 1144 3912 1219 de

705 1282 1132 1359 Trinitate:
1184 1283 1425 1378 Nihil,
1485 1282 1765 1381 inquit,
1812 1284 1961 1359 nisi
2004 1294 2266 1359 natum
2311 1285 2539 1358 habet
2579 1283 2814 1357 Filius
2853 1311 2867 1356 z
2914 1292 2990 1357 et
3027 1281 3267 1380 geniti
3311 1280 3628 1356 honoris
3668 1282 3914 1355 admi-

693 1419 889 1496 ratio
921 1418 1001 1494 in
1030 1422 1327 1496 honore
1361 1420 1808 1519 generantis
1838 1431 1979 1496 est.
2016 1421 2206 1495 Cum
2240 1444 2419 1519 erge
2450 1420 2684 1494 Filius
2723 1417 3138 1494 essentiam
3174 1418 3454 1493 habeat
3485 1425 3674 1510 (tota
3703 1418 3909 1494 enim

690 1527 909 1630 ineo
950 1564 1068 1629 est
1105 1554 1373 1631 divina
1411 1555 1771 1649 essentia)
1811 1555 2114 1631 videtur
2177 1556 2376 1654 quod
2429 1555 2595 1654 ipsa
2630 1553 2894 1628 divina
2931 1553 3269 1628 essentia
3309 1563 3490 1628 nata
3527 1552 3648 1628 sit.
3720 1554 3906 1627 Item

577 1681 581 1685 ’
688 1686 771 1761 in
819 1686 1018 1761 libro
1060 1687 1126 1759 V
1156 1688 1308 1763 ait:
1365 1687 1745 1763 Nativitas
1798 1689 1937 1765 Dei
1979 1712 2133 1764 non
2177 1698 2419 1787 potest
2457 1710 2624 1763 eam
2666 1710 2760 1762 ex
2798 1708 2953 1784 qua
2991 1696 3362 1785 provecta
3419 1697 3560 1780 est,
3608 1674 3763 1760 non
3806 1697 3909 1762 te-

646 1830 888 1898 '·nere
947 1810 1356 1898 naturam:
1404 1834 1548 1898 nec
1588 1822 1795 1898 enim
1856 1823 2060 1899 aliud
2126 1847 2354 1922 quam
2413 1823 2619 1897 Deus
2675 1821 3046 1915 subsistit,
3106 1822 3314 1919 quod
3367 1845 3516 1894 non
3590 1821 3905 1896 aliunde

649 1979 925 2056 .quam
964 1956 1058 2033 de
1098 1958 1259 2034 Deo
1301 1957 1676 2033 subsistit.
1724 1960 1919 2034 Ecce
1962 1958 2085 2033 bic
2116 1957 2295 2033 dicit
2334 1957 2804 2032 nativitatem
2837 1956 2978 2031 Dei
3012 1965 3450 2056 provectam
3507 1978 3601 2030 ex
3667 1965 3902 2031 natu-

686 2111 774 2163 ra
807 2111 825 2164 ε
861 2097 939 2165 et
978 2087 1086 2163 ita
1112 2087 1419 2165 videtur
1449 2113 1545 2165 ex
1584 2090 1704 2165 his
1754 2089 2011 2166 verbis
2050 2100 2278 2188 atque
2310 2088 2691 2188 praedictis
2733 2097 3009 2163 natura
3047 2087 3185 2162 Dei
3234 2096 3310 2162 et
3347 2087 3633 2185 genita,
3670 2097 3746 2163 et
3775 2111 3901 2186 ge·

637 2242 640 2244 “
682 2220 978 2299 nuisse.
1004 2220 1225 2310 Quod
1248 2222 1594 2321 apertius
1627 2222 1813 2299 dicit
1841 2223 1919 2299 in
1964 2223 2155 2299 libro
2190 2223 2290 2297 IX
2322 2222 2411 2297 de
2452 2221 2821 2297 Trinitole
2847 2248 2873 2296 .·
2901 2221 3089 2315 Nos,
3111 2219 3390 2319 inquit,
3415 2201 3898 2318 unigenitum

684 2356 940 2433 Deum
1005 2356 1381 2449 informa
1425 2360 1628 2435 servi
1675 2363 1691 2397 ¹
1738 2369 2204 2454 manentem,
2267 2358 2339 2432 in
2384 2367 2653 2433 natura
2717 2357 2854 2433 Dei
2895 2357 2919 2393 ²
2961 2355 3339 2432 mansisse
3389 2355 3895 2455 profitemur:

688 2512 838 2567 nec
872 2490 1246 2566 unitatem
1289 2492 1558 2569 formae
1598 2491 1929 2588 serviliS,
1974 2492 2053 2567 in
2100 2502 2446 2568 naturam
2499 2489 2780 2566 divinae
2826 2488 3139 2564 unitatis
3181 2489 3709 2564 refundimus:
3756 2513 3902 2565 nec
3951 2535 3957 2539 -

695 2648 1010 2701 rursum
1046 2626 1427 2746 cyporali
1470 2626 1994 2704 insinuatione
2036 2628 2336 2704 Patrem
2368 2625 2442 2700 in
2490 2624 2676 2700 Filio
2717 2624 3256 2724 proedicamuS,
3292 2624 3423 2700 sed
3457 2649 3551 2700 cx
3576 2648 3669 2700 eo
3700 2624 3902 2722 ejus·

692 2761 872 2839 dem
914 2761 1227 2860 generis
1266 2764 1609 2861 genitam
1662 2773 2044 2858 naturam,
2105 2763 2547 2839 naturaliter
2584 2762 2663 2837 in
2720 2785 2802 2838 se
2843 2761 3286 2859 gignentem
3350 2760 3715 2836 habuisse
3757 2784 3899 2835 na-

689 2906 995 2973 turam:
1043 2921 1220 2996 quae
1263 2897 1342 2973 in
1380 2900 1621 2975 forma
1662 2909 1960 2975 naturae
1991 2922 2071 2975 se
2102 2899 2486 2997 gignentis
2519 2921 2863 2990 manens,
2912 2898 3231 2971 sormam
3262 2905 3558 2972 naturae
3589 2907 3665 2971 et
3695 2895 3903 2970 infir·

692 3028 981 3107 mitatis
1021 3031 1446 3131 corporalis
1474 3033 1795 3133 accepit.
1838 3032 2008 3109 Non
2051 3032 2256 3109 enim
2288 3033 2662 3107 defecerat
2702 3032 2839 3106 Dei
2887 3042 3187 3125 natura,
3226 3053 3320 3105 ne
3361 3039 3608 3106 esset:
3656 3030 3786 3106 sed
3823 3029 3897 3104 in

691 3189 778 3245 se
818 3165 1334 3245 humilitatem
1371 3177 1701 3247 terrenae
1743 3168 2160 3245 nativitatis
2201 3191 2519 3243 manens
2570 3166 2713 3243 sibi
2775 3142 2915 3242 Dei
2955 3177 3231 3242 natura
3272 3175 3740 3266 susceperat,
3784 3189 3909 3264 ge-

695 3300 912 3379 neris
949 3302 1071 3377 sui
1128 3312 1586 3403 potestatem
1643 3304 1722 3379 in
1778 3303 2042 3379 habitu
2095 3315 2506 3402 assumptoe
2565 3301 3068 3378 humanitatis
3107 3325 3499 3378 exercens,
3551 3304 3741 3377 Ecce
3784 3299 3909 3376 hic
3965 3357 3969 3360 ι

699 3448 965 3537 aperte
1006 3437 1216 3533 dicit,
1261 3449 1338 3516 et
1376 3451 1733 3516 naturam
1774 3438 2167 3539 genuisse,
2197 3450 2271 3517 et
2310 3450 2659 3514 naturam
2700 3440 3063 3537 genitam,
3102 3449 3179 3515 et
3218 3450 3571 3515 naturam
3605 3462 3912 3515 assum-

706 3572 959 3673 psisse
1000 3584 1359 3650 naturam
1400 3599 1417 3651 ε
1465 3575 1669 3674 quod
1703 3597 1748 3650 a
1787 3575 2175 3676 plerisque
2209 3586 2551 3671 negatur.
2591 3573 2904 3668 ltem,in
2940 3575 3208 3651 eedem
3244 3599 3260 3650 ε
3303 3574 3696 3673 Numquid
3734 3573 3912 3649 uni-

707 3706 978 3806 genito
1010 3708 1173 3785 Deo
1200 3707 1672 3786 contumelia
1711 3720 1855 3805 est,
1899 3708 2382 3824 Patrem-sibi
2426 3709 2952 3785 innascibilem
3024 3710 3269 3784 Deum
3332 3732 3527 3804 esse,
3574 3734 3747 3784 eum
3817 3733 3907 3784 ex

709 3841 1151 3919 innascibili
1185 3844 1350 3921 Deo
1398 3845 1762 3921 nativitas
1797 3843 2188 3942 unigenita
2222 3844 2293 3918 in
2332 3854 2677 3919 naturam
2716 3844 3190 3943 unigenitam
3222 3845 3656 3921 subsistat?
3716 3847 3907 3920 Ecce

706 3988 784 4056 et
823 3979 949 4056 hic
1014 3979 1198 4056 dicit
1239 3981 1719 4079 unigenitam
1761 3992 2142 4058 naturam.

1111 4423 1207 4499 11.
1259 4422 1654 4514 Quomodo
1691 4426 1851 4502 sint
1908 4425 2400 4525 intelliqendo
2428 4429 2837 4526 praemisso
2901 4428 3129 4505 verba
3167 4428 3523 4505 Hilarii?

814 4759 965 4835 Sed
1009 4760 1195 4858 quia
1237 4762 1404 4837 hoec
1437 4764 1672 4838 verba
1704 4787 1890 4839 sane
1916 4767 2074 4838 vult
2109 4765 2454 4862 intelligi,
2493 4767 2650 4864 ipse
2679 4766 2874 4840 idem
2909 4767 3090 4843 «licit
3126 4769 3199 4842 in
3225 4769 3415 4844 libro
3447 4770 3544 4844 lv
3582 4796 3596 4845 :
3636 4772 3911 4848 Intelli-

715 4893 979 4990 gentia
1008 4893 1387 4970 dictorum
1422 4920 1516 4973 ex
1546 4898 1802 4973 causis
1819 4909 1932 4974 est
1963 4900 2417 4974 assumenda
2461 4901 2756 4976 dicendi
2794 4903 3011 5000 :qnia
3048 4928 3202 4977 non
3238 4905 3572 4978 sermoni
3601 4931 3745 4984 res,
3780 4908 3913 4985 sed

716 5028 831 5105 rei
875 5051 1130 5106 sermo
1174 5030 1572 5129 subjectus
1603 5043 1742 5108 est.
1786 5033 1965 5109 llaec
2006 5058 2188 5131 ergo
2221 5036 2451 5109 verba
2485 5036 2608 5142 ita·
2638 5036 2953 5135 intelligi
3004 5049 3376 5136 possunt:
3422 5040 3628 5115 Nihil
3690 5043 3917 5128 babet

721 5163 972 5241 Filius
1002 5165 1151 5240 nisi
1193 5176 1493 5256 natum,
1540 5167 1612 5242 id
1655 5178 1797 5262 est,
1870 5169 2060 5244 nibil
2094 5172 2316 5246 babet
2374 5172 2795 5246 secundum
2839 5174 3039 5271 quod
3085 5174 3294 5249 Deus
3338 5186 3477 5270 est,
3523 5177 3671 5253 nisi
3714 5181 3917 5276 quod

716 5300 1112 5376 nascendo
1153 5302 1449 5400 accepit
1484 5325 1500 5377 ε
1540 5313 1614 5378 et
1647 5303 1808 5403 ipse
1852 5305 2234 5381 nascendo
2266 5306 2508 5381 Patris
2550 5307 2624 5380 in
2660 5332 2739 5383 se
2781 5309 3324 5385 subsistentem
3376 5322 3728 5387 naturam
3788 5296 3922 5389 'ba-

792 5618 810 5657 ¹
843 5614 1058 5675 Editio.
1090 5617 1475 5689 LAlleaume,
1497 5620 1618 5674 Del.

789 5704 813 5739 ²
844 5702 1095 5776 Ibidem,
1126 5704 1384 5764 hominis.
