4897 6388
559 299 565 304 ’
662 334 791 401 516

662 508 959 575 cundum
1002 508 1186 599 quod
1209 483 1388 576 ²dicit
1420 506 1748 575 ambitum
1781 507 2002 575 omnis
2033 526 2158 594 ope
2183 542 2197 555 ·

662 616 776 692 τῖε,
827 615 1015 704 quod
1059 621 1282 705 potest
1333 615 1792 681 demonstrare
1845 612 2199 702 perfectio-

659 744 814 789 nem
855 723 1177 811 potentiae
1218 723 1558 810 operantis
1602 743 1616 786 :
1671 742 1871 787 omne
1913 721 2091 786 enim
2133 716 2199 783 id

659 837 882 919 potest
911 829 1119 912 DeuS,
1163 836 1228 895 et
1269 837 1487 916 potest
1535 827 1824 917 amplius
1859 850 1872 892 ε
1936 827 2202 915 magni-

660 940 824 1007 tudo
855 948 1083 1006 autem
1134 938 1417 1005 refertur
1456 938 1540 1005 ad
1586 938 1794 1004 aliurn
1842 936 2196 1013 ambitum,

663 1046 779 1134 qui
811 1053 911 1112 est
940 1045 1132 1134 quasi
1177 1045 1548 1112 secundum
1610 1046 1936 1112 rationem
1978 1042 2201 1110 locan-

663 1153 748 1217 tis
788 1150 1195 1219 includentis
1235 1152 1487 1229 omnia,
1550 1161 1615 1219 et
1657 1174 1793 1218 non
1854 1149 2091 1217 inclusi
2131 1151 2197 1215 in

661 1254 986 1322 omnibus
1019 1277 1142 1323 nec
1174 1256 1244 1321 in
1284 1256 1538 1345 aliquo.

1101 1786 1601 1855 ARTICULUS
1637 1786 1760 1854 IV.

664 2001 774 2067 An
800 1996 1171 2088 aequalitas
1215 1998 1564 2064 conveniat
1604 1995 1825 2063 tribus
1874 1995 2199 2086 personis,

758 2108 858 2174 ita
885 2118 961 2175 ul
989 2105 1311 2197 qucelibet
1340 2105 1611 2173 dicatur
1626 2103 1915 2196 aequale‘s
1943 2103 2144 2172 alteri
2167 2100 2208 2170 ?

763 2428 1025 2497 Deinde
1072 2429 1399 2517 quaeritur
1452 2427 1532 2493 de
1577 2426 1704 2494 hoc
1751 2425 1931 2517 quod
1978 2424 2137 2493 dicit
2188 2448 2202 2492 :

678 2562 709 2596 a
753 2536 892 2603 Nec
927 2535 1139 2609 Filio,
1210 2556 1327 2600 nec
1389 2533 1661 2622 Spiritu
1712 2543 2026 2599 sancto...
2088 2540 2210 2598 aut

676 2642 1003 2725 aruerior,
1047 2650 1169 2709 aut
1199 2640 1427 2730 major
1452 2650 1547 2707 es!
1578 2643 1808 2720 Pater,
1841 2663 1959 2706 nec
1987 2641 2052 2708 F
2048 2638 2212 2706 ilius

676 2753 952 2845 Spiritu
977 2762 1234 2819 sancto.
1283 2775 1316 2814 ι
1748 2742 1754 2748 “

773 2859 872 2927 Ex
927 2858 1060 2927 hoc
1130 2859 1312 2925 enim
1378 2857 1670 2935 videtur,
1748 2856 1929 2949 quod
1981 2865 2214 2924 mutua

675 2969 763 3037 sit
789 2967 1142 3058 aequalitas
1171 2967 1345 3034 inter
1374 2990 1720 3056 personas.
1757 2965 1890 3033 San
1916 2987 2162 3033 comui
2193 2986 2208 3031 ε

770 3079 828 3145 ¹.
863 3076 1016 3145 lloc
1060 3074 1402 3144 videbitur
1425 3075 1764 3143 adversari
1802 3076 1899 3143 eis
1930 3096 2079 3164 qua*
2100 3096 2218 3164 po·

674 3192 818 3253 stea
838 3183 1172 3265 dicentur,
1209 3182 1384 3273 quod
1421 3184 1488 3251 in
1519 3182 1718 3251 Patre
1747 3190 1847 3251 est
1868 3183 2110 3260 unitas,
2146 3181 2215 3251 in

681 3292 851 3361 Filio
880 3293 1257 3384 aequalitas,
1285 3292 1352 3358 in
1387 3289 1642 3382 Spiritu
1682 3299 1915 3359 sancto
1945 3292 2216 3358 unitatis

684 3399 1226 3491 aequalitatisque
1260 3400 1598 3466 connexio
1652 3420 1670 3466 :
1712 3421 1873 3490 ergo
1921 3396 2213 3477 videtur,

680 3509 863 3600 quod
907 3507 1108 3576 Pater
1156 3530 1293 3577 non
1359 3496 1446 3575 sit
1497 3506 1775 3599 aequalis
1844 3506 2033 3584 Filio,
2101 3504 2218 3573 sed

677 3615 905 3707 potius
940 3639 979 3683 e
1008 3638 1364 3684 converso.

765 3727 831 3792 2.
869 3724 1067 3808 Item,
1109 3724 1421 3817 ⁴Equalis
1448 3725 1528 3792 de
1567 3748 1693 3794 suo
1737 3723 2075 3792 intellectu
2113 3724 2220 3789 vi·

680 3831 878 3900 detur
906 3832 1033 3899 sibi
1084 3854 1476 3922 praeponere
1523 3831 1730 3899 alium
1777 3854 1792 3899 :
1827 3839 1901 3898 ut
1928 3854 2081 3899 cum
2113 3828 2222 3898 di-

680 3936 879 4019 citur,
916 3935 1048 4006 lste
1085 3944 1186 4004 est
1229 3936 1536 4027 aequalis,
1578 3935 1973 4026 intelligitur
1998 3938 2105 4004 cui
2135 3936 2220 4003 sit

683 4042 967 4135 aequalis
1008 4063 1025 4109 z
1060 4042 1261 4111 Pater
1296 4051 1521 4110 autem
1563 4042 1645 4110 de
1701 4065 1825 4109 suo
1883 4042 2218 4110 intellectu

684 4176 821 4221 non
854 4155 1188 4244 proeponit
1225 4153 1354 4219 sibi
1393 4152 1601 4220 alium
1657 4176 1671 4220 :
1721 4176 1884 4244 ergo
1930 4152 2215 4230 videtur,

684 4261 862 4352 qnod
899 4260 1254 4353 (equalitas
1284 4285 1420 4329 non
1445 4262 1800 4328 conveniat
1837 4261 2039 4328 l'atri.

773 4372 838 4437 3.
887 4368 1084 4447 ltem,
1121 4368 1407 4438 Videtur
1433 4371 1663 4445 etiam,
1699 4369 1878 4459 qnod
1901 4393 2035 4436 non
2066 4391 2224 4436 con-

684 4477 912 4545 veniat
968 4476 1252 4568 Spiritui
1319 4487 1561 4545 sancto*
1623 4500 1640 4544 :
1710 4478 1867 4567 quia
1938 4476 2224 4565 Spiritus

687 4593 962 4652 sanctus
1002 4607 1140 4652 non
1171 4583 1498 4675 procedit,
1541 4592 1613 4651 ut
1653 4582 1943 4681 videtur,
1976 4604 2094 4671 per
2121 4605 2227 4649 ac-

688 4699 832 4757 tum
874 4698 1160 4774 naturae,
1213 4690 1329 4757 sed
1372 4692 1598 4780 potius
1636 4687 2026 4771 voluntatis,
2068 4688 2225 4777 quia

686 4796 988 4887 procedit
1039 4807 1111 4865 ut
1168 4819 1386 4876 amor,
1455 4796 1734 4886 diligere
1789 4805 2011 4863 autem
2069 4793 2227 4862 dicit

686 4914 910 4974 actum
944 4904 1314 4974 voluntatis
1354 4928 1369 4972 ε
1414 4929 1565 4996 quae
1598 4915 1824 4972 autem
1854 4904 1949 4971 sic
1989 4925 2228 4994 proce-

692 5012 886 5093 dunt,
921 5036 1061 5082 non
1091 5011 1465 5105 procedunt
1495 5021 1566 5080 ut
1595 5010 1883 5102 aequalia
1910 5012 1969 5078 ei
2012 5034 2052 5077 a
2090 5033 2226 5101 quo

692 5121 1066 5210 procedunt
1110 5143 1128 5189 z
1182 5143 1344 5211 ergo
1390 5119 1682 5197 videtur,
1728 5118 1909 5209 quod
1949 5115 2227 5207 Spiritui

692 5238 926 5297 sancto
958 5252 1042 5297 ex
1081 5229 1342 5296 ratione
1382 5227 1829 5317 processionis
1868 5247 2003 5292 non
2042 5246 2229 5291 com·

691 5342 878 5424 petat
908 5333 1286 5425 aequalitas,
1329 5332 1446 5400 sed
1475 5331 1601 5399 soli
1635 5330 1806 5398 Filio
1846 5330 1960 5419 qui
2002 5351 2230 5420 proce-

691 5439 789 5507 dit
820 5463 941 5531 per
976 5450 1203 5509 actum
1252 5448 1508 5508 naturae
1545 5439 1661 5529 qui
1710 5445 1809 5506 est
1856 5436 2228 5525 generatio·

780 5547 1081 5631 4.1tem‚
1142 5548 1297 5616 Non
1352 5548 1681 5637 sequitur,
1727 5546 1849 5612 iste
1901 5552 1999 5612 est
2038 5567 2233 5611 amor

696 5655 879 5724 illius
911 5678 930 5726 z
963 5679 1129 5748 ergo
1153 5665 1255 5726 est
1284 5655 1566 5747 aequalis
1598 5654 1693 5722 illi
1730 5675 1747 5721 :
1789 5652 1906 5721 sed
1936 5650 2104 5720 bene
2130 5675 2234 5721 se·

1654 334 1739 402 D.
1796 333 1993 401 ALB.
2043 328 2292 444 MAG..

2313 326 2521 395 om).
2574 324 2871 392 PRAED.

2312 501 2564 590 quitur,
2628 498 2753 564 iste
2812 504 2913 563 est
2968 488 3391 561 silius'illius
3452 510 3470 556 t

2310 605 2588 697 aequalis
2643 604 2762 682 illi,
2820 604 2947 670 nisi
2995 610 3237 669 natura
3284 597 3605 666 defecerit
3649 611 3664 662 τ’
3708 619 3865 664 curn

2310 735 2470 801 ergo
2513 714 2582 778 in
2603 712 2850 778 divinis
2891 733 3026 777 non
3047 707 3339 786 deficiat,
3382 705 3656 773 videtur
3686 702 3867 793 quod

2311 819 2497 886 solus
2550 818 2758 883 Filius
2797 817 2879 883 de
2921 817 3180 884 ratione
3218 815 3324 881 sui
3356 811 3608 880 habeat
3635 831 3865 900 aequa·

2309 924 2590 1003 litatem,
2654 934 2717 991 et
2770 946 2907 990 non
2966 923 3169 990 Pater
3207 944 3331 989 nec
3362 919 3661 1010 Spiritus
3719 940 3870 984 san-

2318 1041 2489 1100 ctuS.

2404 1141 2468 1206 5.
2508 1137 2702 1221 Item,
2737 1137 3134 1227 Dionysius,
3187 1160 3221 1199 α
3264 1133 3343 1200 ln
3383 1155 3580 1223 aeque
3617 1140 3867 1222 poten-

2325 1276 2353 1306 «
2403 1246 2583 1312 tibus
2624 1243 2944 1335 possibile
2984 1252 3087 1310 est
3142 1241 3432 1331 aequalia
3488 1250 3555 1308 et
3613 1240 3868 1308 similia

2321 1382 2353 1416 (ι
2397 1356 2575 1421 inter
2601 1376 2672 1421 se
2710 1375 2857 1421 esse
2898 1361 2965 1420 et
3012 1351 3320 1420 converti
3356 1373 3371 1416 ε
3405 1352 3476 1417 in
3519 1350 3868 1417 causanti-

2318 1490 2350 1524 «
2393 1462 2523 1529 bus
2562 1469 2790 1528 autem
2840 1468 2905 1528 et
2959 1460 3254 1527 causatis
3292 1479 3433 1525 non
3500 1456 3867 1546 recipimus

2319 1597 2350 1631 «
2395 1569 2996 1658 reciprocationem
3033 1590 3049 1633 :
3093 1595 3124 1628 a
3163 1588 3319 1634 cum
3351 1586 3513 1655 ergo
3547 1564 3755 1631 Pater
3783 1564 3871 1630 sit

2312 1679 2722 1769 principium
2764 1677 2911 1744 Filii
2942 1686 3011 1746 et
3058 1676 3353 1767 Spiritus
3398 1675 3640 1754 sancti,
3673 1672 3871 1756 vide-

2313 1795 2423 1853 tur
2481 1786 2661 1876 quod
2722 1784 3096 1854 secundum
3165 1786 3502 1852 rationem
3556 1783 3865 1872 Dionysii

3532 510 3716 579 ergo
3766 495 3870 555 est

2315 1892 2525 1960 Filius
2555 1917 2693 1961 non
2730 1895 2817 1962 sit
2844 1891 3126 1983 aequalis
3166 1890 3375 1968 Patri,
3410 1913 3539 1959 nec
3570 1889 3867 1981 Spiritus

2313 2011 2586 2071 sanctus
2624 2003 2906 2092 aequalis
2943 2000 3118 2070 Filio
3153 2000 3261 2070 vel
3298 2000 3513 2070 Patri.

2405 2107 2538 2176 San
2566 2132 2816 2176 comm
2850 2129 2867 2178 ε

2407 2219 2468 2284 1.
2532 2215 2722 2284 Sicut
2758 2219 2945 2307 prius
2992 2214 3304 2284 habitum
3346 2222 3473 2295 est,
3527 2237 3743 2282 unum
3795 2215 3864 2281 in

2316 2325 2689 2415 quantitate
2736 2331 2840 2392 est
2874 2323 3226 2415 aequalitas
3271 2345 3287 2390 ε
3349 2321 3529 2390 unde
3576 2320 3869 2411 aequali-

2313 2440 2415 2499 tas
2455 2429 2622 2498 nihil
2653 2429 2837 2498 aliud
2867 2438 2969 2498 est
2997 2451 3203 2522 quam
3242 2451 3473 2497 rerum
3515 2427 3873 2496 distincta-

2317 2565 2466 2610 rum
2526 2565 2663 2608 una
2701 2542 3046 2632 quantitas
3097 2561 3115 2609 ε
3185 2562 3343 2608 cum
3396 2561 3561 2630 ergo
3620 2537 3869 2629 triplex

2317 2649 2611 2717 ambitus
2641 2651 2910 2717 virtutis
2939 2671 3117 2717 unus
3154 2650 3241 2717 sit
3274 2648 3341 2715 in
3373 2648 3595 2715 tribus
3631 2669 3868 2738 perso·

2317 2757 2447 2838 nis,
2483 2765 2555 2824 ut
2594 2757 2780 2846 prius
2818 2754 3182 2847 probatum
3213 2764 3336 2834 est,
3381 2754 3652 2824 videtur
3683 2753 3870 2846 quod

2319 2884 2558 2930 omnes
2616 2871 2750 2930 tres
2816 2884 3125 2954 personae
3184 2861 3315 2928 sibi
3371 2862 3667 2930 invicem
3734 2862 3871 2929 sint

2320 2971 2637 3063 aequales.

2411 3081 2476 3146 2.
2512 3077 2706 3162 Item,
2739 3077 3153 3146 Athanasius
3173 3078 3241 3145 in
3263 3074 3626 3168 Symbola,
3654 3103 3688 3141 αι
3711 3076 3872 3144 Tres

2324 3214 2359 3254 ι
2414 3212 2723 3281 persona!
2763 3196 3115 3257 coaeternae
3170 3185 3301 3254 sibi
3358 3194 3544 3271 sunt,
3587 3194 3655 3254 et
3704 3208 3876 3254 coze-

2324 3322 2359 3362 ι
2389 3296 2651 3387 quales.
2700 3321 2765 3371 ι,

2379 3506 2720 3575 ‘Semi-io.
2779 3507 3110 3590 Dicimus,
3153 3505 3338 3598 quod
3392 3505 3696 3597 oequales
3745 3506 3871 3575 sibi

2321 3623 2479 3680 sunt
2499 3621 2634 3681 tres
2664 3636 2997 3703 personae,
3028 3615 3204 3682 sicut
3233 3613 3478 3682 ultimo
3508 3612 3870 3705 probatum

2321 3729 2445 3788 est.

2410 3829 2516 3895 An
2546 3852 2610 3895 n»
2643 3828 2833 3919 quod
2865 3829 3084 3919 primo
3122 3827 3465 3918 objicitur,
3507 3827 3874 3897 dicendum

2324 3935 2506 4026 quod
2567 3938 2633 4003 in
2687 3935 2855 4005 Filio
2906 3945 3008 4005 est
3075 3934 3432 4028 aequalitas
3498 3935 3875 4005 secundum

2325 4044 2692 4136 quamdam
2717 4047 3048 4113 rationem
3072 4045 3520 4136 appropriati,
3554 4067 3696 4114 non
3729 4067 3879 4136 pro·

2328 4152 2452 4243 prii
2500 4174 2516 4218 ε
2561 4160 2626 4218 et
2664 4151 2847 4219 illam
2910 4151 3243 4219 rationem
3286 4151 3504 4242 tangit
3562 4150 3878 4243 quaedam

2328 4258 2815 4348 objectionum,
2848 4257 3125 4339 scilicet,
3175 4256 3362 4349 quod
3405 4266 3743 4348 quantum
3782 4266 3881 4325 est

2328 4365 2409 4433 de
2453 4367 2709 4431 ratione
2760 4365 3238 4454 processionis,
3287 4372 3565 4432 emanat
3604 4385 3645 4431 a
3684 4362 3883 4431 Patre

2328 4475 2395 4540 in
2425 4471 2666 4562 aequali
2702 4482 2966 4539 natura.
3017 4470 3102 4538 131
3141 4472 3301 4562 quia
3332 4470 3600 4562 aequale
3642 4471 3725 4539 de
3769 4494 3885 4538 ra-

2328 4582 2512 4647 tione
2570 4604 2692 4647 sua
2741 4603 3011 4669 semper
3055 4580 3380 4671 supponit
3410 4602 3628 4648 unum
3658 4580 3770 4648 cui
3799 4580 3886 4647 sit

2330 4687 2588 4779 {equale
2634 4696 2749 4755 :et
2809 4688 2936 4755 ista
2985 4688 3156 4756 ratio
3209 4689 3416 4757 etiam
3477 4690 3548 4757 in
3589 4690 3884 4780 quadam

2331 4794 2464 4862 alia
2503 4794 2884 4884 objectione
2925 4803 3025 4863 est
3068 4805 3241 4864 tacta
3296 4818 3311 4862 ε
3356 4795 3476 4865 sed
3516 4795 3675 4865 licet
3716 4797 3885 4866 Filio

2337 4926 2455 4993 per
2507 4903 2801 4992 aliquem
2875 4903 3153 4970 niodum
3211 4905 3297 4970 sit
3354 4905 3882 4994 appropriabile,

2336 5033 2474 5078 non
2513 5020 2739 5077 tannen
2772 5018 2872 5078 est
2931 5011 3312 5100 proprium,
3365 5011 3457 5079 ita
3496 5012 3686 5103 quod
3736 5012 3886 5081 aliis

2333 5139 2474 5185 non
2507 5119 2892 5185 conveniat.

2423 5225 2529 5293 An
2567 5248 2763 5292 Amen
2792 5225 3180 5308 dicendum,
3213 5225 3401 5316 quod
3449 5249 3590 5295 non
3630 5250 3888 5321 praepo·

2339 5333 2436 5401 nit
2483 5355 2719 5408 unum,
2766 5332 2884 5401 sed
2938 5333 3263 5422 supponit
3330 5355 3544 5402 unum
3612 5344 3888 5428 propter

2338 5439 2844 5508 distinctionem
2885 5461 3036 5529 quae
3084 5439 3509 5529 significatur
3559 5442 3630 5510 in
3682 5465 3891 5512 voca-

2339 5546 2499 5615 bulo
2536 5570 2552 5613 :
2601 5554 2668 5614 et
2715 5546 2866 5613 ideo
2924 5547 3248 5615 convenit
3285 5548 3611 5617 omnibus
3649 5571 3892 5641 perso-

2340 5655 2471 5739 nis,
2523 5654 2639 5723 sed
2693 5676 2830 5722 non
2870 5654 2990 5723 uni
3031 5676 3342 5746 personae
3383 5678 3402 5726 ε
3446 5658 3588 5727 imo
3643 5659 3764 5728 uni
3819 5659 3892 5728 in

3894 2157 3986 2201 sed
4026 2162 4213 2204 eontra.

3954 3548 4160 3598 solutio.

3982 3843 4063 3891 Ad
4101 3844 4145 3892 ¹.

3997 5259 4072 5303 Ad
4099 5259 4142 5304 2.
