4897 6388
654 402 784 472 398
1622 402 1704 501 D.
1755 402 1954 470 ALB.
2007 402 2222 470 MAG.
2274 401 2479 469 ORD.
2533 399 2835 491 PRAED,

896 909 984 981 B.
1020 909 1144 983 De
1183 909 1601 1007 temporali
1623 912 2119 1007 processione
2163 912 2502 1009 Spiritus
2553 913 2802 986 sancti
2853 911 3292 1010 specialiter
3330 913 3605 1009 coitur.

749 1244 860 1319 De
893 1243 1300 1342 temporali
1342 1254 1601 1320 autem
1631 1246 2153 1345 processione,
2189 1247 2394 1321 Beda
2435 1246 2512 1318 in
2550 1245 2866 1320 homilia
2902 1246 3332 1321 Dominicae
3380 1247 3651 1346 primae
3692 1256 3864 1345 post

650 1379 1782 1478 Ascensionemitaloquitur:
1864 1382 2057 1480 Cum
2115 1380 2357 1478 gratia
2416 1379 2749 1478 Spiritus
2806 1380 3049 1456 sancti
3092 1381 3319 1456 datur
3385 1381 3856 1475 hominibus

644 1517 995 1616 profecto
1038 1517 1366 1600 mittitur
1405 1517 1740 1616 Spiritus
1778 1541 1824 1593 a
1863 1519 2117 1612 Patre,
2201 1518 2522 1596 mittitur
2561 1527 2637 1594 et
2692 1542 2738 1593 a
2811 1519 3054 1595 Filio:
3101 1520 3444 1618 procedit
3503 1544 3548 1595 a
3607 1521 3861 1612 Patre,

655 1653 1005 1751 procedit
1040 1662 1118 1729 et
1143 1677 1190 1728 a
1226 1652 1419 1728 Filio
1465 1677 1482 1757 ς
1516 1654 1700 1752 quia
1725 1662 1800 1729 et
1838 1653 2006 1752 ejus
2040 1652 2297 1728 missio
2338 1662 2453 1728 est
2479 1653 2646 1752 ipsa
2673 1654 3090 1751 processio.
3130 1655 3269 1730 His
3300 1655 3556 1731 verbis
3590 1666 3857 1754 aperte

653 1788 992 1863 ostendit
1020 1788 1518 1863 donationem
1558 1788 1828 1894 gratia}
1870 1787 2199 1887 Spiritus
2250 1787 2490 1863 sancti
2557 1787 2706 1862 dici
2761 1789 3335 1888 processionem
3397 1792 3514 1865 vel
3560 1790 3866 1865 missio-

655 1944 835 1997 nem
870 1922 1247 2021 ejusdem.
1287 1922 1437 1998 Sed
1471 1947 1650 2000 cum
1685 1923 1996 2004 donatio
2034 1923 2157 2000 vel
2214 1923 2415 1997 datio
2457 1947 2613 1998 non
2682 1923 2780 1998 sit
2843 1923 2993 1999 nisi
3052 1924 3525 2024 temporalis,
3570 1936 3864 2001 constat

655 2057 841 2156 quia
866 2067 941 2134 et
982 2059 1152 2133 haec
1191 2057 1588 2157 processio
1620 2057 1783 2134 sive
1813 2056 2079 2134 missio
2118 2057 2561 2157 temporalis
2599 2067 2740 2134 est.
2777 2058 2996 2136 Hanc
3026 2084 3338 2158 quoque
3366 2062 3861 2160 te111p‹.n·alem

655 2192 992 2292 Spiritus
1032 2193 1278 2269 sancti
1320 2192 1896 2293 processionem
1952 2193 2431 2292 Augustinus
2491 2193 2567 2266 in
2646 2193 2841 2268 libro
2889 2193 3027 2268 XV
3091 2194 3185 2270 de
3251 2194 3626 2270 Trinilole
3681 2195 3696 2226 ¹
3746 2196 3871 2268 in-

655 2329 944 2423 sinuat,
979 2326 1247 2404 dicens
1278 2328 1650 2436 Spiritum
1693 2337 2044 2404 sanctum
2077 2327 2539 2436 processisse
2579 2351 2625 2403 a
2667 2328 2971 2404 Christo
3021 2329 3337 2428 quando
3394 2340 3566 2428 post
3614 2352 3873 2405 resur-

657 2463 1083 2540 rectionem
1131 2461 1556 2538 insufssavit
1586 2462 1661 2537 in
1712 2461 2160 2562 discipuIOS‚
2195 2462 2315 2539 his
2345 2462 2644 2539 verbis:
2690 2464 2877 2539 Cum
2912 2464 3461 2541 resurrexisset
3515 2463 3873 2538 Christus

654 2620 702 2673 a
740 2597 1095 2685 mortuis,
1134 2606 1208 2673 et
1235 2596 1724 2696 apparuisset
1751 2596 2177 2696 discipulis,
2245 2596 2692 2692 insufflavit,
2752 2608 2828 2673 et
2878 2597 3011 2693 nit,
3052 2598 3410 2698 Accipite
3483 2598 3867 2696 Spiritum

653 2739 1002 2809 sanctum
1028 2739 1077 2828 ¹¹,
1123 2742 1207 2808 ut
1245 2732 1477 2808 etiam
1510 2755 1686 2809 eum
1730 2732 1823 2809 de
1850 2755 1932 2809 se
1964 2733 2374 2831 procedere
2405 2732 2841 2809 ostenderet
2877 2756 2893 2808 ε
2939 2743 3013 2810 et
3046 2733 3209 2833 ipse
3241 2744 3358 2809 est
3405 2734 3651 2808 virtus
3682 2758 3860 2831 quie

656 2867 752 2946 de
792 2867 925 2943 illo
965 2867 1218 2944 exibat
1252 2872 1369 2961 (ut
1408 2866 1688 2965 legitur
1720 2866 1795 2942 in
1838 2866 2288 2965 Evangelio)
2329 2877 2399 2943 ct
2431 2867 2754 2944 sanabat
2791 2892 3065 2944 omnes
3090 2862 3138 2941 ⁸.
3178 2870 3269 2943 Et
3311 2878 3392 2943 ut
3421 2869 3859 2944 ostenderet

659 3005 863 3081 hanc
894 3001 1471 3108 processionem
1530 3001 1863 3104 Spiritus
1927 3002 2170 3081 sancti
2249 3028 2399 3078 nou
2441 3027 2612 3080 esse
2651 3002 2858 3079 aliud
2915 3028 3150 3102 quam
3211 3004 3702 3079 donatiouem
3740 3004 3858 3079 vel

661 3138 1053 3218 dationem
1095 3138 1344 3239 ipsius
1371 3137 1707 3240 Spiritus
1737 3139 2011 3235 sancti,
2045 3137 2359 3233 addidit,
2396 3139 2580 3216 Post
2630 3138 3273 3218 resurrectionem
3335 3139 3710 3215 Dominus
3749 3137 3868 3214 Je-

663 3301 801 3352 sus
841 3273 961 3350 bis
998 3273 1210 3349 dedit
1246 3272 1620 3372 Spiritum
1646 3283 1998 3349 sanctum
2034 3296 2052 3349 t
2090 3274 2326 3349 semel
2404 3274 2481 3347 in
2541 3283 2746 3350 terra
2785 3284 3100 3374 propter
3136 3274 3622 3351 dilectionem
3686 3298 3867 3373 pro·-

661 3410 880 3506 ximi,
908 3420 985 3486 et
1023 3409 1301 3487 iterum
1343 3409 1437 3485 de
1478 3409 1674 3485 coelo
1715 3417 2027 3512 propter
2063 3407 2548 3485 ditectionem
2590 3409 2730 3484 Dei
2766 3434 2784 3485 :
2830 3410 3015 3511 quia
3081 3433 3219 3510 per
3260 3409 3509 3508 ipsum
3573 3409 3859 3483 domun

660 3545 1120 3628 diss'unditur
1171 3544 1508 3622 charitas
1584 3545 1662 3622 in
1723 3543 2086 3627 cordibus
2144 3543 2447 3638 nostris,
2507 3569 2663 3647 qua
2723 3544 3118 3643 diligimus
3179 3545 3426 3622 Deum
3487 3555 3561 3621 et
3603 3543 3865 3645 proxi-

661 3709 903 3761 mum.

2313 4023 2428 4091 Iis:
2456 4024 2617 4114 quia
2649 4023 2941 4115 Spiritus
2971 4047 3169 4114 opus,
3202 4033 3266 4092 et
3307 4024 3658 4092 Trinitatis
3687 4046 3858 4114 opus

2312 4154 2517 4222 supra
2576 4139 2847 4223 tempus
2893 4141 3043 4199 est:
3095 4155 3252 4200 cum
3292 4156 3459 4223 ergo
3527 4134 3659 4199 istu
3708 4156 3858 4223 qua·

1104 4244 1607 4314 AnTlCUlmS
1667 4245 1754 4313 X.
2310 4239 2711 4329 temporalis
2726 4236 2993 4323 dicitur,
3010 4238 3176 4307 nihil
3203 4239 3404 4307 addat
3437 4263 3644 4329 super
3668 4239 3855 4306 iilam

2309 4347 2437 4414 nisi
2480 4347 2791 4415 effectum
2838 4370 2994 4415 cum
3042 4371 3180 4439 quo
3233 4348 3530 4439 Spiritus
3587 4357 3711 4425 est,
3747 4349 3858 4414 vi-

651 4468 759 4536 An
792 4465 1132 4557 processio
1178 4462 1488 4553 Spiritus
1540 4459 1763 4529 sancti
1802 4468 2024 4550 potest
2068 4459 2206 4527 dici
2309 4453 2505 4522 detur
2534 4476 2670 4522 non
2702 4463 2880 4522 recte
2909 4455 3311 4547 ‘milior-alis
3340 4454 3495 4524 dici.

1205 4565 1675 4660 temporalis?
2397 4564 2463 4627 2.
2502 4559 2698 4642 item,
2740 4562 3164 4652 Augustinus
3220 4562 3383 4630 dicit
3429 4564 3523 4630 sic
3573 4585 3588 4629 :
3627 4588 3659 4626 ι
3725 4562 3857 4631 Se-

2308 4667 2604 4736 cundum
2673 4668 2855 4759 quod
2905 4677 3129 4737 mente
3194 4669 3450 4760 aliquid
3525 4679 3852 4738 aetermun

2312 4787 2640 4871 quantum
2673 4801 3037 4870 possumus
3075 4782 3409 4873 capitulus,
3445 4805 3579 4848 non
3614 4783 3678 4847 in
3722 4779 3853 4847 hoc

742 4891 1006 4961 Deinde
1045 4891 1370 4984 quaeritur
1397 4888 1479 4956 de
1523 4887 1653 4957 hoc
1707 4888 1892 4981 quod
1948 4886 2108 4956 dicit
2137 4888 2204 4955 in
2315 4884 2571 4954 mundo
2602 4908 2839 4953 sumus
2866 4904 2888 4938 ὁ
2921 4915 2982 4955 ».
3020 4886 3198 4979 Ergo
3244 4887 3537 4971 videtur,
3580 4886 3760 4978 quod
3800 4888 3855 4954 si

655 4999 959 5070 secundo
1025 5002 1247 5092 capite
1309 4999 1391 5080 B,
1444 4999 1562 5077 ibi,
1615 5028 1646 5060 α
1687 5001 1789 5066 De
1843 4997 2207 5088 temporali
2313 4993 2589 5064 effectus
2666 4991 2777 5061 ille
2823 4993 3072 5062 attollit
3134 5017 3338 5085 supra
3395 4994 3724 5062 mundum
3791 5003 3855 5061 et

655 5118 889 5176 aulem
923 5108 1373 5199 processione,
1409 5113 1538 5175 etc.
1577 5130 1610 5170 ι
2313 5110 2606 5193 tempus,
2648 5102 2834 5194 quod
2871 5104 3013 5194 ipse
3053 5101 3270 5172 multo
3302 5104 3519 5195 magis
3539 5104 3626 5171 sit
3654 5126 3857 5194 supra

749 5212 1330 5284 1.Videturenim
1354 5236 1492 5281 non
1517 5221 1694 5281 recte
1716 5213 2210 5305 dicitemporn-
2311 5219 2581 5302 tempus
2638 5218 2705 5279 et
2764 5210 3096 5279 mundum
3151 5233 3166 5277 ε
3211 5219 3279 5279 et
3324 5211 3422 5278 sic
3487 5211 3856 5302 incongrue

728 5488 744 5523 ¹
779 5484 838 5540 S.
873 5489 1247 5550 Aucusrixus,
1283 5482 1506 5539 Lib.xv
1529 5481 1603 5539 de
1631 5482 1935 5551 Trinitas,
1967 5499 2094 5556 cap.
2118 5487 2206 5541 26.
2316 5492 2560 5555 tonuere,
2611 5487 2746 5555 quia
2787 5487 2961 5541 virtus
3004 5484 3070 5540 de
3115 5483 3214 5540 illo
3261 5484 3472 5549 exibat,
3522 5491 3573 5539 ct
3630 5484 3858 5538 sonabat

725 5574 750 5609 ²
776 5575 946 5632 Joan.
974 5590 1071 5639 xx,
1108 5577 1212 5629 22:
1253 5574 1379 5628 Haec
1426 5588 1548 5628 cum
1596 5571 1849 5643 dixisset,
1888 5573 2206 5646 insufflat-it,
2315 5590 2517 5631 omnes.

655 5670 709 5721 et
738 5662 890 5720 dixit
921 5665 998 5720 eis
1026 5682 1048 5718 .·
1076 5663 1332 5733 Accipite
1360 5661 1635 5733 Spiritum
1654 5669 1923 5719 sanctum.
2389 5668 2408 5700 ⁸
2441 5666 2498 5722 S.
2531 5668 2906 5733 AcousnsuS,
2936 5666 3056 5721 Lib.
3095 5665 3167 5722 lv
3196 5665 3269 5722 de
3300 5665 3607 5734 Trinitate,
3638 5681 3766 5737 cap.
3793 5668 3860 5718 20

723 5753 749 5789 ³
782 5754 920 5810 Luc.
955 5770 1027 5824 vr,
1059 5756 1092 5809 9
1127 5771 1141 5810 ε
1195 5755 1265 5809 Εἰ
1298 5753 1478 5807 omnis
1522 5752 1683 5807 turba
1712 5753 1995 5825 quoerebet
2051 5752 2209 5809 illum
