4897 6388
592 370 720 437 216
1584 375 1666 442 Ι).
1718 376 1916 443 ALB.
1969 374 2184 443 MAG.
2240 372 2446 441 ORD.
2501 372 2800 485 PRAEP.

2242 564 2399 610 eum
2442 535 2726 611 dicitur}
2790 544 2949 612 Non
3016 564 3158 609 non
3214 536 3571 630 potuisse:
3636 529 3794 619 quia

2240 650 2584 739 impotens
2614 672 2693 717 ex
2726 649 2858 717 hoe
2898 671 3038 716 non
3076 648 3240 714 fuit:
3289 645 3420 714 hoe
3459 643 3643 712 enim
3707 660 3792 705 ex

2241 760 2504 826 ratione
2534 757 2723 825 verbi
2768 754 3034 824 extrahi
3074 776 3214 822 non
3273 760 3518 843 potest.

988 853 1490 924 ARTICULUS
1550 855 1739 924 VIII.

1425 1035 1437 1046 .
2333 970 2643 1038 Somno.
2698 969 3026 1059 Magister
3064 964 3235 1045 vult,
3269 961 3449 1054 quod
3481 982 3616 1031 non
3652 982 3786 1026 non
3883 977 4082 1022 somno.

593 1070 746 1136 Non
775 1068 954 1135 enim
1010 1091 1151 1137 non
1193 1069 1423 1159 poluit
1479 1069 1816 1158 quomodo
1865 1072 2133 1140 intelli·
2233 1080 2490 1169 potuit,
2537 1079 2807 1166 negatio
2859 1076 2950 1143 ibi
2993 1075 3079 1142 sit
3109 1072 3301 1163 quasi
3352 1070 3619 1138 termini
3648 1067 3791 1156 pri-

1221 1179 1415 1268 qitur
1465 1177 1506 1244 Ρ
2238 1184 2448 1249 vativi
2486 1204 2501 1250 ι
2539 1190 2606 1249 et
2638 1190 2800 1249 tune
2838 1203 2976 1248 non
3005 1179 3186 1246 enim
3231 1200 3367 1244 non
3389 1176 3618 1266 potuit
3650 1182 3791 1239 tan-

2240 1299 2386 1358 tum
2410 1288 2594 1357 valet
2627 1289 2728 1378 (ut
2776 1286 3040 1378 antiqui
3108 1285 3365 1373 dieunt)
3432 1290 3789 1372 quantum,

2237 1419 2379 1465 non
2411 1397 2964 1486 enimimpotuit,
3009 1402 3085 1461 ut
3111 1393 3206 1460 ita
3243 1391 3506 1459 dicam:
3542 1397 3609 1455 et
3641 1396 3796 1453 tunc.

649 1502 942 1572 'Deinde
991 1503 1315 1594 quaeritur
1352 1501 1435 1570 de
1471 1502 1605 1570 hoe
1644 1521 1662 1571 :
1701 1530 1734 1567 α
1765 1506 1923 1576 Non
1951 1505 2159 1576 enim,
2238 1504 2524 1572 ulterius
2565 1504 2897 1594 sequitur,
2959 1523 3100 1568 non
3147 1523 3230 1567 ex
3270 1497 3403 1566 hoe
3458 1485 3795 1585 impotens

594 1616 997 1703 nonpotuit,
1041 1621 1169 1681 ete.
1213 1641 1245 1673 υ
2240 1612 2392 1680 fuit.

686 1718 974 1787 Videtur
1000 1742 1140 1787 non
1171 1742 1316 1788 esse
1356 1720 1769 1787 conveniens
1798 1721 2131 1809 expositio

835 2190 916 2264 F.
959 2188 1234 2265 Utrum
1277 2186 1515 2262 Pater
1539 2192 1819 2261 natura
1856 2187 1958 2262 sil
1982 2195 2260 2288 polens
2298 2188 2618 2287 {liquere
2655 2188 2984 2279 Filium,
3034 2196 3108 2264 et
3145 2213 3242 2264 an
3284 2187 3424 2263 hoc
3459 2189 3562 2264 sic

1479 2322 1742 2421 aliqua
1780 2326 2130 2421 potentia
2175 2350 2333 2425 quae
2377 2325 2483 2399 sit
2510 2325 2593 2399 in
2642 2323 2922 2402 Filio?

694 2679 882 2755 Item
923 2678 1302 2777 quaeritur
1330 2701 1376 2753 a
1413 2675 1903 2774 quibusdam,
1938 2677 2018 2753 Si
2061 2679 2289 2753 Pater
2327 2687 2606 2777 potens
2658 2677 2756 2751 sit
2797 2687 3076 2752 natura
3123 2677 3443 2774 gignere
3503 2676 3803 2760 Filium,

603 2825 679 2891 et
709 2837 806 2889 an
835 2815 979 2888 hoc
1007 2813 1108 2888 sit
1136 2813 1399 2911 aliqua
1429 2811 1771 2912 potentia
1800 2832 1977 2909 quoe
2009 2812 2106 2887 sit
2130 2813 2209 2887 in
2245 2813 2436 2888 Filio
2465 2813 2507 2885 ⁴?
2544 2812 2657 2888 Ad
2700 2813 2906 2911 quod
2949 2812 3307 2904 dicimuS,
3353 2813 3536 2912 quia
3581 2814 3807 2888 Pater

603 2977 758 3028 non
799 2941 917 3028 est
942 2964 1218 3051 potens
1247 2949 1396 3026 nisi
1429 2960 1705 3025 natura
1739 2973 1755 3024 :
1791 2949 1959 3047 ejus
1989 2951 2194 3026 enim
2227 2950 2573 3050 potentia
2612 2960 2891 3026 natura
2928 2960 3073 3044 est,
3125 2953 3248 3026 vel
3308 2950 3668 3027 essentia.
3711 2955 3806 3027 At

610 3087 974 3187 inquiunt
1002 3086 1144 3182 illi,
1178 3086 1258 3162 Si
1300 3085 1730 3186 potensest
1757 3084 2101 3183 gignere,
2147 3087 2376 3163 habet
2405 3111 2591 3184 ergo
2623 3087 3046 3186 potentiam
3106 3086 3502 3184 gignendi.
3567 3087 3806 3162 Filius

600 3234 855 3299 autem
897 3246 1052 3298 non
1098 3223 1328 3299 habet
1368 3220 1784 3321 potentiam
1839 3219 2236 3319 gignendi,
2271 3222 2332 3296 si
2377 3246 2534 3298 non
2587 3232 2836 3323 potest
2893 3223 3214 3320 gignere
3261 3247 3277 3298 ε
3326 3224 3558 3298 hahet
3618 3246 3802 3318 ergo

595 3358 934 3456 aliquam
967 3358 1385 3456 potentiam
1421 3356 1649 3432 Pater
1688 3378 1917 3454 quam
1975 3382 2129 3431 non
2171 3358 2397 3433 habet
2430 3357 2698 3432 Filius.
2756 3358 2927 3432 Non
2992 3357 3372 3456 sequitur.
3439 3359 3802 3433 Eamdem

595 3493 802 3569 enim
836 3493 1255 3591 potentiam
1299 3493 1530 3569 habet
1560 3490 1867 3590 penitus
1906 3492 2173 3581 Filius,
2218 3514 2452 3591 quam
2495 3503 2573 3569 et
2626 3492 2855 3568 Pater
2899 3518 2915 3568 ε
2962 3519 3119 3591 qua
3179 3494 3425 3593 potuit
3455 3495 3800 3591 gignere,

600 3639 672 3704 et
714 3628 954 3703 Filius
991 3627 1206 3725 gigni
1239 3627 1511 3728 potuit.
1551 3628 1830 3703 Eadem
1891 3628 2097 3703 enim
2142 3627 2484 3728 potentia
2513 3638 2630 3704 est
2671 3627 2744 3701 in
2786 3628 3003 3722 Filio,
3050 3652 3204 3726 qua
3246 3630 3493 3727 potuit
3557 3630 3799 3724 gigni,

600 3786 777 3861 qum
818 3773 933 3838 est
960 3760 1034 3836 in
1071 3761 1321 3849 Patre,
1352 3783 1506 3860 qua
1547 3760 1793 3860 potuit
1820 3759 2163 3858 gignere.
2202 3762 2351 3837 Sed
2403 3773 2675 3836 contra
2728 3762 2869 3836 hoc
2928 3762 3375 3863 opponitur,
3419 3763 3642 3838 Aliud
3687 3773 3801 3836 est

595 3923 819 3999 posse
851 3900 1200 3997 gignere,
1244 3898 1451 3975 aliud
1496 3908 1611 3974 est
1641 3922 1864 3996 posse
1903 3899 2116 3997 gigni
2184 3899 2367 3999 quia
2397 3899 2608 3974 aliud
2678 3910 2793 3975 est
2818 3900 3170 3997 gignere,
3206 3911 3277 3975 et
3319 3900 3527 3975 aliud
3551 3902 3793 3998 gigni.

597 4036 739 4112 llic
779 4035 1411 4133 distinguendum
1452 4045 1592 4111 est.
1638 4033 1716 4109 Si
1751 4034 1952 4109 enim
1996 4060 2169 4111 cum
2195 4035 2505 4131 dicitur,
2540 4035 2768 4111 Aliud
2802 4047 2914 4112 est
2947 4061 3174 4137 posse
3206 4037 3555 4133 gignere,
3590 4037 3795 4111 atiud

598 4199 822 4276 posse
885 4175 1128 4272 gigni,
1186 4176 1413 4250 aliam
1470 4173 1863 4269 significas
1922 4176 2335 4273 potentiam
2372 4199 2527 4274 qua
2588 4176 3125 4275 Paterpotens
3164 4188 3275 4251 est
3315 4177 3661 4273 gignere,
3729 4187 3800 4251 et

594 4312 822 4387 aliam
854 4335 1007 4410 qua
1038 4310 1280 4385 Filius
1312 4319 1583 4408 potens
1613 4318 1728 4383 est
1756 4309 1967 4405 gigni
2014 4335 2029 4387 :
2079 4312 2314 4386 falsus
2353 4321 2471 4386 est
2504 4311 2969 4386 intellectus.
3009 4311 3088 4384 Si
3130 4321 3386 4385 autem
3422 4310 3634 4385 dicas
3668 4311 3804 4385 I‘a-

588 4458 1039 4546 tremposse
1073 4444 1357 4519 habere
1387 4442 1618 4519 aliam
1669 4443 2210 4540 proprietatem
2269 4444 2431 4520 sive
2493 4442 2884 4518 notionem
2957 4466 3113 4541 qua
3171 4443 3476 4540 genitor
3514 4455 3655 4538 est,
3694 4444 3746 4518 1³
3753 4445 3802 4518 i·

607 4582 796 4657 lium
830 4580 1059 4656 aliam
1103 4601 1261 4678 qua
1299 4576 1611 4676 genitus
1634 4587 1749 4653 est
1801 4600 2033 4654 verus
2064 4589 2179 4654 est
2209 4577 2677 4654 intellectus.
2741 4578 2991 4655 Aliam
3036 4577 3243 4653 enim
3292 4578 3517 4652 halwt
3577 4579 3803 4655 Pater

594 4713 1166 4814 proprietatem,
1200 4734 1356 4810 qua
1381 4710 1609 4786 Pater
1636 4720 1748 4785 est
1781 4733 1796 4784 :
1834 4710 2057 4784 aliam
2098 4710 2366 4806 Filius,
2409 4735 2564 4810 qua
2606 4712 2847 4789 Filius
2877 4723 3020 4788 est.

2239 5052 2484 5120 ctionis
2524 5054 2593 5120 in
2624 5074 2760 5143 qua
2799 5053 3072 5144 quaerit,
3103 5073 3259 5119 cum
3293 5050 3563 5131 dieitur,
3603 5050 3802 5119 Pater

2237 5171 2481 5251 potens
2520 5170 2623 5229 est
2648 5169 2890 5230 natura
2908 5163 3190 5252 gignere
3223 5159 3492 5239 Filium,
3538 5166 3705 5231 etc.’.'
3731 5164 3798 5230 in

1082 5290 1324 5336 invisio
1381 5288 1653 5337 Texrus.
2240 5292 2375 5361 qua
2415 5270 2798 5360 quaestione
2828 5278 3109 5361 propter
3135 5269 3472 5336 Litterum
3512 5269 3800 5338 trahitur

2239 5378 2543 5468 potentia
2584 5378 2671 5446 ad
2717 5379 3109 5456 essentiam,
3144 5385 3212 5443 et
3251 5380 3472 5468 magis
3527 5379 3800 5470 elonga-

677 5506 710 5541 α
744 5479 915 5545 Item
943 5480 1279 5569 quaeritur
1305 5504 1348 5548 α
1368 5478 1807 5570 quibusdam,
1829 5478 1910 5547 Si
1924 5482 2134 5550 Pater
2238 5496 2349 5553 tur
2379 5486 2466 5554 ab
2492 5494 2646 5553 actu
2677 5482 3010 5553 notionali
3043 5506 3061 5552 :
3095 5483 3274 5551 unde
3331 5484 3558 5576 aliqua
3628 5490 3795 5553 ratio

585 5597 851 5677 potem,
893 5595 1021 5655 etc.
1077 5614 1109 5648 »
2240 5592 2425 5660 dubii
2486 5603 2712 5683 potest
2766 5616 2940 5677 esse,
3001 5599 3230 5658 utrum
3290 5589 3420 5660 hoo
3457 5596 3543 5662 sit.
3571 5594 3796 5684 aliqua

687 5693 814 5762 nio
851 5695 1083 5784 incipit
1113 5694 1404 5763 secunda
1434 5717 1590 5785 pars
1634 5696 1827 5762 istius
1891 5696 2133 5767 distin·
2241 5706 2552 5792 potentia
2616 5726 2769 5793 quae
2837 5705 2927 5771 sit
2963 5703 3033 5768 in
3091 5700 3319 5769 Filio?
3358 5702 3441 5771 Et
3484 5705 3610 5773 ista
3640 5727 3795 5795 pars
