4897 6388
2123 335 2215 402 1N
2262 315 2291 402 '1
2345 335 2773 407 SENTENT.
2828 335 3049 405 DisT.
3103 336 3168 421 1,-
3211 335 3350 404 E.·
3437 341 3450 396 ,·
4232 329 4308 394 41

1110 512 1418 580 tellectus
1460 517 1722 577 creatus
1763 516 1863 575 est
1919 531 2002 576 ex
2069 509 2309 587 nihilo,
2380 516 2659 600 propter

1114 620 1296 709 quod
1332 620 1571 685 retinet
1609 617 1863 707 aliquid
1904 619 2418 686 obscurationiS.
2485 618 2655 685 Item

1115 723 1438 805 secund0,
1472 745 1554 789 ex
1589 724 1883 813 pondere
1918 728 2160 793 carnis,
2196 725 2279 790 Et
2306 725 2535 800 etiam,
2571 745 2657 789 ex

1115 828 1363 895 nebula
1400 833 1678 918 peccati.
1715 830 1974 910 Quarto
2007 832 2234 907 etiam,
2280 852 2364 896 ex
2431 827 2653 896 alieno

2768 533 2897 576 nus
2933 534 2946 575 :
2993 511 3167 577 sicut
3207 509 3402 576 Urias
3434 507 3720 573 devotus
3751 511 3816 570 et
3858 501 4071 568 tidelis
4111 501 4320 590 signi-

2768 619 2922 684 ficat
2988 616 3364 693 diabolum,
3435 623 3502 681 et
3572 612 3787 680 David
3849 607 4188 676 homicida
4248 616 4312 673 et

2767 725 3032 791 adulter
3059 723 3396 812 significat
3425 720 3794 795 Christum,
3831 714 4162 784 Bersabee
4194 737 4308 779 au-

2766 844 2903 901 tem
2935 834 3241 901 adultera
3279 831 3618 921 significat
3648 829 4043 897 Ecclesiam.

1111 958 1425 1004 sermone
1470 960 1483 1003 :
1521 941 1676 1028 quia
1709 937 2033 1027 allegoria
2061 945 2160 1003 est
2198 958 2422 1003 sermo
2492 937 2657 1005 alie·

2233 1434 2318 1507 E.
2381 1432 2571 1507 Alia.
2618 1430 3191 1506 determinatio.

1202 1797 1463 1873 Potest
1501 1798 1729 1872 etiam
1772 1797 1950 1892 dici,
1998 1798 2200 1895 quod
2239 1798 2370 1895 qui
2414 1798 2699 1873 fruitur
2736 1798 2966 1873 etiam
3002 1797 3079 1871 in
3125 1798 3267 1872 hac
3303 1797 3490 1886 vita,
3537 1820 3691 1871 non
3746 1804 4044 1870 tantum
4086 1794 4314 1870 habet

1102 1931 1472 2030 gaudium
1516 1933 1706 2031 spei,
1752 1934 1884 2008 sed
1920 1933 2148 2008 etiam
2182 1933 2288 2008 rei
2336 1958 2352 2008 :
2401 1933 2780 2031 quiajam
2823 1934 3249 2008 delectatur
3286 1932 3367 2006 in
3409 1955 3500 2007 eo
3533 1930 3740 2030 quod
3782 1930 4056 2028 diligit,
4100 1939 4176 2005 et
4205 1930 4311 2003 ita

1088 2066 1247 2164 jam
1283 2091 1444 2142 rem
1476 2066 1967 2165 aliquatenus
2000 2076 2233 2142 tenet.
2281 2067 2597 2143 Constat
2639 2067 2874 2164 igitur
2903 2067 3110 2165 quod
3142 2066 3520 2141 debemus
3550 2066 3712 2141 Deo
3790 2065 3966 2156 frui,
4024 2074 4098 2140 et
4155 2087 4308 2137 non

1103 2201 1237 2275 uti.
1277 2203 1416 2275 Illo
1458 2202 1693 2295 enim,
1742 2213 1823 2276 ut
1863 2203 2505 2298 aitAugustinus,
2554 2202 2857 2294 frueris,
2904 2225 3058 2299 quo
3119 2200 3478 2275 ellicieris
3545 2200 3843 2294 beatus,
3881 2208 3955 2274 et
4015 2199 4089 2273 in
4154 2222 4307 2296 quo

1102 2360 1317 2434 spem
1352 2336 1602 2434 ponis,
1643 2349 1721 2410 ut
1748 2338 1841 2411 ad
1877 2336 1950 2409 id
1996 2336 2406 2434 pervenias
2435 2362 2481 2409 ¹.
2529 2338 2640 2412 l)e
2709 2337 2856 2410 hoc
2921 2336 3124 2410 idem
3199 2334 3306 2409 ait
3373 2333 3447 2407 in
3513 2333 3708 2408 libro
3773 2332 3866 2409 de
3933 2332 4310 2408 Doctrina

1105 2469 1604 2544 Christiana:
1646 2470 1989 2544 Dicimus
2031 2494 2172 2545 nos
2211 2494 2303 2545 ea
2343 2494 2424 2544 re
2470 2469 2615 2543 frui
2660 2493 2893 2568 quam
2964 2468 3363 2563 diligimus
3417 2476 3732 2565 propter
3798 2490 3904 2554 se,
3970 2478 4045 2541 et
4101 2489 4188 2540 ea
4230 2488 4312 2540 re

1103 2602 1511 2676 [ruendum
1556 2604 1779 2678 nobis
1811 2627 1981 2679 esse
2010 2614 2334 2694 tantum,
2372 2628 2528 2703 qua
2558 2603 2945 2679 efficimur
2976 2602 3174 2678 beati
3211 2627 3226 2676 ε
3286 2600 3590 2676 caeteris
3618 2623 3804 2675 vero
3863 2599 4305 2675 utendum¹.

1101 2734 1576 2832 Frequenter
1612 2747 1858 2809 tamen
1895 2735 2176 2809 dicitur
2206 2735 2401 2834 frui,
2447 2759 2624 2810 cum
2667 2734 3177 2810 delectatione
3214 2733 3349 2807 uti.
3388 2733 3582 2807 Cum
3623 2731 3830 2807 enim
3863 2730 4078 2806 adest
4106 2731 4310 2828 quod

1098 2868 1472 2965 diligitur,
1518 2869 1745 2945 etiam
1780 2870 2362 2946 delectationem
2407 2894 2672 2947 secum
2705 2869 2904 2967 gerit
2949 2895 2965 2945 :
3004 2870 3067 2944 si
3103 2880 3361 2944 tamen
3393 2891 3532 2967 per
3560 2891 3730 2943 eam
3762 2866 4187 2961 transieri5‚
4233 2873 4308 2942 et

1102 3003 1192 3076 acl
1241 3003 1429 3078 illud
1468 3005 1592 3079 ubi
1628 3006 2239 3104 permanendum
2288 3016 2432 3099 est,
2478 3029 2648 3080 eam
2694 3005 3081 3097 retuleris,
3131 3002 3369 3079 uteris
3408 3026 3551 3078 ea:
3617 3010 3690 3078 et
3756 3001 4105 3095 abusive,
4154 3023 4308 3074 non

1102 3138 1406 3236 proprie
1438 3139 1716 3215 diceris
1752 3139 1945 3236 frui.
1993 3139 2070 3214 si
2115 3164 2297 3216 vero
2340 3137 2751 3215 inlneseris
2783 3148 3015 3236 atque
3060 3136 3610 3237 permanseris,
3652 3135 3882 3212 finem
3927 3135 4003 3209 in
4037 3158 4128 3211 ea
4168 3159 4309 3234 po-

1101 3297 1296 3348 nens
1331 3274 1616 3349 lii-titia·
1659 3285 1839 3360 ture,
1888 3286 2067 3351 tunc
2100 3300 2277 3351 vere
2319 3286 2394 3350 et
2438 3274 2743 3374 proprie
2781 3274 2955 3373 frui
2981 3274 3358 3350 dicendus
3388 3297 3473 3348 es
3509 3297 3525 3348 ε
3563 3274 3770 3371 quod
3815 3297 3970 3347 non
4031 3283 4144 3348 est
4205 3273 4308 3347 fa-

1104 3407 1494 3503 ciendum,
1539 3409 1682 3484 nisi
1722 3410 1794 3483 in
1833 3410 1960 3484 illa
1997 3410 2387 3499 Trinitate‚
2438 3410 2508 3484 id
2552 3419 2694 3503 est,
2731 3434 3038 3483 summo
3070 3419 3141 3484 et
3179 3406 3788 3483 incommutabili
3824 3407 4055 3481 hono.

2749 3760 2858 3841 de,
2891 3761 3146 3830 Jerem.
3179 3785 3343 3841 xvii,
3378 3765 3417 3829 5
3455 3784 3470 3829 :
3511 3762 3926 3831 Maledictus
3952 3764 4154 3831 homo
4183 3766 4308 3856 qui

2747 3870 3031 3958 confidit
3062 3872 3130 3937 in
3161 3872 3460 3950 homine,
3503 3883 3567 3940 et
3599 3873 3796 3963 ponit
3833 3895 4104 3940 carnem
4146 3873 4305 3940 bra-

2746 3978 2978 4043 chium
3027 4001 3258 4047 sumn.
3295 3978 3430 4046 Sed
3489 3988 3725 4046 contra
3760 3978 4025 4060 :Jonae,
4068 4003 4114 4057 1,
4178 3983 4217 4044 Γ»
4281 4003 4299 4047 :

2745 4087 3043 4153 Accessit
3102 4085 3202 4151 ad
3250 4107 3406 4152 eum
3469 4084 3892 4177 gubernator
3939 4109 3961 4154 .·
4032 4085 4297 4168 Glossa‚

2748 4192 2999 4259 ibidem
3039 4216 3053 4259 ;
3090 4193 3413 4261 Naturale
3452 4203 3556 4262 est
3595 4193 3857 4261 homini
3892 4194 3958 4261 in
4001 4194 4295 4284 periculo

2747 4303 2967 4391 magis
3002 4302 3070 4368 in
3110 4300 3245 4368 alio
3276 4325 3486 4393 quam
3531 4303 3598 4369 in
3641 4326 3711 4370 se
3750 4303 4114 4373 confidere.

1494 3867 1886 3947 Expositio
1921 3868 2228 3932 Textus.

1186 4103 1218 4141 α
1257 4080 1486 4143 Potes!
1515 4078 1720 4143 etiam
1764 4076 1925 4154 dici,
1969 4086 2094 4145 ete.
2136 4103 2169 4142 n

1183 4183 1320 4249 Sed
1349 4193 1583 4250 contra
1626 4207 1640 4250 :
1683 4183 2006 4251 l'roverb.
2067 4207 2209 4268 xm,
2268 4187 2342 4251 12
2380 4208 2395 4254 ε
2465 4191 2636 4276 Spes

1089 4314 1242 4380 quae
1272 4291 1593 4380 dissertur
1613 4294 1882 4380 aflliyit
1912 4294 2242 4360 (me'mnm.
2285 4333 2373 4346 —
2415 4293 2635 4362 Sous-

1089 4419 1219 4463 τιυ.
1289 4396 1542 4464 Verum
1600 4409 1698 4464 est
1767 4401 1834 4465 in
1892 4410 2218 4489 quantum
2260 4401 2626 4469 differtur:

1089 4503 1206 4569 sed
1243 4505 1663 4594 inquantum
1698 4507 1841 4593 jam
1873 4516 2178 4595 penetrat
2206 4531 2325 4598 per
2354 4519 2629 4598 gustum
2836 4515 3144 4580 soterio.
3204 4513 3608 4591 Dicendum,
3657 4515 3840 4606 quod
3886 4518 3955 4583 in
3997 4514 4294 4608 periculo
4377 4555 4579 4602 soz-nuo.

1092 4614 1413 4681 interiora
1477 4616 1856 4694 velaminis,
1919 4616 2196 4685 delectat
2240 4643 2323 4686 ex
2366 4643 2631 4711 praegu-

1090 4723 1380 4789 statione
1420 4724 1507 4790 rei
1551 4733 1860 4812 speratae.
1902 4723 2115 4803 l'nde,
2160 4724 2238 4791 ad
2278 4726 2480 4793 llebr.
2535 4751 2632 4812 vi,

1101 4830 1173 4893 lt!
1214 4837 1278 4895 el
1323 4832 1407 4893 21»
1452 4852 1466 4894 ε
1506 4833 1710 4919 Spem
1759 4853 1967 4919 quam
2024 4833 2195 4897 sicu!
2262 4834 2632 4901 anchoram

1090 4935 1418 5002 habemus
1456 4940 1708 5004 aalma·
1757 4947 2005 5017 lutam,
2067 4963 2145 5006 ac
2204 4941 2513 5028 firmam,
2573 4953 2635 5008 et

1093 5042 1500 5110 incedentem
1538 5068 1748 5135 usque
1775 5046 1871 5111 acl
1898 5047 2221 5115 inlere‘om
2244 5049 2633 5129 vnlamiuis,

1090 5149 1212 5216 ubi
1243 5175 1625 5239 praecursm·
1648 5177 1776 5243 pro
1816 5152 2009 5219 nobis
2068 5155 2374 5221 introiri!
2408 5158 2632 5224 lesus.

1180 5284 1211 5319 «
1255 5261 1458 5342 Quod
1483 5286 1615 5328 mm
1646 5272 1744 5328 est
1781 5263 2201 5349 laciendum,
2246 5271 2371 5331 etc.
2422 5290 2454 5328 ι
2494 5264 2639 5332 [Τη-

1163 5504 1178 5536 ¹
1208 5502 1264 5557 S.
1293 5505 1666 5567 Aucusrixcs‚
1695 5501 1815 5557 Lib.
1844 5502 1957 5557 lde
1982 5504 2257 5562 Doctrina
2276 5508 2636 5574 Christiana,

1091 5606 1221 5659 cap.
1256 5593 1344 5645 33.

2742 4621 2855 4687 ubi
2894 4631 3108 4711 potest
3146 4621 3381 4689 haberi
3415 4621 3792 4689 humanum
3826 4623 4185 4692 consilium
4226 4632 4291 4692 et

2741 4729 3102 4803 auxilium,
3178 4737 3395 4817 potest
3455 4728 3686 4796 haberi
3740 4729 3982 4798 fiducia
4036 4733 4100 4797 in
4166 4729 4297 4798 ho-

2745 4838 2956 4912 mine,
3022 4858 3159 4902 non
3216 4846 3442 4905 tamen
3511 4837 3784 4905 exclusa
3834 4838 3954 4907 Dei
4016 4840 4294 4908 invoca-

2744 4944 2956 5023 tione,
3010 4945 3168 5033 quia
3233 4944 3430 5013 aliter
3471 4955 3646 5013 esset
3696 4955 3955 5015 tentare
4011 4947 4225 5015 Deum
4272 4971 4289 5015 :

2744 5051 2863 5117 sed
2885 5058 3098 5118 totam
3132 5050 3447 5119 liducinm
3479 5075 3633 5120 cum
3667 5053 4052 5121 exclusione
4082 5055 4290 5122 divini

2745 5155 3062 5244 adjutorii
3125 5159 3192 5223 in
3245 5156 3524 5225 homine
3565 5171 3816 5247 'ponere
3875 5159 4288 5250 prohibitum

2747 5276 2870 5331 est.

2818 5512 2840 5547 ¹
2875 5511 3028 5570 Ιυεκ.
3062 5512 3311 5579 widem,
3345 5531 3474 5586 cap.
3512 5516 3602 5572 31.
