4897 6388
471 376 476 380 ’
590 389 730 486 aaa
1274 427 1332 437 -f
1402 427 1408 436 -
1545 389 1657 487 D.
1698 390 1897 486 ALD.
1941 392 2163 494 MAG
2201 392 2406 491 oRD.
2460 390 2756 459 PRAED.

1242 476 1416 510 ·ae⁷

588 579 709 657 nes
737 555 1153 658 descendant
1192 580 1231 624 a
1247 554 1779 649 superioribus
1762 584 1833 628 ιιι
1873 563 2141 631 inferio-

590 652 720 764 reS,
780 673 847 733 et
876 687 1017 733 non
1054 688 1112 734 e
1171 688 1544 766 converso:
1606 669 1896 752 videtur,
1957 653 2139 763 quod
2273 653 2280 661 ¹

586 753 857 840 tanturn
880 775 1268 875 superiores
1289 774 1656 868 loquantur
1683 763 2135 857 inferioribus,

588 886 658 984 et
692 902 831 948 non
861 902 898 982 e
929 902 1289 981 coDvers0.

102 1032 110 1041 ·
239 1012 336 1060 sea
371 1024 464 1063 eon
434 1015 558 1061 ntra.
599 1074 608 1082 q
639 969 814 1055 SED
850 1010 1154 1056 comm:
1191 989 1392 1079 Apud
1421 1012 1546 1057 nos
1596 1012 1834 1058 omnes
1872 990 2141 1058 indiffe-

592 1087 815 1190 renter
851 1083 1221 1199 possumus
1251 1096 1570 1163 omnibus
1616 1095 1804 1187 loqui
1848 1121 1968 1188 per
2024 1122 2140 1165 na-

590 1187 866 1298 turam3
887 1227 1063 1295 ergo
1106 1227 1262 1273 cum
1293 1227 1433 1272 non
1462 1207 1597 1273 sint
1646 1207 1979 1275 inferioris
2020 1231 2138 1297 po·

587 1291 862 1414 testatis
878 1313 1129 1414 ADgeli
1163 1337 1365 1416 quam
1426 1339 1578 1396 ιιο3,
1629 1316 1897 1383 videtur
1953 1316 2136 1408 quod

494 1446 497 1449 ⁴
589 1389 719 1524 ipsi
749 1443 990 1522 omnes
994 1369 1350 1488 t>omnibus
1384 1421 1570 1514 loqui
1603 1432 1911 1513 possunt.

306 1579 490 1635 Quat.

600 1599 860 1714 Ιιιιιι
876 1601 1243 1728 quaeritur,
1298 1636 1372 1704 Si
1419 1637 1735 1705 distantia
1779 1609 1999 1734 potest
2037 1639 2133 1706 eis

584 1716 804 1813 facere
834 1731 1403 1835 impedimentum
1430 1743 1741 1865 loquelae,
1764 1744 1937 1812 sicut
1954 1742 2134 1835 apud

579 1873 712 1940 nos
765 1873 906 1919 non
953 1848 1144 1918 audit
1193 1871 1319 1918 nos
1381 1851 1500 1941 qui
1536 1849 1690 1941 plus
1733 1843 1850 1920 vel
1906 1850 2131 1919 minus

578 1939 800 2048 distat
844 1958 1025 2060 ultra
1072 1981 1282 2054 quam
1345 1982 1750 2083 possumus.
1823 1958 2131 2052 frangere

481 2067 486 2072 ’
578 2039 890 2156 aei-eni?⁸
914 2066 1210 2142 Videtur
1238 2060 1423 2170 quod
1460 2068 1600 2135 sic:
1638 2068 1798 2174 quia
1838 2066 2130 2160 legimus

573 2146 882 2274 Angelos
929 2174 1228 2244 clamare
1269 2173 1557 2243 alterum
1609 2166 1694 2243 ad
1749 2174 2094 2259 alterum¹

573 2281 731 2350 Non
765 2288 994 2351 autem
1027 2291 1131 2351 est
1168 2282 1589 2351 necessarius
1657 2280 1936 2370 clamor,
1999 2283 2129 2351 nisi

496 2397 522 2446 θ
565 2397 892 2483 propter
909 2390 1317 2460 surditatem
1361 2390 1472 2459 vel
1526 2402 1803 2483 propter
1867 2391 2130 2460 distan-

573 2497 786 2596 tiam:
820 2497 1117 2567 surditas
1162 2507 1393 2567 autem
1432 2520 1572 2567 non
1620 2497 1863 2567 accidit
1898 2499 2129 2590 Ange-

477 2675 482 2679 .
572 2603 706 2676 lis:
749 2626 913 2697 ergo
966 2603 1229 2674 clamor
1267 2614 1369 2675 est
1397 2613 1673 2697 propter
1707 2602 2122 2683 distantiam,

276 2901 481 2952 Solane.

575 2720 654 2781 ut
679 2711 976 2782 videtur.
1073 2805 1074 2810 Ἰ

609 2999 614 3030 :
668 2919 985 3002 Somno.
1028 2930 1198 3000 Dico
1263 2931 1409 3000 sine
1465 2922 1883 3022 praejudicio,
1944 2927 2127 3021 quod

575 3036 831 3129 duplex
854 3045 961 3108 est
992 3035 1255 3107 locutio
1306 3036 1377 3104 in
1432 3035 1755 3128 Angelis:
1807 3057 1945 3103 una
1973 3057 2126 3127 quae

513 3198 518 3203 -
577 3153 868 3216 vocatur
910 3143 1348 3215 illuminatio
1404 3166 1444 3212 a
1498 3141 1864 3235 Dionysio:
1909 3151 1977 3213 et
2016 3140 2130 3211 illa

275 4560 345 4606 Ad
364 4561 535 4619 quast.

578 3238 681 3341 est
709 3252 794 3323 de
831 3250 942 3322 his
988 3275 1142 3346 quae
1181 3251 1699 3321 manifestantur
1755 3251 1823 3318 in
1869 3249 1936 3318 V
1938 3249 2125 3331 erbo,

577 3370 647 3455 et
681 3384 824 3431 non
868 3368 1033 3431 sunt
1064 3360 1149 3431 de
1165 3359 1544 3430 substantia
1576 3358 2014 3430 beatitudinis
2060 3360 2130 3427 in

577 3448 882 3563 speciali,
912 3468 1036 3538 sed
1062 3477 1224 3537 sunt
1252 3468 1334 3539 de
1362 3466 1866 3560 dispensatione
1897 3466 2131 3536 mundi

579 3579 810 3649 futura
853 3586 922 3648 et
950 3585 1532 3647 sacramentorum
1572 3587 1640 3646 et
1677 3575 2033 3647 Ecclesiae:
2068 3590 2131 3647 et

579 3707 824 3756 verum
853 3692 983 3767 est,
1016 3683 1204 3778 quod
1243 3684 1358 3753 illa
1397 3683 1649 3754 locutio
1702 3683 2041 3753 descendit
2093 3708 2133 3753 a

583 3790 1053 3885 superioribus
1090 3792 1162 3860 in
1191 3791 1584 3862 inferiores:
1626 3793 1786 3883 quia
1815 3790 1930 3859 illa
1975 3790 2135 3860 illu-

585 3900 964 3969 minatione
1039 3900 1427 3993 superiores
1490 3907 1808 3991 purgant,
1881 3897 2137 3967 illumi-

584 4015 779 4092 nant,
820 4016 889 4076 et
927 3998 1287 4099 perficiunt
1323 4007 1674 4076 inferiores
1710 4030 1808 4076 se.
1841 4004 1993 4075 Alia
2022 4030 2139 4076 au·

584 4125 725 4187 tem
751 4125 860 4195 ,est
882 4116 1138 4185 locutio
1168 4115 1254 4185 de
1272 4116 1614 4208 conceptis
1644 4115 1712 4182 in
1743 4115 1943 4184 corde
1971 4138 2139 4207 pro-

582 4224 752 4317 priis
787 4233 905 4296 :et
972 4223 1089 4294 illa
1136 4222 1479 4311 locutione
1516 4233 1582 4293 et
1639 4223 1800 4292 boni
1841 4232 1910 4293 et
1978 4221 2138 4291 mali

590 4334 994 4428 loquuntur,
1027 4342 1097 4404 et
1138 4357 1379 4405 omnes
1411 4333 1758 4403 omnibus.

682 4546 787 4614 An
817 4568 883 4613 ιιι
923 4544 1110 4637 quod
1157 4545 1483 4637 quaeritur
1513 4546 1595 4616 de
1642 4547 1986 4627 distantia,
2046 4545 2146 4615 di·

593 4653 888 4723 cendum
920 4651 1106 4744 quod
1128 4653 1447 4722 distantia
1492 4655 1621 4724 loci
1666 4654 1831 4724 nihii
1882 4655 2036 4723 facit
2077 4656 2143 4722 in

595 4762 720 4852 eis,
752 4759 873 4830 sed
911 4768 1179 4830 tantum
1222 4761 1389 4831 ordo
1431 4763 1895 4833 conversionis
1929 4763 2012 4831 ad
2043 4762 2147 4830 al-

599 4880 818 4965 terum
856 4892 984 4960 per
1019 4870 1467 4940 intentionem
1498 4872 1960 4941 innotescendi
1988 4874 2140 4940 sibi.

686 4977 792 5046 An
840 5000 907 5046 ιι)
955 4978 1143 5071 quod
1188 4977 1507 5068 objicitur
1546 4979 1627 5048 de
1682 4979 2004 5058 clamore,
2051 4980 2148 5049 di·

597 5083 890 5154 cendum
949 5083 1138 5177 quod
1200 5082 1460 5155 clamor
1518 5085 1765 5178 Angeli
1812 5085 2148 5178 significat

599 5189 1146 5281 magnitudinem
1186 5190 1633 5281 exprimendi,
1666 5213 1804 5260 non
1853 5193 2148 5260 necessi-

598 5302 806 5364 tatem
839 5295 1203 5377 audientis,
1227 5298 1335 5367 vel
1365 5299 1657 5390 spatium
1688 5296 2020 5367 distantiae
2051 5301 2149 5367 in·

601 5414 702 5472 ter
729 5404 1122 5475 audientem
1154 5416 1222 5475 et
1257 5405 1677 5497 loquentem.

617 5696 632 5816 Δ,
720 5743 836 5801 lsa.
866 5757 945 5812 vi,
976 5741 1044 5797 3:
1076 5742 1148 5796 Et
1207 5739 1522 5797 clamabant
1549 5739 1690 5797 alter
1715 5739 2066 5799 adulterum.

2645 902 3147 972 ARTICULUS
3195 901 3390 984 XVI,

2246 1111 2353 1176 An
2389 1109 2638 1198 Anqeli
2668 1111 2735 1176 in
2764 1110 2910 1177 suis
2940 1109 3402 1177 locutionibus
3432 1119 3494 1177 et
3525 1108 3797 1177 auditi-

2337 1216 2460 1283 bus
2488 1225 2779 1283 utuntur
2809 1215 3095 1306 linqui&
3131 1215 3448 1295 auribus,
3483 1225 3608 1283 aut
3635 1215 3792 1304 qui·

2335 1324 2622 1391 busdam
2663 1324 2942 1415 orqanis
2968 1323 3009 1391 Ρ

2333 1644 2586 1714 Ultimo
2610 1644 2935 1735 quaeritur
2954 1640 3038 1709 de
3060 1641 3337 1732 organis
3367 1639 3790 1709 audientium

2244 1760 2311 1821 et
2348 1752 2798 1843 loquentium.

2329 1859 2498 1929 Cum
2540 1860 2721 1927 enim
2743 1858 3049 1949 Angelus
3077 1858 3165 1925 sit
3186 1854 3567 1924 substantia
3597 1876 3787 1944 sepa-

2240 1975 2410 2046 rata,
2453 1966 2721 2035 videtur
2803 1988 2944 2033 non
3009 1962 3260 2032 habere
3309 1983 3596 2051 organa,
3665 1982 3790 2028 nec

2239 2075 2441 2143 etiam
2479 2073 2814 2164 potentias
2844 2072 2930 2139 ad
2957 2067 3355 2161 hujusmodi
3386 2089 3643 2159 organa
3671 2065 3788 2134 de-

2236 2184 2667 2254 terminatas:
2712 2185 2888 2251 sicut
2934 2180 3193 2249 habent
3260 2178 3507 2247 animm
3574 2185 3790 2244 exutae

2237 2314 2277 2359 a
2306 2291 2727 2383 corporibus,
2770 2291 2945 2357 sicut
2981 2288 3232 2379 legitur
3287 2284 3371 2353 de
3408 2284 3646 2377 lingua
3682 2282 3790 2350 di-

2235 2399 2394 2467 vitis
2438 2397 2740 2465 damnati
2786 2405 2853 2465 et
2887 2395 3102 2486 digito
3147 2392 3380 2461 Lazari
3420 2392 3467 2463 ’.

2328 2504 2461 2573 San
2490 2529 2547 2572 3ι
2601 2504 2733 2573 hoc
2788 2501 3225 2583 concedatur,
3282 2511 3446 2570 tunc
3488 2501 3785 2584 videtur,
3817 2505 3912 2550 ⁸0⁶
3954 2509 4141 2553 eontra.

2237 2612 2419 2703 quod
2459 2612 2645 2703 loqui
2694 2634 2932 2680 eorum
2978 2618 3045 2679 et
3099 2609 3335 2678 audire
3393 2607 3567 2678 nihil
3605 2606 3787 2675 addit

2235 2743 2437 2812 super
2465 2720 2839 2813 intelligere
2866 2716 3245 2787 secundum
3287 2728 3540 2797 actum,
3604 2714 3788 2808 quod

2234 2828 2479 2897 falsum
2509 2838 2609 2897 est
2642 2851 2659 2896 ε
2696 2829 2856 2920 quia
2878 2825 3010 2896 hoc
3050 2850 3189 2896 non
3218 2824 3425 2895 habet
3454 2826 3787 2896 rationem

2236 2935 2550 3028 loquelae.

2322 3149 2426 3218 AD
2456 3172 2580 3218 noc
2600 3146 2963 3218 dicendum
2983 3149 3131 3217 sine
3149 3145 3576 3240 praejudici0,
3601 3146 3786 3240 quod
3867 3157 4069 3206 sonuum

2235 3257 2480 3349 Angeli
2516 3257 2769 3326 habent
2794 3256 3066 3348 linguas
3085 3256 3516 3348 spirituales:
3559 3266 3626 3325 et
3653 3255 3784 3325 511ae

2236 3364 2404 3433 nihil
2433 3363 2616 3433 aliud
2652 3371 2811 3433 sunt
2840 3385 3048 3456 quam
3071 3371 3369 3455 potestas
3397 3363 3786 3432 communi-

2236 3470 2428 3541 candi
2459 3470 2742 3540 consilia
2779 3478 2846 3539 et
2879 3477 3249 3561 conceptus
3276 3492 3439 3539 suos
3461 3472 3775 3540 invicem.

2325 3580 2428 3648 An
2480 3601 2605 3647 noc
2660 3586 2887 3648 autem
2954 3577 3140 3670 quod
3196 3578 3539 3669 objicitur,
3598 3578 3782 3671 quod
3828 3591 4108 3651 suot-10⁸¹·

2240 3686 2424 3778 loqui
2454 3709 2689 3755 eorum
2730 3708 2865 3755 non
2914 3684 3228 3754 videatur
3282 3707 3429 3756 esse
3496 3687 3624 3754 nisi
3682 3687 3784 3756 in·

2239 3794 2539 3886 telligere
2610 3792 2986 3863 secundum
3070 3802 3326 3873 actum,
3422 3792 3782 3863 dicendum

2240 3901 2421 3995 quod
2464 3901 2547 3969 ad
2606 3901 2789 3993 loqui
2846 3908 3259 3970 concurrunt
3320 3901 3475 3983 tria,
3533 3902 3789 3970 scilicet

2242 4008 2614 4101 intelligere
2644 4007 3022 4079 secundum
3052 4018 3311 4087 actum,
3345 4017 3415 4078 et
3434 4011 3787 4079 conversio

2243 4118 2328 4187 ad
2366 4117 2654 4187 alterum
2706 4117 2833 4185 sub
2898 4113 3252 4186 voluntate
3296 4116 3787 4197 innotescendi,

2243 4234 2312 4295 et
2354 4225 2634 4293 intentio
2677 4224 2979 4314 dirigens
3025 4220 3508 4293 similitudines
3546 4224 3631 4293 ad
3687 4246 3793 4292 res

2245 4330 2594 4424 dequibus
2647 4338 2748 4399 cst
2796 4351 3050 4398 sermo.
3102 4327 3436 4399 Similiter
3478 4329 3564 4399 ad
3607 4329 3798 4398 audi-

2247 4449 2392 4508 tum
2433 4440 2557 4507 ista
2619 4444 3056 4517 concurrunt,
3118 4436 3375 4505 scilicet
3437 4440 3792 4506 conversio

2251 4545 2335 4615 ad
2401 4544 2819 4636 loquentem,
2895 4550 2964 4611 et
3043 4543 3366 4612 voluntas
3422 4544 3795 4635 accipiendi

2249 4658 2772 4743 conceptum,et
2827 4649 3109 4719 directio
3177 4650 3645 4720 similitudinis
3710 4652 3794 4719 ad

2251 4783 2392 4829 rem
2431 4757 2765 4826 eamdem.

2339 4865 2423 4934 Et
2450 4866 2503 4931 si
2528 4864 2800 4955 quaeriS,
2823 4861 3190 4943 Quomodo
3221 4873 3446 4955 potest
3471 4864 3601 4936 hoc
3621 4891 3792 4947 esse,
3884 4855 3888 4859 ⁸

2251 4972 2431 5064 quod
2465 4993 2597 5039 uno
2630 4991 2958 5039 converso
2989 4969 3075 5037 ad
3111 4969 3428 5055 alterum,
3473 4983 3543 5042 et
3577 4996 3614 5042 e
3641 4997 3800 5043 con·

2250 5101 2446 5148 verso
2488 5078 2597 5146 ille
2629 5078 3050 5146 convertitur
3097 5076 3184 5145 ad
3243 5079 3508 5147 istum?
3548 5080 3800 5150 Dicen-

2253 5188 2414 5255 dum
2451 5185 2632 5277 quod
2674 5184 2807 5253 hoc
2853 5185 3191 5276 contingit
3230 5194 3512 5277 propter
3556 5188 3794 5259 lumen

2252 5291 2715 5381 intelligentia!
2749 5290 2952 5357 unius
3009 5287 3279 5358 directae
3319 5291 3406 5360 ad
3464 5291 3751 5361 alterum
3783 5317 3799 5362 :

2249 5402 2422 5468 sicut
2491 5399 2672 5465 enim
2758 5395 2988 5465 radius
3060 5394 3341 5466 luminis
3430 5399 3804 5491 corporalis

2247 5504 2623 5597 applicatur
2649 5503 2868 5589 alteri,
2911 5504 3007 5571 ita
3034 5504 3239 5572 etiam
3259 5503 3492 5575 radius
3514 5507 3735 5577 lumin
3755 5510 3809 5576 is

2307 5738 2332 5777 ¹
2349 5739 2435 5798 Cf.
2467 5739 2602 5799 Luc.
2628 5754 2743 5807 xvi,
2765 5740 2856 5796 24.
