4897 6388
1726 248 1863 372 ⁸lN
1912 246 1934 312 1
1990 248 2411 318 SENTENT.
2465 252 2691 323 DIST.
2744 254 2866 338 tt-I,
2917 254 2994 334 F,
3046 255 3241 322 ART.
3302 259 3405 324 18.

1344 735 1851 807 ARTICULUS
1918 736 2078 804 XVI
2089 737 2174 803 ll.

1073 954 1183 1021 An
1209 952 1627 1044 Philosophi
1646 963 2020 1043 potuerunt
2057 976 2445 1044 coqnoscere

1525 1061 1927 1128 Trinitatem
1963 1059 2003 1128 ?

1073 1384 1335 1453 Deinde
1392 1384 1713 1473 objicitur
1767 1384 1849 1453 de
1897 1384 2028 1452 hoc
2075 1385 2255 1474 quod
2305 1386 2465 1454 dicit
2509 1410 2524 1454 ε

983 1520 1015 1558 α
1061 1495 1214 1562 Non
1247 1494 1428 1560 enim
1450 1515 1580 1585 per
1614 1502 2088 1560 ereaturarum
2116 1494 2532 1585 contempla·

978 1603 1231 1668 tionem
1279 1601 1659 1691 suffic-iem,
1713 1609 1840 1668 etc.
1890 1624 1923 1665 ι
1994 1599 2093 1667 Ex
2150 1599 2279 1668 hoc
2343 1601 2527 1669 enim

976 1712 1307 1803 accipitur
1376 1712 1565 1805 quod
1650 1710 2050 1801 Philosophi
2126 1710 2524 1780 Trinitatem

976 1843 1118 1888 non
1158 1828 1655 1913 cognoverunt.

1073 1930 1132 1998 1.
1167 1928 1421 1998 Contra
1460 1926 1593 1997 hoc
1639 1926 1907 1996 videtur
1952 1950 2098 1995 esse
2152 1927 2332 2018 quod
2375 1929 2526 1996 Ari-

974 2037 1254 2108 stoteles
1297 2037 1366 2105 in
1398 2036 1425 2104 1
1466 2036 1551 2104 de
1584 2035 1768 2105 Coelo
1806 2045 1870 2103 et
1898 2034 2162 2103 Mundo
2193 2035 2353 2103 dicit
2381 2036 2518 2104 sic:

972 2146 1058 2215 Et
1088 2146 1200 2216 hic
1230 2146 1534 2239 quidem,
1566 2142 1843 2220 scilicet,
1892 2144 2222 2211 ternarius
2251 2153 2351 2212 est
2379 2167 2526 2226 om,-

949 2257 1058 2324 nis
1090 2256 1213 2332 rei,
1266 2263 1333 2323 et
1390 2250 1740 2345 significat
1797 2251 2167 2318 trinitatem
2237 2274 2514 2322 rerum:

950 2385 1077 2431 nos
1117 2384 1284 2430 vero
1322 2383 1462 2429 non
1487 2359 1910 2428 extraximus
1944 2357 2123 2425 hunc
2153 2381 2515 2428 numerum

955 2473 1086 2540 nisi
1122 2495 1162 2539 a
1196 2479 1438 2540 natura
1470 2491 1727 2549 rerum,
1761 2477 1828 2536 et
1858 2468 2259 2535 retinuimus
2291 2469 2513 2558 ipsum

953 2579 1307 2672 prolege:
1342 2601 1425 2648 eo
1468 2576 1652 2668 quod
1703 2576 1905 2660 rel-»us
1956 2575 2373 2644 naturalibus
2411 2577 2511 2643 si-

956 2688 1139 2756 milis
1166 2695 1293 2764 est,
1336 2695 1404 2754 et
1453 2685 1606 2753 ideo
1659 2684 1728 2751 in
1777 2684 1924 2773 lege
1977 2681 2385 2775 Pythagora}
2443 2684 2508 2750 in

954 2817 1089 2886 qua
1124 2794 1352 2863 docuit
1378 2792 1604 2861 colere
1637 2789 1884 2866 Deum,
1920 2787 2352 2856 adhibuimus
2384 2812 2509 2856 nos

952 2905 1139 2995 ipsos
1229 2900 1666 2992 magnificare
1733 2899 2076 2967 sacrificiis
2155 2907 2217 2965 et
2321 2897 2506 2966 cultu

950 3014 1172 3080 iteum
1211 3034 1426 3078 unum
1456 3008 1833 3077 secundum
1866 3006 2046 3075 hunc
2088 3030 2447 3074 numerum
2486 3031 2544 3086 τό

950 3121 1282 3214 quoniam
1323 3116 1848 3211 magnificamus
1881 3114 2098 3182 lleum
2129 3123 2503 3184 creatorem

951 3230 1374 3298 eminentem
1445 3225 1975 3319 proprietatibus
2043 3248 2279 3292 eorum
2352 3249 2503 3316 quae

947 3347 1108 3406 sunt
1146 3345 1398 3406 creata.
1454 3335 1582 3404 llic
1658 3334 1841 3401 enim
1882 3333 2149 3401 videtur
2186 3356 2500 3424 expresse

947 3446 1306 3513 nominare
1327 3442 1551 3511 Deum
1585 3443 1869 3511 trinum.

1029 3557 1096 3623 2.
1147 3552 1341 3631 ltem,
1412 3550 1609 3618 Plato
1665 3550 1968 3641 loquitur
2025 3549 2107 3617 de
2167 3549 2365 3618 Patre
2431 3559 2497 3618 et

942 3663 1116 3731 Filio
1156 3663 1285 3730 sub
1332 3661 1625 3752 propriis
1668 3658 2084 3737 nominibus,
2133 3668 2197 3726 et
2242 3658 2325 3727 de
2374 3682 2499 3749 pa-

938 3781 1133 3839 terna
1175 3779 1400 3839 mente
1440 3780 1506 3837 et
1554 3777 1837 3859 paterno
1869 3766 2208 3835 intellectu
2242 3789 2257 3833 ε
2314 3791 2492 3859 ergo

936 3880 1208 3947 videtur
1246 3876 1547 3952 Patrem,
1583 3884 1647 3941 et
1682 3874 1926 3943 Filium
1971 3874 2399 3944 intellexisse.

1029 3990 1094 4056 3.
1133 3987 1330 4063 Item,
1366 3985 1793 4077 Augustinus
1824 3982 1980 4049 «licit
2015 3983 2195 4073 quod
2223 3985 2287 4051 in
2329 4007 2497 4074 quo-

939 4097 1097 4165 dam
1122 4095 1297 4165 libro
1333 4094 1639 4162 l’latonis
1681 4093 1843 4183 legit
1877 4091 2323 4184 Evangelium
2360 4116 2375 4159 ε
2414 4095 2492 4161 ln

926 4206 1281 4297 principio
1337 4213 1486 4269 era!
1538 4201 1858 4269 verbum:
1898 4224 2109 4290 usque
2147 4199 2232 4268 ad
2298 4201 2490 4270 illum

934 4313 1206 4380 locum:
1256 4308 1540 4377 l'erbum
1563 4333 1722 4377 caro
1759 4313 2025 4398 lactum
2059 4315 2219 4377 esth

1030 4420 1093 4486 4.
1142 4416 1337 4495 ltem,
1397 4416 1922 4507 Trismegistus:
1994 4415 2234 4484 Menas
2272 4418 2491 4510 gignit

939 4522 1335 4599 monadem,
1381 4531 1446 4590 et
1490 4524 1556 4589 in
1589 4545 1660 4588 se
1709 4544 1907 4587 suum
1947 4522 2220 4590 rellectit
2283 4523 2491 4590 ardo-

937 4658 1079 4703 rem
1126 4654 1143 4701 :
1202 4653 1366 4722 ergo
1427 4630 1723 4709 videtur,
1767 4627 1946 4719 quod
1990 4632 2311 4719 cognovit
2354 4630 2488 4698 l’a-

930 4754 1108 4811 trem
1139 4747 1613 4833 generantem.
1658 4748 1722 4806 et
1757 4736 2001 4804 Filium
2048 4739 2377 4827 genitum,
2421 4749 2491 4809 et

928 4855 1261 4921 Amorem
1301 4851 1417 4941 qui
1450 4859 1550 4918 est
1573 4847 1660 4916 ab
1702 4856 1987 4938 utroque
2020 4857 2092 4915 ut
2124 4848 2345 4915 ardor.

1020 4963 1088 5029 5.
1135 4957 1207 5027 Si
1267 4957 1440 5025 forte
1490 4957 1779 5038 dicatur,
1846 4954 2026 5044 quod
2086 4954 2482 5048 Philosophi

929 5092 1069 5139 non
1102 5073 1576 5160 cognoverunt
1633 5088 1954 5157 personas
2011 5064 2136 5133 sub
2195 5065 2484 5156 propriis

926 5176 1327 5247 nominibus
1367 5196 1842 5265 personarum,
1887 5172 2005 5240 sed
2053 5170 2177 5239 sub
2226 5196 2482 5264 appro-

922 5287 1188 5378 priatiS,
1241 5283 1499 5352 scilicet
1599 5281 1932 5374 potentia,
2000 5282 2355 5373 sapientia,
2414 5289 2481 5350 et

912 5392 1264 5462 bonitate.
1300 5392 1570 5460 Cosraa
1602 5410 1617 5458 ε
1652 5390 2187 5483 Appropriatum
2223 5396 2481 5458 nonest

990 5626 1005 5661 ¹
1036 5626 1125 5681 Cf.
1156 5627 1323 5681 «ioan.
1359 5641 1395 5689 ι,
1437 5628 1451 5677 t
1501 5626 1582 5680 ti.

1202 5757 1311 5801 XXV

3843 342 3856 355 κ
3910 286 3914 290 ·
4021 277 4024 278 ⁷
4068 254 4192 321 113

2648 424 2778 490 nisi
2817 446 2940 515 per
2958 424 3376 496 intellectum
3408 426 3820 494 conveniens
3850 448 4005 494 cum
4035 387 4193 517 pro-

2644 533 2791 623 prio
2836 556 2852 602 :
2897 559 3058 627 ergo
3093 561 3230 606 non
3262 535 3604 605 intellecto
3644 534 3831 625 prius
3880 536 4186 625 propri0,

2643 662 2781 707 non
2809 641 3210 735 intelligitur
3239 643 3748 733 appropriatum
3784 662 3798 709 ε
3844 648 3913 708 et
3951 643 4042 708 ita
4070 641 4183 708 vi·-

2643 746 2839 815 detur
2919 752 3103 841 quod
3195 753 3639 841 proprietates
3732 771 4184 840 personarum

2643 855 3116 925 intellexerunt
3154 860 3549 948 priusquam
3588 858 4040 947 appropriata.

2731 1069 3059 1138 Ummns
3133 1071 3481 1161 quaeritur,
3564 1068 3637 1137 Si
3710 1075 4178 1160 cognoverunt
4259 1079 4440 1135 Quem.
4464 1086 4503 1134 1.

2640 1175 2867 1266 aliquo
2927 1177 3131 1245 modo
3182 1177 3450 1245 Patrem
3500 1186 3568 1244 et
3621 1177 3892 1255 Filium,
3946 1187 4176 1245 utrum

2638 1284 2857 1373 magis
2887 1285 3167 1351 accessit
3207 1284 3289 1350 ad
3322 1287 3630 1351 notitiam
3674 1306 3908 1352 eorum
3978 1284 4181 1352 Pater

2636 1393 2705 1457 in
2737 1393 2997 1460 ratione
3028 1393 3308 1460 dicentis
3349 1415 3468 1482 per
3497 1392 3928 1481 {intellectum
3969 1415 4176 1483 quam

2637 1501 2706 1565 in
2774 1502 3034 1568 ratione
3089 1499 3330 1576 Patris,
3395 1510 3460 1568 et
3499 1500 3709 1567 Filius
3778 1501 3844 1567 in
3912 1502 4175 1570 ratione

2634 1606 2819 1674 verbi
2854 1630 3057 1697 quam
3093 1606 3241 1674 Filii
3270 1611 3304 1674 ἱ)

2728 1710 3051 1779 Uni-:mus
3108 1714 3455 1802 quoeritur,
3518 1711 3739 1791 Quare
3783 1713 4170 1784 defecerunt

2634 1824 2850 1910 magis
2882 1824 2951 1890 in
2981 1823 3370 1914 cognitione
3405 1821 3697 1914 Spiritus
3724 1825 3936 1893 sancti
3960 1848 4165 1917 quam

2631 1928 2837 1996 Filii?

2721 2137 3029 2208 Somne.
3099 2141 3505 2221 Dicendum,
3558 2140 3740 2232 quod
3777 2144 3922 2211 sine
3952 2143 4160 2215 dubio

2627 2245 3027 2338 Philosophi
3083 2248 3288 2316 ductu
3331 2250 3654 2317 naturalis
3697 2252 3974 2318 rationis
4022 2276 4163 2322 non

2622 2365 2989 2445 potuerunt
3026 2359 3483 2450 cognitionem
3547 2356 3794 2428 habere
3850 2359 4167 2430 determi-

2622 2474 2847 2531 natam
2908 2463 2990 2532 de
3052 2464 3377 2531 Trinitate
3451 2466 3820 2533 secundum
3891 2471 4164 2560 propria

2620 2572 2897 2638 noiuiiua
2953 2594 3455 2663 personarum:
3515 2581 3580 2641 et
3643 2571 3772 2643 hoe
3826 2577 4162 2668 contingit

2614 2691 2894 2771 propter
2923 2684 3110 2749 tria:
3185 2705 3476 2771 quorum
3536 2705 3746 2750 unum
3809 2694 3935 2765 est,
3997 2686 4159 2776 quia

2612 2790 2911 2879 cognitio
2953 2789 3066 2858 illa
3097 2790 3596 2880 oppositionem
3628 2789 3826 2859 habet
3852 2792 3935 2860 ad
3966 2795 4159 2883 prin-

2612 2898 2809 2987 cipia,
2837 2898 3084 2988 quihus
3107 2896 3482 2965 intellectus
3504 2899 3742 2988 accipit
3770 2900 4149 2981 scientiam,

2612 3005 2836 3096 qualia
2868 3015 3050 3084 sunt,
3087 3006 3241 3096 quia
3285 3008 3487 3073 unius
3546 3015 3801 3074 naturai
3844 3008 4153 3079 indivisi·

2609 3111 2764 3180 hilis
2805 3137 2924 3205 per
2953 3137 3314 3181 numerum
3347 3136 3482 3181 non
3515 3122 3796 3205 possunt
3817 3139 3964 3185 esse
3996 3141 4155 3211 sup·

2607 3222 2823 3311 posita
2883 3220 3078 3311 plura
3122 3244 3137 3288 :
3219 3222 3374 3313 quia
3446 3244 3646 3290 omne
3686 3223 3868 3314 quod
3905 3225 4155 3296 distin-

2605 3338 2838 3428 guitur
2865 3337 3237 3405 secundum
3281 3336 3809 3416 subsistentiam,
3853 3363 3935 3409 eo
3967 3343 4153 3434 quod

2605 3444 2690 3511 ad
2721 3444 3036 3520 alterum,
3073 3446 3258 3535 prius
3291 3454 3386 3511 est
3415 3446 3481 3512 in
3512 3445 3887 3516 substantia
3916 3448 4154 3519 distin·

2604 3562 2786 3622 ctum
2818 3554 3178 3643 recipiente
3239 3552 3419 3620 illam
3466 3553 3864 3623 relationem
3909 3578 3926 3623 z
3990 3560 4151 3648 quia

2601 3664 2891 3754 gignens
2930 3662 3013 3729 de
3052 3661 3427 3728 substantia
3475 3685 3595 3730 sua
3626 3673 3691 3730 et
3732 3665 4045 3754 genitum
4078 3668 4147 3735 in

2601 3795 2746 3841 esse
2778 3795 2914 3839 non
2952 3780 3107 3839 sunt
3154 3769 3355 3838 simul
3402 3794 3415 3837 :
3481 3774 3641 3861 quia
3697 3794 3898 3841 omne
3949 3776 4150 3867 geni-

2600 3886 2742 3946 tum
2779 3879 2963 3968 prius
2992 3887 3090 3945 est
3124 3878 3189 3945 in
3232 3879 3533 3968 potentia
3591 3902 3795 3970 quam
3848 3882 3916 3948 in
3961 3890 4144 3964 actu,

2599 3993 2661 4052 et
2704 3982 3094 4071 hujusmodi
3128 3983 3352 4074 qualia
3395 3994 3548 4051 sunt
3582 3986 3911 4078 principia
3966 3989 4151 4057 acci-

2597 4094 2822 4185 piendi
2864 4093 3213 4161 scientiam
3265 4092 3444 4182 apud
3490 4097 3821 4162 rationem
3863 4106 4148 4166 natura-

2597 4201 2729 4269 lem
2767 4210 2879 4269 :et
2922 4201 3244 4269 onmihus
3306 4202 3406 4268 his
3466 4204 3855 4293 oppositum
3919 4215 4021 4274 est
4073 4209 4144 4275 in

2597 4309 3026 4377 distinctione
3068 4333 3512 4400 personarum
3559 4313 3624 4378 in
3661 4311 3987 4381 'l'riuitate
4023 4337 4040 4382 ε
4075 4324 4143 4384 et

2600 4416 2752 4484 ideo
2784 4416 2863 4483 ad
2900 4417 3208 4484 notitiam
3231 4417 3574 4485 Trinitatis
3623 4420 3915 4510 exigitur
3957 4421 4143 4490 aliud

2595 4526 3000 4616 principium
3031 4524 3232 4593 altius
3262 4524 3367 4594 his
3408 4527 3587 4616 quod
3628 4538 3726 4595 est
3768 4528 3956 4611 tides,
3997 4531 4142 4601 sive

2595 4632 3007 4701 illuminatio
3042 4633 3476 4703 revelationis
3529 4635 3817 4727 desuper
3853 4639 4142 4707 venien-

2592 4741 2702 4807 tis.
2742 4738 3130 4808 Secundum
3165 4751 3289 4817 est,
3325 4742 3481 4832 quia
3515 4744 3792 4810 scientia
3828 4743 3947 4814 Dei
3998 4747 4137 4814 mi·

2590 4849 2822 4917 rabilis
2862 4861 2984 4925 est,
3021 4859 3083 4918 et
3127 4851 3529 4928 confortata,
3572 4861 3640 4920 et
3696 4875 3834 4920 non
3892 4877 4140 4945 possu-

2591 4979 2744 5024 mus
2774 4957 2856 5024 ad
2887 4981 3036 5025 eam
3085 4981 3098 5025 :
3137 4981 3220 5026 eo
3272 4958 3453 5049 quod
3492 4959 3754 5027 excedit
3807 4969 3871 5029 et
3926 4964 4135 5031 vincit

2587 5086 2742 5142 nOS,
2775 5065 2947 5133 sicut
2995 5088 3200 5157 supra
3253 5066 3609 5157 probatum
3659 5078 3784 5136 est.
3829 5068 4130 5139 Tertium

2584 5180 2711 5252 est,
2746 5171 2905 5262 quia
2935 5169 3311 5238 similitudo
3336 5173 3400 5239 in
3435 5158 3741 5242 creatura
3773 5196 4135 5266 repra-sen·

2585 5286 2739 5347 tans
2771 5279 2992 5350 Deum
3025 5303 3163 5349 non
3196 5290 3295 5351 est
3326 5282 3641 5373 perlecta,
3683 5292 3751 5352 et
3781 5284 4006 5354 delicit
4057 5284 4128 5355 in

2583 5388 3164 5480 repraesentando,
3233 5389 3407 5459 sicut
3438 5389 3759 5481 Magister
3820 5390 3981 5460 dicit
4021 5392 4131 5459 in-

4227 1722 4412 1777 Quoect.
4440 1722 4484 1772 2.

4189 2204 4199 2214 ,
4241 2157 4448 2208 Solunte.
