4897 6388
552 212 558 220 '
600 238 730 304 268
1635 211 1713 309 ι).
1764 238 1960 304 ALB.
2011 209 2224 300 MAG.
2280 205 2486 304 oni).
2542 205 2835 302 pnffin.

599 409 854 483 hendo
888 407 1152 500 vitam,
1190 416 1266 481 et
1295 408 1560 480 eadem
1597 409 1754 479 vita
1792 417 1906 479 est
1937 406 2120 501 ipse.
2162 404 2484 501 Propter
2524 406 2665 480 hoc
2710 407 2976 502 utique
3016 417 3295 479 natura
3326 407 3493 480 haec
3525 405 3803 480 dicitur

584 531 951 636 ‘simplem
999 538 1208 634 quod
1252 560 1403 611 non
1440 537 1537 611 sit
1565 527 1787 611 aliucf
1818 537 2133 628 habens,
2178 548 2253 610 et
2291 537 2499 626 aliud
2541 538 2614 611 id
2656 540 2860 636 quod
2905 540 3160 632 habet,
3207 539 3402 613 sicut
3448 539 3522 612 in
3569 517 3799 615 caete-
3876 515 3890 529 κ

595 672 700 745 ris
735 672 966 745 rebus
1006 680 1147 745 est.
1196 671 1368 744 Non
1412 670 1618 744 enim
1652 671 1940 744 habens
1972 669 2342 766 liquorem
2389 670 2641 768 liquor
2679 683 2820 766 est,
2866 696 3010 746 nec
3049 696 3330 770 corpus
3382 674 3619 767 color,
3656 697 3798 748 nec

601 804 862 878 anima
893 814 1007 878 est
1047 804 1453 902 sapientia.
1502 807 1694 878 Ecce
1737 815 2019 900 quanta
2052 814 2163 878 est
2212 804 2591 899 identitaS,
2628 816 2917 903 quanta
2956 818 3071 882 est
3123 807 3402 899 unitas,
3449 802 3800 881 immuta-

602 939 886 1032 bilitas,
920 939 1401 1037 simplicitaS,
1438 939 1732 1038 puritas
1774 940 2052 1012 divina}
2095 939 2568 1033 substantiae,
2603 940 2825 1038 juxta
2857 940 3320 1015 infirmitatis
3352 952 3636 1016 nosti-az
3677 966 3801 1015 va-

602 1079 1021 1152 letudinem
1070 1077 1669 1170 assignavimus,

936 1610 1442 1680 ARTICULUS
1490 1610 1813 1678 XXXlll.

600 1824 709 1889 An
747 1820 1073 1888 Hilarius
1103 1840 1370 1885 omnem
1397 1818 1677 1886 modum
1718 1820 2146 1908 compositio-

688 1927 797 1993 nis
828 1926 988 1993 bene
1023 1936 1269 2015 tanqu!
1292 1948 1419 2015 per
1464 1934 1766 2013 quatuor
1817 1948 1965 2014 quae
2014 1949 2147 2015 po-

693 2044 960 2102 nuntur
990 2035 1060 2100 in
1099 2033 1360 2100 Littera
1388 2030 1428 2097 ?

689 2347 952 2416 Deinde
1013 2348 1338 2438 quaeritur
1374 2346 1456 2415 de
1514 2346 1647 2415 hoc
1711 2347 1891 2437 quod
1948 2347 2143 2415 dicit:

604 2481 639 2519 «t
674 2456 826 2522 Non
858 2478 945 2522 ex
997 2456 1394 2545 compositis
1438 2457 1627 2522 Deus
1665 2465 1784 2533 est,
1847 2467 1969 2522 etc.

700 2565 943 2631 Utrum
1002 2561 1258 2630 scilicet
1307 2560 1606 2628 Hilarius
1655 2584 1926 2630 omnem
1999 2585 2150 2630 mo-

607 2669 771 2737 dum
811 2668 1333 2758 compositionis
1380 2677 1614 2759 tangat
1648 2692 1771 2760 per
1816 2672 1939 2738 ista
1986 2693 2155 2760 qua-

603 2776 814 2843 tuor?
844 2775 1078 2869 Prima
1117 2776 1300 2843 enim
1333 2778 1740 2866 compositio
1761 2800 1909 2868 quae
1939 2787 2036 2845 est
2086 2778 2151 2843 in

600 2908 698 2966 re,
728 2894 829 2953 est
849 2908 933 2952 ex
962 2883 1272 2974 partibus
1303 2869 1796 2960 essentialibus,
1822 2910 1970 2978 quae
2000 2896 2152 2953 sunt

603 2995 792 3087 quod
852 3003 1060 3065 estet
1128 3018 1266 3087 quo
1307 3005 1432 3073 est,
1476 3016 1625 3086 quae
1684 3006 1840 3064 sunt
1895 2998 1962 3063 in
2018 3021 2084 3064 re
2116 3020 2154 3064 a

611 3101 861 3196 quibus
916 3112 1286 3171 sumuntur
1322 3103 1702 3171 universale
1753 3113 1818 3172 et
1873 3106 2155 3194 particu-

610 3212 793 3281 lare:
838 3223 905 3281 et
961 3212 1148 3281 illam
1207 3214 1424 3303 tangit
1483 3214 1726 3303 primo,
1768 3238 1921 3282 cum
1970 3215 2150 3292 dicit,

614 3322 771 3389 Non
826 3344 912 3388 ex
967 3321 1385 3412 compos-ilis,
1427 3330 1554 3389 etc.
1614 3322 1922 3389 Secunda
1980 3347 2159 3390 com-

612 3427 864 3517 positio
905 3434 1007 3494 est
1036 3428 1445 3518 primorum,
1490 3451 1641 3519 qua*
1678 3436 1834 3495 sunt
1879 3452 1962 3496 ex
2013 3452 2160 3496 ma-

614 3534 783 3601 teria
813 3542 878 3602 et
921 3534 1141 3602 forma
1172 3558 1187 3601 z
1223 3536 1292 3601 in
1325 3557 1458 3625 qua
1487 3537 1980 3626 compositione
2009 3560 2160 3604 ma-

612 3641 781 3710 teria
820 3640 1126 3729 subjacet
1175 3643 1564 3733 privationi,
1619 3666 1768 3734 quae
1802 3644 2062 3711 intirma
2096 3656 2155 3712 et

614 3749 1008 3840 imperfecta
1059 3760 1183 3817 est.
1226 3750 1450 3818 Tertia
1488 3760 1588 3818 est
1636 3753 2036 3842 compositio
2078 3775 2159 3820 ex

613 3856 966 3924 influentia
1021 3860 1326 3949 corporis
1380 3858 1669 3925 coelestis
1732 3881 1931 3950 super
2004 3861 2161 3928 infe·

615 3966 820 4041 riora,
854 3987 938 4032 eo
970 3965 1153 4056 quod
1179 3965 1404 4033 omnis
1445 3966 1683 4033 mixtio
1715 3976 1779 4034 et
1817 3971 2159 4056 generatio

616 4073 1011 4141 inferiorum
1053 4074 1137 4141 ad
1180 4084 1441 4142 motum
1493 4074 1642 4142 coeli
1696 4075 2032 4142 reducitur
2068 4077 2162 4142 si-

616 4190 730 4249 cut
770 4204 1089 4249 causam:
1126 4207 1374 4274 corpus
1405 4193 1633 4251 autem
1664 4185 1970 4274 superius
2011 4206 2160 4249 mo-

617 4299 728 4357 vet
762 4311 881 4379 per
911 4290 1334 4357 influentiam
1371 4290 1540 4358 lucis
1568 4315 1772 4381 super
1800 4292 2157 4359 obscurum

619 4396 958 4487 pra-cipue
980 4395 1273 4464 duorum
1296 4396 1813 4482 elementorum,
1837 4420 1985 4489 quae
2008 4410 2156 4464 sunt

621 4511 797 4571 terra
827 4512 888 4570 et
929 4526 1130 4594 aqua.
1159 4504 1277 4571 llla
1310 4507 1491 4572 enim
1527 4506 1675 4595 plus
1714 4506 2051 4573 abundant
2097 4507 2158 4572 iu

620 4609 1019 4699 corporibus
1061 4614 1432 4680 mixtorum
1469 4636 1484 4679 :
1521 4615 1772 4680 siccum
1807 4615 1982 4679 enim
2028 4622 2163 4678 tei·-

622 4728 829 4786 restre
860 4720 1369 4788 terminativum
1393 4730 1492 4789 est
1521 4720 1908 4807 hujusmodi
1938 4722 2157 4810 aquei.

622 4835 687 4892 et
742 4823 1100 4893 humidum
1142 4850 1436 4917 aqueum
1470 4839 1566 4894 est
1626 4830 2159 4895 continuativum

623 4932 781 4999 sicci
818 4955 831 4997 ε
887 4942 950 5000 et
1010 4935 1103 5001 sie-
1145 4934 1215 5000 fit
1258 4935 1497 5002 mixtio
1556 4946 1871 5001 movente
1911 4935 2160 5000 lumine

622 5060 985 5128 corporum
1035 5043 1462 5130 superiorum
1522 5063 1640 5130 per
1716 5043 2158 5129 praesentiam,

627 5145 732 5212 vel
765 5169 884 5236 per
911 5145 1330 5237 adspectum,
1365 5148 1472 5215 vel
1501 5171 1618 5238 per
1645 5147 2159 5238 applicationem

626 5253 924 5343 aliquam
1012 5255 1095 5322 ad
1173 5257 1437 5324 stellam
1519 5257 2007 5346 respicientem,
2057 5254 2159 5321 vel

625 5363 1202 5452 conjunctionem,
1276 5365 1383 5432 vel
1472 5366 1996 5455 oppositionem,
2056 5363 2159 5430 vel

629 5468 794 5536 alias
855 5474 1329 5560 proprietateS‚
1391 5494 1541 5562 quae
1583 5473 1651 5539 in
1689 5472 1963 5539 scientia
2002 5469 2164 5537 stel-

627 5573 847 5642 larum
889 5587 1048 5645 sunt
1086 5578 1577 5646 determinatae.
1630 5578 1733 5644 Ad
1770 5576 1940 5644 hanc
1979 5599 2163 5643 com·

2252 1388 2657 1454 mixtionem
2727 1388 3040 1479 sequitur
3104 1392 3510 1480 compositio
3599 1414 3797 1460 corn-

2250 1494 2795 1585 plexionatorum
2854 1505 2921 1563 et
2973 1500 3453 1588 organicorum
3528 1499 3613 1567 ad
3660 1501 3799 1590 spi-

2253 1600 2562 1669 ritualem
2594 1611 2908 1670 naturam
2948 1626 3096 1694 quae
3128 1609 3245 1672 est'
3272 1607 3525 1673 anima.

2341 1709 2571 1776 Prima
2602 1719 2702 1777 est
2739 1713 3043 1801 corporis
3072 1711 3362 1780 coelestis
3395 1723 3457 1781 et
3480 1714 3705 1805 angeli
3736 1725 3829 1792 et⁸

2253 1820 2498 1886 animae
2556 1817 2929 1886 rationalis.
2978 1819 3291 1888 Secunda
3339 1830 3440 1888 est
3499 1824 3799 1891 materiae

2253 1926 2492 2016 primae
2549 1924 2634 1992 ad
2672 1926 2963 1994 formam
3023 1926 3365 1995 elementi.
3416 1928 3645 1996 Tertia
3702 1937 3801 1997 est

2254 2031 2746 2100 elementorum
2811 2035 2896 2102 ad
2969 2035 3262 2102 formam
3339 2035 3796 2104 mineralium.

2257 2137 2510 2217 Quarta
2530 2148 2630 2206 est
2658 2139 3362 2231 complexionatorum
3396 2141 3479 2210 ad
3510 2142 3799 2210 sormam

2257 2270 2406 2338 quae
2445 2256 2544 2316 est
2574 2251 2826 2317 anima.

2346 2355 2591 2423 Primae
2637 2358 3008 2447 opponitur
3043 2359 3182 2425 vita
3210 2361 3281 2425 in
3313 2368 3500 2426 toto:
3537 2360 3696 2450 quia
3734 2361 3803 2426 in

2257 2466 2635 2554 composito
2665 2467 2807 2532 vita
2841 2473 2944 2533 est
2981 2467 3217 2534 activae
3266 2468 3598 2550 essentiae,
3639 2475 3705 2535 et
3736 2465 3802 2534 id

2260 2574 2445 2663 quod
2475 2582 2573 2641 est
2630 2573 2834 2642 habet
2876 2575 3086 2643 vitam
3128 2577 3619 2666 participative.
3675 2575 3800 2643 Se-

2260 2679 2494 2748 cundae
2542 2690 2768 2748 autem
2835 2684 3203 2772 opponitur
3259 2685 3474 2750 virtus
3532 2691 3805 2774 propter

2260 2786 2592 2856 defectum
2622 2789 3021 2879 privationis
3042 2813 3191 2881 quae
3214 2788 3327 2857 inti
3338 2813 3482 2858 rma
3502 2799 3626 2860 est.
3649 2790 3804 2858 'l'er-

2260 2897 2372 2963 tiae
2434 2899 2803 2987 opponitur
2830 2896 2950 2964 lux
3010 2900 3078 2965 in
3118 2907 3261 2966 toto
3301 2909 3577 2990 propter
3634 2920 3804 2989 opa-

2260 3025 2416 3070 cum
2447 3013 2516 3072 et
2570 3002 2934 3071 obscurum
2984 3004 3379 3075 inferiorum
3429 3007 3807 3074 elemento-

2263 3133 2437 3177 rum.
2474 3109 2743 3189 Quartae
2782 3114 3147 3204 opponitur
3183 3136 3329 3182 esse
3375 3115 3687 3206 spiritum
3736 3114 3806 3182 in

2263 3230 2408 3290 toto
2466 3232 2739 3313 propter
2775 3223 3237 3314 disparitatem
3294 3227 3512 3316 grossi
3560 3235 3627 3294 et
3683 3234 3809 3293 ter-

2268 3330 2408 3398 reni
2442 3332 2743 3421 corporis
2762 3333 2849 3399 ad
2877 3332 3296 3423 spiritualem
3329 3341 3639 3401 naturam
3671 3336 3812 3401 ani-

2269 3458 2397 3503 mae
2428 3458 2576 3527 quae
2591 3439 3024 3529 componitur
3052 3441 3135 3505 ei.

2590 3864 3091 3934 AR'l'lCULUS
3158 3865 3476 3934 xxxiv.

2275 4080 2517 4144 Utrum
2559 4076 2806 4145 relatio
2849 4080 3069 4169 possit
3116 4102 3253 4143 esse
3312 4080 3380 4145 in
3433 4081 3572 4146 Deo
3617 4077 3813 4147 salva

2692 4185 2847 4274 ejus
2883 4185 3327 4276 simplicitate
3351 4184 3392 4250 :²

2360 4498 2615 4568 Deinde
2664 4500 2988 4590 quaeritur
3053 4498 3133 4564 de
3190 4497 3318 4565 hoc
3376 4497 3557 4588 quod
3608 4499 3808 4568 dicit:

2274 4633 2305 4671 α
2348 4608 2443 4673 Et
2472 4629 2622 4672 cum
2655 4614 2862 4673 lanlae
2899 4605 3368 4696 simplicitatis
3407 4621 3612 4695 atque
3664 4608 3813 4672 sin-

2269 4714 2593 4786 ceritatis,
2646 4722 2772 4780 etc.
2821 4741 2851 4773 υ

2371 4824 2423 4886 Ι.
2461 4821 2626 4887 Cum
2660 4822 2841 4886 enim
2863 4820 3099 4888 relatio
3130 4824 3210 4886 sit
3236 4844 3379 4897 enS,
3406 4830 3471 4887 et
3510 4808 3644 4888 non
3674 4844 3816 4886 ver·

2272 4934 2453 4994 tatur
2483 4927 2547 4992 in
2591 4924 3066 5004 substantiam,
3120 4927 3385 4995 videtur
3443 4928 3511 4993 in
3569 4927 3815 4996 divinis

2269 5058 2414 5102 esse
2444 5033 2818 5101 substantia
2846 5043 2912 5103 et
2951 5034 3262 5102 accidens
3299 5059 3313 5100 :
3356 5059 3518 5124 ergo
3557 5036 3641 5103 ad
3684 5037 3815 5103 mi-

2273 5168 2398 5212 nus
2417 5144 2820 5233 compositio
2845 5145 3318 5211 concretionis,

2358 5253 2419 5319 2.
2463 5251 2532 5316 Si
2592 5250 2758 5317 forte
2799 5250 3084 5335 dicatur,
3130 5251 3308 5340 quod
3370 5250 3606 5318 relatio
3679 5274 3815 5350 nou

2271 5360 2430 5428 dicit
2486 5358 2738 5448 aliquid
2790 5369 2861 5425 ut
2932 5357 3289 5437 inhaerens,
3362 5360 3482 5427 sed
3538 5368 3607 5426 ut
3649 5360 3819 5426 assi-

2271 5478 2479 5541 stens,
2522 5475 2595 5534 ut
2632 5467 2901 5534 videtur
2929 5467 3102 5536 velle
3141 5467 3442 5550 BoetiuS‚
3475 5476 3539 5535 et
3571 5467 3820 5534 Porre-

2274 5575 2531 5643 taniani
2588 5573 2926 5641 dixerunt.
2992 5574 3094 5641 ,td
3138 5574 3262 5640 lior.
3300 5575 3572 5642 videtur
3627 5576 3816 5664 sequi
