4897 6388
816 766 894 810 Ad
940 766 982 812 4.

815 2053 888 2098 ΑΔ
909 2053 953 2100 ὓ.

817 2268 891 2313 Λᾶ
917 2270 961 2315 6.

738 2923 810 2968 ΑΔ
822 2923 1004 3024 ‘'0²:1³⁶‘’
1034 2926 1054 2968 Ι

730 5171 809 5219 Ad
823 5173 1000 5232 obj-ct.
1020 5171 1048 5214 ³

1880 360 1974 428 IN
2022 361 2052 428 Ι
2101 358 2528 426 SENTENT.
2581 357 2808 428 DlST.
2860 357 2983 444 XI,
3035 358 3121 441 A,
3174 356 3378 426 ART.
3429 358 3496 423 4.

1094 538 1220 611 est,
1254 540 1414 599 sunt
1453 553 1666 598 unum
1696 531 2127 621 principium,
2167 526 2277 596 vel
2314 550 2533 594 unum
2566 527 2636 593 in

1096 639 1444 729 spirando.

1185 748 1289 813 An
1321 768 1519 812 Amul)
1549 744 1930 820 dicendum,
1966 742 2148 833 quod
2177 745 2246 809 in
2293 752 2445 810 actu
2476 763 2637 831 per-

1094 851 1315 920 sonali
1345 852 1758 942 importante
1797 851 2128 919 rationem
2186 848 2632 939 oppositionis

1095 966 1163 1028 et
1228 959 1679 1027 distinctionis
1755 980 2218 1049 personarum,
2288 980 2428 1024 una
2494 979 2633 1025 non

1093 1075 1319 1156 potest
1361 1067 1473 1134 alii
1516 1069 1694 1134 uniri
1722 1065 2090 1134 secundum
2148 1087 2291 1133 rem
2347 1087 2473 1133 nec
2539 1087 2639 1131 se-

1097 1176 1401 1243 cundum
1441 1176 1855 1244 intellectum
1889 1198 1906 1242 t
1940 1182 2018 1242 ut
2063 1174 2265 1241 Pater
2305 1181 2372 1241 et
2427 1171 2638 1239 Filius

1092 1304 1235 1350 non
1267 1284 1597 1350 uniuntur
1625 1284 1694 1348 in
1723 1280 2107 1373 generando
2152 1302 2167 1346 ε
2214 1280 2374 1371 quia
2432 1301 2638 1370 gene-

1093 1412 1243 1459 rare
1276 1391 1438 1459 dicit
1466 1392 1795 1459 rationem
1828 1389 2274 1481 oppositionis
2303 1390 2482 1456 inter
2511 1387 2641 1456 Pa-

1095 1506 1268 1567 trem
1301 1509 1364 1567 et
1397 1498 1645 1566 Filium
1691 1521 1706 1566 :
1753 1497 1871 1566 sed
1917 1499 1988 1565 in
2026 1506 2178 1566 actu
2217 1520 2357 1565 non
2388 1500 2641 1586 impor-

1091 1612 1279 1673 tante
1310 1608 1644 1673 rationem
1693 1605 2136 1695 oppositionis
2168 1605 2342 1671 inter
2368 1624 2511 1681 e05‚
2555 1602 2638 1670 de

1095 1713 1493 1782 necessitate
1550 1714 1901 1795 uniuntur,
1969 1735 2123 1781 cum
2189 1713 2260 1779 in
2315 1712 2639 1781 omnibus

1095 1821 1277 1890 idem
1306 1822 1445 1890 sint
1480 1823 1612 1890 nisi
1647 1823 1760 1890 ubi
1820 1821 2057 1890 dividit
2119 1843 2236 1889 eos
2292 1820 2636 1912 oppositio

1096 1929 1471 1999 relationis·

1182 2035 1288 2103 An
1325 2059 1525 2104 amm>
1556 2036 1725 2104 bene
1765 2033 2086 2117 conced0,
2130 2033 2313 2125 quod
2361 2056 2503 2102 non
2541 2034 2639 2102 sic

1094 2144 1430 2212 uniuntur
1461 2163 1478 2211 ε
1514 2143 1630 2211 sed
1660 2150 1733 2210 ut
1760 2164 1974 2210 unum
2002 2141 2071 2209 in
2109 2141 2453 2232 spirando.

1184 2251 1289 2318 An
1345 2273 1544 2319 Auno
1616 2248 2002 2332 dicendum,
2067 2248 2248 2341 quod
2314 2250 2634 2339 quamvis

1095 2381 1294 2427 amor
1321 2357 1696 2449 personalis
1732 2358 1820 2426 sit
1855 2379 2089 2426 eorum
2130 2355 2632 2436 distinctorum,

1094 2475 1170 2535 ut
1213 2467 1286 2534 in
1338 2466 1741 2557 praecedenti
1797 2465 2224 2533 distinetione
2269 2465 2636 2555 probatum

1092 2581 1218 2653 est,
1244 2596 1385 2641 non
1414 2581 1646 2642 tamen
1675 2572 1978 2663 procedit
2005 2571 2089 2639 ab
2111 2571 2207 2640 eis
2237 2579 2311 2639 ut
2339 2571 2636 2639 distincti

1089 2689 1250 2748 sunt
1283 2701 1301 2753 z
1369 2680 1488 2749 sed
1526 2689 1602 2748 ut
1630 2703 1869 2760 unum,
1902 2687 1965 2748 et
1993 2679 2144 2748 ideo
2184 2679 2479 2769 objectio
2519 2677 2637 2745 illa

1091 2810 1232 2856 non
1261 2787 1468 2857 valet.

1178 2895 1284 2962 An
1335 2918 1402 2962 m
1458 2893 1643 2986 quod
1696 2893 2010 2984 objicitur
2061 2894 2132 2961 in
2186 2895 2631 2977 contrarium,

1088 3003 1454 3072 dicendum
1504 3003 1687 3094 quod
1756 3003 1827 3071 in
1867 3001 2295 3071 inferioribus
2359 3001 2445 3070 ad
2477 3023 2636 3070 cau-

1087 3109 1381 3178 sandum
1420 3110 1874 3201 compositum
1915 3116 2180 3200 oportet
2238 3117 2633 3177 construere

1088 3218 1539 3310 multiplicem
1606 3218 1886 3285 modum
1954 3217 2292 3301 causantis
2373 3239 2388 3284 ε
2471 3217 2633 3309 quia

1086 3348 1268 3395 unus
1323 3323 1568 3394 modus
1624 3325 1964 3393 causantis
2029 3347 2167 3392 non
2224 3323 2633 3416 produceret

1087 3434 1219 3503 nisi
1272 3456 1489 3502 unum
1542 3453 1559 3502 τ
1608 3432 1724 3502 sed
1757 3434 1824 3500 in
1865 3432 2325 3524 superioribus
2358 3455 2499 3502 non
2529 3441 2633 3501 est

1086 3565 1319 3623 causa,
1353 3541 1470 3610 sed
1503 3542 1671 3609 ratio
1708 3541 2043 3632 principii,
2079 3550 2143 3609 et
2175 3540 2376 3609 Pater
2405 3549 2474 3610 et
2513 3540 2633 3609 Fi-

1084 3649 1215 3719 lius
1271 3648 1475 3717 simul
1544 3671 1680 3716 non
1744 3649 1998 3717 faciunt
2059 3648 2628 3740 compositionem

1082 3757 1399 3852 principii
1426 3781 1442 3825 :
1479 3758 1615 3824 imo
1632 3766 1907 3847 propter
1925 3779 2163 3826 eorum
2196 3756 2627 3825 indivisibili-

1079 3876 1319 3950 tatem,
1352 3888 1504 3956 quae
1559 3873 1656 3934 est
1698 3866 1871 3933 inter
1926 3888 2044 3933 eos
2083 3866 2152 3932 in
2190 3865 2512 3933 omnibus
2552 3867 2620 3933 in

1081 3975 1331 4068 quibus
1358 3972 1700 4042 relationis
1735 3972 2159 4064 oppositione
2200 3995 2337 4042 non
2377 3973 2626 4042 distin-

1078 4090 1408 4176 guuntur,
1477 4087 1575 4149 est
1608 4082 1674 4148 in
1756 4082 1852 4148 eis
1916 4102 2126 4147 unum
2214 4082 2623 4172 principium

1078 4192 1261 4262 unde
1336 4191 1614 4283 spirant.

1170 4302 1255 4371 Et
1291 4324 1413 4392 per
1449 4298 1581 4368 hoc
1618 4299 1818 4365 etiam
1859 4305 2041 4388 patet
2083 4296 2332 4366 solutio
2388 4297 2475 4365 ad
2524 4322 2626 4366 se·

1077 4433 1295 4503 quens
1352 4430 1369 4478 :
1432 4408 1587 4499 quia
1649 4405 1899 4475 scilicet
1934 4408 2324 4497 aggregatio
2375 4406 2624 4497 prioris

1075 4520 1346 4586 numeri
1409 4537 1568 4583 cum
1633 4512 1889 4601 adjecta
1949 4513 2200 4581 unitate
2268 4515 2624 4582 constituit

1077 4623 1551 4716 posteriorem,
1594 4629 1656 4686 et
1712 4641 2000 4709 sequens
2039 4621 2483 4710 compositior
2520 4628 2621 4688 est

1078 4754 1308 4824 quam*
1348 4727 1730 4819 praecedens
1766 4748 1782 4794 ε
1824 4725 1942 4793 sed
1993 4748 2130 4794 non
2169 4728 2265 4795 sic
2298 4727 2501 4795 Pater
2554 4735 2622 4795 et

1079 4838 1292 4907 Filius
1320 4835 1665 4928 aggregati
1724 4841 1879 4901 sunt
1920 4831 2147 4924 aliquo
2176 4833 2468 4924 adjecto,
2510 4834 2617 4904 vel

1076 4946 1281 5017 simul
1303 4946 1429 5036 ipsi
1462 4942 1588 5011 soli
1616 4942 1975 5010 existentes
2004 4942 2422 5009 constituunt
2456 4940 2619 5032 Spi-

1078 5059 1285 5124 ritum
1317 5059 1648 5121 sanctum.

1168 5165 1273 5230 An
1309 5182 1506 5228 Amen
1570 5155 1954 5234 dicendum,
2023 5155 2205 5245 quod
2269 5155 2350 5224 de
2391 5156 2614 5226 calore

1078 5268 1367 5342 naturali
1433 5290 1573 5336 non
1629 5275 1727 5334 est
1783 5263 2051 5332 simile:
2107 5265 2264 5355 quia
2321 5265 2615 5357 simplex

1077 5403 1220 5449 non
1249 5386 1353 5447 est
1390 5376 1458 5444 id
1488 5374 1665 5466 quod
1706 5382 1967 5443 constat
2015 5394 2096 5441 ex
2153 5372 2437 5442 diversis
2482 5375 2616 5441 vir-

1076 5486 1360 5559 tutibus.
1404 5482 1605 5549 Pater
1642 5489 1866 5547 autem
1897 5486 1964 5548 et
2005 5478 2208 5546 Filius
2266 5488 2338 5547 ut
2396 5503 2612 5548 unum

1073 5594 1484 5691 principium
1523 5589 1773 5679 accepti
1821 5611 1956 5656 non
2022 5588 2276 5657 faciunt
2325 5612 2617 5681 compo-

1076 5706 1398 5776 sitionem
1467 5719 1485 5766 ε
1547 5705 1611 5765 et
1661 5696 1811 5764 ideo
1841 5719 1973 5764 una
2020 5704 2088 5764 et
2115 5696 2351 5765 eadem
2391 5705 2460 5767 et
2486 5720 2612 5765 eo-

4174 349 4296 444 34¹

2748 528 2903 596 dem
2936 531 3140 599 modo
3189 552 3262 596 se
3291 527 3588 596 habente
3615 534 3681 594 et
3709 522 4084 594 secundum
4122 521 4304 589 idem

2746 637 2977 725 spirali
3010 639 3263 705 virtute
3295 638 3558 726 spirant
3598 633 3929 724 Spiritum
3962 639 4297 699 sanctum.

3193 1065 3700 1136 ARTlCULUS
3733 1065 3852 1132 lv.

2752 1284 2997 1352 Utrum
3077 1283 3418 1350 uniantur
3497 1282 3713 1348 Pater
3784 1286 3848 1345 et
3929 1276 4158 1346 Filius
4230 1276 4303 1342 in

2834 1396 3176 1477 quantum
3260 1394 3424 1453 sunl
3502 1383 3931 1474 principium
3996 1380 4304 1472 Spiritus

2833 1495 3079 1573 sancti,
3128 1516 3265 1586 per
3311 1492 3700 1570 essentiam,
3749 1487 3862 1555 vel
3910 1508 4042 1578 per
4076 1486 4302 1552 notio-

2832 1624 3011 1681 nem,
3046 1601 3158 1669 vel
3177 1624 3305 1693 per
3336 1593 3703 1692 personam
3730 1594 3772 1664 ?

2834 1919 3095 2000 Quarto
3145 1920 3497 2011 quaeritur,
3537 1919 3781 1989 Utrum
3822 1919 4146 1986 uniantur
4173 1916 4301 1983 Pa-

2744 2037 2848 2097 ter
2885 2037 2954 2097 et
2980 2027 3192 2096 Filius
3222 2028 3296 2096 in
3326 2036 3661 2120 quantum
3690 2035 3853 2095 sunt
3887 2026 4297 2118 principium

2746 2135 3042 2227 Spiritus
3093 2136 3335 2218 sancti,
3388 2159 3510 2227 per
3574 2134 3965 2213 essentiam,
4023 2131 4133 2200 vel
4183 2153 4300 2222 per

2742 2245 3116 2324 notionem,
3149 2241 3260 2311 vel
3283 2266 3408 2334 per
3434 2265 3798 2334 personam
3818 2243 3850 2309 ‘3

2832 2354 3121 2423 Videtur
3202 2361 3459 2435 autem,
3565 2350 3752 2444 quod
3835 2351 3909 2417 in
4009 2348 4300 2417 essentia

2740 2467 3093 2544 uniantur,
3137 2465 3302 2556 quia
3330 2463 3492 2532 dicit
3538 2461 3933 2541 Anselmus,
3967 2457 4151 2550 quod
4179 2479 4300 2550 per

2741 2576 3109 2644 essentiam
3166 2575 3386 2642 Patris
3426 2581 3493 2642 et
3550 2572 3704 2640 Filii
3741 2578 3884 2640 tota
3933 2569 4148 2638 deitas
4196 2573 4299 2636 est

2738 2684 2811 2750 in
2841 2682 3100 2774 Spiritu
3130 2691 3394 2751 sancto.

2831 2790 3028 2872 Item,
3126 2788 3331 2870 Quod
3404 2787 3767 2857 ridiculum
3839 2794 3939 2855 est
4024 2784 4296 2854 credere

2741 2899 2925 2991 quod
2950 2906 3229 2989 propter
3260 2896 3661 2966 relationem
3711 2895 3932 2963 Patris
3976 2901 4120 2962 tota
4149 2892 4297 2961 dei-

2740 3015 2843 3074 tas
2880 3008 2969 3075 sit
2998 3007 3069 3073 in
3102 3003 3367 3096 Spiritu
3423 3012 3660 3073 sancto
3714 3025 3731 3070 :
3790 3024 3953 3093 ergo
4002 3000 4295 3087 videtur,

2739 3113 2923 3207 quod
2963 3113 3227 3204 spirant
3268 3109 3603 3204 Spiritum
3634 3117 3948 3178 sanctum
3976 3109 4049 3177 in
4078 3130 4293 3200 quan-

2744 3232 2890 3291 tum
2934 3243 3150 3289 unum
3181 3228 3342 3289 sunt
3381 3223 3451 3288 in
3472 3220 3766 3288 essentia
3795 3226 3862 3287 et
3901 3225 4166 3286 natura.

2826 3330 3026 3409 Item,
3073 3328 3221 3397 lloc
3263 3328 3532 3396 videtur
3567 3328 3730 3418 quia
3759 3327 3829 3394 in
3859 3324 4107 3392 divinis
4151 3346 4294 3393 non
4374 3367 4383 3372 -

2735 3448 2892 3508 sunt
2947 3438 3076 3507 nisi
3156 3439 3311 3519 tria,
3380 3435 3634 3504 scilicet
3692 3433 4006 3512 essentia,
4072 3432 4287 3514 notin,

2734 3558 2801 3619 et
2848 3570 3156 3639 personae
3218 3569 3236 3613 ε
3303 3567 3606 3637 personoe
3674 3551 3899 3611 autem
3959 3541 4289 3610 distinctae

2733 3666 2917 3735 sunt,
2963 3657 3280 3725 notiones
3336 3676 3501 3723 vero
3549 3652 3978 3743 distinguunt
4036 3671 4053 3717 z
4123 3672 4286 3740 ergo

2733 3787 2872 3832 non
2939 3764 3189 3830 uniunt
3248 3784 3264 3828 :
3348 3782 3513 3851 ergo
3567 3758 3625 3828 si
3683 3757 3914 3849 aliquo
3954 3758 4285 3825 uniuntur

2730 3892 3065 3965 personae,
3099 3868 3233 3937 hoc
3272 3868 3401 3936 erit
3431 3866 3724 3935 essentia
3764 3887 3781 3933 :
3824 3863 3943 3933 sed
3990 3862 4192 3932 Pater
4218 3871 4287 3932 et

2732 3979 2943 4049 Filius
3010 3986 3170 4045 sunt
3229 3975 3639 4067 principium
3702 3972 3998 4064 Spiritus
4066 3971 4280 4040 sancti

2730 4097 2802 4156 ut
2834 4109 3049 4155 unum
3079 4093 3241 4153 sunt
3303 4107 3319 4151 :
3381 4105 3546 4173 ergo
3593 4080 3887 4161 videtur,
3930 4079 4115 4172 quod
4149 4079 4282 4149 hoc

2729 4218 2943 4265 unum
2984 4196 3070 4262 sit
3101 4215 3318 4261 unum
3351 4192 3689 4261 essentiae.

2818 4302 3018 4380 item,
3056 4300 3333 4392 Spirare
3364 4308 3465 4368 est
3505 4298 3667 4367 dare
3705 4298 4072 4367 essentiam
4100 4296 4281 4365 divi-

2727 4435 2886 4480 nam
2958 4409 3243 4500 Spiritui
3340 4414 3576 4476 sancto
3634 4429 3651 4474 z
3712 4428 3876 4497 ergo
3933 4407 4276 4496 processio

2728 4517 3025 4609 Spiritus
3082 4515 3301 4584 sancti
3377 4522 3480 4582 est
3540 4512 4029 4593 substantialis,
4118 4512 4279 4605 quia

2722 4623 3156 4718 procedendo
3196 4625 3441 4714 accipit
3485 4619 3965 4701 substantiam,
3999 4622 4174 4691 sicut
4211 4632 4278 4691 et

2729 4732 2938 4800 Filius
2976 4755 2990 4800 ε
3035 4753 3201 4822 ergo
3231 4728 3525 4812 videtur,
3560 4726 3747 4820 quod
3783 4727 3956 4796 sicut
4000 4750 4280 4820 genera-

2722 4840 2817 4905 tio
2860 4845 2961 4904 est
3009 4844 3201 4905 actus
3258 4843 3518 4902 naturae
3586 4840 3653 4900 et
3720 4830 4139 4910 substantiae,
4201 4842 4278 4901 ut

2722 4945 2883 5014 dicit
2918 4944 3411 5012 Damasceuus,
3456 4943 3550 5009 ita
3587 4941 3793 5008 etiam
3849 4939 4210 5031 procedere
4255 4965 4272 5012 z

2720 5061 2788 5122 et
2829 5053 2924 5120 sic
2963 5050 3309 5119 reducitur
3360 5048 3447 5117 ad
3492 5049 3824 5117 unitatem
3879 5046 4274 5120 substantia}

2720 5163 2944 5229 Patris
2973 5171 3041 5229 et
3071 5159 3247 5226 Filii.

2811 5266 2945 5335 San
2973 5288 3232 5335 coxTaA
3276 5288 3292 5332 :

2814 5378 2871 5442 1.
2911 5374 3168 5442 Eadem
3191 5373 3419 5441 unitas
3435 5371 3741 5440 essentiae
3763 5395 3913 5464 quae
3933 5375 4126 5442 estin
4147 5373 4270 5443 Pa-

2717 5492 2817 5552 tre
2859 5492 2926 5551 et
2953 5482 3127 5550 Filio
3186 5488 3289 5549 est
3324 5481 3532 5548 etiam
3568 5481 3638 5547 in
3683 5478 3941 5571 Spiritu
3979 5491 4211 5552 sancto
4246 5504 4263 5553 ε

2717 5592 2775 5659 si
2804 5612 2968 5682 ergo
3000 5587 3148 5657 haec
3187 5588 3415 5655 unitas
3447 5589 3515 5655 in
3547 5587 3750 5656 Patre
3796 5596 3862 5656 et
3905 5587 4076 5658 Filio
4120 5592 4269 5659 suf-

2719 5698 2951 5766 ficiens
2989 5717 3196 5765 causa
3234 5703 3338 5763 est
3378 5694 3680 5786 spirandi
3727 5694 4058 5786 Spiritum
4105 5722 4268 5768 san-

4300 5268 4393 5315 80d
4408 5272 4595 5318 eoum.
