4897 6388
1705 367 1797 434 IN
1852 369 1871 434 i
1921 370 2352 452 SENTENT.
2410 369 2632 437 ntS'r.
2686 370 2946 448 Xthi,
2997 356 3087 449 K‘,
3143 370 3340 436 ΛΒΤ.
3394 371 3456 434 8.
3966 417 3971 420 -
4069 363 4195 431 603

988 533 1099 598 riae
1144 557 1157 600 :
1223 536 1602 606 differentia
1658 549 1886 606 autem
1940 541 2208 629 proprie
2265 548 2365 606 est
2417 563 2535 630 per
2646 541 2944 606 cundum
2978 538 3161 629 quod
3194 547 3289 606 est
3324 548 3749 628 categorema
3780 543 3844 601 et
3881 533 4038 601 facit
4070 535 4191 599 im-

983 647 1366 714 naturalem
1439 649 1757 727 formam,
1838 649 1943 715 vel
2014 649 2530 731 accidentalem,
2646 646 3080 736 plicationem
3114 644 3623 726 simulitudinis,
3659 642 3773 708 sed
3812 638 4182 707 secundum

985 755 1360 822 seeundum
1411 779 1615 846 quam
1657 758 2037 825 differentia
2079 761 2535 826 communiter
2647 756 2831 847 quod
2878 765 2979 822 est
3024 763 3584 844 syncategorema
3616 760 3680 818 et
3717 751 3891 817 sistit
3926 751 3991 815 in
4025 747 4190 814 sub-

986 865 1312 953 aceipitur
1354 867 1488 953 :2et
1530 865 1678 932 ideo
1722 866 1789 931 in
1831 866 2079 933 divinis
2122 891 2257 934 non
2300 878 2402 935 est
2433 891 2536 935 se·
2638 868 2845 956 jecto.
3263 859 3272 868 ’

986 971 1272 1059 paratiO,
1310 994 1429 1038 neo
1459 970 1838 1046 diversitas,
1869 973 2229 1053 utdicitur,
2254 976 2410 1063 quia
2434 998 2536 1043 se·
2738 978 2815 1043 Et
2852 996 2967 1064 per
2997 971 3128 1041 hoc
3166 980 3349 1062 patet
3387 970 3633 1036 solutio
3666 968 3749 1034 ad
3786 976 3997 1035 totum
4043 989 4057 1032 :
4096 967 4188 1031 ita

985 1079 1245 1168 paratio
1278 1080 1439 1147 dicit
1470 1080 1859 1148 distantiam
1895 1083 1963 1148 in
2005 1082 2153 1149 loeo
2187 1084 2290 1149 vel
2327 1091 2533 1148 natu-
2648 1081 2832 1171 quod
2863 1079 3159 1147 solitudo
3203 1080 3270 1144 in
3313 1078 3558 1144 divinis
3603 1076 3923 1143 reseratur
3952 1074 4033 1141 ad
4079 1095 4191 1140 se-

987 1210 1100 1254 ra:
1139 1187 1223 1253 ad
1254 1187 1759 1256 distinctionem
1792 1199 2020 1256 autem
2052 1190 2320 1267 sufficit,
2348 1191 2530 1280 quod
2649 1192 3184 1281 questrationem
3209 1192 3274 1255 in
3307 1188 3478 1262 loco,
3512 1186 3941 1274 singularitas
3962 1193 4187 1251 autem

990 1317 1164 1360 unus
1215 1317 1351 1361 non
1401 1298 1487 1361 sit
1528 1296 1699 1362 atter
1742 1319 1862 1385 per
1898 1300 2381 1387 proprietatem
2422 1321 2535 1364 re-
2647 1300 2732 1367 ad
2783 1301 3233 1390 privationem
3289 1298 3631 1375 consortii,
3687 1305 3750 1362 et
3808 1293 4190 1361 individua-

989 1401 1264 1469 lativam
1298 1404 1604 1494 originis,
1643 1403 1727 1471 Et
1752 1427 1870 1494 per
1900 1403 2031 1471 hoc
2060 1415 2242 1494 patet
2280 1405 2532 1472 solutio
2648 1406 2856 1474 tionis
2887 1429 3006 1495 per
3056 1404 3428 1473 accidentia
3465 1427 3477 1469 :
3525 1404 3681 1492 quia
3720 1401 3817 1469 sie
3865 1423 3903 1467 a
3944 1400 4188 1467 divinis

989 1511 1072 1577 ad
1113 1511 1249 1580 duo
1295 1514 1536 1602 prima.
2648 1514 2853 1582 ambo
2885 1521 3346 1581 removentur.

726 1641 808 1688 Ad
838 1644 881 1689 ³.
1076 1619 1180 1685 Αυ
1237 1643 1434 1686 Auno
1491 1619 1879 1702 dicendum,
1924 1619 2108 1709 quod
2154 1619 2318 1688 libet
2376 1622 2538 1687 reci·
2743 1620 2819 1686 Et
2854 1620 2999 1688 haee
3037 1620 3120 1689 de
3163 1620 3287 1688 hac
3325 1618 3785 1687 distinctione.

985 1728 1212 1817 piatur
1258 1726 1466 1794 dictio
1515 1727 1886 1806 exclusiva,
1949 1750 2087 1794 non
2150 1737 2375 1794 tamen
2424 1752 2537 1794 se-
