4897 6388
827 1533 1021 1579 solutio.

823 3660 903 3707 ad
932 3661 970 3705 Ι.

812 4870 881 4912 Ad
912 4872 951 4913 2.

811 5621 890 5667 aa
915 5621 959 5668 ³.
993 5638 994 5641 ’

1811 380 1907 448 IN
1955 381 1984 447 1
2037 353 2466 449 SENTENT.
2519 374 2745 445 n1sT.
2797 376 2955 455 ΧΠ,
3005 380 3092 461 A,
3145 378 3226 463 e,
3276 377 3475 446 Aer.
3529 381 3641 476 29
3685 421 3701 450 -.

1139 556 1204 616 et
1234 546 1446 617 Filius
1478 550 1562 617 ad
1592 556 1821 617 actum
1852 550 2151 639 spirandi
2193 570 2207 618 t
2245 571 2696 640 quaecumque

1140 665 1370 727 autem
1441 683 1578 727 non
1641 681 1832 750 aeque
1909 660 2313 743 referuntur,
2374 682 2513 726 non
2562 680 2698 726 una

1139 789 1430 835 numero
1453 769 1864 858 proprietate
1896 768 2279 836 referuntur
2306 768 2390 834 ad
2421 776 2646 834 actum
2676 789 2688 834 :

1139 893 1303 966 ergo
1347 876 1552 942 Pater
1591 883 1656 941 et
1720 873 1932 942 Filius
1998 898 2138 942 non
2180 874 2431 942 hahent
2487 896 2694 941 unam

1137 1006 1427 1052 numero
1466 983 1950 1073 proprietatem
1998 985 2070 1050 in
2110 983 2458 1074 spirand0,
2512 982 2694 1072 quod

1136 1090 1386 1159 falsum
1420 1099 1543 1160 est.

1229 1198 1486 1268 Caetera
1528 1222 1681 1290 quae
1722 1206 2000 1289 possent
2049 1199 2276 1288 objici,
2322 1200 2392 1265 in
2437 1220 2693 1289 praece-

1136 1302 1324 1376 denti
1369 1305 1803 1376 distinctione
1842 1307 2156 1397 expedita
2195 1316 2374 1373 sunt.

1224 1514 1535 1584 Somno.
1584 1511 1987 1595 Dicendum,
2048 1515 2233 1605 quod
2298 1536 2491 1605 aeque
2558 1515 2691 1581 im-

1132 1624 1428 1692 mediate
1511 1623 1809 1715 Spiritus
1885 1631 2159 1692 sanctus
2222 1623 2530 1713 procedit
2603 1622 2686 1690 ab

1128 1729 1424 1824 utroque
1461 1755 1477 1799 ε
1512 1732 1666 1801 licet
1696 1732 1973 1823 quidam
2008 1730 2233 1798 dicant
2269 1730 2467 1799 aliter
2507 1752 2523 1798 :
2569 1730 2686 1798 sed

1126 1863 1369 1910 eorum
1401 1842 1635 1933 opinio
1676 1840 1931 1908 abolita
1968 1844 2072 1907 est
2108 1837 2316 1906 modo
2372 1859 2387 1906 x
2441 1847 2510 1906 et
2554 1836 2686 1906 hoc

1126 1948 1309 2028 ideo,
1362 1950 1522 2039 quia
1591 1948 1824 2016 Sancti
1897 1945 2356 2015 communiter
2420 1945 2678 2025 dicunt,

1122 2054 1309 2147 quod
1349 2057 1655 2148 procedit
1686 2054 1772 2123 ab
1798 2055 1893 2123 eis
1951 2053 2020 2121 in
2075 2062 2408 2144 quantum
2442 2055 2571 2144 ipsi
2614 2056 2683 2120 in

1117 2165 1434 2256 personis
1482 2165 1622 2232 suis
1663 2163 1958 2231 distincti
2001 2169 2190 2230 entes
2242 2183 2458 2229 unum
2525 2171 2684 2230 sunt

1120 2272 1189 2340 in
1219 2271 1606 2342 substantia
1653 2279 1769 2340 :et
1834 2269 1965 2339 hoc
2020 2269 2446 2361 intelligitur,
2507 2269 2681 2339 sicut

1115 2400 1326 2471 supra
1364 2380 1754 2472 expositum
1795 2387 1917 2457 est,
1972 2377 2158 2469 quod
2197 2375 2577 2445 substantia
2615 2385 2679 2445 et

1116 2489 1415 2558 essentia
1456 2511 1594 2557 non
1664 2489 2090 2578 accipiuntur
2147 2485 2259 2555 hie
2299 2485 2612 2556 absolute
2656 2509 2672 2556 ε

1114 2597 1236 2666 sed
1284 2609 1486 2689 prout
1532 2603 1634 2666 est
1679 2597 1749 2664 in
1808 2596 2068 2665 ratione
2136 2597 2459 2685 potentiae
2523 2616 2673 2687 quae

1116 2707 1486 2795 conjuncta
1553 2707 1728 2774 actui
1789 2705 1979 2796 quasi
2033 2704 2335 2772 medium
2385 2702 2675 2772 eflicitur

1114 2812 1494 2882 secundum
1540 2812 1956 2881 intellectum
2013 2812 2187 2880 inter
2221 2832 2388 2902 pure
2444 2833 2670 2879 essen·

1108 2917 1270 2989 tiale
1311 2928 1381 2991 et
1437 2941 1604 3011 pure
1677 2919 2034 3011 personale
2105 2941 2121 2987 ε
2175 2921 2375 2987 etsie
2428 2921 2497 2987 in
2553 2919 2668 2987 tali

1107 3030 1623 3120 comparatione
1655 3035 1901 3096 natura
1931 3034 2033 3096 est
2063 3026 2132 3094 in
2174 3025 2375 3095 Patre
2400 3034 2466 3094 et
2496 3026 2666 3095 Filio

1105 3133 1445 3204 distinctis
1487 3157 1647 3215 una,
1684 3157 1767 3204 eo
1795 3133 1981 3226 quod
2022 3135 2088 3201 in
2138 3132 2270 3203 hoc
2337 3132 2522 3201 nulla
2560 3132 2667 3202 di-

1103 3242 1296 3313 vidat
1335 3268 1453 3314 eos
1495 3244 1951 3336 oppositionis
1982 3243 2218 3312 relatio
2255 3265 2271 3310 ε
2307 3251 2372 3312 et
2416 3266 2667 3312 secun-

1101 3351 1266 3421 dum
1296 3348 1454 3433 hoc,
1492 3353 1676 3444 quod
1723 3352 2027 3445 procedit
2063 3352 2149 3420 ab
2187 3354 2286 3422 eis
2317 3361 2390 3420 ut
2447 3376 2660 3421 unum

1101 3469 1286 3543 sunt,
1342 3484 1538 3554 aeque
1580 3461 1975 3530 immediate
2008 3459 2310 3551 procedit
2349 3461 2433 3529 ab
2481 3470 2663 3529 utro·

1101 3590 1259 3661 que.
2405 3616 2412 3621 -

1189 3678 1295 3746 An
1345 3699 1602 3746 ramum
1651 3698 1813 3767 ergo
1844 3675 2231 3756 dicendum,
2267 3674 2448 3767 quod
2483 3675 2651 3744 ordo

1098 3781 1169 3853 in
1225 3784 1478 3853 divinis
1518 3806 1656 3852 non
1695 3783 1889 3875 ponit
1948 3783 2135 3873 prius
2181 3790 2249 3851 et
2285 3783 2646 3873 posterius,

1094 3912 1221 3961 nec
1249 3890 1627 3959 mediatum
1667 3898 1731 3958 et
1763 3888 2235 3957 immediatum
2287 3911 2303 3957 :
2338 3912 2420 3957 eo
2470 3887 2657 3981 quod

1092 4000 1263 4069 ordo
1287 4008 1549 4069 naturoe
1579 4021 1717 4067 non
1748 4005 1848 4068 est
1878 3997 2046 4066 ordo
2077 3999 2499 4089 simpliciter,
2534 3997 2653 4067 sed

1091 4108 1470 4177 secundum
1502 4106 1694 4198 quid,
1746 4106 1998 4174 scilicet
2032 4127 2170 4196 quo
2200 4104 2375 4174 alter
2419 4108 2508 4172 sit
2566 4126 2648 4173 ex

1090 4214 1329 4296 altero,
1366 4238 1505 4284 non
1564 4215 1734 4282 alter
1763 4214 1952 4305 prior
2007 4213 2220 4280 altero
2263 4221 2361 4281 est
2404 4234 2652 4280 secun·

1086 4323 1252 4392 (lum
1285 4323 1733 4400 intellectum,
1769 4330 1840 4389 ut
1871 4344 2073 4412 supra
2107 4322 2467 4414 probatum
2502 4331 2644 4389 est:

1087 4454 1227 4500 non
1268 4432 1453 4500 enim
1487 4432 1556 4497 in
1587 4429 1839 4498 divinis
1868 4429 2053 4497 aliud
2092 4437 2192 4496 est
2230 4452 2376 4497 esse
2406 4451 2647 4520 perso-

1085 4563 1221 4619 nae‚
1265 4548 1330 4610 et
1389 4539 1576 4607 aliud
1644 4539 1960 4607 relativi:
2005 4546 2071 4606 et
2136 4561 2291 4607 cum
2362 4538 2644 4607 relativa

1081 4650 1220 4716 sint
1268 4646 1473 4715 simul
1523 4654 1789 4723 natura,
1843 4647 2045 4713 etiam
2095 4668 2400 4736 personae
2437 4645 2643 4713 simul

1081 4763 1283 4823 erunt
1330 4762 1597 4832 natura,
1655 4762 1720 4822 et
1778 4753 2150 4822 secundum
2194 4752 2633 4822 intellectum.

1171 4864 1277 4931 An
1323 4886 1523 4932 Αιιυυ
1561 4862 1950 4941 dicendum,
1986 4862 2166 4953 quod
2202 4863 2426 4953 imago
2460 4883 2639 4931 crea-

1081 4983 1148 5042 ta
1199 4976 1268 5042 in
1337 4973 1570 5042 multis
1645 4972 1865 5041 deficit
1951 4973 2020 5039 in
2090 4970 2636 5062 repraesentando

1078 5080 1480 5172 exemplar:
1541 5088 1775 5148 tamen
1814 5087 2035 5170 potest
2100 5079 2256 5152 dici.
2310 5078 2498 5171 quod
2552 5101 2636 5146 ex

1075 5210 1273 5279 aequo
1343 5187 1786 5279 egrediuntur
1848 5209 1887 5253 a
1947 5193 2173 5253 mente
2233 5186 2521 5254 verbum
2569 5195 2635 5252 et

1076 5316 1294 5373 annor,
1329 5292 1484 5362 licet
1524 5315 1719 5361 amor
1769 5294 1851 5360 sit
1893 5290 1978 5359 ab
2018 5301 2306 5381 utroque
2343 5314 2357 5359 τ
2393 5291 2635 5382 praeci-

1074 5423 1207 5491 pue
1248 5403 1304 5470 si
1346 5404 1669 5494 ponimus
1698 5399 1986 5469 verbum
2035 5400 2245 5467 menti
2292 5421 2627 5482 coaevum,

1076 5518 1151 5577 ut
1197 5509 1470 5579 videtur
1498 5510 1720 5577 dicere
1761 5508 2208 5599 Augustinus.

1165 5620 1269 5687 An
1309 5640 1509 5688 amun
1541 5618 1931 5696 dicendum,
1974 5617 2158 5709 quod
2206 5616 2276 5684 in
2332 5615 2626 5706 vestigio

1070 5733 1175 5796 est
1213 5727 1410 5807 ordo,
1446 5733 1512 5793 et
1541 5726 1613 5793 in
1650 5723 1781 5794 hoc
1818 5744 1958 5793 non
1988 5723 2354 5814 respondet
2396 5722 2626 5791 Trini-

4224 375 4353 445 355

2810 552 2970 618 tati:
3006 550 3121 618 sed
3170 558 3432 618 tantum
3464 553 3534 618 in
3591 550 4070 640 qualicumque
4100 551 4353 616 unione

2805 657 3009 724 trium
3041 659 3110 724 in
3150 659 3527 726 substantia
3565 680 3725 727 una.

2892 768 2995 832 An
3034 790 3099 833 m
3165 767 3348 858 quod
3404 767 3719 855 objicitur
3784 768 3854 832 in
3929 766 4344 854 oppositum,
4380 778 4697 835 Adobjocm.

2802 873 3162 943 dicendum
3238 876 3422 966 quod
3508 875 3738 943 Sancti
3833 874 4087 952 dicunt,
4159 872 4344 963 quod

2801 982 3259 1072 principaliter
3299 983 3617 1051 convenit
3657 981 3841 1049 Patri
3875 1002 3889 1046 ε
3944 1004 4081 1048 non
4122 989 4194 1046 ut
4233 980 4347 1048 de-

2799 1093 3105 1182 signetur
3134 1093 3315 1183 quod
3356 1092 3814 1161 immediatior
3851 1092 3938 1159 sit
3963 1091 4348 1180 processio-

2800 1200 2866 1265 ni
2902 1222 3108 1290 quam
3139 1199 3373 1283 Filius,
3416 1198 3536 1268 sed
3564 1207 3640 1266 ut
3680 1206 3951 1266 notetur
3978 1197 4342 1265 auc-toritas

2799 1329 2947 1374 esse
2977 1329 3182 1397 penes
3212 1307 3513 1389 Patrem,
3556 1305 3930 1375 secundum
3963 1326 4165 1396 quam
4198 1305 4339 1395 ipse

2798 1415 3205 1505 principium
3272 1437 3410 1482 non
3483 1413 3566 1482 de
3620 1414 3955 1505 principio
4013 1413 4335 1488 existenS,

2796 1531 2897 1590 est
2942 1524 3349 1614 principium
3390 1524 3598 1591 totius
3625 1522 4002 1609 divinitatis
4049 1520 4119 1588 in
4166 1518 4337 1586 Filio

2793 1640 2860 1699 et
2888 1629 3144 1723 Spiritu
3174 1640 3430 1700 sancto.

2877 1741 2983 1806 An
3020 1764 3219 1808 Αιιυι)
3259 1740 3645 1819 dicendum,
3699 1737 3881 1830 quod
3921 1738 4190 1828 proprie
4229 1737 4335 1806 di·
4367 1750 4687 1807 Adobjom.

2791 1849 2966 1915 citur
3003 1849 3364 1917 convenire
3420 1848 3632 1933 Patri,
3675 1871 3760 1916 ex
3822 1869 3902 1915 eo
3971 1846 4153 1937 quod
4192 1867 4330 1913 non

2793 1957 3025 2047 recipit
3056 1956 3325 2026 aliunde
3354 1957 3528 2025 sicut
3558 1956 3766 2025 Filius
3803 1979 3817 2024 :
3865 1964 3930 2024 et
3959 1978 4096 2047 non
4145 1955 4325 2034 ideo,

2789 2065 2950 2155 quia
2979 2065 3438 2133 immediatior
3479 2065 3614 2133 sit:
3649 2064 3827 2132 unde
3872 2061 4331 2154 principaliter

2787 2172 3073 2240 refertur
3127 2170 3215 2240 ad
3276 2172 3772 2251 auctoritatem,
3817 2179 3883 2239 et
3930 2170 4203 2261 proprie
4241 2168 4329 2238 ad

2787 2281 3070 2349 modum
3102 2279 3395 2350 habendi
3435 2281 3806 2371 potentiam
3847 2278 4169 2369 spirandi,

2871 2388 2975 2456 An
3021 2410 3220 2457 mun
3263 2387 3654 2469 dicendum,
3706 2386 3889 2478 quod
3936 2384 4186 2453 habere
4234 2384 4319 2453 ab
4353 2391 4431 2439 Ad
4451 2389 4675 2448 object-³·

2782 2495 2939 2572 alio,
2976 2497 3086 2564 vel
3117 2519 3254 2564 non
3294 2495 3544 2565 habere
3584 2494 3667 2564 ab
3699 2494 3856 2570 alio,
3902 2517 4040 2562 non
4086 2503 4319 2562 causat

2780 2602 3153 2671 mediatum
3203 2611 3268 2672 et
3319 2603 3815 2682 immediatum,
3857 2600 3973 2669 sed
4030 2603 4316 2669 auctori-

2778 2719 2988 2780 tatem
3018 2720 3085 2781 et
3114 2712 3742 2780 subauctoritatem‚

2865 2820 2969 2888 An
3018 2843 3314 2889 narii-nusi
3351 2820 3737 2899 dicendum,
3784 2818 3968 2911 quod
4006 2818 4205 2887 refert
4243 2827 4318 2887 ut
4347 2825 4667 2887 Adobjocm·

2775 2927 2863 2996 ad
2900 2936 3248 2997 auctorem
3289 2950 3306 2997 ε
3350 2951 3491 2996 non
3518 2937 3595 2997 ut
3630 2926 3716 2995 ad
3754 2950 3912 2997 eum
3943 2927 4057 3017 qui
4080 2927 4318 2995 imme·

2774 3036 3022 3104 diatior
3058 3038 3145 3105 sit
3175 3038 3245 3105 in
3273 3037 3618 3128 spirand0‚
3660 3036 3770 3105 vel
3809 3036 4171 3127 potentior,
4206 3035 4316 3104 vel

2772 3144 3131 3216 efficacior.

3213 3574 3711 3647 ARTICULUS
3773 3576 3857 3645 ll.

2770 3788 3017 3855 Utrum
3047 3788 3353 3879 Spiritus
3386 3796 3667 3856 sanctus
3685 3788 3886 3880 prius
3909 3788 4216 3880 procedit
4254 3813 4299 3857 α

3123 3896 3330 3962 Patre
3364 3917 3574 3985 quam
3603 3917 3647 3963 a
3688 3896 3869 3964 Filio
3908 3893 3951 3963 ?

2852 4215 3111 4284 Deinde
3140 4215 3465 4307 quaeritur
3499 4215 3582 4284 de
3630 4215 3760 4285 hoc
3806 4216 3990 4308 quod
4028 4216 4187 4286 dicit
4229 4219 4300 4287 in

2757 4326 3044 4399 Littera,
3073 4323 3255 4415 quod
3286 4351 3322 4388 ι
3353 4325 3417 4392 si
3437 4325 3762 4415 processit
3798 4328 4103 4418 Spiritus
4131 4351 4299 4395 san-

2754 4440 2905 4499 ctus
2941 4455 2986 4499 α
3025 4433 3258 4514 Patre,
3293 4440 3418 4500 etc.
3453 4457 3485 4496 a
3538 4430 3826 4501 Videtur
3852 4435 4060 4513 enim,
4111 4434 4296 4525 quod

2758 4541 3086 4631 processit
3121 4542 3423 4633 primum
3462 4562 3503 4609 a
3535 4541 3732 4612 l‘atre
3768 4565 3784 4610 ε
3820 4543 3976 4634 quia

2846 4650 2905 4715 l.
2940 4647 3117 4716 Dicit
3149 4646 3648 4740 Philosophus:
3684 4650 3992 4718 Primum
4018 4659 4085 4720 et
4115 4653 4294 4743 prin·

2750 4756 3002 4847 cipium
3038 4756 3215 4826 idem
3256 4756 3406 4825 dico
3442 4782 3458 4826 ς
3512 4757 3633 4826 sed
3669 4758 3872 4828 Pater
3901 4769 4003 4828 est
4037 4761 4292 4851 princi-

2750 4863 2940 4954 pium
2980 4887 3120 4932 non
3176 4863 3258 4932 de
3315 4864 3647 4955 principio
3693 4888 3709 4932 ε
3782 4889 3944 4958 ergo
3991 4868 4289 4958 primum

2750 4973 3074 5061 processit
3104 4994 3144 5040 a
3174 4972 3399 5041 Patre.

2836 5081 2900 5146 2.
2939 5079 3138 5165 Item,
3180 5080 3358 5148 Dicit
3405 5078 3887 5172 Philosophus,
3932 5084 4115 5174 quod
4144 5087 4289 5175 pri-

2747 5208 2858 5253 ma
2880 5208 3083 5255 causa
3123 5194 3224 5255 est
3263 5189 3330 5254 in
3361 5196 3619 5279 quaest
3649 5197 3861 5265 status
3905 5213 3918 5256 :
3956 5213 4117 5283 crgo
4146 5192 4288 5284 pri·

2747 5314 2940 5360 mum
2980 5293 3389 5384 principium
3430 5304 3531 5362 est
3570 5296 3638 5362 in
3697 5316 3832 5386 quo
3877 5306 3980 5365 est
4016 5306 4280 5368 status:

2745 5423 2902 5468 cum
2943 5424 3105 5493 ergo
3138 5401 3205 5469 in
3236 5402 3467 5471 ordine
3498 5412 3755 5472 naturae
3796 5406 3911 5495 qui
3955 5416 4056 5475 est
4091 5408 4160 5475 in
4190 5408 4289 5476 di-

2741 5508 2944 5586 viniS,
2989 5533 3130 5579 non
3158 5511 3246 5579 sit
3289 5519 3503 5580 status
3531 5513 3661 5581 nisi
3708 5514 3778 5580 in
3825 5513 4050 5597 Patre,
4085 5516 4287 5587 Pater

2740 5615 3174 5687 videturesse
3205 5620 3504 5709 primum
3525 5621 3932 5713 principium
3963 5625 4287 5715 spiratio·

2740 5726 2844 5792 nis
2886 5723 3179 5817 Spiritus
3219 5728 3459 5796 sancti.
