4897 6388
1856 355 1950 422 IN
1998 353 2025 419 l
2078 349 2502 419 SENTENT.
2555 341 2781 416 DIST.
2824 348 2947 428 vl,
2992 349 3076 430 A,
3119 351 3320 420 ΛΒΤ.
3370 354 3431 419 1.

1049 537 1328 630 propria
1372 533 1700 623 religione
1764 523 2131 613 unicuique
2178 518 2602 589 thearchica-

1055 671 1211 717 rum
1268 639 1714 738 personarum
1748 637 1793 702 ¹.
1845 633 2015 704 Cum
2073 633 2278 724 igitur
2342 630 2601 696 fontem

1051 777 1328 826 necesse
1371 752 1460 819 sit
1515 748 1747 824 fluere,
1804 742 2004 812 Pater
2055 764 2135 809 ex
2203 736 2600 805 necessitate

1052 864 1296 956 genuit
1347 858 1622 925 Filium.

1146 975 1212 1041 8.
1249 969 1445 1046 Item,
1492 966 1570 1032 In
1628 962 1895 1044 eodem,
1949 958 2390 1027 infrazl'ater
2446 956 2604 1045 qui-

1058 1085 1216 1153 dem
1260 1088 1361 1149 est
1389 1079 1668 1146 fontana
1699 1074 1952 1143 deitas:
1998 1069 2205 1138 Filius
2251 1076 2478 1138 autem
2537 1074 2602 1133 et

1060 1191 1357 1282 Spiritus
1400 1196 1674 1255 sanctus
1705 1182 2007 1272 deigenae
2066 1178 2355 1257 deitatis,
2399 1177 2453 1243 si
2512 1176 2605 1241 ita

1054 1304 1324 1389 oportet
1378 1295 1625 1372 dicere,
1684 1287 2163 1381 pullulationes
2210 1285 2478 1361 divinae,
2542 1290 2608 1350 et

1051 1408 1230 1476 sicut
1256 1405 1482 1480 ssoreS,
1509 1408 1574 1469 et
1595 1393 2269 1488 supersubstantialia
2286 1391 2546 1459 lumina
2569 1412 2606 1456 a

1055 1513 1309 1582 sanctis
1351 1507 1641 1599 eloquiis
1681 1504 2091 1595 accepimus.
2154 1502 2254 1568 Ex
2294 1499 2426 1567 hoc
2479 1497 2608 1564 ha-

1053 1623 1278 1700 betur,
1306 1616 1490 1709 quod
1519 1637 1675 1683 cum
1698 1613 1898 1680 Pater
1946 1610 2032 1678 sit
2060 1609 2271 1677 deitas
2298 1607 2603 1683 fontana,

1053 1726 1484 1820 impossibile
1524 1731 1624 1793 est
1653 1743 1809 1791 eum
1834 1742 1976 1787 non
2006 1717 2283 1786 fundere
2314 1723 2379 1783 et
2409 1736 2609 1805 gene-

1054 1859 1208 1905 rare
1264 1834 1539 1920 Filium.

1147 2059 1385 2127 Eoum
1429 2077 1608 2124 nono
1639 2053 1909 2122 videtur
1945 2074 2144 2142 posse
2172 2048 2439 2141 probari
2479 2047 2610 2114 alia

1065 2190 1252 2261 parS,
1296 2165 1551 2235 scilicet
1590 2161 1772 2253 quod
1822 2159 2170 2230 voluntate
2230 2157 2466 2249 genuit
2494 2153 2613 2222 Fi-

1060 2275 1243 2345 lium
1284 2276 1379 2343 sic
1414 2294 1431 2342 t

1158 2388 1217 2452 1.
1240 2384 1422 2453 Deus
1439 2381 1583 2448 vult
1599 2402 1802 2448 omne
1818 2377 2076 2446 honum
2094 2398 2110 2446 t
2130 2397 2290 2468 ergo
2316 2373 2613 2441 maxime

1054 2493 1326 2563 honum
1370 2492 1669 2559 maxime
1715 2486 1904 2555 vult:
1949 2484 2067 2554 sed
2123 2484 2458 2575 optimum
2513 2488 2611 2547 est

1055 2603 1443 2697 producere
1474 2598 1749 2677 Filium,
1784 2604 1849 2664 et
1877 2593 2248 2686 producere
2282 2590 2611 2682 Spiritum

1059 2710 1377 2781 sanctum
1412 2731 1427 2777 t
1464 2728 1628 2798 ergo
1680 2704 1810 2773 hoc
1858 2702 2151 2771 maxime
2199 2698 2384 2768 vult:
2448 2720 2611 2789 ergo

1063 2818 1420 2888 voluntate
1452 2813 1689 2905 genuit
1729 2814 1978 2903 ipsum.

1155 2929 1222 2994 2.
1258 2926 1457 3003 Item,
1515 2922 1595 2990 In
1643 2918 2108 3009 omnipotente
2173 2936 2377 2982 omne
2440 2934 2613 3003 opus

1061 3032 1374 3121 subjacet
1432 3026 1820 3098 voluntati:
1864 3046 2026 3116 ergo
2083 3044 2237 3090 cum
2287 3042 2614 3112 generare

1062 3148 1165 3237 (ut
1210 3144 1371 3213 dicit
1426 3137 1914 3226 Damascenus)
1970 3134 2057 3204 sit
2099 3155 2271 3226 opus
2328 3139 2609 3209 naturae,

955 3262 961 3266 ’
1062 3254 1193 3324 hoc
1225 3252 1296 3320 in
1326 3252 1474 3344 ipso
1506 3245 1880 3337 subjacebit
1900 3242 2236 3312 voluntati
2262 3264 2278 3310 :
2304 3263 2467 3333 ergo
2498 3263 2617 3307 vo-

1065 3360 1333 3431 luntate
1372 3357 1610 3451 genuit
1648 3377 1830 3424 eum.

1157 3471 1223 3539 3.
1294 3468 1493 3548 Item,
1552 3465 1691 3532 Aut
1738 3462 1977 3554 genuit
2019 3483 2175 3528 eum
2232 3457 2613 3539 voluntate,

1069 3584 1188 3646 aut
1217 3576 1455 3669 genuit
1484 3595 1639 3640 eum
1679 3592 1819 3638 non
1847 3567 2194 3638 voluntate
2222 3590 2236 3634 :
2270 3566 2325 3634 si
2371 3565 2617 3634 volun-

1066 3693 1233 3768 tate,
1266 3681 1490 3752 habeo
1549 3678 1971 3771 propositum
2015 3677 2119 3744 :si
2180 3698 2316 3742 non
2384 3676 2617 3765 genuit

1066 3814 1227 3862 eum
1271 3789 1649 3869 voluntate,
1697 3794 1763 3854 et
1816 3785 2101 3877 genuit:
2163 3805 2326 3874 ergo
2384 3782 2623 3872 genuit

1085 3906 1325 3968 contra
1374 3894 1827 3975 voluntatem,
1867 3889 1973 3958 vel
2006 3899 2248 3981 praeter
2298 3887 2623 3956 volunta-

1070 4015 1213 4077 tem
1251 4024 1268 4075 ε
1314 4024 1606 4096 quorum
1655 4008 2019 4089 utrumque
2058 3996 2426 4065 absurdum
2468 4004 2568 4064 est
2603 4017 2619 4062 ε

1073 4142 1238 4212 ergo
1270 4115 1621 4184 voluntate
1651 4109 1885 4205 genuit
1946 4107 2215 4176 Filium.

1166 4231 1230 4298 4.
1268 4229 1465 4306 Item,
1519 4225 1596 4293 ln
1656 4220 1975 4292 omnibus
2033 4217 2514 4311 generantibus
2556 4218 2623 4283 in

1075 4338 1326 4432 quibus
1356 4342 1456 4404 est
1486 4331 1937 4425 propositum,
1960 4327 2256 4419 primum
2291 4323 2627 4393 inclinans

1075 4447 1161 4517 ad
1246 4442 1762 4537 generationem
1823 4446 1924 4507 est
1978 4435 2299 4503 voluntas
2372 4455 2389 4503 t
2461 4456 2624 4525 ergo

1072 4564 1139 4624 et
1168 4556 1240 4622 in
1269 4552 1415 4622 Deo
1461 4573 1477 4620 ε
1515 4572 1676 4640 ergo
1708 4555 1774 4615 et
1802 4543 2151 4613 voluntate
2190 4542 2448 4635 genuit.

1166 4664 1230 4731 5.
1277 4660 1475 4734 Item,
1547 4651 1891 4745 Quidquid
1966 4651 2039 4719 lit
2098 4672 2236 4716 non
2274 4646 2625 4716 voluntate

1076 4770 1224 4860 ejus
1315 4767 1438 4859 qui
1515 4761 1719 4831 habet
1789 4758 2240 4839 voluntatem,
2321 4778 2460 4823 non
2527 4763 2630 4823 est

1076 4874 1420 4946 laudabile
1462 4893 1678 4962 :ergo
1727 4870 1782 4937 si
1832 4867 2033 4935 Pater
2082 4888 2218 4932 non
2274 4863 2625 4932 voluntate

1074 4986 1314 5078 genuit
1342 4982 1615 5057 Filium,
1657 4979 1862 5046 Pater
1900 4977 1966 5044 in
1998 4972 2434 5065 generatione
2480 4972 2624 5040 Filii

1076 5114 1216 5160 non
1249 5100 1350 5159 est
1390 5083 1769 5164 laudabiliS,
1818 5081 1997 5175 quod
2046 5078 2414 5148 absurdum
2463 5087 2562 5147 est
2607 5101 2622 5147 ε

1077 5221 1269 5289 ergo,
1314 5206 1441 5265 etc.

1170 5310 1236 5375 6.
1292 5308 1487 5385 ltem,
1545 5302 1968 5395 Augustinus
2022 5300 2184 5367 dicit
2257 5298 2428 5365 infra
2497 5296 2629 5364 :Si

1076 5414 1303 5506 potuit
1360 5415 1640 5506 gignere
1697 5409 1970 5493 Filium,
2039 5416 2105 5475 et
2161 5404 2426 5473 noluit:
2465 5426 2627 5495 ergo

1078 5523 1356 5592 invidus
1424 5541 1442 5591 ε
1521 5519 1639 5588 sed
1704 5516 1972 5585 invidus
2036 5538 2172 5583 non
2236 5513 2361 5581 fuit
2406 5535 2421 5581 ε
2466 5534 2629 5602 ergo

1168 5763 1183 5797 ¹
1214 5758 1271 5815 S.
1298 5759 1618 5822 Dtoxrst,
1650 5752 1731 5807 De
1762 5748 1975 5805 divinis
2015 5743 2377 5815 nominibus»,
2410 5759 2536 5814 cap.
2573 5743 2627 5797 2.

2709 520 2954 609 potuit,
3035 527 3101 587 et
3167 519 3388 587 voluit
3450 541 3464 586 ε

2710 622 2884 690 nuit.

3527 542 3692 611 ergo
3745 517 4098 584 voluntate
4149 531 4273 605 ge-

2801 730 2863 796 7.
2901 727 3097 807 Item,
3143 728 3348 797 Pater
3400 728 3631 797 dicens
3663 728 3994 805 Verbum,
4030 727 4270 816 genuit

2715 837 2955 904 Filium
3005 861 3019 905 ε
3055 837 3172 905 sed
3202 840 3422 907 dicere
3464 861 3733 929 semper
3771 846 3870 904 est
3911 839 3977 901 in
4017 835 4270 902 volun-

2710 955 2846 1016 tate
2877 948 3161 1016 dicentis
3207 973 3221 1017 :
3267 973 3432 1041 ergo
3475 937 3800 1040 generare
3841 969 4110 1035 semper
4168 953 4268 1012 est

2712 1058 2782 1124 in
2827 1057 3179 1126 voluntate
3255 1059 3647 1150 generantis
3710 1080 3724 1124 :

2712 1167 3064 1235 voluntate
3092 1168 3351 1258 genuit.

2805 1273 2878 1340 Is
2899 1295 3316 1341 coxraAamM
3347 1273 3668 1363 objicitur
3695 1275 3788 1340 sic
3822 1271 4041 1361 primo
4084 1268 4266 1360 quod

2715 1404 2852 1449 non
2886 1405 2968 1449 ex
2991 1385 3412 1450 necessitate.

4053 391 4070 437 5
4151 345 4282 411 197.

3786 1078 3946 1146 ergo
4001 1075 4288 1143 semper,

4279 1295 4329 1340 ,S
4342 1293 4393 1338 ‚d
4420 1301 4606 1340 contra.

2809 1491 2868 1555 1.
2905 1487 3143 1555 Omnis
3173 1490 3544 1557 necessitas
3586 1487 3672 1554 ad
3702 1487 3999 1576 aliquem
4042 1492 4270 1551 actum
4556 1520 4570 1556 ·.

2717 1606 2816 1665 est
2855 1619 2891 1663 a
2925 1597 3229 1686 potentia
3256 1595 3555 1663 fortioris
3596 1594 3963 1671 intrinseci,
4001 1592 4109 1659 vel
4148 1613 4274 1659 ex-

2717 1706 3038 1774 trinseci:
3079 1705 3257 1773 Deus
3316 1704 3521 1771 Pater
3567 1726 3706 1770 non
3765 1702 3968 1770 habet
4015 1700 4272 1792 aliquid

2716 1812 2956 1880 fortius
2986 1835 3057 1880 se
3107 1834 3312 1904 :ergo
3347 1833 3484 1881 non
3523 1819 3803 1902 generat
3859 1833 3940 1877 cx
3974 1810 4276 1878 necessi-

2718 1929 2877 1988 tate.
2917 1918 3229 1987 Secunda
3298 1921 3708 2010 supponitur
3746 1918 3987 2010 agnda.
4042 1917 4276 1984 Prima

2716 2027 3045 2119 probatur
3082 2050 3167 2095 ex
3209 2025 3339 2095 hoc
3378 2026 3560 2118 quod
3612 2029 3668 2094 si
3734 2035 3834 2094 est
3909 2026 4274 2094 necessitas

2718 2144 3002 2213 naturae,
3037 2144 3137 2203 est
3167 2159 3205 2202 a
3236 2136 3481 2214 forma,
3519 2158 3668 2226 quoe
3698 2135 4042 2225 potentior
4072 2142 4173 2202 est
4204 2136 4277 2206 in

2721 2266 2791 2311 re
2830 2250 3074 2333 agente
3130 2266 3253 2332 per
3287 2243 3759 2311 necessitatem
3800 2265 4008 2332 quam
4064 2250 4274 2309 mate·

2720 2350 2843 2418 ria.
2889 2349 2962 2417 Si
2993 2359 3223 2417 autem
3263 2360 3363 2418 est
3404 2352 3767 2418 necessitas
3815 2349 3898 2416 ab
3930 2349 4274 2416 extrinse-

2720 2482 2826 2539 cO,
2862 2466 3019 2526 tunc
3060 2467 3159 2525 est
3198 2481 3448 2548 cogens
3516 2458 3756 2526 fortius
3820 2481 3834 2524 :
3878 2458 4052 2526 sicut
4091 2457 4273 2524 acci-

2720 2566 2820 2656 pit
2857 2565 2929 2632 in
2957 2564 3312 2634 coactione
3343 2565 3714 2633 violentiae.

2811 2675 2875 2739 2.
2913 2672 3107 2750 Item,
3162 2671 3238 2739 ln
3271 2671 3594 2741 omnibus
3639 2671 3744 2740 his
3786 2676 3850 2740 in
3896 2672 4143 2762 quibus
4172 2679 4272 2740 est

2724 2791 2964 2849 natura
3023 2789 3088 2849 et
3142 2780 3487 2863 voluntas,
3543 2782 3915 2850 secundum
3967 2780 4273 2849 debitum

2722 2892 3032 2961 ordinem
3076 2899 3316 2960 natura
3389 2891 3695 2982 subjacet
3756 2892 4092 2959 voluntati
4136 2915 4152 2958 ε
4202 2892 4273 2959 in

2722 3002 2867 3070 Deo
2890 3010 3116 3068 autem
3146 3010 3387 3069 natura
3419 3010 3519 3068 est
3537 3011 3605 3069 et
3623 3001 3949 3069 voluntas
3975 3023 3991 3068 ε
4020 3023 4185 3091 ergo
4209 3008 4277 3068 et

2723 3112 2794 3178 in
2833 3134 2913 3179 eo
2970 3120 3210 3179 natura
3269 3110 3572 3202 subjacet
3629 3111 3960 3178 voluntati
4029 3131 4044 3175 ε
4093 3107 4276 3200 quod

2724 3228 2949 3288 autem
2987 3218 3287 3310 subjacet
3338 3219 3700 3295 voluntati,
3737 3219 3897 3286 dicit
3946 3219 4279 3309 Augusti-

2724 3350 2854 3395 nus
2884 3350 3021 3396 non
3088 3350 3236 3395 esse
3270 3327 3725 3395 necessarium
3773 3349 3788 3393 ε
3824 3350 3986 3417 ergo
4029 3326 4096 3392 in
4131 3325 4275 3393 Deo

2726 3436 2896 3506 nihil
2928 3445 3028 3506 est
3060 3437 3516 3505 necessarium
3561 3458 3576 3503 ε
3622 3460 3785 3524 ergo
3826 3457 3946 3503 nec
3987 3457 4279 3525 genera-

2726 3548 2820 3616 tio
2855 3546 3000 3614 Filii
3041 3566 3165 3614 nec
3204 3544 3386 3613 aliud
3427 3568 3625 3636 opus,
3688 3554 3758 3611 ut
3798 3544 4089 3613 videtur.
4125 3542 4280 3610 Pri-

2730 3677 2840 3722 ma
2880 3651 3208 3743 probatur
3243 3675 3326 3720 ex
3384 3674 3704 3743 perverso
3761 3651 3997 3718 ordine
4030 3651 4097 3717 in
4150 3672 4281 3717 no-

2727 3759 2832 3829 bis
2863 3784 2878 3829 ε
2911 3762 3067 3853 quia
3091 3784 3212 3851 per
3248 3769 3602 3852 peccatum
3642 3761 3881 3850 accipit
3923 3756 4108 3849 quod
4152 3779 4283 3848 po-

2730 3872 2956 3939 tentiae
2989 3870 3330 3938 naturales
3375 3869 3711 3937 voluntati
3771 3878 3834 3935 et
3866 3869 4111 3935 rationi
4144 3889 4283 3934 non

2731 3981 3105 4072 subjacent.
3171 3978 3487 4049 Secunda
3570 3977 3895 4070 probatur
3970 3999 4091 4068 per
4155 3973 4287 4043 hoc

2732 4090 2914 4182 quod
2946 4112 3259 4157 summus
3288 4088 3456 4157 ordo
3497 4097 3597 4157 est
3634 4090 3698 4155 in
3738 4088 3902 4155 Deo,

2823 4198 3074 4268 Contra
3131 4198 3413 4267 alteram
3472 4208 3733 4290 partem
3790 4199 3882 4265 sic
3942 4196 4284 4285 objicitur,

2733 4309 2983 4376 scilicet
3025 4307 3209 4399 quod
3249 4331 3385 4376 non
3428 4307 3777 4376 voluntate
3819 4310 4051 4399 genuit
4089 4331 4103 4375 ε

2830 4420 2889 4484 1.
2953 4416 3419 4486 Damascenus
3471 4419 3539 4485 in
3595 4416 3860 4485 duobus
3913 4417 4077 4485 locis
4099 4417 4286 4501 dicit,

2736 4524 2917 4618 quod
2950 4525 3199 4593 creatio
3230 4532 3328 4592 est
3361 4545 3533 4612 opus
3562 4521 3954 4604 voluntatis·,
3997 4542 4290 4611 genera-

2733 4638 2831 4704 tio
2862 4643 3089 4703 autem
3132 4658 3305 4726 opus
3338 4642 3595 4701 naturae
3628 4628 3648 4663 ¹
3702 4653 3716 4697 ε
3752 4652 3913 4719 ergo
3979 4653 4116 4698 non
4158 4652 4291 4697 vo-

2738 4747 2994 4815 luntate
3042 4746 3303 4836 genuit.

2826 4858 2891 4922 2.
2942 4853 3138 4930 Item,
3197 4850 3568 4917 Voluntate
3628 4848 3770 4915 lieri
3828 4847 4147 4913 dicuntur
4223 4849 4290 4915 in

2738 4964 2987 5058 quibus
3045 4958 3434 5053 principalis
3485 4964 3711 5024 motor
3757 4963 3854 5022 est
3905 4953 4225 5023 voluntas
4270 4976 4286 5023 ε

2737 5072 2852 5141 sed
2886 5073 2953 5138 in
2994 5070 3181 5137 omni
3227 5065 3663 5158 generatione
3701 5062 4091 5155 principalis
4138 5086 4293 5131 mo-

2738 5188 2844 5248 tor
2909 5186 3011 5246 est
3058 5183 3299 5244 natura
3358 5196 3373 5242 z
3420 5194 3584 5263 ergo
3642 5174 3986 5259 generatio
4037 5194 4172 5238 non
4218 5173 4291 5238 lit

2736 5290 3112 5358 voluntate.

2828 5401 2894 5468 3.
2923 5397 3118 5475 Item,
3154 5394 3491 5463 Voluntas
3530 5399 3633 5460 est
3662 5390 3745 5458 ad
3777 5390 3986 5458 volita
4033 5414 4047 5457 :
4080 5392 4290 5460 volita

2743 5515 2968 5575 autem
3012 5513 3165 5573 sunt
3209 5502 3547 5570 exteriora
3589 5499 3668 5569 de
3719 5498 3966 5591 quibus
4024 5507 4125 5566 est
4171 5522 4286 5590 ap·

2774 5806 2777 5809 ,
2819 5738 2843 5774 ²
2872 5740 2927 5795 S.
2957 5737 3007 5795 J.
3035 5737 3422 5803 nauseans,
3449 5732 3571 5788 Lib.
3614 5734 3660 5803 1,
3691 5748 3816 5804 cap.
3842 5735 3894 5785 8.
