4897 6388
640 305 769 412 '29'2
1595 303 1703 402 n.
1757 332 1953 399 ALB.

1038 1034 1542 1106 ARTICULUS
1585 1032 1772 1101 Xlll.

948 1259 1056 1325 An
1116 1254 1492 1343 loquantur
1539 1202 1792 1337 Anyeli
1835 1243 1875 1311 ?

722 1574 983 1644 Deinde
1046 1572 1369 1662 quaeritur
1417 1568 1500 1635 de
1556 1566 1688 1633 hoo
1737 1561 1918 1653 quod
1963 1560 2177 1627 dicit:

638 1710 672 1746 α
723 1683 866 1749 Vox
900 1679 1082 1763 silet,
1115 1701 1251 1745 non
1282 1697 1434 1743 mea
1475 1681 1774 1754 tantum,
1807 1667 2181 1735 sedetiam

631 1787 1084 1880 Anqelorum,
1114 1794 1241 1880 etc.
1272 1812 1305 1846 »
1329 1783 1414 1850 Et
1437 1767 1835 1873 quaeruntur
1864 1782 2181 1865 quatuor,

631 1895 884 1965 scilicet
949 1893 1237 1985 qualiter
1301 1890 1677 1979 loquantur
1725 1881 1969 1973 Angeli
2028 1883 2062 1948 ⁶?
2118 1887 2185 1948 et

633 2011 864 2072 utrum
913 2001 1148 2070 omnia
1181 1998 1385 2087 loqui
1434 1994 1761 2085 possint?
1824 1998 1892 2059 et
1953 1997 2183 2057 utrum

638 2105 1241 2187 om'nesomnibuS,
1280 2102 1384 2172 vel
1414 2099 1692 2193 quidam
1725 2095 2132 2189 quibusdam
2152 2094 2189 2162 ?

638 2225 705 2286 et
733 2215 817 2284 de
848 2213 1085 2282 auditu
1126 2210 1545 2279 audientium
1579 2205 1869 2274 aliorum
1905 2203 2187 2272 locutio·

535 2335 581 2384 ἱ·
640 2348 824 2394 nem.

734 2435 935 2505 Circa
966 2434 1278 2525 primum
1321 2429 1713 2521 proceditur
1748 2427 1845 2494 sic
1877 2447 1893 2493 :

671 2561 674 2564 ‘
733 2546 794 2611 1.
818 2543 1000 2612 Dicit
1024 2541 1317 2610 Basilius
1340 2541 1410 2607 in
1447 2536 1741 2629 quadam
1763 2534 2047 2604 homilia
2066 2556 2187 2601 su-

638 2675 761 2744 per
788 2649 962 2719 illud
982 2650 1251 2719 Deuter.
1276 2669 1490 2729 xxvn,
1514 2648 1555 2714 9
1591 2643 1939 2720 :Attende,
1973 2650 2037 2709 et
2065 2663 2190 2708 au-

643 2759 740 2840 di,
784 2766 956 2828 etc.:
1001 2755 1353 2826 Sermonis
1381 2776 1582 2822 usum
1620 2750 1821 2820 nobis
1847 2751 2031 2818 Deus
2069 2749 2187 2840 qui

643 2888 770 2935 nos
800 2865 1080 2944 creavit,
1125 2861 1429 2942 indulsit,
1464 2881 1587 2952 pro
1618 2881 1697 2926 eo
1727 2866 1801 2924 ut
1829 2855 2050 2924 cordis
2080 2876 2184 2922 oo·

643 2979 825 3043 culta
856 2970 1146 3042 invicem
1178 2970 1376 3039 nobis
1397 2966 1585 3037 verbi
1622 2964 1996 3033 ministerio
2028 2984 2192 3053 pan·

643 3081 984 3157 deremus,
1020 3088 1095 3148 ut
1123 3077 1470 3148 communi
1497 3076 1563 3142 in
1594 3073 1993 3142 alterutrum
2021 3069 2194 3138 ass'e-

644 3191 868 3262 ctione
890 3198 1149 3257 naturae
1174 3186 1649 3276 unusquisque
1678 3187 1986 3249 nostrum
2025 3200 2191 3270 pro-

646 3300 834 3367 ximo
898 3318 1024 3364 suo
1088 3293 1277 3361 velut
1325 3315 1408 3360 ex
1466 3291 1731 3358 arcanis
1781 3284 2189 3378 quibusdam

646 3409 1012 3479 domiciliis
1074 3404 1340 3476 consilii
1388 3410 1645 3472 secreta
1706 3400 2184 3491 depromeret:

643 3521 700 3587 si
751 3518 936 3587 enim
980 3514 1163 3584 nuda
1194 3509 1631 3580 solummodo
1680 3516 1882 3599 atque
1940 3506 2189 3573 intecta

644 3627 871 3695 anima
907 3626 1321 3702 viveremus,
1354 3642 1439 3687 ex
1478 3620 1642 3709 ipsis
1692 3624 1951 3684 tantum
1986 3635 2190 3681 men-

647 3734 734 3802 tis
764 3730 1063 3801 motibus
1093 3738 1296 3820 atque
1322 3722 1852 3817 cogitationibus
1872 3721 2181 3789 intentio·

644 3840 980 3933 nibusque
1042 3837 1535 3927 cogitationum
1594 3829 1990 3898 alterutrum
2058 3848 2188 3894 no·

640 3970 1008 4019 sceremur.
1043 3946 1147 4013 Ex
1178 3943 1307 4012 hoc
1333 3941 1684 4032 accipitur,
1730 3936 1912 4029 quod
1941 3934 2184 4028 Angeli

642 4080 797 4128 cum
836 4057 974 4123 sint
1016 4051 1338 4122 denudati
1392 4073 1431 4117 a
1489 4068 1803 4139 corpore,
1843 4047 1988 4113 sine
2040 4066 2189 4111 ser-

641 4185 847 4233 mone
901 4161 1030 4230 sibi
1092 4160 1380 4228 invicem
1452 4159 1883 4223 innotescunt
1932 4173 1949 4218 :
2021 4173 2185 4242 ergo

637 4269 985 4339 locutione
1026 4289 1162 4334 non
1212 4262 1519 4354 indigent
1563 4282 1579 4329 :
1616 4268 1683 4328 et
1723 4257 1891 4327 nihil
1932 4267 2032 4327 est
2061 4280 2182 4325 va-

639 4382 813 4445 num'
848 4377 919 4442 in
948 4373 1047 4442 eis
1091 4395 1107 4439 :
1142 4394 1304 4461 ergo
1344 4392 1484 4437 nou
1519 4366 1913 4457 loquuntur.

726 4490 792 4554 2.
828 4484 1026 4562 ltem,
1058 4481 1215 4561 Job,
1249 4501 1484 4558 xxviii,
1524 4478 1633 4555 Π,
1674 4498 1875 4566 super
1922 4473 2185 4553 id,Non

636 4590 1123 4686 adaequabitur
1182 4590 1245 4656 ei
1299 4610 1550 4655 aarum
1597 4583 1708 4652 vel
1741 4585 1993 4651 vitrum
2024 4578 2184 4649 dicit

637 4704 1035 4793 Gregorius,
1078 4697 1262 4791 quod
1311 4699 1377 4764 in
1409 4694 1898 4764 resurrectione
1938 4692 2185 4759 unius-

635 4813 966 4902 cujusque
1007 4815 1304 4876 mentem
1338 4803 1423 4872 ab
1463 4802 1740 4871 alterius
1779 4798 1991 4868 oculis
2030 4821 2186 4867 cor-

636 4920 939 5012 pulentia
1020 4938 1160 4985 non
1246 4911 1638 4981 abscondet.
1714 4909 1891 4999 Ergo
1967 4905 2182 4975 multo

635 5028 855 5118 magis
884 5047 1040 5095 cum
1070 5020 1482 5115 spiritualior
1519 5019 1603 5086 sit
1643 5024 1880 5084 natura
1914 5012 2180 5104 Angeli,

637 5135 820 5227 quod
880 5134 946 5201 in
1004 5155 1143 5201 uno
1211 5127 1477 5221 Angelo
1551 5134 1677 5205 est,
1747 5146 1885 5191 non
1952 5120 2180 5188 latebit

636 5242 846 5310 alium
882 5261 898 5310 ε
935 5250 1001 5309 et
1025 5243 1118 5310 ita
1159 5263 1294 5308 non
1336 5237 1641 5325 indigent
1679 5231 2043 5300 locutione.

726 5353 789 5418 3.
820 5349 1014 5428 Item,
1055 5348 1386 5415 Basilius:
1431 5342 1774 5423 Quoniam
1806 5339 2004 5426 vigor
2033 5337 2188 5404 uni-

634 5481 763 5527 mae
803 5455 1143 5525 velamine
1174 5454 1394 5523 carnis
1434 5450 1736 5540 operitur
1765 5445 1848 5514 ad
1888 5444 2187 5513 indican-

711 5692 730 5728 ¹
763 5689 966 5747 nauh.
1003 5704 1144 5757 xxn,
1176 5691 1245 5741 30
1276 5703 1291 5742 :
1326 5688 1500 5742 Erum
1529 5685 1668 5739 sicut
1719 5678 1924 5751 Anqeli
1967 5679 2064 5734 Dei
2121 5680 2179 5733 in

2005 328 2225 397 MAG.
2279 327 2483 394 ORD.
2543 327 2877 396 PRAED„

2081 488 2090 521 ⁵
2131 477 2163 513 ⁷
2292 499 2380 566 da
2408 507 2612 588 atque
2662 500 2731 564 in
2769 467 3138 588 publicam
3144 445 3406 570 faciem
3438 495 3833 589 proferenda

2290 627 2369 673 ea
2399 628 2547 696 quae
2588 607 2657 672 in
2689 605 3030 695 profundo
3071 607 3291 674 cordis
3339 607 3445 674 vel
3475 608 3837 696 cogitatio-

2289 714 2490 781 nibus
2530 714 2637 781 vel
2691 713 3005 781 sensibus
3051 722 3572 783 commoventur
3608 712 3828 791 nobiS,

2283 827 2356 888 ‘et
2386 820 2781 887 nominibus
2811 830 2878 887 et
2912 819 3264 887 vocabulis
3297 820 3710 910 indigemus„
3734 818 3835 884 Ex

2290 925 2420 993 hoc
2457 929 2788 1017 accipitur
2820 927 2999 1018 quod
3053 928 3169 995 ubi
3209 951 3349 998 non
3398 938 3499 997 est
3524 928 3833 995 velamen

2287 1035 2534 1111 carniS,
2579 1056 2720 1100 non
2752 1043 2853 1101 est
2886 1035 3307 1102 necessarius
3344 1056 3509 1102 usus
3546 1034 3837 1124 loquen-

2283 1140 2380 1207 di.
2426 1140 2503 1207 ln
2562 1141 2847 1231 Angelis
2889 1149 3120 1210 autem
3176 1147 3317 1210 non'
3371 1149 3472 1209 est
3527 1141 3860 1229 velamen-

2289 1249 2509 1315 carnis
2552 1270 2568 1314 :
2606 1271 2771 1338 ergo
2804 1270 2943 1316 non
2973 1249 3378 1340 loquuntur.

2378 1355 2441 1420 li.
2472 1355 2667 1436 Item,
2693 1356 2722 1422 Ι
2741 1355 2827 1423 ad
2857 1354 3164 1423 Corinth.
3201 1380 3294 1442 iv,
3320 1359 3386 1435 ὃ,
3418 1378 3622 1446 super
3646 1354 3834 1437 illud,

2279 1464 2522 1532 Nolite
2541 1475 2700 1532 ante
2729 1475 2997 1557 tempus
3012 1463 3367 1553 judicare,
3391 1465 3550 1533 dicit
3573 1464 3836 1547 Glossa,

2290 1569 2475 1659 quod
2519 1577 2711 1660 gesta
2734 1578 2799 1638 et
2818 1571 3116 1661 cogitata
3134 1569 3316 1640 bona
3344 1570 3452 1640 vel
3474 1570 3654 1638 mala
3682 1569 3841 1638 tunc

2287 1689 2484 1748 erunt
2517 1690 2805 1771 aperta:
2842 1689 2908 1749 et
2948 1683 3109 1772 quia
3164 1683 3398 1750 omnia
3440 1690 3602 1751 tunc
3648 1689 3843 1750 erunt

2286 1797 2497 1868 nota,
2519 1798 2686 1858 tunc
2714 1811 2952 1858 omnes
2954 1798 3306 1888 poterunt
3326 1791 3633 1880 judicare
3663 1791 3745 1859 de
3773 1814 3844 1859 se

2287 1905 2355 1964 et
2392 1897 2475 1964 de
2505 1896 2681 1965 aliis.
2724 1896 2827 1965 Ex
2873 1896 3007 1965 hoc
3036 1899 3387 1990 accipitur,
3430 1898 3612 1989 quod
3641 1900 3842 1967 etiam
3877 1943 3883 1948 -

2288 2004 2452 2072 mali
2483 2014 2645 2074 tunc
2670 2004 3004 2080 videbunt
3021 2006 3468 2096 cogitationes
3488 2007 3836 2075 omnium:

2289 2134 2453 2203 ergo
2496 2112 2712 2181 multo
2741 2111 2986 2181 fortius
3024 2112 3272 2204 Angeli
3306 2113 3510 2183 modo
3546 2114 3779 2182 vident
3819 2136 3836 2182 :
3952 2142 3965 2154 ·

2273 2227 2356 2290 et
2417 2240 2501 2286 ex
2551 2216 2686 2287 hoc
2757 2218 3002 2286 iterum
3062 2221 3396 2310 sequitur,
3457 2220 3639 2312 quod
3704 2243 3842 2289 non

2286 2327 2693 2420 loquuntur.

2380 2439 2445 2504 5.
2508 2435 2706 2517 Item,
2766 2438 3246 2528 Augustinus:
3294 2438 3372 2506 In
3429 2439 3649 2528 patria
3703 2460 3841 2506 non

2289 2552 2490 2612 eruut
2526 2544 2978 2635 cogitationes
3031 2544 3376 2615 volubiles
3440 2545 3604 2613 hinc
3656 2544 3838 2625 illuc,

2290 2659 2407 2720 aut
2444 2651 2604 2721 inde
2661 2649 2856 2719 huc‘:
2899 2651 3020 2720 sed
3058 2656 3294 2721 omnia
3333 2651 3537 2722 simul
3577 2652 3842 2722 videbi-

2291 2783 2470 2829 mus.
2514 2760 2697 2853 Ergo
2736 2783 2894 2830 cum
2934 2761 3180 2854 Angeli
3209 2761 3416 2832 modo
3463 2762 3603 2831 sint
3639 2760 3839 2841 beati,

2291 2889 2431 2936 non
2480 2866 2791 2959 indigent
2840 2866 3212 2950 locutione,
3281 2868 3402 2938 sed
3468 2869 3702 2937 omnia
3747 2870 3845 2936 si-

2292 2975 2442 3042 mul·
2466 2975 2808 3046 videntur.

2381 3087 2448 3150 (5.
2485 3081 2685 3162 Item,
2720 3079 3096 3175 Gregorius
3152 3084 3221 3150 in
3267 3081 3442 3151 libro
3477 3081 3571 3150 lv
3600 3081 3844 3151 Dialo-

2288 3212 2539 3280 qorum
2571 3214 2594 3259 :
2627 3188 2809 3272 Quid
2853 3200 2955 3260 est
3002 3190 3187 3283 quod
3226 3214 3367 3259 non
3406 3191 3663 3270 vident,
3725 3191 3838 3283 qui

2283 3295 2640 3381 videntem
2698 3298 2934 3365 omnia
2979 3297 3279 3366 vident?
3307 3310 3373 3367 et
3417 3297 3721 3389 loquitur
3756 3297 3836 3366 de

2289 3403 2599 3495 Angelis,
2645 3403 2721 3472 Si
2774 3425 2940 3497 ergo
2998 3406 3231 3473 omnia
3293 3405 3557 3484 vident,
3609 3405 3838 3474 vident

2291 3513 2498 3580 etiam
2531 3535 2611 3580 ea
2643 3533 2799 3605 quae
2838 3520 3000 3581 sunt
3038 3513 3107 3580 in
3147 3535 3220 3581 se
3248 3513 3541 3583 invicem
3578 3535 3595 3581 :
3636 3522 3701 3581 et
3748 3514 3839 3579 ita

2281 3643 2431 3690 ‘non
2465 3619 2770 3711 indigent
2798 3619 3171 3690 locutione.

2381 3727 2446 3792 Ἰ.
2493 3724 2689 3803 ltem,
2732 3725 3163 3816 Augustinus
3205 3727 3274 3793 in
3315 3725 3490 3796 libro
3535 3726 3619 3795 de
3645 3729 3835 3796 Bono

2290 3831 2659 3922 cotij'aqali
2685 3856 2709 3901 :
2771 3832 2934 3901 Post
2991 3830 3170 3902 banc
3223 3836 3835 3926 peregrinationem

2290 3939 2596 4007 futurum
2626 3949 2753 4023 est,
2780 3938 2894 4006 ubi
2917 3940 3230 4007 omnium
3250 3941 3695 4032 cogitationes
3724 3963 3841 4032 pa·

2291 4046 2531 4116 tebunt
2586 4048 2907 4125 invicem,
2968 4070 3094 4117 nec
3153 4048 3445 4118 invicem
3493 4072 3839 4141 repugna-

2289 4153 2486 4222 bunt.
2528 4155 2700 4224 Cum
2732 4177 2899 4246 ergo
2932 4155 2999 4221 in
3030 4155 3258 4225 l'uturo
3289 4157 3545 4226 similes
3582 4158 3835 4225 erimus

2291 4258 2598 4351 Angelis,
2640 4269 2715 4328 ut
2758 4260 2921 4328 dicit
2957 4260 3322 4338 Dominus,
3365 4259 3610 4333 Mauln.
3667 4286 3833 4345 xxu,

2290 4371 2374 4434 30
2409 4369 2425 4403 ¹
2474 4391 2489 4436 :
2533 4391 2696 4458 ergo
2740 4366 2983 4459 Angeli
3027 4368 3232 4437 modo
3262 4369 3497 4438 vident
3542 4371 3832 4440 invicem

2290 4474 2740 4564 cogitationes
2769 4496 2954 4553 suaS,
2987 4483 3118 4543 etc.

2392 4583 2409 4646 1
2431 4634 2444 4649 ,
2475 4582 2608 4648 san
2627 4604 2883 4650 οοκτιυι
2899 4579 3032 4651 boc
3051 4584 3357 4674 estquod
3375 4585 3536 4653 dicit
3565 4587 3829 4665 Glossa,
3868 4628 3963 4678 soa
3998 4638 4183 4677 mm.

2292 4688 2316 4756 l
2349 4689 2435 4757 ad
2464 4688 2773 4757 Corinth.
2817 4712 2963 4768 xm,
3015 4692 3073 4770 l,
3108 4691 3291 4783 quod
3320 4697 3703 4785 superiores
3738 4699 3839 4765 si-

2287 4799 2615 4888 gnificant
2683 4798 3120 4868 interioribus
3167 4803 3354 4893 quod
3401 4803 3485 4873 de
3524 4804 3652 4873 Dei
3708 4827 3838 4874 xo-

2288 4903 2548 4974 luntate
2578 4914 3028 4997 perceperunt
3058 4907 3336 4977 nutibus
3363 4918 3428 4979 et
3464 4912 3702 5003 signiS.

2379 5017 2444 5080 2.
2517 5013 2715 5095 ltem,
2786 5013 3066 5083 Boetius
3111 5038 3125 5082 :
3207 4997 3556 5110 Quidquid
3619 5027 3840 5109 potest

2287 5122 2592 5210 potentia
2622 5121 2924 5200 inferior,
2958 5130 3184 5213 potest
3212 5130 3278 5191 et
3300 5126 3648 5215 superior:
3684 5150 3836 5195 cum

2290 5248 2454 5317 ergo
2485 5226 2697 5296 homo
2728 5229 2844 5318 qui
2877 5235 2977 5296 est
3009 5228 3288 5297 inferior
3315 5233 3645 5322 potentia,
3678 5256 3836 5325 pos·

2291 5333 2377 5400 sit
2414 5332 2629 5425 loqui,
2672 5341 2899 5424 potest
2937 5333 3128 5426 loqui
3165 5345 3231 5405 et
3259 5337 3587 5430 Angelus.

2383 5444 2447 5512 3.
2484 5441 2683 5522 Item,
2722 5443 2854 5510 Isa.
2898 5466 2995 5520 vn,
3040 5444 3079 5511 3
3125 5466 3139 5510 :
3189 5444 3610 5516 Clamabunt
3665 5450 3845 5518 alter

2291 5679 2443 5733 cei-Iu.
