4897 6388
719 4237 812 4283 sod
839 4245 1027 4285 contra.

1636 308 1644 316 -
1705 253 1708 256 ¹
1845 265 1942 332 IN
1988 265 2020 332 Ι
2070 259 2494 330 SENTENT.
2556 256 2773 327 DlST.
2826 258 3083 342 xxm,
3107 255 3217 356 ἱΒ,
3258 251 3468 342 ΛΒΤ.
3522 267 3581 333 2.

1100 438 1450 506 individua
1484 459 1500 508 t
1534 463 1565 503 >³
1593 459 1747 504 cum
1769 437 1951 504 enirn
1986 435 2053 500 in
2075 430 2479 498 diffinitione
2509 451 2668 517 per—

1097 568 1284 611 sonae
1324 544 1714 611 substantia
1767 540 1963 608 cadat
2003 540 2071 604 in
2128 545 2338 619 recto,
2392 542 2665 623 oportet

1104 652 1294 740 quod
1361 671 1654 740 persona
1721 650 1808 713 sit
1874 647 1940 712 in
2018 665 2266 734 genere
2332 640 2660 708 substan-

1096 761 1231 827 tiae.

1185 869 1252 936 5.
1298 865 1499 948 Item,
1534 887 1656 953 per
1696 864 2029 930 rationem
2084 859 2307 927 Boetii
2354 880 2491 947 qua
2536 878 2687 924 ve·-

1093 983 1297 1041 natur
1328 960 1637 1062 personae
1665 969 2146 1037 diffinitionem
2183 989 2197 1034 :
2235 966 2395 1054 quia
2418 985 2653 1054 perso-

1096 1105 1183 1149 na
1240 1090 1360 1148 aut
1415 1081 1625 1148 estin
1674 1100 1923 1169 genere
1988 1075 2466 1155 accidentium,
2538 1082 2654 1139 aut

1092 1191 1534 1258 substantiae:
1573 1195 1712 1256 non
1753 1186 2204 1256 accidentium
2251 1206 2265 1250 ε
2304 1204 2465 1272 ergo
2500 1181 2652 1248 sub·

1090 1299 1380 1366 stantiae.
1427 1296 1622 1373 item,
1658 1297 1728 1362 in
1769 1315 2018 1386 genere
2061 1290 2460 1359 substantiae
2493 1297 2652 1356 sunt

1089 1410 1328 1497 primae
1359 1415 1427 1474 et
1464 1405 1775 1474 secundae
1813 1427 1828 1470 :
1863 1391 1940 1470 et
1958 1403 2178 1492 prima
2225 1397 2441 1489 (alias.
2490 1420 2648 1488 per-

1086 1516 1282 1605 sona)
1316 1539 1455 1583 non
1487 1515 1648 1582 dicit
1678 1512 2072 1593 secundam,
2107 1512 2267 1600 quia
2296 1507 2481 1575 sicin
2514 1528 2648 1572 una

1089 1631 1333 1689 natura
1372 1643 1511 1688 non
1552 1627 1727 1687 esset
1760 1618 1888 1685 nisi
1922 1638 2213 1708 persona
2252 1615 2320 1681 in
2370 1612 2589 1702 specie
2627 1635 2640 1678 ε

1086 1752 1250 1820 ergo
1283 1729 1576 1818 primam
1613 1748 1627 1792 ε
1674 1735 1742 1793 et
1781 1746 1920 1792 non
1952 1724 2440 1812 cujuscumque
2479 1717 2646 1785 sub-

1084 1836 1376 1910 stantiae,
1410 1832 1530 1901 sed
1572 1831 1920 1910 rationalis
1962 1852 1977 1899 z
2023 1851 2187 1919 ergo
2215 1848 2507 1918 persona
2544 1833 2644 1892 est

1082 1945 1306 2033 prima
1344 1942 1724 2010 substantia
1754 1940 1825 2006 in
1854 1947 2097 2005 natura
2128 1932 2466 2004 rationali.

1087 2077 1096 2085 ·
1172 2053 1237 2122 (3.
1281 2049 1482 2132 Item,
1531 2047 1699 2116 Sive
1750 2067 2042 2136 persona
2088 2043 2353 2111 dicatur
2392 2062 2514 2130 per
2569 2061 2640 2105 se

1085 2180 1378 2241 sonanS,
1446 2154 1824 2224 secundum
1904 2149 2219 2220 vocabuli
2303 2145 2640 2239 etymolo-

1080 2271 1292 2361 giam,
1338 2268 1483 2335 sive
1522 2288 1644 2357 per
1690 2287 1762 2331 se
1805 2257 1940 2332 una
1995 2258 2368 2328 secundum
2428 2277 2642 2324 voca-

1082 2378 1226 2447 buli
1284 2375 1883 2465 compositionem,
1944 2391 2084 2437 non
2125 2365 2452 2436 convenit
2506 2364 2636 2431 nisi

1078 2485 1478 2555 substantiae
1515 2507 1530 2550 ε
1566 2482 1728 2573 quia
1766 2477 1937 2547 nihil
1969 2486 2067 2545 est
2124 2498 2244 2566 per
2282 2495 2352 2541 se
2391 2496 2632 2552 unum,

1082 2596 1211 2663 nisi
1243 2592 1377 2662 hoc
1415 2589 1673 2681 aliquid
1705 2590 1773 2655 in
1797 2584 2175 2655 substantia
2209 2604 2226 2651 ε
2264 2582 2481 2648 forma
2511 2602 2639 2648 au-

1078 2710 1216 2769 tem
1247 2700 1332 2768 de
1373 2721 1445 2766 se
1486 2695 1875 2765 communis
1913 2700 2039 2770 est,
2086 2689 2367 2758 materia
2405 2695 2635 2756 autem

1080 2813 1149 2879 in
1188 2809 1496 2900 potentia
1554 2828 1569 2872 ε
1614 2827 1779 2894 ergo
1819 2826 1942 2894 per
1978 2823 2051 2870 se
2088 2822 2209 2869 ens
2248 2819 2461 2865 unum
2494 2819 2634 2864 non

1079 2925 1184 2986 est
1220 2914 1353 2986 nisi
1391 2913 1521 2981 hoc
1559 2908 1817 3003 aliquid
1850 2910 1920 2977 in
1977 2906 2352 2975 substantia
2404 2926 2420 2974 z
2466 2904 2637 2973 acci·

1079 3022 1309 3091 dentia
1348 3019 1534 3087 enim
1592 3040 1714 3108 per
1762 3039 1834 3083 se
1866 3037 2002 3084 non
2042 3020 2314 3089 sonant,
2358 3032 2486 3078 nec
2515 3032 2637 3101 per

1061 3156 1151 3202 se
1183 3153 1399 3199 unum
1440 3137 1644 3197 sunt:
1681 3147 1872 3218 ergo,
1913 3132 2042 3193 etc.

1162 3242 1233 3309 Ἰ.
1308 3238 1502 3314 Item,
1579 3232 1928 3325 Quidquid
1992 3230 2426 3323 perfectionis
2502 3236 2631 3311 est,

1077 3349 1222 3417 Deo
1253 3345 1452 3414 debet
1483 3342 1762 3411 attribui
1798 3363 1815 3409 ε
1849 3339 1968 3409 sed
1989 3337 2417 3431 perfectionis
2448 3358 2633 3404 sum-

1075 3480 1208 3525 mm
1251 3465 1379 3534 est,
1423 3452 1607 3545 quod
1654 3450 1768 3518 illa
1819 3471 1971 3539 quae
2006 3455 2319 3515 naturam
2367 3446 2436 3512 in
2468 3444 2631 3512 inte·

1078 3565 1369 3635 rioribus
1396 3562 1932 3634 communicant,
1983 3580 2103 3648 per
2131 3579 2203 3623 se
2242 3577 2456 3622 unum
2495 3554 2630 3620 sint

1074 3683 1141 3744 et
1171 3696 1294 3765 per
1321 3694 1394 3739 se
1413 3670 1786 3737 subsistant
1819 3687 1836 3734 ε
1873 3688 2036 3755 ergo
2068 3663 2198 3732 hoc
2227 3663 2445 3753 magis
2474 3683 2633 3730 con-

1076 3782 1267 3849 venit
1296 3774 1763 3869 superioribus
1794 3797 1811 3843 :
1854 3796 2017 3863 ergo
2047 3794 2353 3863 personoe
2382 3770 2630 3838 divium

1075 3914 1196 3981 per
1223 3912 1296 3956 se
1328 3885 1705 3953 subsistunt
1743 3906 1759 3950 ε
1802 3905 1964 3972 ergo
2006 3890 2164 3950 sunt
2206 3880 2626 3960 substantia»,

1072 3997 1182 4067 vel
1222 3994 1676 4065 subsistentioe
1722 4015 1737 4059 ε
1782 4014 1946 4083 ergo
2013 4012 2303 4082 persona
2348 3991 2415 4056 in
2461 3988 2630 4055 divi-

1074 4108 1182 4174 nis
1210 4103 1547 4195 significat
1589 4100 2063 4168 substantiam.

1172 4216 1233 4281 t.
1282 4212 1350 4279 ts·
1380 4231 1801 4278 coxTnAntt‘M
1851 4215 1951 4274 est
2008 4203 2194 4297 quod
2250 4205 2409 4273 dicit
2462 4204 2632 4272 noe-

1076 4323 1213 4388 tius
1246 4323 1261 4356 ¹
1297 4321 1419 4398 sic,
1454 4315 1639 4408 quod
1678 4317 1732 4382 si
1800 4336 2109 4405 personae
2170 4312 2402 4380 divisae
2466 4312 2627 4394 sint,

1074 4426 1457 4494 substantia
1496 4446 1660 4489 vero
1694 4422 2007 4497 indivisa,
2069 4441 2340 4488 necesse
2374 4426 2473 4486 est
2502 4440 2628 4484 vo·

1072 4532 1394 4603 cabulum
1437 4531 1622 4622 quod
1664 4553 1748 4598 ex
1794 4529 2101 4622 personis
2145 4528 2481 4617 originem
2513 4549 2628 4594 ca-

1073 4644 1197 4733 pit,
1242 4639 1307 4708 id
1376 4639 1461 4707 ad
1519 4637 1969 4706 substantiam
2029 4658 2166 4702 non
2224 4636 2622 4724 pertinere:

1069 4772 1227 4817 cum
1260 4770 1424 4837 ergo
1481 4744 1744 4813 nullum
1801 4741 2214 4812 vocabulum
2274 4743 2362 4809 ita
2404 4738 2625 4809 trahat

1069 4858 1407 4948 originem
1448 4854 1535 4921 ab
1576 4852 1739 4943 ipsis
1769 4851 2077 4942 personis
2105 4851 2279 4919 sicut
2306 4871 2621 4940 persona,

1064 4962 1340 5031 videtur
1387 4959 1570 5052 quod
1614 4982 1751 5027 non
1801 4960 2134 5049 pertineat
2183 4955 2268 5023 ad
2316 4954 2629 5023 substan·

1068 5072 1264 5138 tiam.

1157 5179 1222 5244 2.
1287 5175 1481 5249 ltem.
1545 5175 1823 5242 Boetius
1884 5195 1899 5239 ε
1967 5172 2272 5241 Essentia
2321 5171 2625 5238 continet

1068 5284 1428 5359 unitatem,
1494 5280 1731 5349 relatio
1762 5290 1990 5348 autem
2032 5280 2178 5348 sola
2220 5277 2628 5369 multiplicat

1135 5531 1153 5566 ¹
1187 5529 1450 5595 nonius,
1484 5528 1605 5585 Lib.
1639 5528 1712 5583 de
1740 5528 2049 5602 Trinitatn,
2080 5546 2211 5607 cap.
2242 5531 2494 5602 ultimo,

1135 5618 1157 5655 ²
1188 5620 1245 5675 S.
1282 5621 1654 5685 Aucusrixcs,
1689 5618 1809 5674 Lib.
1838 5619 1928 5673 vn
1951 5618 2022 5673 de
2044 5621 2364 5697 Trinitate,
2399 5624 2468 5689 in
2497 5635 2639 5702 nm»,

4167 270 4317 345 1583

2769 428 3164 496 Trinitatem
3212 453 3228 496 ε
3283 454 3436 498 cum
3487 425 3649 522 ergo
3692 433 3820 502 hoc
3858 457 4104 502 nomen
4155 433 4317 526 per-

2770 558 2962 614 sona,
2999 536 3345 625 pluraliter
3373 539 3453 605 de
3485 540 3700 607 tribus
3731 541 4014 618 dicatur,
4052 551 4115 608 ct
4144 544 4317 611 mul·

2767 643 3133 733 tiplicetur,
3194 645 3461 712 videtur
3498 648 3682 737 quod
3741 648 3823 714 ad
3855 649 4070 715 solam
4105 655 4318 740 perti-

2764 759 2921 815 neat
2952 750 3375 820 relationem.

2847 860 2910 926 3.
2953 858 3146 943 Item,
3172 862 3639 952 Augustinus'
3672 888 3686 931 z
3727 891 3761 929 ε(
3792 865 3962 934 Cum
4000 867 4199 935 Pater
4238 877 4307 937 et

2760 963 2969 1033 Filius
3009 977 3075 1034 et
3118 967 3409 1057 Spiritus
3467 982 3746 1057 sanctus,
3799 965 4322 1043 dicuntur'tres·

2760 1071 3094 1162 personae,
3139 1078 3340 1145 nulloe
3373 1080 3589 1147 moles
3635 1089 3753 1147 aut
3799 1083 4151 1150 intervalla
4184 1107 4306 1151 co-

2760 1182 2822 1270 gi
2836 1185 3081 1262 tentur,
3117 1185 3299 1252 nulla
3321 1187 3641 1254 distantia
3662 1171 4314 1282 quantulaecumque

2759 1287 3354 1374 dissimilitudinis,
3415 1295 3612 1362 utssibi
3671 1296 4086 1387 intelligatur
4124 1299 4306 1366 aliud

2755 1397 2889 1465 alio
2929 1398 3035 1466 vel
3092 1400 3551 1489 paulominus,
3616 1426 4048 1495 quocumque
4094 1406 4314 1475 modo*

2755 1508 2979 1575 minus
3037 1531 3183 1577 esse
3246 1509 3430 1577 aliud
3469 1511 3602 1579 alio
3647 1517 3898 1602 potest,
3948 1524 4020 1581 ut
4076 1537 4299 1605 neque

2752 1636 3196 1702 personarum
3229 1619 3315 1683 sit
3344 1618 3678 1696 confusio,
3714 1641 3837 1687 nec
3869 1620 4018 1686 talis
4051 1621 4299 1688 distin-

2747 1725 2880 1790 ctio
2911 1721 3162 1813 quasit
3192 1727 3412 1816 impar
3450 1726 3730 1816 aliquid.
3768 1728 3964 1807 Quod
3999 1731 4051 1794 si
4093 1730 4298 1798 imol-
4396 1711 4401 1714 ’

2748 1831 2926 1900 lectu
2964 1834 3111 1923 capi
3146 1855 3279 1901 non
3318 1845 3567 1924 potest,
3629 1836 3760 1903 tide
3793 1846 4121 1915 teneatur,
4168 1840 4299 1908 do-

2745 1962 2870 2007 nec
2897 1937 3242 2009 illucescat
3269 1943 3339 2008 in
3378 1931 3698 2011 cordibus
3737 1949 4007 2023 nostris,
4047 1927 4162 2036 qui
4204 1948 4299 2014 ait

2744 2070 2862 2136 per
2928 2046 3363 2139 Prophetam,
3424 2051 3580 2117 Νὶέἰ
3636 2051 4083 2134 crediderim,
4143 2076 4279 2122 non

2740 2154 3351 2244 inlelliqelis⁸aEx
3391 2154 3519 2225 hoc
3555 2159 3905 2248 accipitur,
3947 2161 4130 2250 quod
4172 2163 4285 2228 ni-

2743 2261 2837 2329 hil
2879 2264 3583 2356 quantulumcumque
3618 2265 3700 2334 de
3729 2267 4285 2338 substantialibus

2742 2380 2844 2438 est
2901 2372 2968 2438 in
3027 2394 3191 2451 uno,
3235 2371 3413 2463 quod
3476 2396 3611 2441 non
3652 2375 3740 2442 sit
3790 2376 3856 2441 in
3902 2376 4034 2443 alio
4079 2398 4286 2444 :cum

2745 2478 2952 2568 igitur
2988 2477 3435 2567 personalitas
3473 2480 3674 2547 unius
3704 2502 3842 2547 non
3873 2483 3959 2548 sit
3998 2482 4063 2548 in
4124 2481 4295 2564 alie,-

2739 2585 3009 2652 videtur
3043 2584 3226 2677 quod
3283 2609 3572 2675 persona
3628 2587 4072 2657 substantiam
4153 2612 4294 2657 non

2741 2693 3102 2783 significet.

2830 2805 2896 2873 4.
2934 2803 3130 2888 ltem,
3174 2804 3252 2873 ln
3310 2805 3496 2873 nulla
3552 2813 3796 2874 natura
3837 2806 4013 2875 idem
4073 2816 4296 2899 potest

2741 2932 2887 2977 esse
2942 2910 3351 3001 principium
3394 2912 4178 2982 inconimunicabilitatis
4226 2922 4296 2984 et

2738 3017 3451 3086 communicabilitatis
3525 3016 3702 3087 :sed
3762 3020 3829 3086 in
3888 3019 4135 3088 divinis
4191 3026 4294 3107 (ut

2739 3121 2902 3191 dicit
2939 3121 3337 3213 Richardus)
3395 3147 3688 3218 persona
3725 3133 3827 3193 est
3885 3127 4292 3217 principium

2737 3235 3550 3315 incommunicabilitatis,
3613 3235 3995 3306 substantia
4061 3247 4289 3307 autem

2736 3342 3451 3412 communicabilitatis
3511 3366 3526 3411 ε
3585 3367 3749 3437 ergo
3806 3367 4093 3436 persona
4147 3369 4282 3415 non

2736 3450 3065 3539 significat
3091 3450 3564 3518 substantiam.

2824 3560 2889 3625 5.
2936 3556 3132 3636 Item,
3194 3558 3580 3651 Proprietas
3625 3568 3725 3627 est
3785 3583 3934 3650 quie
3999 3560 4151 3628 tacit
4209 3562 4278 3628 in

2734 3664 2984 3732 divinis
3031 3688 3420 3744 numerum,
3481 3674 3556 3734 ut
3600 3664 3906 3735 habitunt
3954 3678 4050 3735 est
4092 3677 4274 3745 ante,

2735 3779 2799 3835 et
2857 3771 3102 3837 iterum
3161 3769 3519 3838 habebitur
3558 3772 3626 3837 in
3683 3773 3991 3863 sequenti
4032 3772 4279 3840 distin-

2736 3880 2957 3945 ctione
2993 3901 3011 3946 ε
3043 3878 3159 3947 sed
3188 3879 3341 3947 tacit
3373 3902 3733 3947 numerum
3774 3903 4215 3970 personarum
4257 3903 4273 3948 ε

2735 4009 2899 4076 ergo
2956 4009 3245 4076 persona
3306 3995 3404 4054 est
3471 3985 3532 4053 id
3590 3985 3775 4077 quod
3848 3990 4282 4055 constituitur

2735 4093 3145 4183 proprietate
3187 4114 3205 4163 ε
3250 4092 3378 4161 hoc
3407 4102 3635 4161 autern
3666 4116 3803 4161 non
3834 4104 3930 4160 est
3972 4093 4282 4162 substan·

2736 4200 2850 4274 tia,
2912 4200 3072 4290 quia
3127 4200 3570 4290 proprietates
3636 4200 4085 4268 substantiam
4139 4224 4276 4269 non

2734 4306 3226 4375 determinant:
3263 4331 3427 4397 ergo
3451 4307 3743 4388 videtur,
3776 4308 3957 4399 quod
3988 4332 4278 4399 persona

2735 4436 2874 4482 non
2914 4414 3091 4482 dicat
3121 4414 3594 4482 substantiam.

2827 4526 2891 4589 ti.
2930 4522 3124 4606 item,
3160 4522 3235 4590 ln
3275 4546 3710 4613 quocumque
3753 4523 4277 4613 praedicamento

2734 4633 3120 4702 continetur
3149 4632 3425 4701 inferius
3445 4632 3732 4722 alicujus
3751 4635 4017 4724 generis
4045 4657 4281 4701 secun·

2734 4739 2895 4807 dum
2937 4742 3041 4808 sui
3076 4750 3407 4820 nataram,
3442 4741 3510 4807 in
3551 4739 3789 4807 eodeni
3841 4739 4016 4808 cadit
4055 4750 4117 4809 et
4156 4764 4280 4831 ge-

2734 4870 2861 4915 nus
2892 4846 3057 4914 illud
3112 4844 3484 4914 secundum
3526 4855 3838 4914 naturam
3902 4870 3917 4914 ε
3978 4847 4091 4915 sed
4151 4846 4279 4915 sub

2732 4976 3022 5045 persona
3077 4954 3251 5021 sicut
3315 4952 3442 5020 sub
3497 4955 3845 5022 communi
3905 4955 4278 5023 intentione

2730 5062 3071 5128 sumimus
3116 5060 3387 5128 Patrem
3427 5068 3497 5128 et
3546 5060 3789 5127 Filium
3842 5071 3906 5127 et
3950 5060 4278 5151 Spiritum

2732 5178 3072 5248 sanctum,
3122 5175 3189 5235 et
3237 5166 3379 5235 hoec
3435 5178 3595 5236 sunt
3635 5170 3704 5235 in
3754 5169 3837 5236 ad
3879 5168 4130 5260 aliquid
4171 5191 4283 5237 se-

2739 5277 3035 5346 cundum
3082 5278 3189 5343 sui
3229 5284 3540 5343 naturam
3585 5297 3603 5344 z
3663 5299 3826 5365 ergo
3879 5284 3945 5342 et
3991 5297 4280 5364 persona

2830 5534 2856 5572 ³
2880 5532 3044 5605 Vulg.
3071 5528 3271 5596 babet,
3302 5528 3412 5584 isa.
3445 5542 3539 5589 vn.
3570 5530 3653 5582 9‘:
3685 5527 3745 5583 St
3783 5542 3892 5581 non
3912 5524 4284 5592 credideritis,

2785 5646 2886 5689 nou
2909 5621 3306 5700 permanebitis.
