4897 6388
394 3986 600 4033 solutio.

671 311 799 373 472

670 475 1044 564 principia·-·
1068 473 1317 561 magis.
1364 490 1568 560 quam
1646 465 2108 534 conclusiones
2189 486 2202 529 :

669 585 890 670 prima
930 580 1170 667 seipsis
1236 583 1611 644 noscuntur
1681 597 1695 640 ;
1768 594 1927 660 ergo
1996 571 2210 657 magis

672 711 874 776 quain
910 686 1039 753 alia
1085 710 1100 753 ε
1135 685 1319 752 Deus
1358 691 1586 749 autem
1627 680 1917 746 maxime
1957 677 2212 764 primus

671 803 815 860 est:
855 816 1017 883 ergo
1049 794 1271 881 seipso
1313 790 1638 856 noscitur.

761 906 823 967 2.
859 902 1055 980 Item,
1101 898 1561 985 Quaecumque
1590 894 2029 984 praesentiora
2059 897 2212 954 sunt

674 1009 738 1073 in
774 1008 1142 1090 intellectu,
1177 1007 1393 1093 magis
1425 1008 1818 1075 noscuntur,
1855 1000 2009 1087 quia
2042 1015 2215 1084 prae-

672 1118 882 1183 sentia
942 1124 1043 1182 est
1099 1135 1303 1180 causa
1343 1110 1597 1179 notitiae
1661 1131 1675 1174 :
1737 1105 1850 1173 sed
1891 1126 2037 1194 quae
2075 1103 2213 1167 suis

671 1227 980 1292 essentiis
1021 1222 1394 1291 secundum
1437 1219 1503 1286 id
1542 1216 1722 1308 quod
1775 1223 1931 1283 sunt
1992 1216 2056 1279 in
2103 1212 2213 1277 in-

667 1333 936 1400 tellectu
972 1340 1153 1411 sunt,
1187 1330 1408 1420 magis
1439 1324 1973 1415 suntpraesentia
2006 1341 2206 1410 quarn

667 1464 748 1508 ea
786 1463 939 1530 quae
975 1441 1114 1506 suis
1146 1434 1705 1505 similitudinibus
1753 1440 2014 1498 tantum
2059 1433 2213 1493 sunt

671 1552 737 1615 iu
773 1547 1116 1614 intellectu
1152 1569 1165 1612 :
1203 1568 1364 1634 ergo
1399 1543 1618 1632 magis
1648 1547 2063 1608 noscuntur:
2095 1533 2212 1600 sed

669 1657 937 1722 ‹lili-ctio
979 1653 1353 1722 secundum
1397 1650 1462 1716 id
1503 1649 1685 1741 quod
1735 1657 1834 1714 est
1880 1648 1944 1710 in
1987 1643 2211 1710 anima

670 1763 1103 1840 intellectiva,
1139 1770 1240 1828 est
1269 1759 1650 1850 proximius
1682 1779 1797 1845 per
1827 1750 2211 1820 similitudi-

669 1896 823 1939 nem
866 1881 1131 1938 tantum
1167 1897 1183 1937 :
1228 1891 1391 1959 ergo
1435 1865 1703 1934 dilectio
1744 1864 1960 1951 magis
1999 1861 2213 1925 nosci-

667 1990 777 2046 tur
816 2004 1019 2070 quam
1054 1979 1429 2072 proximus.

755 2091 821 2154 3.
862 2087 1022 2154 lude
1060 2085 1377 2175 objicitur
1407 2082 1689 2150 ulterius
1719 2103 1734 2147 :
1771 2080 2209 2166 Quaecumque

672 2196 760 2263 ita
802 2197 1163 2286 praesentia
1217 2202 1399 2275 sunt,
1463 2199 1537 2258 ut
1601 2192 1736 2257 sint
1797 2187 2209 2278 penetrantia

670 2306 1122 2372 substantiam
1165 2312 1228 2370 et
1261 2302 1324 2369 id
1368 2299 1552 2391 quod
1592 2306 1694 2367 est
1731 2296 2105 2365 intellectus
2145 2298 2207 2363 in

675 2421 843 2489 toto,
900 2423 964 2480 et
1027 2401 1196 2479 nihil
1237 2410 1318 2477 de
1358 2408 1701 2476 intellectu
1732 2408 1816 2473 sit
1854 2405 2034 2495 quod
2076 2426 2209 2471 non

673 2529 1029 2607 penetrant
1100 2538 1116 2586 ε
1189 2517 1302 2583 illa
1357 2524 1516 2582 sunt
1583 2514 1801 2604 magis
1863 2512 2210 2604 praesentia

673 2652 876 2718 quam
914 2628 1026 2693 iila
1066 2648 1216 2716 quae
1245 2625 1490 2691 adsunt
1521 2633 1596 2691 ut
1647 2623 1999 2690 intrinseca
2043 2643 2215 2710 proe-

670 2739 885 2802 sentia
946 2734 1312 2802 intellectui
1359 2756 1374 2800 ε
1445 2729 1738 2800 charitas
1790 2731 2078 2797 increata
2118 2737 2213 2794 est

670 2865 971 2931 praeseus
999 2850 1070 2908 ut
1113 2849 1333 2908 totum
1378 2838 1792 2906 intellectum
1835 2845 2212 2926 penetranS,

670 2960 889 3017 rreata
924 2959 1152 3018 autem
1188 2958 1259 3017 ut
1294 2950 1696 3016 intrinsecus
1738 2958 2028 3036 praesens
2067 2955 2219 3011 tan-

681 3066 822 3125 tum
868 3081 884 3126 ε
937 3079 1102 3147 ergo
1142 3056 1435 3125 charitas
1493 3056 1790 3123 increata
1849 3054 2063 3141 magis
2118 3061 2213 3119 est

674 3190 1000 3256 pra-sens,
1033 3188 1238 3257 quam
1270 3173 1491 3234 creata
1539 3185 1554 3230 z
1591 3173 1658 3231 et
1687 3184 1837 3255 quae
1870 3171 2026 3229 sunt
2074 3183 2225 3228 ma-

677 3275 779 3361 gis
822 3274 1205 3364 pra-sentia,
1257 3281 1412 3338 sunt
1459 3270 1680 3360 magis
1723 3279 1907 3350 nota,
1950 3279 2020 3336 ut
2067 3268 2219 3334 dicit

680 3385 1106 3471 Augustinus
1141 3404 1157 3449 :
1192 3403 1355 3469 ergo
1387 3379 1681 3459 videtur,
1716 3378 1895 3468 quod
1933 3378 2109 3444 [leus
2138 3378 2218 3442 sit

682 3490 900 3573 magis
931 3497 1134 3555 notus
1173 3488 1397 3566 nohis,
1433 3508 1640 3576 quam
1679 3484 2001 3576 quidquid
2045 3484 2221 3550 aliud

688 3608 785 3663 est
827 3595 931 3663 vel
967 3605 1186 3686 potest
1215 3619 1386 3663 esse.

785 3914 1092 3979 Suntne.
1131 3914 1294 3978 Sine
1328 3911 1714 4000 praejudicio
1748 3910 2084 4000 loquendo
2117 3934 2233 4000 pu-

693 4029 760 4084 tu
794 4019 900 4085 hic
939 4043 1086 4086 esse
1125 4017 1678 4105 distinguendum
1723 4019 1788 4085 in
1842 4018 2173 4085 intellectu
2210 4040 2225 4084 t

690 4138 784 4191 «nst
822 4128 1004 4193 enini
1039 4127 1286 4217 aliquis
1328 4124 1707 4193 intellectus
1739 4126 1803 4192 in
1837 4126 2028 4191 nohis
2068 4127 2233 4192 acci·

692 4238 880 4324 piens
947 4259 1029 4301 ex
1090 4234 1592 4323 pliantasmate,
1654 4244 1716 4301 et
1768 4236 1831 4301 in
1895 4234 2006 4300 illo
2066 4237 2226 4323 perit

692 4344 995 4422 scientia,
1039 4342 1094 4406 si
1139 4343 1302 4430 perit
1336 4365 1576 4408 sensus
1613 4363 1628 4408 ε
1675 4341 1848 4408 unde
1880 4365 2090 4407 cam-us
2124 4366 2232 4407 na-

694 4460 801 4515 tus
833 4473 965 4514 ιιυιι
1006 4450 1426 4514 ‹leunenstrat
1456 4449 1538 4515 «le
1569 4447 1932 4516 coloribus,
1973 4448 2078 4514 list
2112 4473 2230 4514 au·

695 4567 826 4622 tvm
879 4555 1052 4621 alius
1125 4555 1503 4623 intellectus
1571 4580 1707 4624 non
1764 4557 2093 4646 accipiens
2149 4579 2229 4622 ex

695 4661 1191 4751 phantasmate,
1236 4663 1351 4730 sed
1408 4665 1473 4730 in
1530 4663 1785 4730 lumine
1824 4666 2081 4753 agentis
2125 4665 2230 4729 in-

695 4770 1000 4835 tellectus
1041 4780 1329 4848 tantum,
1371 4780 1436 4837 et
1488 4773 1553 4837 in
1597 4769 1699 4837 his
1742 4772 1807 4836 iu
1858 4770 2100 4859 quihus
2152 4772 2232 4837 il-

697 4878 1068 4943 luminatur
1123 4878 1324 4944 etiam
1386 4876 1698 4966 ampliori
1748 4876 1995 4943 lumine
2028 4902 2228 4967 quam

695 4985 778 5049 sit
842 4983 1073 5051 lumen
1131 4986 1395 5073 agentis
1454 4982 1856 5066 intellectus,
1916 4986 2079 5050 sieut
2135 4996 2230 5051 cst

696 5091 922 5156 radius
974 5090 1270 5169 divinus,
1340 5089 1447 5156 vel
1516 5089 1744 5156 radius
1812 5092 2232 5160 revelationis

694 5195 1015 5282 angelica}
1060 5220 1075 5263 ε
1123 5219 1242 5262 ner
1298 5194 1425 5263 hoc
1485 5195 1814 5285 intellige,
1875 5196 2052 5286 quod
2102 5200 2228 5264 sint

696 5304 830 5368 «lun
874 5304 1253 5371 intellectus
1306 5325 1588 5371 iiuinero
1640 5312 1703 5371 et
1743 5305 2069 5395 subjecto,
2118 5307 2230 5374 sed

697 5411 830 5477 «lun
863 5435 978 5500 per
1010 5412 1288 5478 niodum
1317 5414 1782 5481 conversionis
1820 5414 1903 5480 ad
1930 5418 2233 5505 superius

699 5532 761 5587 et
797 5523 1073 5588 inferius
1107 5544 1121 5587 ε
1157 5524 1329 5589 sicut
1376 5522 1537 5591 dicit
1581 5524 2000 5613 Augustinus
2042 5528 2103 5591 in
2149 5527 2234 5592 li-

703 5625 822 5691 lii-n
855 5628 934 5693 «lc
969 5630 1259 5695 Cic-itate»
1313 5631 1458 5708 Dei,
1513 5628 1834 5697 inducens
1875 5632 2229 5721 Apuleium

1597 354 1605 360 .
1653 295 1738 365 D.
1794 295 1983 362 ALB.
2030 293 2242 361 MAG.
2295 293 2501 364 ORD.
2555 292 2852 360 PRAED.

2328 462 2756 530 Platonicum
2797 459 2876 528 de
2936 461 3078 528 Deo
3142 459 3464 538 Socratis,
3528 462 3642 552 qui
3698 448 3871 530 dixit

2322 568 2505 657 quod
2531 569 2753 635 Deum
2784 589 2923 634 non
2953 567 3180 635 videre
3212 577 3525 657 poterant
3562 567 3872 635 Philoso-

2322 675 2438 763 phi
2479 676 2605 742 nisi
2662 673 3007 742 intellectu
3047 698 3117 742 se
3148 699 3187 742 a
3224 699 3426 743 carne
3466 674 3871 743 abstrahen-

2321 791 2443 863 teS,
2477 789 2543 847 et
2581 779 2800 848 adhuc
2830 804 2969 848 non
3000 783 3128 849 nisi
3176 785 3419 872 raptim
3472 785 3666 874 quasi
3715 805 3873 871 per-

2322 890 2613 955 micante
2671 887 2953 956 lumine.
3015 889 3288 956 Primus
3341 900 3570 958 autem
3629 889 3872 957 modus

2321 1004 2420 1061 est
2466 998 2655 1083 quasi
2695 995 3036 1085 generalis
3080 996 3278 1064 nobis
3327 998 3490 1063 dum
3524 1020 3761 1064 sumus
3804 999 3868 1063 in

2321 1103 2455 1168 via.
2513 1100 2864 1169 Secundus
2904 1111 3129 1170 autem
3174 1106 3393 1193 inagis
3444 1106 3571 1172 erit
3611 1106 3678 1169 in
3719 1112 3871 1170 actu
3953 1190 3961 1196 ι

2320 1218 2472 1298 post
2499 1210 2707 1276 viam.

2410 1440 2481 1508 Si
2531 1465 2691 1532 ergo
2750 1452 3116 1533 quaeratur,
3169 1441 3534 1520 Quomodo
3605 1441 3872 1509 intelle-

2318 1559 2463 1617 ctus
2501 1550 2587 1615 sit
2618 1554 2960 1639 potentior
2987 1549 3073 1617 ad
3120 1548 3699 1639 intelligendum?
3726 1549 3871 1616 dis-

2321 1658 2768 1747 tinguendum
2870 1666 2972 1726 est
3021 1680 3036 1725 :
3098 1660 3258 1748 quia
3317 1656 3399 1724 de
3465 1665 3707 1724 natura
3765 1659 3869 1723 sui

2317 1767 2534 1855 magis
2563 1789 2633 1834 se
2664 1765 2869 1833 habet
2907 1765 2990 1833 ad
3030 1767 3366 1855 superiuS,
3412 1765 3492 1833 de
3523 1773 3702 1832 statu
3744 1787 3871 1831 au-

2314 1882 2447 1941 tem
2482 1872 2683 1961 hujus
2713 1874 2873 1940 vitae
2902 1874 3123 1962 magis
3154 1872 3237 1939 ad
3270 1872 3572 1940 inferius.
3614 1871 3871 1939 Simili-

2316 1988 2415 2048 ter
2433 1980 2776 2070 distinguo
2808 2003 2893 2047 ex
2913 1988 3103 2070 parte
3134 1981 3279 2068 ejus
3310 1980 3496 2070 quod
3529 1981 3864 2047 noscitur:

2318 2087 2571 2177 aliquid
2599 2089 2782 2155 enim
2823 2089 2914 2155 ita
2971 2089 3277 2156 noscitur
3332 2087 3713 2156 secundum
3762 2088 3866 2155 sui

2316 2201 2743 2285 potestatem,
2779 2193 2966 2285 quod
3021 2195 3245 2284 ipsum
3288 2204 3389 2261 est
3429 2194 3548 2261 lux
3574 2204 3643 2263 et
3695 2195 3866 2261 ratio

2315 2302 2400 2371 ad
2428 2302 2559 2371 alia
2588 2302 3057 2394 cognoscenda
3095 2325 3110 2370 ε
3144 2311 3212 2371 et
3240 2303 3293 2371 si
3325 2302 3716 2370 attendatur
3744 2325 3872 2393 po-

2317 2419 2521 2479 testas
2549 2411 2808 2479 notitiae
2844 2409 2952 2478 vel
2993 2409 3373 2479 intellectus
3403 2434 3489 2480 ex
3529 2420 3718 2501 parte
3741 2409 3870 2476 oh-

2306 2517 2466 2604 jecti
2498 2516 2837 2584 moventis
2865 2514 3309 2596 intellectum,
3346 2516 3564 2606 magis
3594 2516 3721 2584 erit
3751 2538 3870 2582 no·

2317 2633 2460 2690 tum
2493 2622 2672 2714 quod
2703 2622 3007 2691 noscitur
3037 2624 3105 2689 in
3154 2624 3300 2691 luce
3351 2625 3625 2715 propria
3663 2634 3730 2691 et
3767 2635 3861 2691 est

2320 2732 2489 2799 ratio
2546 2731 2995 2822 cognoscendi
3063 2730 3219 2806 alia,
3296 2755 3503 2822 quain
3567 2733 3632 2800 id
3684 2732 3866 2824 quod

2318 2847 2578 2907 tantum
2612 2841 3048 2930 cognoscitur
3074 2840 3140 2905 in
3173 2840 3320 2907 luce
3350 2840 3570 2909 aliena
3601 2851 3705 2908 :et
3742 2840 3869 2909 hoc

2322 2947 2526 3015 modo
2555 2948 2716 3014 dicit
2773 2945 3233 3036 Philosophus
3293 2949 3359 3015 in
3420 2949 3750 3040 pnincipio
3788 2950 3869 3015 de

2322 3054 2599 3132 Anima,
2641 3051 2828 3144 quod
2876 3053 3114 3120 notitia
3181 3051 3262 3120 de
3329 3055 3561 3121 anima
3626 3057 3874 3122 certior

2323 3171 2424 3229 est
2459 3182 2666 3251 quam
2723 3161 2964 3228 notitia
3010 3159 3094 3228 de
3150 3182 3436 3252 corpore
3486 3164 3790 3231 animato
3853 3185 3869 3231 ε

2325 3268 2483 3356 quia
2540 3265 2768 3333 anima
2813 3273 2913 3332 est
2953 3266 3363 3355 principium
3423 3290 3561 3357 quo
3612 3290 3876 3358 cogno·

2327 3383 2607 3442 scantur
2649 3372 3020 3441 accidentia
3063 3382 3128 3441 et
3184 3396 3390 3464 opera
3430 3384 3494 3442 et
3527 3379 3877 3466 passiones

2329 3482 2750 3550 animalium.
2824 3480 2975 3548 Alia
3031 3481 3272 3548 notitia
3328 3492 3430 3550 est
3499 3484 3873 3552 secundum

2333 3596 2731 3679 potestatem
2790 3589 3130 3657 noscentis
3179 3599 3241 3655 et
3314 3589 3693 3658 intellectus
3760 3595 3874 3682 qui

2333 3704 2644 3763 movetur
2672 3693 2757 3760 ab
2787 3717 2870 3762 eo
2901 3693 3082 3785 quod
3139 3697 3466 3772 noscitur,
3518 3707 3582 3764 et
3629 3722 3878 3765 seeun-

2333 3803 2494 3869 dum
2536 3802 2723 3869 illum
2756 3801 3036 3870 modum
3069 3802 3460 3892 frequenter
3502 3808 3717 3892 inagis
3750 3832 3879 3874 uo-

2332 3920 2610 3977 scuntur
2655 3933 2805 4002 quoe
2845 3910 2911 3977 in
2972 3920 3211 3978 natura
3268 3921 3425 3978 snut
3476 3917 3874 4003 posteriora.

2331 4018 2811 4085 sicutell'ectus
2869 4017 3254 4108 plusquam
3295 4043 3500 4087 causa
3562 4044 3577 4087 ε
3636 4031 3695 4088 et
3755 4021 3878 4088 hur.

2336 4123 2538 4191 inodo
2598 4125 2853 4191 dictum
2895 4133 3020 4200 est,
3091 4126 3273 4215 qumi
3328 4126 3708 4194 intellectus
3763 4153 3883 4197 no·

2332 4240 2491 4308 ster,
2532 4233 2705 4298 sicut
2747 4231 2931 4297 visus
2979 4241 3239 4298 noctua·
3279 4232 3362 4297 ad
3408 4231 3637 4302 lumen
3694 4238 3876 4314 solis,

2334 4336 2632 4405 sehabet
2676 4337 2758 4404 ael
2809 4361 2885 4403 ea
2939 4360 3089 4427 quae
3131 4349 3285 4405 suut
3335 4341 3397 4406 in
3442 4350 3682 4407 natura
3734 4367 3882 4410 iiia-

2334 4445 2789 4514 uilestissima.

2421 4550 2561 4617 llae
2619 4550 3051 4618 distinctione
3132 4550 3389 4631 hahita,
3478 4555 3628 4623 «lico
3696 4559 3877 4648 quod

2338 4662 2515 4728 Deus
2544 4669 2608 4726 et
2650 4656 2942 4727 charitas
2999 4661 3291 4728 increata
3342 4671 3404 4728 et
3465 4664 3695 4731 onmia
3734 4688 3881 4755 qua·

2335 4768 2627 4859 potentia
2671 4774 2828 4833 sunt
2870 4768 2938 4834 in
2996 4770 3247 4845 anima,
3283 4779 3438 4835 sunt
3476 4773 3694 4861 magis
3725 4782 3883 4841 nota
3943 4822 3956 4832 -

2333 4878 2552 4967 primo
2585 4874 2787 4941 inodo
2823 4874 3230 4953 intellectus,
3264 4887 3326 4943 et
3363 4879 3737 4946 secundum
3768 4904 3885 4971 po·

2334 4994 2640 5052 testatem
2701 4982 3146 5073 intelligibilis
3220 4988 3585 5057 moventis.
3661 4988 3887 5058 Frater

2334 5102 2559 5159 autem
2592 5100 2658 5158 et
2687 5091 3039 5180 proximus
3074 5101 3141 5158 et
3179 5096 3407 5159 munia
3455 5117 3606 5183 qua·
3655 5099 3882 5164 sensui

2334 5203 2904 5290 appropinquant,
2937 5209 3096 5266 sunt
3136 5202 3353 5290 magis
3394 5213 3553 5270 nota
3586 5207 3882 5275 secundo

2338 5309 2539 5377 inodo
2591 5307 2996 5387 intellectus,
3056 5319 3121 5376 et
3168 5310 3546 5379 secundum
3579 5322 3882 5403 potesta-

2336 5426 2469 5482 tem
2530 5401 2990 5505 intelligentis,
3032 5415 3111 5482 lit
3162 5417 3289 5483 hoc
3323 5418 3589 5486 videtur
3641 5423 3881 5511 Augu-

2334 5527 2548 5592 stinus
2579 5524 2827 5591 sentire
2872 5544 2888 5588 ε
2932 5523 3089 5611 quia
3138 5527 3232 5591 sic
3284 5530 3563 5616 exponit
3602 5560 3634 5591 «
3683 5532 3877 5621 plane

2340 5658 2375 5695 α
2417 5631 2751 5696 notiorem
2815 5647 2831 5694 ε
2904 5630 3063 5716 quia
3121 5634 3660 5719 praesentiorein,
3718 5639 3876 5726 quia
