4897 6388
597 344 726 410 312
1475 347 1478 352 ⁴
1561 344 1646 411 D.
1703 344 1896 415 ΑΕΒ.

596 493 1017 606 tator-'super
1055 512 1617 604 metaphysicam,
1655 512 1837 603 quod
1875 512 2148 580 in‘sub-

475 607 478 610 “
594 605 859 686 stantiis
907 621 1233 710 separatis
1274 643 1413 714 non
1460 620 1973 689 manifestantur
2022 643 2148 710 po-

596 727 828 794 tentiae
859 728 991 793 nisi
1054 727 1433 795 intellectus
1502 737 1566 797 et
1617 727 2035 795 voluntatis:
2080 734 2147 794 et

599 831 929 922 quidquid
948 834 1035 900 sit
1055 833 1139 900 de
1170 831 1324 917 hoc,
1352 837 1495 902 sive
1515 857 1750 900 verum
1784 835 1867 901 sit
1894 834 2145 900 dictum

595 937 738 1004 sive
775 959 943 1016 non,
980 937 1342 1005 dicendum
1384 941 1565 1030 quod
1596 939 1728 1006 illae
1759 939 2144 1006 substantiae

527 1059 532 1063 ·
595 1030 736 1107 non
760 1040 1017 1108 habent
1064 1041 1316 1109 multas
1365 1042 1633 1110 illarum
1693 1045 2144 1133 potentiarum

593 1170 747 1238 quae
787 1147 950 1216 sunt
989 1149 1235 1217 animae
1265 1151 1338 1217 in
1368 1173 1676 1240 corpore,
1720 1160 1784 1218 et
1814 1154 2143 1241 praecipue

591 1256 1018 1347 vegetabiliS,
1064 1266 1130 1325 et
1167 1250 1373 1326 etiam
1424 1257 1753 1348 quasdam
1812 1258 2144 1326 sensibilis

592 1365 836 1432 animae
875 1388 1016 1432 non
1055 1363 1384 1434 habent:
1447 1365 1602 1434 licet
1653 1367 1833 1435 enim
1884 1389 2140 1458 cogno-

591 1480 786 1538 scant
804 1464 1154 1539 sensibilia
1168 1466 1627 1566 particularia,
1637 1482 1704 1541 et
1722 1474 1816 1541 sic
1839 1473 2145 1541 dicantur

593 1562 844 1647 habere
884 1573 1189 1660 sensum,
1224 1572 1352 1648 erit
1390 1603 1632 1649 sensus
1660 1584 2000 1671 aequivoce
2038 1582 2140 1649 di-

589 1694 735 1754 ctus
767 1687 855 1755 ad
878 1691 1193 1755 nestrum
1223 1711 1527 1772 sensum,
1572 1711 1653 1757 eo
1694 1690 1875 1780 quod
1912 1699 2143 1759 nostra

590 1793 933 1863 sensibilis
963 1796 1265 1886 cognitio
1304 1818 1447 1864 non
1476 1799 1563 1865 sit
1594 1799 1662 1864 in
1693 1806 1843 1865 actu
1873 1800 2000 1864 nisi
2025 1821 2141 1866 va-

587 1901 759 1968 riata
807 1900 892 1968 ab
944 1902 1254 1992 ipsorum
1320 1903 1747 1971 sensibilium
1816 1903 2144 1973 immuta-

588 2009 800 2087 tione,
846 2009 1029 2099 quod
1093 2009 1468 2078 absurdum
1534 2023 1710 2079 esset
1773 2014 1843 2079 in
1895 2011 2141 2081 talibus

589 2114 986 2184 substantiis
1043 2138 1320 2207 ponere.
1396 2116 1726 2186 Similiter
1788 2127 2013 2188 autem
2068 2120 2139 2186 in

591 2222 733 2291 Deo
771 2223 1148 2293 secundum
1188 2224 1334 2294 hoc·
1367 2247 1509 2293 non
1567 2227 1693 2294 erit
1729 2248 1998 2317 ponere*
2034 2250 2137 2296 se·

586 2331 891 2400 cundum
929 2342 1246 2402 naturam
1279 2335 1563 2404 virtutes
1593 2336 1722 2403 nisi
1763 2334 2137 2405 intellectus

587 2447 655 2507 et
715 2437 1141 2510 voluntatis:
1195 2441 1356 2533 quia
1411 2441 1763 2533 amplioris
1820 2445 2135 2534 potentiae

591 2555 793 2615 erunt
822 2549 894 2615 in
940 2571 1024 2616 eo
1064 2571 1272 2640 quam
1312 2549 1385 2616 in
1425 2549 1623 2618 nobis
1657 2572 1672 2616 :
1735 2552 1893 2642 quia
1945 2551 2138 2620 intel-

582 2653 798 2723 lectus
816 2657 956 2724 'erit
986 2665 1295 2747 respectu
1324 2657 1749 2726 sensibilium
1778 2666 1844 2726 et
1873 2659 2137 2727 univer-

581 2760 858 2847 salium,
887 2771 962 2848 et
977 2763 1302 2835 voluntas
1329 2774 1638 2854 respectu
1667 2768 1975 2834 omnium
2003 2766 2135 2835 bo-

582 2890 829 2936 norum
862 2890 880 2938 :
914 2877 984 2938 et
1003 2871 1111 2938 'ita
1166 2892 1308 2939 non
1356 2878 1654 2962 oportet,
1708 2871 1888 2963 quod
1929 2894 2131 2964 penes

582 2976 1196 3070 potentias'plures
1223 2978 1361 3046 sint
1398 2977 1630 3069 plures
1650 3001 1952 3069 personae
1980 3002 2132 3071 pro·

580 3084 924 3155 cedentes.

669 3191 773 3261 D'e
799 3189 1148 3261 habitibus
1185 3201 1414 3262 nutem
1447 3194 1629 3286 quod
1659 3196 1894 3286 quaerit
1924 3196 2127 3264 etiam

581 3300 697 3369 illa
734 3301 1058 3391 objectio,
1118 3300 1483 3371 dicendum
1538 3302 1720 3394 quod
1757 3303 2127 3373 secundum

579 3410 918 3478 rationem
975 3407 1171 3478 multi
1229 3418 1390 3480 sunt
1446 3409 1719 3480 habitus
1784 3412 2128 3482 rationalis

575 3516 1002 3595 substantiae,
1061 3515 1182 3585 sed
1212 3514 1443 3586 nullus
1469 3526 1573 3586 est
1600 3517 1819 3586 intimi
1850 3517 2127 3588 affectus

572 3621 1152 3692 demonstrativus
1170 3623 1302 3692 nisi
1322 3623 1650 3694 charitas:
1672 3648 1914 3695 omnes
1941 3628 2122 3696 enim

573 3731 689 3801 alii
745 3740 863 3800 aut
901 3731 1275 3824 imperfecti
1327 3740 1515 3819 sunt,
1574 3743 1692 3802 aut
1730 3733 1815 3802 ad
1868 3734 2123 3827 aliquid

574 3847 791 3916 extra.
853 3847 920 3908 et
957 3861 1100 3909 non
1138 3839 1225 3909 ad
1270 3839 1339 3908 id
1388 3840 1574 3933 quod
1621 3850 1720 3910 est
1778 3843 1846 3910 in
1887 3842 2119 3912 eadem

572 3953 868 4015 natura:
911 3966 1110 4014 amor
1150 3954 1379 4014 autem
1427 3948 1765 4038 praecipue
1811 3958 1910 4017 est
1958 3949 2119 4017 inti-

566 4075 748 4135 mus,
796 4061 865 4122 et
923 4053 991 4121 in
1033 4053 1100 4121 id
1158 4052 1343 4145 quod
1389 4055 1680 4145 pertinet
1715 4053 1802 4123 ad
1858 4066 2114 4125 naturae

567 4158 871 4250 ejusdem
902 4160 1298 4229 societatem
1338 4169 1406 4229 et
1448 4163 1776 4230 unionem
1811 4187 1828 4230 :
1871 4173 1938 4233 et
1965 4161 2113 4233 ideo

566 4289 775 4357 penes
831 4268 1058 4358 ipsum
1108 4267 1441 4358 accipitur
1478 4273 1820 4360 processio
1877 4294 2114 4362 perso-

566 4397 694 4453 nae,
719 4384 786 4444 et
823 4397 960 4444 non
1001 4396 1211 4465 penes
1247 4374 1420 4444 alios
1462 4374 1757 4445 habitus.

655 4483 910 4553 Eadem
942 4491 1173 4553 autem
1221 4483 1518 4572 objectio
1566 4489 1754 4576 ponit
1793 4492 2114 4578 quaestio-

561 4614 718 4661 nem
751 4592 834 4660 de
866 4589 1214 4675 irascibili,
1250 4591 1436 4682 quod
1473 4591 1728 4661 scilicet
1769 4617 1971 4685 penes
2007 4597 2110 4686 ip·

557 4722 703 4767 sam
758 4698 962 4768 debet
1025 4699 1240 4789 accipi
1312 4720 1603 4790 persona
1678 4701 1848 4769 sicut
1907 4725 2109 4792 penes

555 4804 1157 4897 concupiscibilem
1195 4826 1211 4875 :
1265 4814 1332 4874 et
1406 4805 1582 4874 hanc
1659 4807 2106 4898 objectionem

556 4916 814 4984 faciunt
852 4914 1133 5007 quidam
1167 4926 1657 5007 supponentes,
1685 4919 1868 5007 quod
1898 4920 1963 4986 in
1996 4943 2108 4987 na-

557 5031 711 5091 tura
765 5024 1012 5089 animae
1061 5022 1408 5091 rationalis
1464 5031 1541 5091 ut
1596 5025 1941 5095 rationalis
1978 5037 2102 5109 est,

554 5138 623 5198 et
661 5130 733 5196 in
762 5136 1006 5197 natura
1043 5129 1315 5219 Angeli,
1359 5138 1425 5198 et
1462 5131 1529 5198 in
1570 5139 1810 5199 natura
1848 5134 2099 5213 divina,

555 5236 932 5305 secundum
974 5237 1312 5304 rationem
1351 5235 1644 5306 debeant
1680 5262 1828 5307 esse
1862 5263 2104 5310 coneu-

550 5340 878 5434 piscibilis
952 5350 1020 5411 et
1077 5342 1487 5412 irascibilis:
1531 5354 1598 5412 et
1661 5344 1791 5415 hoc
1828 5371 1868 5415 a
1913 5348 2099 5419 nullo

553 5451 849 5517 Auctore
877 5448 1169 5518 habetur
1207 5452 1517 5530 omnino,
1545 5454 1671 5520 nisi
1704 5453 1788 5521 ab
1817 5478 1898 5523 eo
1928 5456 2097 5525 libro

552 5558 670 5648 qui
709 5554 880 5624 [also
909 5555 1315 5624 adscribitur
1342 5558 1754 5649 Augustino,
1784 5564 1896 5652 qui
1925 5562 2098 5631 dici-

550 5674 663 5733 tur
701 5663 783 5732 de
839 5664 1115 5754 Spiritu
1178 5673 1244 5732 et
1310 5667 1572 5734 anima.
1644 5666 2098 5761 Philosophus

1949 337 2160 411 MAG.
2215 340 2420 412 ORD.
2473 341 2774 410 PRAED.

2248 512 2428 577 enim
2487 512 2554 576 in
2610 511 2746 577 tine
2811 508 3012 598 primi
3059 505 3493 582 E'Hzicorum,
3555 504 3808 571 Dama-

2245 640 2510 697 scenuS,
2537 617 2912 708 Gregorius
2946 614 3005 681 N
3014 616 3289 693 icaenuS,
3323 622 3392 679 et
3417 613 3799 692 Avieenna,

2246 724 2477 792 dicunt
2514 726 2961 793 contrarium.
3019 719 3348 787 Similiter
3386 718 3631 787 Glossa
3679 743 3804 786 su-

2246 853 2366 920 per
2423 831 2833 922 principium
2901 825 3273 894 Ezechielis
3338 847 3492 915 quae
3564 827 3803 894 recitat

2248 940 2651 1006 sententiam
2694 937 3021 1013 PlatoniS,
3068 933 3254 1024 quod
3299 933 3802 1023 concupiscibi-

2247 1044 2379 1113 lem
2411 1046 2635 1136 posuit
2666 1046 2735 1111 in
2784 1043 3052 1133 hepate,
3096 1040 3505 1109 irascibilem
3570 1048 3800 1107 autem

2249 1155 2317 1221 in
2354 1154 2508 1223 felle
2543 1178 2558 1222 ε
2605 1162 2673 1222 et
2711 1155 2880 1220 ratio
2913 1150 3115 1238 hujus
3144 1157 3269 1227 est,
3319 1149 3481 1239 quia
3512 1147 3642 1216 illae
3682 1170 3804 1237 po-

2244 1264 2469 1330 tentiae
2524 1271 2685 1329 sunt
2741 1259 3198 1328 denominatae
3247 1278 3288 1323 a
3363 1256 3798 1346 passionibus

2243 1485 2467 1544 autem
2508 1477 2739 1564 (etiam
2769 1476 2884 1565 qui
2921 1494 3161 1563 parum
3202 1471 3563 1561 noverunt)
3609 1478 3801 1561 patet

2243 1580 2372 1650 hoc
2400 1582 2585 1673 quod
2624 1582 2975 1672 passiones
3031 1600 3168 1646 non
3224 1585 3385 1645 sunt
3443 1577 3792 1645 rationalis

2244 1698 2526 1768 naturae,
2569 1689 2688 1758 sed
2727 1694 2887 1755 sunt
2917 1686 3278 1754 inferentes
3306 1683 3416 1752 vel
3466 1683 3672 1752 illatae
3724 1685 3794 1751 in

2243 1819 2445 1865 sensu
2481 1819 2495 1863 :
2557 1796 2739 1864 unde
2827 1796 3024 1885 plane
3100 1815 3469 1883 possumus
3543 1792 3791 1873 dicere,

2243 1904 2422 1996 quod
2453 1904 2739 1995 quaestio
2772 1901 3016 1970 falsum
3047 1900 3393 1990 supponit,
3430 1900 3687 1968 scilicet
3725 1900 3796 1967 in

2242 2020 2482 2080 natura
2527 2012 2812 2080 omnino
2885 2007 3218 2099 spirituali
3258 2028 3405 2074 esse
3470 2009 3796 2097 concupi-

2241 2122 2545 2192 scibilem
2577 2120 3098 2201 etirascibilem,
3120 2121 3359 2210 in.qua
3388 2120 3664 2210 proprie
3694 2131 3797 2191 est

2237 2229 2608 2298 voluntas:
2650 2231 2812 2321 quia
2866 2228 3042 2295 sicut
3089 2226 3252 2294 dicit
3298 2225 3790 2318 Philosophus,

2242 2341 2309 2406 in
2339 2334 2650 2405 rationali
2681 2333 2998 2403 voluntas
3021 2333 3120 2416 fit,
3160 2332 3233 2399 in
3264 2332 3638 2401 irrationali
3669 2333 3795 2402 de-

2239 2444 2561 2514 siderium
2599 2452 2667 2512 et
2702 2442 2996 2510 animus.

2248 2603 2254 2608 -
2329 2552 2401 2620 Si
2434 2559 2665 2620 autem
2681 2548 3055 2619 secundum
3086 2546 3219 2616 hoc
3249 2556 3622 2640 quaeratur,
3655 2549 3792 2618 Cu-

2226 2652 2342 2749 jus
2365 2655 2529 2752 ergo
2567 2660 2674 2726 vis
2703 2665 2806 2726 est
2833 2654 3128 2724 charitas
3158 2677 3314 2745 quae
3348 2657 3417 2723 in
3448 2656 3594 2724 Deo
3625 2665 3695 2726 et
3723 2659 3792 2725 in

2238 2764 2501 2857 Angelo
2565 2763 2899 2855 ponitur?
2963 2761 3372 2846 Dicendum,
3434 2763 3617 2854 quod
3668 2787 3790 2832 vo-

2235 2874 2538 2942 luntatis.
2585 2869 2656 2940 Si
2699 2869 3083 2960 objiciatur,
3130 2869 3314 2960 quod
3343 2872 3552 2939 etiam
3596 2895 3792 2940 amor

2235 2983 2543 3051 nominat
2597 2980 3012 3071 passionem,
3080 2987 3147 3047 et
3212 2980 3305 3046 ita
3354 2989 3458 3049 est
3502 2979 3790 3071 alicujus

2235 3091 2441 3180 partis
2478 3085 2817 3156 sensibilis
2856 3085 3128 3168 animae,
3189 3094 3257 3154 et
3312 3108 3452 3153 non
3497 3086 3623 3155 Dei
3681 3087 3788 3156 vel

2233 3194 2502 3287 Angeli.
2536 3193 2945 3273 Dicendum,
2993 3192 3176 3283 quod
3216 3216 3356 3263 non
3405 3205 3507 3264 est
3544 3219 3785 3266 verum

2230 3304 2676 3397 generaliter:
2721 3301 2839 3370 sed
2895 3323 3014 3392 per
3052 3301 3479 3392 corporalem
3525 3314 3781 3385 actum,

2232 3423 2299 3482 et
2346 3411 2607 3481 habens
2647 3411 3091 3488 contrarium,
3150 3432 3391 3478 verum
3443 3421 3544 3480 est
3602 3414 3787 3504 quod

2232 3523 2539 3591 nominat
2586 3519 3000 3612 passionem,
3061 3518 3180 3588 sed
3236 3541 3377 3587 non
3415 3541 3616 3590 amor
3667 3525 3784 3614 qui

2228 3628 2389 3698 dicit
2440 3626 2761 3698 affectum
2824 3626 3197 3696 voluntatis
3266 3628 3643 3699 rationalis.
3706 3628 3780 3697 Si

2228 3748 2458 3808 autem
2489 3759 2629 3807 non
2668 3735 2829 3806 fiat
2811 3760 2882 3805 in
2912 3734 3044 3804 hoc
3097 3736 3229 3821 vis,
3279 3736 3400 3805 sed
3455 3736 3780 3807 volumus

2226 3850 2596 3919 concedere
2643 3847 2981 3940 duplicem
3037 3847 3472 3929 irascibilem,
3535 3859 3604 3918 et
3640 3848 3776 3919 du-

2226 3956 2471 4048 plicem
2516 3955 3139 4047 concupiscibilem,
3200 3954 3454 4025 scilicet
3525 3955 3778 4027 huma-

2228 4087 2383 4133 nam
2421 4077 2490 4135 et
2540 4063 2960 4147 sensibilem,
3012 4073 3173 4132 tunc
3221 4063 3542 4145 dicimus,
3586 4066 3773 4157 quod

2226 4195 2363 4241 non
2414 4182 2517 4241 est
2570 4171 2791 4241 simile
2837 4171 2919 4241 de
2976 4169 3212 4238 habitu
3268 4171 3650 4253 irascibilis,
3709 4183 3777 4243 et

2222 4279 2770 4372 concupiscibilis
2826 4302 2842 4346 :
2896 4278 3057 4368 quia
3111 4277 3471 4348 irascibilis
3508 4289 3611 4349 est
3660 4304 3773 4351 re-

2220 4398 2452 4480 spectu
2508 4389 2655 4476 ejus
2693 4386 2878 4478 quod
2924 4396 3027 4455 est
3053 4395 3266 4463 extra,
3312 4388 3499 4478 quod
3539 4392 3772 4482 repelli

2219 4494 2417 4565 habet
2451 4520 2573 4588 per
2594 4496 2948 4565 victoriam
2979 4517 3184 4584 super
3213 4498 3477 4586 ipsum:
3515 4521 3774 4568 concu-

2215 4603 2541 4695 piscibilis
2579 4613 2810 4672 autem
2849 4612 2951 4671 est
3001 4613 3306 4695 respectu
3345 4628 3586 4675 eorum
3618 4630 3769 4700 quae

2216 4710 2509 4779 unienda
2546 4720 2703 4778 sunt
2764 4710 2971 4793 intus,
3045 4718 3112 4777 et
3177 4721 3483 4802 respectu
3533 4717 3771 4785 unien-

2213 4817 2436 4886 tium:
2482 4826 2549 4887 et
2606 4818 2759 4885 iden
2800 4840 3006 4908 penes
3063 4815 3370 4885 habitum
3446 4825 3768 4914 eoncupi-

2213 4923 2465 4993 scibilis
2526 4933 2628 4994 est
2691 4925 3032 5016 processio
3089 4948 3418 5015 persouae,
3491 4937 3559 4996 et
3625 4952 3761 4999 non

2210 5055 2418 5123 penes
2447 5031 2755 5101 habitum
2790 5033 3160 5102 irascibilis.

2299 5140 2403 5206 An
2450 5163 2648 5209 aaron
2694 5140 3082 5217 dicendum,
3144 5141 3327 5230 quod
3366 5144 3757 5235 apprehen-

2210 5247 2311 5314 sio
2342 5250 2568 5315 omnis
2616 5245 3004 5316 attribuitur
3043 5245 3242 5327 Filio,
3303 5256 3371 5317 et
3413 5255 3756 5345 praecipue

2210 5355 2657 5446 apprehensio
2696 5356 2899 5424 boni:
2937 5356 3097 5446 quia
3133 5354 3249 5424 illa
3296 5359 3552 5449 spirare
3599 5363 3758 5432 facit

2210 5483 2539 5542 amorem,
2582 5471 2647 5532 et
2686 5471 2789 5531 est
2834 5462 3184 5552 operativa
3239 5473 3315 5533 ut
3360 5488 3471 5535 ars
3522 5492 3759 5560 opera-

2207 5577 2366 5636 tur:
2410 5570 2825 5662 speculativa
2863 5570 3043 5638 enim
3087 5578 3188 5637 est
3247 5572 3314 5639 in
3355 5575 3749 5659 universali,

2212 5685 2277 5745 et
2314 5699 2447 5744 non
2476 5687 2577 5747 est
2616 5679 2698 5746 de
2731 5678 2929 5745 rebus
2972 5678 3100 5744 nisi
3158 5679 3229 5745 in
3266 5684 3574 5770 potentia
3604 5687 3756 5755 exi-

2205 1368 2212 1374 ’
2255 1389 2405 1457 quae
2446 1375 2607 1435 sunt
2636 1369 2734 1435 ira
2762 1375 2826 1434 et
2856 1365 3439 1454 concupiscentia:
3478 1363 3799 1430 omnibus
3876 1378 3881 1382 ·

3865 5190 3947 5238 Ad
3972 5194 4015 5239 7.
4086 5239 4092 5245 ,
