4897 6388
361 918 429 962 Ad
445 915 620 974 obiezt.
647 916 685 963 ι.

363 1484 441 1529 Ad
457 1483 629 1542 object.
642 1485 686 1533 2.

371 5086 450 5133 Ad
467 5084 694 5144 object&

372 5409 450 5457 Ad
469 5411 641 5469 object.
654 5414 694 5457 4,

717 290 865 389 (5084

718 463 975 553 quitur,
1034 456 1220 547 quod
1261 454 1397 521 duo
1444 452 1581 518 sint
1628 449 2121 539 majores‘uno,
2154 443 2263 511 vel
2356 493 2366 503 ,

713 578 850 634 tres
872 562 1106 653 'majus
1139 560 1397 651 aliquid
1435 558 1546 626 vel
1585 555 1844 646 aliquid
1881 554 2032 645 plus
2063 574 2266 642 quam

717 697 895 742 uuus
930 694 945 740 ε
991 679 1056 738 et
1097 670 1225 737 hoc
1257 668 1461 736 etiam
1503 687 1709 755 supra
1746 662 2106 753 probatum
2140 666 2263 736 est,

721 784 977 852 scilicet
1006 778 1443 848 distinctione
1483 772 1740 841 XVIII.

805 892 910 957 Ao
941 913 1024 956 EA
1063 910 1212 977 quae
1245 884 1659 972 objiciuntur
1689 881 1772 948 ad
1811 879 2094 946 alteram
2128 898 2269 963 par·

720 1012 883 1082 tem,
929 997 1294 1067 dicendum
1333 994 1416 1062 ad
1475 994 1798 1082 primum,
1853 988 2036 1079 quod
2088 989 2268 1055 Deus

719 1119 819 1178 est
848 1108 1198 1175 verissime
1230 1124 1445 1171 unum
1466 1097 1913 1168 essentialiter
1944 1095 2098 1164 :sed
2130 1117 2266 1162 non

719 1216 1038 1285 convenit
1077 1215 1135 1280 ei
1166 1211 1473 1303 potentia
1511 1229 1656 1275 esse
1705 1226 2092 1280 numerum,
2138 1202 2265 1267 nisi

718 1325 1022 1394 effective
1052 1331 1118 1390 et
1148 1318 1547 1400 formaliter,
1581 1326 1658 1384 ut
1687 1316 1942 1383 dictum
1975 1321 2098 1382 est.

805 1435 911 1500 An
943 1455 1139 1500 Auen
1195 1427 1585 1509 dicendum,
1654 1423 1836 1515 quod
1892 1421 2140 1510 duplex
2169 1427 2269 1486 est

722 1561 1044 1608 mensura
1086 1560 1100 1603 :
1138 1558 1276 1603 una
1305 1533 1562 1602 scilicet
1599 1530 1976 1599 certificans
2006 1527 2266 1618 quanti·

719 1657 931 1716 tatem
968 1669 984 1714 :
1021 1654 1087 1714 et
1134 1644 1248 1712 illa
1306 1641 1543 1731 incipit
1586 1637 1694 1707 vel
1745 1640 1828 1706 ab
1876 1632 2268 1705 indivisibili

721 1755 1144 1845 simpliciter,
1201 1750 1313 1820 vel
1343 1751 1428 1818 ab
1469 1745 1868 1829 indivisibili
1897 1743 2266 1814 secundum

719 1864 1071 1954 placitum,
1136 1883 1218 1930 eo
1277 1858 1461 1949 quod
1510 1856 1678 1924 illud
1730 1863 1832 1924 est
1878 1853 2267 1945 quantitatis

715 1979 942 2040 certae.
978 1969 1085 2037 Ab
1134 1966 1531 2036 indivisibili
1590 1962 1988 2053 simpliciter
2027 1986 2045 2028 ε
2095 1960 2270 2026 sicut

721 2080 951 2148 unitas
991 2087 1094 2146 est
1121 2073 1560 2156 indivisibile,
1585 2082 1652 2141 et
1679 2095 1805 2140 sua
1845 2070 2108 2140 iteratio
2129 2091 2266 2136 cer·

721 2190 931 2257 titicat
959 2168 1318 2255 discretam
1351 2183 1827 2274 quantitatem.
1879 2179 1987 2247 Ab
2017 2177 2266 2245 indivi-

720 2297 899 2365 sibili
933 2294 1308 2364 secundum
1340 2292 1665 2385 placitum
1708 2313 1725 2359 z
1768 2292 1945 2359 sicut
1989 2290 2059 2357 in
2104 2310 2267 2380 pon-

721 2405 996 2474 deribus
1033 2403 1143 2471 vel
1172 2400 1451 2493 liquidis
1504 2399 1613 2468 vel
1661 2398 1857 2467 siccis
1905 2396 2012 2466 vel
2058 2398 2265 2465 conti·

712 2514 867 2581 uuis
906 2512 1152 2580 dicitur
1187 2509 1566 2579 certificans
1605 2507 1869 2575 ratione
1906 2506 2007 2573 sui
2044 2527 2266 2574 marca

712 2645 876 2700 una,
920 2619 1219 2697 modiuS,
1249 2618 1544 2708 palmuS,
1586 2625 1654 2684 et
1681 2615 1815 2684 alia
1846 2612 2262 2702 hujusmodi,

710 2729 779 2796 in
814 2728 1068 2819 quibus
1115 2727 1438 2818 ponimus
1481 2725 1769 2814 primam
1821 2722 2265 2813 quantitatem

714 2844 976 2905 notam.
1010 2832 1167 2901 Alia
1197 2841 1298 2902 est
1331 2852 1651 2900 mensura
1681 2838 1943 2897 naturae
1983 2826 2266 2915 alicujus

711 2942 1006 3033 generis,
1050 2948 1115 3008 et
1165 2939 1309 3009 haec
1364 2939 1440 3007 fit
1487 2961 1609 3029 per
1672 2935 2072 3006 relationem
2123 2956 2267 3003 om·

716 3050 908 3119 nium
949 3048 1223 3118 illorum
1267 3069 1421 3138 quae
1468 3054 1630 3114 sunt
1686 3047 1756 3113 in
1814 3065 2063 3135 genere
2092 3041 2257 3109 illo:

716 3158 867 3227 ideo
934 3155 1122 3227 addit
1189 3154 1374 3248 quod
1434 3152 1620 3223 illam
1680 3160 1999 3221 naturam
2066 3149 2264 3219 babet

716 3265 1247 3358 simplicissime,
1308 3272 1375 3332 et
1432 3271 1535 3331 est
1572 3285 1778 3330 causa
1824 3283 1970 3329 esse
2014 3268 2267 3327 naturae

718 3373 900 3442 illius
931 3373 1001 3440 in
1048 3372 1199 3440 aliis
1241 3392 1258 3440 ε
1304 3371 1497 3439 etsie
1526 3377 1757 3438 motus
1789 3376 2268 3437 mensurantur

712 3482 935 3574 primo
970 3492 1186 3561 motu,
1237 3487 1305 3548 et
1361 3478 1629 3547 numeri
1678 3499 1819 3546 uno
1867 3498 2153 3545 numero
2199 3482 2266 3542 et

712 3612 852 3657 non
885 3589 1167 3669 unitate,
1203 3599 1269 3655 et
1296 3594 1621 3655 creaturae
1653 3584 1996 3659 Creator-e.
2029 3591 2093 3652 et
2123 3606 2267 3650 om-

713 3720 836 3766 nes
876 3697 1273 3765 substantiae
1304 3717 1442 3762 una
1480 3696 1702 3785 prima
1741 3692 2118 3761 substantia
2151 3714 2165 3759 :
2201 3700 2265 3758 et

714 3807 934 3896 magis
985 3814 1084 3873 est
1123 3827 1257 3872 una
1306 3803 1686 3872 substantia
1714 3825 1863 3893 quae
1903 3804 2120 3891 magis
2147 3824 2266 3867 ac-

715 3913 892 3981 cedit
932 3912 1018 3980 ad
1063 3913 1354 4004 primam
1404 3909 1886 3989 substantiam,
1931 3917 1996 3978 et
2043 3910 2266 3976 minus

720 4043 854 4087 una
879 4043 1030 4110 quae
1064 4019 1282 4108 magis
1307 4017 1537 4085 distat.
1591 4016 1673 4086 Et
1712 4015 1844 4085 hoc
1877 4016 2079 4084 modo
2108 4015 2267 4083 dicit

724 4125 1218 4216 Philosophus,
1261 4124 1445 4216 quod
1486 4123 1931 4215 intelligentia
1970 4132 2067 4191 est
2106 4147 2263 4197 una.

721 4244 788 4302 et
821 4256 957 4301 non
1002 4231 1330 4300 dividitur
1381 4230 1848 4323 participando
1891 4228 2268 4297 multitudi-

726 4365 881 4409 nem
918 4340 1301 4407 bonitatum
1333 4340 1570 4429 primm
1609 4361 1855 4415 cauete,
1899 4337 2014 4405 sed
2055 4339 2270 4427 magis

731 4448 1016 4515 unitur:
1080 4447 1240 4536 quia
1301 4445 1768 4536 participando
1821 4443 2045 4535 plures
2073 4443 2270 4512 boni-

725 4563 897 4621 tates
928 4555 1147 4643 magis
1177 4552 1433 4621 accedit
1463 4551 1548 4619 ad
1578 4574 1793 4618 unum
1830 4572 1845 4618 :
1873 4560 1936 4619 et
1962 4552 2088 4618 boc
2121 4575 2271 4618 mo-

722 4666 810 4732 do
859 4663 1019 4732 dicit
1060 4664 1454 4754 DionysiuS,
1507 4662 1693 4753 quod
1750 4661 1976 4728 radius
2007 4661 2272 4728 divinus

726 4785 796 4842 ut
832 4774 1102 4841 vivitica
1143 4773 1358 4839 virtus
1390 4795 1515 4839 nos
1551 4769 1790 4861 replet,
1834 4779 1898 4837 et
1945 4771 2270 4837 convertit

728 4882 811 4950 ad
842 4880 1277 4971 aggregantis
1329 4878 1549 4946 I‘atris
1601 4879 1926 4945 unitatem
1979 4887 2041 4945 et
2080 4877 2274 4944 deili-

725 5016 875 5061 cam
904 4988 1638 5080 supersimplicitatem.

819 5099 921 5164 An
951 5120 1148 5165 Auen
1170 5095 1560 5174 dicendum,
1605 5094 1792 5186 quod
1829 5094 2001 5162 bene
2030 5117 2274 5162 conce-

727 5207 976 5285 dimus,
1021 5204 1204 5296 quod
1263 5203 1448 5273 Deus
1492 5205 1790 5271 maxime
1829 5225 2007 5270 unus
2045 5213 2167 5285 est,
2210 5213 2270 5269 et

726 5314 858 5383 hoc
889 5313 1095 5381 modo
1125 5336 1260 5403 quo
1300 5311 1621 5379 diximus.

818 5420 919 5485 Au
950 5441 1148 5485 Auno
1183 5425 1363 5507 patet
1419 5415 1673 5483 solutio
1722 5439 1844 5505 per
1886 5423 2040 5483 ante
2071 5415 2268 5484 dicta.

1714 272 1800 339 D.
1851 270 2051 339 ALB.
2103 265 2319 334 MAG.
2372 264 2578 334 ORD.
2629 263 2929 348 PRAED.

2813 887 3317 956 ARTICULUS
3380 887 3464 953 11.

2380 1106 2624 1172 Utrum
2651 1104 2926 1171 univoce
2960 1104 3050 1169 sic
3104 1125 3430 1170 numerus
3461 1103 3531 1167 in
3565 1099 3816 1169 divinis
3853 1105 3915 1161 et

2463 1212 2843 1295 ἑτι-ονεαιίε,
2906 1219 2969 1277 et
3018 1221 3250 1277 utrum
3303 1214 3483 1277 Deus
3556 1210 3645 1274 sit
3695 1204 3917 1295 maqis

2465 1339 2639 1383 unus
2676 1339 2886 1406 quam
2916 1317 3067 1406 ipsa
3100 1317 3330 1383 unitas
3356 1313 3395 1381 P

2465 1636 2777 1706 Secundo
2827 1640 3174 1729 quae‘ritur,
3220 1638 3462 1707 Utrum
3511 1640 3800 1707 univoce
3829 1639 3916 1705 sit

2375 1770 2697 1816 numerus
2735 1748 2807 1814 in
2836 1746 3085 1815 divinis
3116 1754 3184 1816 et
3215 1749 3283 1815 in
3321 1749 3615 1816 creatis?

2461 1854 2774 1938 Videtur,
2808 1854 2991 1945 quod
3020 1877 3162 1924 non
3205 1878 3220 1922 :
3267 1855 3424 1944 quia

2467 1964 2527 2030 1.
2561 1958 2747 2028 Nihil
2784 1962 3072 2029 univoce
3097 1963 3419 2029 convenit
3453 1961 3591 2030 Deo
3637 1971 3703 2031 et
3728 1985 3908 2030 crea·

2373 2079 2541 2138 turae
2574 2096 2590 2138 ε
2626 2092 2787 2161 ergo
2828 2091 2949 2138 nec
2988 2091 3334 2138 numerus.

2461 2179 2525 2243 2.
2583 2175 2779 2256 Item,
2835 2176 3108 2245 Dictum
3167 2185 3292 2255 est,
3346 2175 3531 2266 quod
3582 2176 3767 2244 Deus
3819 2185 3921 2246 est

2371 2310 2547 2355 unus
2577 2290 2832 2356 unitate
2871 2311 3023 2379 quae
3056 2287 3486 2379 quadruplici
3534 2288 3919 2357 conditione

2371 2396 2648 2465 unitatis
2675 2397 3113 2465 constituitur
3153 2419 3169 2464 ε
3207 2396 3325 2464 sed
3376 2395 3593 2488 nulla]
3613 2408 3916 2466 creatura

2371 2511 2476 2574 est
2502 2506 2597 2573 sic
2627 2527 2761 2573 una
2794 2527 2810 2572 :
2854 2526 3017 2596 ergo
3066 2528 3207 2573 non
3264 2514 3365 2574 est
3410 2527 3548 2573 una
3576 2507 3746 2573 ratio
3777 2528 3916 2574 suae

2370 2614 2671 2692 unitatis,
2714 2621 2782 2682 et
2822 2612 3220 2681 interiorum
3254 2637 3271 2681 :
3318 2636 3480 2704 ergo
3514 2636 3636 2681 nec
3674 2637 3915 2682 nume·

2375 2745 2512 2792 rus,

2462 2828 2594 2896 San
2639 2851 2886 2897 cosma
2929 2850 2946 2895 ε

2466 2938 2525 3004 I.
2547 2935 3010 3027 Quaecumque
3029 2935 3348 3005 dicuntur
3367 2936 3740 3006 secundum
3763 2960 3915 3006 ma-

2368 3045 2474 3136 gis
2512 3053 2579 3112 et
2635 3044 2885 3121 minus,
2933 3051 3092 3112 sunt
3138 3045 3626 3137 comparabilia
3667 3071 3682 3114 ε
3730 3049 3910 3117 Deus

2368 3159 2434 3219 et
2500 3160 2802 3220 creatura
2866 3149 3185 3221 dicuntur
3240 3174 3453 3221 unum
3537 3154 3910 3224 secundum

2370 3264 2589 3353 magis
2626 3271 2691 3330 et
2723 3261 2949 3330 minus
2991 3285 3009 3331 ε
3055 3259 3236 3330 Deus
3262 3265 3447 3331 enim
3486 3264 3733 3332 dicitur
3759 3288 3913 3332 ma-

2368 3373 2473 3462 gis
2541 3394 2737 3450 unus,
2781 3379 2845 3439 et
2875 3380 3180 3439 creatura
3221 3373 3447 3440 minus
3491 3396 3706 3465 :ergo
3753 3383 3911 3443 sunt

2368 3481 2873 3572 comparabilia.
2951 3480 3117 3550 Inde
3198 3484 3294 3552 sic
3356 3506 3371 3551 ε
3452 3482 3912 3576 Quaecumque

2368 3600 2526 3659 sunt
2554 3588 3061 3681 comparabilia,
3103 3598 3262 3659 sunt
3291 3591 3607 3676 univoca,
3640 3601 3714 3660 ut
3751 3593 3912 3661 dicit

2374 3695 2829 3789 l’bilosopbus
2872 3718 2888 3767 ε
2933 3697 3214 3766 Creator
3240 3707 3308 3765 et
3345 3709 3649 3766 creatura
3684 3700 3909 3768 inuno

2367 3806 2849 3897 cmnparabilia
2907 3814 3062 3874 sunt
3120 3828 3137 3874 τ
3172 3828 3336 3897 ergo
3375 3816 3532 3874 sunt
3573 3808 3639 3874 in
3670 3807 3909 3876 eodem

2373 3916 2662 3982 univoca
2705 3938 2720 3981 ε
2774 3936 2939 4004 ergo
2964 3935 3179 3981 unum
3212 3914 3459 3982 dicitur
3488 3916 3775 3985 univoce
3828 3915 3911 3985 de

2371 4024 2683 4091 Creatore
2714 4029 2777 4089 et
2817 4020 2898 4089 de
2952 4021 3276 4090 creaturis
3311 4045 3328 4090 ε
3361 4046 3526 4112 ergo
3575 4030 3642 4091 et
3673 4046 3913 4093 nume·

2374 4154 2511 4198 rus.

2463 4242 2528 4307 2.
2570 4238 2764 4319 Item,
2809 4236 2990 4304 Ilene
3065 4237 3397 4327 sequitur,
3469 4237 3598 4305 hoe
3663 4247 3787 4320 est,
3849 4248 3916 4306 et

2377 4345 2540 4412 illud
2582 4356 2680 4413 est
2722 4365 2739 4414 t
2775 4354 2839 4413 et
2888 4344 3015 4413 boc
3066 4367 3203 4412 non
3235 4352 3336 4412 est
3364 4343 3553 4423 illud,
3598 4367 3724 4414 nec
3760 4369 3914 4437 pars

2376 4453 2578 4527 illius,
2623 4476 2744 4520 nee
2805 4460 3022 4521 totum
3064 4453 3263 4542 ejus:
3305 4474 3468 4544 ergo
3525 4462 3682 4520 sunt
3711 4453 3847 4521 duo
3891 4476 3907 4521 :

2374 4561 2489 4628 sed
2536 4561 2712 4627 Deus
2743 4567 2869 4642 est,
2939 4568 3003 4627 et
3043 4560 3217 4649 lapis
3253 4569 3356 4627 est
3389 4581 3404 4625 ε
3438 4567 3503 4627 et
3564 4561 3746 4630 Deus
3776 4583 3912 4629 non

2374 4678 2475 4736 est
2514 4667 2705 4757 lapis,
2742 4688 2864 4733 nec
2901 4673 3152 4745 totum,
3194 4687 3318 4732 nec
3364 4688 3521 4755 pars
3556 4667 3703 4754 ejus
3736 4691 3753 4736 :
3803 4691 3913 4736 er-

2375 4801 2462 4867 go
2497 4775 2677 4843 Ileus
2731 4782 2794 4843 et
2834 4773 3003 4864 Iapis
3040 4782 3199 4841 sunt
3236 4772 3373 4841 duo
3408 4797 3424 4841 :
3470 4774 3652 4842 nulla
3685 4785 3912 4844 autem

2375 4890 2956 4951 connumerantur
2994 4881 3120 4948 nisi
3201 4882 3267 4949 in
3324 4903 3406 4949 eo
3466 4884 3532 4948 in
3585 4905 3720 4975 quo
3759 4895 3911 4953 sunt

2378 4993 2668 5059 univoca
2705 5014 2720 5060 :
2754 5012 2892 5058 non
2936 4990 3118 5058 enim
3185 4988 3475 5056 dicimus
3527 4992 3819 5070 asinum,
3851 5002 3915 5062 et

2378 5100 2724 5169 bominem
2792 5120 2941 5167 esse
2988 5098 3160 5166 duos
3220 5096 3555 5181 homines,
3623 5100 3739 5168 sed
3781 5102 3915 5171 duo

2377 5207 2718 5282 animalia,
2780 5207 2939 5297 quia
2976 5215 3135 5274 sunt
3176 5209 3534 5275 univocata
3566 5209 3632 5275 in
3662 5210 3921 5278 anima·

2376 5318 2421 5386 li
2459 5340 2474 5387 :
2508 5328 2572 5386 et
2604 5316 2771 5408 lapis
2800 5326 2865 5385 et
2895 5313 3147 5383 animal
3213 5324 3369 5383 sunt
3406 5315 3558 5384 duae
3606 5316 3913 5386 substan·

2376 5427 2512 5505 tim,
2554 5427 2660 5494 vel
2694 5425 2829 5492 duo
2860 5447 3178 5514 corpora,
3228 5431 3295 5492 et
3325 5427 3420 5492 sic
3451 5425 3531 5493 de
3571 5425 3723 5494 aliis
3758 5451 3775 5495 ε
3809 5451 3921 5496 er·

2377 5557 2464 5624 go
2517 5534 2697 5601 Deus
2729 5542 2794 5600 et
2824 5540 3129 5600 creatura
3160 5541 3320 5600 sunt
3349 5534 3641 5602 univoca
3680 5536 3748 5603 in
3801 5559 3920 5603 nu·

2381 5665 2593 5709 mere.

3942 2835 4040 2883 Sed
4076 2841 4259 2884 eontra.
