4897 6388
1170 361 1208 384 ε
1254 381 1312 418 -.
1858 291 1863 296 ’
2010 325 2102 395 lN
2151 324 2180 388 1
2232 323 2663 431 SENTnNT.
2715 322 2946 391 nlsT.
3000 322 3090 402 x,
3138 323 3217 388 o.

1040 517 1131 562 1·ae
1188 506 1253 564 et
1309 497 1650 566 societatis
1716 517 1866 585 quae
1932 503 2031 561 est
2069 495 2246 560 inter
2275 479 2591 559 homines

1035 604 1207 672 bene
1237 608 1721 674 convenientes
1767 627 1780 670 :
1826 613 1892 669 et
1940 626 1979 668 a
2045 601 2162 668 tali
2226 600 2590 668 dilectione

1035 735 1174 781 non
1217 713 1672 781 exeluduntur
1701 710 1813 778 alii
1849 712 2009 776 boni
2058 710 2224 776 socii
2274 708 2358 775 ad
2407 731 2593 775 eam-

1034 820 1190 887 dem
1220 822 1429 886 vitam
1473 820 1885 909 pertinentes
1930 838 1945 885 :
1992 827 2057 883 et
2113 816 2257 883 haec
2315 815 2586 883 dilectio

1033 938 1366 1019 quantum
1398 935 1645 1018 potest,
1681 925 2047 1017 respondet
2089 923 2436 992 dilectioni
2476 947 2590 990 es-

1030 1034 1327 1103 sentiali.
1399 1034 1709 1125 Diligunt
1782 1055 1853 1099 se
1913 1034 2118 1100 etiam
2178 1052 2468 1120 sponsus
2522 1038 2588 1096 et

1029 1165 1283 1234 sponsa
1320 1142 1405 1210 ad
1434 1151 1657 1210 actum
1700 1140 2342 1210 communicationis
2384 1145 2588 1203 natu-

1031 1272 1125 1318 rae
1163 1272 1285 1340 per
1311 1251 1826 1341 generationem
1896 1271 1909 1315 :
1948 1257 2012 1315 et
2052 1248 2135 1313 ab
2212 1244 2342 1312 hac
2413 1243 2589 1312 dile-

997 1358 1258 1426 ·ctione
1288 1358 1669 1426 excluditur
1697 1357 1901 1424 etiarn
1939 1355 2165 1446 proles
2205 1354 2431 1443 genita
2470 1374 2484 1418 :
2521 1360 2587 1420 et

1025 1463 1172 1534 haec
1237 1465 1623 1556 respondet,
1703 1473 2039 1555 quantum
2098 1470 2347 1552 potest,
2407 1444 2599 1528 ἀίἰεέ

1027 1574 1235 1641 ctioni
1267 1573 1597 1642 notionali
1645 1573 1716 1640 in
1745 1581 2074 1663 quantum
2128 1579 2289 1638 sunt
2326 1568 2582 1658 princi-

1022 1680 1215 1770 pium
1249 1679 1543 1770 Spiritus
1573 1681 1784 1748 sancti
1817 1679 2021 1747 Pater
2044 1686 2109 1745 et
2133 1677 2387 1745 Filius:
2427 1698 2579 1767 quae

1025 1787 1295 1857 dileetio
1356 1811 1497 1857 non
1554 1798 1653 1857 est
1714 1787 2009 1878 Spiritus
2047 1794 2347 1864 sanctuS,
2416 1785 2581 1875 quia

1027 1896 1321 1988 Spiritus
1348 1907 1621 1990 sanctus
1652 1921 1794 1967 non
1848 1906 1949 1967 est
1991 1897 2398 1989 principium
2437 1917 2576 1987 quo

1023 2004 1229 2074 Pater
1273 2015 1341 2074 et
1379 2005 1590 2074 Filius
1651 2008 1911 2098 spirant
1977 2004 2339 2097 Spiritum,
2401 2004 2578 2072 sieut

1022 2135 1150 2181 nec
1176 2112 1387 2181 Filius
1417 2123 1522 2182 est
1558 2116 1929 2205 paternitas
1959 2136 2092 2204 qua
2127 2113 2329 2180 Pater
2365 2134 2575 2203 gene-

1023 2230 1128 2289 rat
1157 2219 1428 2290 Filium.
1459 2222 1686 2291 Tertia
1717 2221 1986 2291 dilectio
2017 2230 2118 2289 est
2185 2243 2321 2312 qua
2377 2242 2574 2288 com-

4123 323 4249 390 317

2659 480 2663 483 ’
2702 492 2973 582 placent
3010 493 3135 560 sibi
3173 494 3240 558 in
3277 490 3460 581 prole
3491 492 3718 580 genita
3761 511 3776 558 :
3812 499 3875 558 et
3904 499 4080 558 esset
4122 492 4251 561 hoc

2704 603 2923 693 magis
2952 602 3198 678 simile,
3236 603 3286 666 si
3320 599 3540 690 proles
3570 609 3744 667 esset
3782 622 3973 667 amor
4009 623 4024 663 ε
4090 603 4250 690 quia

2700 717 2863 777 tunc
2903 709 3257 799 diligerent
3291 733 3360 775 se
3392 709 3459 774 in
3493 729 3722 774 amore
3768 706 3880 774 illo
3919 729 3933 771 ε
3981 716 4046 774 et
4105 706 4247 775 haec

2700 820 2970 888 dileetio
3032 819 3391 909 respondet
3456 817 3786 908 personali
3872 819 4239 886 dilectioni.

2699 930 2900 997 Aliud
2962 929 3351 1019 exemplum
3410 929 3625 1019 magis
3692 929 4106 995 conveniens
4148 935 4247 995 est

2696 1036 2768 1101 in
2846 1045 3097 1103 mente.
3181 1036 3526 1102 Ponamus
3592 1034 3774 1100 enim
3842 1035 4241 1101 memoriam

2698 1164 2837 1209 non
2867 1164 3193 1232 generare
3237 1140 3775 1231 intelligentiam,
3820 1137 4038 1207 adhuc
4097 1139 4245 1206 dili-

2696 1258 2812 1339 get
2840 1271 2995 1316 eam
3030 1250 3097 1315 in
3139 1257 3467 1338 quantum
3535 1246 3618 1314 ad
3685 1246 3989 1314 eamdem
4038 1255 4242 1313 natu-

2697 1379 2843 1423 ram
2899 1356 3146 1423 mentis
3202 1378 3430 1423 secum
3501 1356 3834 1443 pertinet:
3898 1354 3953 1419 si
4012 1362 4237 1421 autem

2693 1487 3034 1556 ponamus
3100 1466 3275 1533 sicut
3329 1485 3565 1532 verum
3625 1470 3747 1540 est,
3808 1461 4236 1530 concordiam
4349 1467 4361 1479 ‘

2696 1573 3050 1639 memoriae
3083 1579 3150 1638 et
3181 1570 3645 1661 intelligentiae
3681 1570 3753 1636 in
3808 1568 4240 1658 producenda

2692 1678 3044 1747 voluntate
3076 1679 3205 1760 sui,
3240 1680 3384 1769 ipsa
3423 1676 3782 1745 concordia
3824 1677 4239 1767 producendi

2692 1786 2868 1854 dicet
2894 1808 3202 1854 amorem
3234 1784 3526 1852 similem
3559 1784 3885 1852 notionali
3918 1784 4134 1851 amori
4165 1784 4236 1850 in

2690 1894 2940 1962 divinis
2982 1916 2998 1962 :
3042 1893 3392 1962 voluntate
3438 1901 3664 1961 autem
3694 1893 3838 1981 jam
3877 1892 4228 1983 producta,

2688 2001 2836 2091 ipsa
2899 2000 3253 2069 voluntate
3319 2008 3626 2068 nectente
3689 2000 4088 2066 memoriam
4164 2008 4232 2067 et

2684 2110 3208 2203 intelligentiam
3277 2113 3520 2178 iterum
3593 2108 3884 2200 diligunt
3949 2132 4019 2178 se
4081 2131 4097 2176 :
4165 2116 4232 2176 et

2686 2219 2812 2287 erit
2850 2218 3123 2288 dilectio
3155 2220 3328 2286 sicut
3357 2216 3755 2308 personalis.

1211 2686 1304 2759 D.
1348 2685 1760 2786 Eoeemplis
1782 2685 2047 2784 firmat
2083 2686 2351 2762 eadem
2385 2687 2708 2763 nomina
2727 2685 3052 2786 proprie
3087 2692 3162 2760 et
3200 2685 3742 2762 ecnc‘cersaliter
3760 2685 4033 2784 accipi.

1112 3026 1477 3105 Pluribus
1507 3031 1716 3107 enim
1753 3032 2125 3130 exemplis
2164 3030 2421 3106 doceri
2467 3036 2745 3130 potest,
2796 3030 3038 3103 multa
3081 3051 3338 3104 rerum
3383 3029 3762 3105 vocabula
3801 3038 3873 3103 et
3912 3025 4230 3101 univer-

1012 3160 1279 3240 saliter
1317 3165 1533 3264 poni,
1577 3176 1651 3242 et
1719 3166 2024 3266 proprie
2083 3165 2552 3266 quibusdam
2626 3166 2861 3242 rebus
2903 3163 3253 3240 adhiberi
3313 3187 3329 3239 :
3376 3163 3576 3241 sieut
3653 3162 3876 3262 Legis
3917 3159 4231 3237 nomine

1009 3296 1433 3397 aliquando
1464 3300 1698 3376 sium!
1743 3301 2006 3376 omnia
2041 3301 2339 3378 Veteris
2367 3301 2833 3378 Testamenti
2903 3300 3349 3399 significant
3406 3300 3744 3400 eloquia,
3814 3297 4230 3398 aliquando

1008 3442 1267 3508 autem
1293 3434 1600 3534 proprie
1641 3446 1963 3511 vocatur
1993 3437 2146 3512 Lex
2178 3459 2357 3535 qum
2388 3437 2565 3512 data
2608 3447 2721 3513 est
2764 3460 2903 3536 per
2938 3436 3292 3535 Moysen.
3323 3436 3570 3511 Multa
3606 3434 3759 3510 alia
3809 3443 4234 3534 suppetunt

1007 3570 1393 3669 exempla,
1439 3571 1572 3647 sed
1610 3570 1686 3646 in
1723 3595 1803 3647 re
1846 3582 2111 3671 aperta
2149 3571 2465 3647 vitanda
2496 3581 2611 3647 est
2643 3571 3049 3670 longitudo
3080 3571 3489 3647 sermonis.
3534 3570 3752 3646 Sicut
3808 3592 3990 3667 ergo
4052 3568 4233 3644 uni-

1001 3726 1189 3778 cum
1232 3704 1374 3780 Dei
1409 3706 1736 3782 verbum
1780 3706 2088 3806 proprie
2134 3730 2503 3782 vocamus
2536 3706 2850 3782 nomine
2879 3706 3312 3804 sapientiae,
3346 3730 3520 3781 cum
3564 3706 3660 3780 sit
3695 3703 4235 3780 universaliter

1002 3851 1079 3919 et
1119 3840 1458 3942 Spiritus
1497 3854 1818 3918 sanctus
1856 3852 1930 3918 et
1973 3843 2199 3919 Pater
2229 3841 2398 3943 ipsa
2435 3842 2820 3942 sapientia
2864 3866 2881 3917 :
2955 3840 3059 3916 ita
3116 3840 3449 3940 Spiritus
3518 3850 3835 3916 sanctus
3915 3838 4230 3938 proprio

1008 3979 1393 4054 vocabulo
1432 3978 1774 4053 charitas
1806 3988 2328 4078 nuncupatur,
2364 4003 2540 4053 cum
2577 3977 2674 4053 sit
2717 3978 2947 4053 Pater
3002 3985 3079 4053 et
3114 3976 3351 4050 Filius
3394 3976 3931 4051 universaliter
3970 3973 4229 4049 churi-

1012 4123 1159 4188 tas,

2663 4484 2949 4573 ponitur
2987 4489 3287 4571 prototo
3338 4479 3563 4547 Veteri
3607 4478 4066 4554 Testamento,
4113 4477 4226 4545 ubi

2664 4591 2826 4658 dicit
2867 4588 3246 4658 Dominus:
3287 4589 3378 4656 Ut
3413 4585 3790 4678 impleatur
3831 4607 4052 4654 sermo
4100 4586 4225 4676 qui

2666 4700 2736 4766 in
2764 4698 2911 4789 leqe
2937 4721 3172 4766 eorum
3194 4698 3489 4787 scriptus
3519 4708 3616 4764 est
3650 4719 3672 4763 .·
3701 4696 3881 4780 Quia
3909 4695 4066 4762 odio
4095 4696 4227 4762 lw-

2669 4806 2964 4875 buerme!
3007 4829 3115 4873 me
3157 4806 3381 4896 ytalia·
3420 4828 3443 4871 .·
3496 4802 3625 4872 hoc
3666 4806 3846 4871 enim
3909 4805 3975 4870 in
4041 4802 4219 4870 l’sal.

2663 4936 2899 4995 cxvm,
2942 4915 3095 4990 161,
3130 4914 3457 5003 scriptum
3490 4919 3589 4979 est
3622 4913 3638 4947 ¹
3686 4935 3701 4979 :
3736 4913 3850 5003 qui
3882 4935 4019 4979 non
4053 4912 4226 4979 dici-

1451 4720 1782 4766 exrostuo
1827 4719 2096 4764 'rt-:xus

1085 4909 1347 4978 Deinde
1380 4909 1706 5000 quaeritur
1745 4908 1827 4975 de
1878 4906 2008 4975 hoc
2063 4908 2248 4998 quod
2303 4908 2468 4977 dicit
2533 4930 2548 4975 :

1005 5042 1040 5081 α
1072 5017 1270 5085 Sicut
1306 5018 1507 5107 Leqis
1560 5018 1835 5084 nomine
1891 5015 2273 5106 aliquando
2337 5013 2560 5082 simul

991 5124 1252 5202 onmia,
1289 5130 1416 5192 etc.
1469 5122 1663 5192 »Ubi
1710 5122 1805 5190 sie
1856 5123 1921 5188 in
1974 5120 2320 5212 Scriptura
2372 5121 2555 5188 acci-

994 5232 1234 5323 pitur?

1087 5340 1168 5407 Et
1206 5338 1594 5422 dicendum,
1638 5340 1822 5431 quod
1857 5340 2058 5407 Joan.
2104 5361 2219 5418 xv,
2272 5342 2386 5419 25,
2412 5339 2552 5407 Lex

1062 5601 1077 5635 ¹
1117 5597 1275 5655 Psal.
1308 5614 1502 5665 cxx-m,
1539 5599 1631 5653 ¹61
1671 5598 1993 5667 :Principes
2016 5598 2291 5667 persecuti
2316 5602 2443 5652 sunt
2470 5613 2557 5654 me

997 5688 1213 5743 Gratis.
1247 5686 1332 5743 Cf.
1368 5685 1570 5752 etiam,
1608 5683 1757 5741 l‘sal.
1793 5701 1926 5753 xxv,
1962 5686 2025 5739 ¹9
2058 5699 2074 5740 :
2108 5683 2331 5755 Respice
2362 5685 2560 5741 im‘em‘·

2665 5031 2776 5091 tur
2807 5022 2971 5104 Lex,
3005 5022 3136 5090 nisi
3162 5021 3324 5111 quia
3353 5029 3452 5089 est
3481 5020 3563 5088 de
3583 5019 3810 5088 Veteri
3837 5020 4225 5087 Testamen-

2667 5138 2764 5210 to,
2809 5129 2993 5222 quod
3032 5129 3236 5198 etiam
3296 5129 3818 5196 instrumentum
3880 5136 4004 5211 est,
4062 5128 4221 5218 quia

2664 5240 2965 5322 instruit,
3015 5246 3079 5305 et
3137 5240 3308 5305 sicut
3359 5239 3878 5303 instrumentum
3938 5235 4218 5303 harmo-

2665 5349 2853 5415 niam
2883 5346 3125 5414 lit'terae
3157 5344 3237 5412 ad
3270 5346 3608 5435 spiritum,
3642 5353 3706 5412 et
3746 5346 3886 5435 typi
3918 5343 4004 5410 ad
4034 5343 4217 5410 veri-

2664 5610 2754 5652 cos
2782 5610 2949 5664 meos,
2980 5595 3313 5667 quoniam...
3346 5591 3472 5647 odio
3500 5592 3693 5662 iniquo
3734 5575 3966 5646 oderunt
3997 5608 4101 5646 me.
