4897 6388
645 301 658 440 .0,---—
644 127 654 280 *na-..0⁴
648 79 651 90 -

698 371 707 376 ι

682 4443 783 4493 Sed
817 4451 1001 4491 conus.

731 5196 936 5244 solutio.

1692 383 3315 498 lxisssN'rE‘NTleSr.1X;1,A11'T;14
3360 419 3635 486 ET15.

1054 591 1228 661 sicut
1252 601 1355 661 est
1373 592 1665 660 locutio:
1695 595 1852 683 quia
1872 592 2042 660 sicut
2059 592 2242 681 prius
2264 589 2588 668 diximu8‚

1053 699 1198 767 sola
1239 701 1593 768 conversio
1633 699 1880 768 suflicit
1925 700 2353 768 excitationi:
2415 697 2593 766 unde

1051 831 1173 899 per
1225 808 1358 877 hoc
1416 811 1635 898 ipsum
1689 809 1870 899 quod
1949 808 2134 876 videt
2183 830 2339 875 eum
2381 806 2467 873 ad
2521 829 2594 873 se

1051 938 1486 995 conversum,
1519 936 1672 984 cum
1706 923 1989 1007 uterque·
2014 913 2102 983 sit
2140 915 2371 982 lumen
2402 911 2595 981 intel-

1049 1020 1333 1111 ligibile,
1377 1030 1445 1091 et
1488 1022 1804 1091 voluntas
1872 1045 2009 1090 non
2076 1031 2176 1090 est
2242 1020 2587 1099 claudenS,

1052 1127 1541 1198 determinatur
1588 1129 1655 1197 in
1700 1128 1847 1219 ipso
1913 1128 2227 1198 audiente
2291 1126 2590 1220 cognitio

1052 1234 1201 1324 ejus
1247 1236 1332 1304 ad
1387 1236 1518 1305 hoc
1564 1237 1747 1328 quod
1803 1236 1913 1305 ille
1978 1236 2127 1305 vult
2181 1222 2585 1326 exprimere.

1445 1675 1943 1749 ARTICULUS
1994 1676 2203 1747 XIVu

1218 1897 1327 1963 An
1374 1892 1626 1985 Anqeli
1670 1893 1903 1961 omnia
1949 1893 2325 1984 loquantur
2356 1883 2431 1959 ?⁵
2505 1879 2512 1894 ⁸

1131 2205 1447 2280 Secundo
1491 2211 1835 2301 quaeritur,
1892 2206 2140 2276 Utrum
2186 2209 2421 2276 omnia
2475 2206 2586 2276 lo-··

1039 2320 1158 2411 qui
1195 2316 1511 2411 possint?
2204 2335 2207 2342 ·

1128 2427 1215 2495 Et
1250 2425 1519 2495 videtur
1548 2425 1730 2517 quod
1759 2443 1901 2493 non
1934 2440 1950 2494 :
1993 2426 2155 2516 quia
2180 2443 2322 2492 non
2360 2430 2585 2515 potest

1038 2533 1286 2626 aliquis
1324 2532 1699 2625 exprimere
1730 2528 1913 2623 quod
1948 2552 2088 2602 non
2124 2526 2330 2601 habet
2367 2533 2437 2599 in
2465 2554 2582 2601 co-

1038 2641 1382 2737 gnitione:
1427 2642 1545 2712 sed
1574 2641 2032 2735 contingentia
2071 2662 2112 2709 a
2139 2637 2353 2710 libero
2398 2640 2586 2709 arhi-

1039 2752 1170 2821 trio
1218 2746 1665 2843 dependentia
1728 2769 1866 2817 non
1919 2745 2174 2817 habent
2229 2746 2296 2815 in
2340 2747 2586 2839 cogni-

1038 2860 1223 2929 tione
1249 2910 1265 2925 .
1322 2878 1484 2949 ergo
1505 2853 1619 2924 illa
1649 2875 1787 2924 non
1831 2861 2120 2947 possunt
2171 2856 2578 2947 exprimere.

1036 2967 1265 3035 Puram
1321 2969 1547 3058 ’patet.
1609 2963 1831 3032 Msms
1893 2963 2221 3056 probatur
2283 2983 2405 3055 per
2448 2961 2580 3033 hoc

1036 3072 1224 3166 quod
1271 3095 1409 3142 non
1477 3081 1894 3164 cognoscunt
1956 3071 2086 3141 nisi
2143 3093 2221 3140 ea
2286 3093 2583 3163 quorum

1035 3184 1291 3253 formas
1363 3185 1768 3272 acceperunt
1839 3178 1909 3249 in
1974 3175 2357 3249 creatione:
2435 3199 2580 3249 non

1035 3277 1265 3359 autem
1308 3298 1469 3358 tunc
1516 3295 1917 3377 acceperunt
1943 3284 2074 3356 nisi
2130 3307 2368 3356 eorum
2427 3306 2580 3378 quae

1035 3392 1409 3466 secundum
1438 3414 1709 3463 cursum
1759 3399 2017 3462 naturae
2058 3392 2405 3472 eveniunt,
2478 3391 2583 3460 si-

1034 3514 1149 3576 cut
1173 3508 1361 3596 patet
1394 3499 1480 3572 ab
1519 3501 1905 3594 Augustino
1963 3521 2170 3594 super
2236 3499 2576 3582 Genesim,

1037 3610 1221 3706 quod
1245 3617 1645 3702 acceperunt
1662 3608 2123 3700 cognitionem
2143 3604 2579 3698 uniuscujus-

1036 3742 1169 3813 que
1200 3718 1293 3787 rei
1335 3716 1571 3787 tiendae
1619 3738 1738 3808 per
1779 3738 1953 3807 opus
2000 3711 2467 3807 dispositionis
2513 3723 2582 3785 et

1035 3833 1318 3897 ornatus
1345 3834 1414 3895 et
1450 3821 1957 3918 propagationis
1984 3832 2351 3915 antequam
2372 3830 2576 3903 esset,

1037 3940 1107 4005 in
1147 3932 1376 4004 Verbo
1431 3932 1542 4001 vel
1610 3954 1649 4000 a
1720 3925 1991 3999 Verbo:
2051 3950 2215 4022 ergo
2279 3929 2574 4010 videtur,

1038 4042 1225 4137 quod
1271 4040 1354 4111 de
1419 4038 1527 4110 his
1590 4062 1741 4131 quae
1809 4059 1976 4130 pure
2013 4036 2301 4107 subsunt
2359 4036 2577 4108 libero

1037 4150 1343 4230 arbitrio,
1377 4170 1514 4218 non
1572 4145 1820 4216 habent
1858 4153 2265 4237 potestatem
2342 4145 2578 4238 expri-

1036 4255 1292 4325 mendi.

1127 4363 1263 4433 Ssn
1298 4384 1589 4433 coxraa:
1633 4361 1810 4430 Dicit
1836 4359 2114 4430 Boetius
2152 4360 2334 4453 quod
2374 4360 2580 4452 quid-

1036 4470 1199 4567 quid
1236 4479 1458 4562 potest
1491 4470 1802 4561 'potentia
1857 4467 2157 4549 inferior,
2226 4476 2450 4560 potest
2512 4477 2582 4538 et

1032 4578 1383 4673 superior:
1429 4576 1545 4647 sed
1575 4598 1702 4645 nos
1729 4596 2091 4668 possumus
2118 4575 2305 4668 loqui
2342 4576 2580 4645 onmia

1033 4710 1184 4779 quae
1214 4691 1374 4756 sunt
1406 4686 1473 4753 in
1503 4683 1704 4752 corde
1744 4692 2000 4764 nostro,
2034 4693 2171 4754 tam
2228 4706 2269 4751 a
2335 4691 2579 4753 natura

1031 4819 1240 4889 quam
1270 4817 1310 4863 a
1339 4794 1552 4864 libero
1574 4792 1850 4862 arbitrio
1884 4791 2374 4884 dependentia:
2410 4814 2575 4884 ergo

1032 4916 1098 4975 et
1164 4904 1283 4974 illi.

1121 5121 1429 5191 Somno.
1468 5119 1572 5188 Ad
1612 5119 1740 5187 hoc
1769 5114 2155 5199 dicendum,
2199 5117 2382 5207 quod
2420 5116 2575 5184 An-

1029 5231 1162 5324 geli
1203 5230 1437 5299 omnia
1511 5224 1728 5297 cordis
1770 5226 1872 5295 sui
1929 5234 2249 5317 concepta
2289 5234 2593 5329 possunt·

1029 5341 1429 5431 depromere
1459 5335 1630 5403 sicut
1669 5342 1733 5403 et
1771 5356 1919 5412 nos,
1963 5339 2028 5402 et
2067 5330 2198 5402 hoc
2246 5357 2287 5401 a
2332 5342 2576 5403 natura

1027 5446 1305 5524 habent,
1328 5445 1423 5511 ita
1456 5443 1635 5534 quod
1655 5465 1789 5510 non
1813 5441 2117 5533 indigent
2138 5441 2384 5511 verbo:
2412 5442 2575 5535 quia

1026 5554 1233 5624 etiam
1264 5551 1606 5619 daemones
1647 5550 1737 5617 ita
1791 5548 2187 5641 loquuntur.
2243 5547 2433 5619 Sicut
2502 5552 2573 5619 in

1027 5661 1227 5731 nobis
1257 5666 1381 5738 est,
1407 5655 1731 5749 quamdiu
1771 5666 1870 5725 est
1908 5665 2273 5748 conceptus
2320 5660 2570 5726 mentis

4134 383 4261 485 293
4353 425 4369 458 ·-

2711 610 2850 656 non
2880 556 3316 679 cognoscitur
3344 555 3474 655 nisi
3514 610 3555 656 a
3609 584 3810 663 nobis
3849 593 3917 655 et
3950 583 4134 655 Deo:
4172 588 4264 656 ita

2710 705 2809 763 est
2849 695 3120 766 inillis:
3166 696 3285 766 sed
3334 695 3511 764 sicut
3577 693 3647 763 in
3708 694 3907 764 nobis
3955 717 4266 785 pronun-

2707 803 2897 874 tiatio
2967 797 3262 874 ordinat*
3302 809 3720 895 conceptum.
3772 803 3857 871 ad
3930 804 4266 872 naturalia

2707 915 3159 982 instrumenta
3188 912 3677 1004 pronuntiandi
3746 909 3857 980 vel
3916 912 4259 992 audiendi,

2705 1029 2769 1090 et
2800 1030 2964 1092 tunc
2996 1023 3396 1092 naturaliter
3423 1022 3697 1090 auditur
3730 1027 3756 1087 τ’
3772 1019 3865 1089 ita
3886 1021 3953 1089 in
3993 1022 4264 1112 Angelis

2704 1132 2873 1200 ordo
2913 1132 3382 1202 conversionis
3414 1129 3498 1200 ad
3523 1131 3736 1199 alium
3769 1150 3924 1199 cum
3955 1121 4264 1200 voluntass

2703 1245 2766 1306 te
2820 1240 3246 1329 exprimendi
3309 1246 3543 1309 causat
3610 1234 3922 1307 auditum
3964 1238 4034 1305 in
4092 1259 4259 1324 un0,

2702 1349 2768 1413 et
2805 1355 2908 1415 est
2936 1343 3189 1416 locutio
3231 1347 3303 1415 in
3342 1346 3476 1418 alio
3513 1370 3528 1415 :
3565 1354 3632 1415 et
3662 1344 3778 1413 illa
3817 1345 4261 1414 conversione

2699 1462 3069 1545 conceptus
3099 1453 3217 1547 qui
3245 1451 3509 1524 subfuit
3543 1452 3762 1523 libero
3806 1450 4113 1534 arbitrio,
4149 1475 4264 1522 ex·

2697 1561 2991 1650 trahitur
3019 1573 3211 1643 extra
3266 1566 3492 1655 ipsum
3548 1562 3635 1631 ad
3679 1561 4016 1630 naturalia
4085 1585 4261 1653 quo·
4391 1581 4396 1590 ’
4445 1588 4472 1598 ··

2699 1647 3094 1754 dammodo,
3140 1679 3206 1741 et
3235 1677 3414 1740 tunc
3457 1664 3543 1738 ab
3584 1669 3718 1796 alio
3777 1676 3880 1738 est
3930 1666 4258 1761 intelligi-

2694 1773 2876 1864 bilis,
2910 1789 2986 1848 ut
3019 1777 3290 1854 dictum
3319 1786 3423 1849 est
3445 1775 3712 1871 prius.

2790 1894 2878 1964 Et
2926 1890 3112 2002 quod
3159 1883 3503 2016 objicitur,
3549 1882 3753 1979 quod
3805 1905 3944 1955 non
4001 1883 4256 1955 habent

2595 2015 2600 2022 '
2694 1983 3178 2095 cognitionem
3201 2001 3442 2066 eorum
3477 2009 3633 2088 ‘quae
3662 2011 3833 2086 pure
3849 1975 4150 2063 subsunt
4178 1991 4256 2062 li·
4265 1993 4270 2008 ’

2599 2117 2604 2122 ’
2694 2109 2862 2181 bero
2911 2102 3219 2185 arbitrio,
3265 2095 3522 2173 verum
3578 2109 3681 2171 est
3728 2102 4054 2206 quamdiu
4093 2101 4252 2170 tan·

2690 2228 2839 2288 tum
2882 2220 2952 2287 in
2989 2209 3206 2286 liber'o
3238 2203 3521 2284 arbitrio
3551 2217 3781 2281 sunt:
3833 2211 3948 2280 sed
3980 2208 4250 2303 quando

2693 2327 3100 2398 ordinantur
3146 2324 3232 2393 ad
3280 2323 3591 2392 ordinem
3648 2295 4246 2414 pronuntiationiS‚

2682 2434 2830 2522 jam
2859 2439 3021 2500 sunt
3068 2417 3406 2498 naturalia
3441 2447 3456 2494 :
3498 2422 3661 2518 quia
3689 2425 3866 2494 sicut
3909 2421 4108 2494 nobis
4134 2445 4254 2493 na-

2690 2536 2910 2607 turale
2967 2541 3069 2606 est
3108 2531 3346 2606 audire
3420 2532 3844 2624 loquentem,
3896 2529 4039 2600 slve
4108 2531 4250 2622 ipse

2689 2646 2881 2730 velit,
2913 2644 3058 2714 sive
3099 2664 3237 2713 non
3267 2641 3459 2724 velit,
3489 2636 3868 2709 dummodo
3890 2639 4245 2733 loquatur:

2690 2756 2784 2824 ita
2826 2751 3136 2823 naturale
3175 2760 3278 2821 est
3306 2749 3543 2818 audire
3572 2747 3867 2841 Angelo,
3908 2747 4052 2816 sive
4099 2765 4252 2816 sus-

2688 2865 2915 2955 cipere
2982 2862 3069 2932 ad
3116 2883 3188 2931 se
3244 2880 3652 2930 conversum
3720 2857 3845 2926 sub
3900 2856 4249 2926 voluntate

2690 2969 3146 3066 exprimendi,
3186 2973 3255 3040 et
3294 2964 3814 3038 similitudinem
3858 2967 3951 3037 rei
3992 2964 4076 3035 ad
4107 2989 4249 3036 rem

2690 3074 3213 3148 determinatam
3278 3092 3403 3167 per
3465 3068 3917 3142 intentionem
3980 3070 4250 3140 innote-

2688 3182 2922 3255 scendi
2980 3207 3121 3254 rem
3176 3176 3366 3251 illam
3404 3176 3598 3251 alteri
3661 3199 3678 3249 :
3732 3183 3802 3251 et
3864 3174 3999 3248 hoc
4048 3184 4252 3248 vocat
4361 3225 4364 3228 <

2688 3291 2986 3362 Basilius
3013 3299 3246 3361 motus
3284 3288 3746 3358 intentionum
3793 3284 4259 3379 quibusinno·

2685 3411 3102 3471 tesceremus
3150 3396 3475 3479 invicem,
3526 3395 3584 3465 si
3622 3403 3890 3466 tantum
3940 3392 4121 3463 nuda
4183 3399 4252 3463 et

2687 3511 2941 3581 intecta
2965 3508 3198 3579 anima
3221 3505 3638 3578 viveremus.

3104 3937 3614 4011 ARTICULUS
3664 3936 3823 4013 XV.

2684 4163 2793 4230 An
2833 4158 3091 4253 Anqeli
3130 4180 3364 4228 omnes
3418 4156 3738 4227 omnibus
3800 4158 3910 4229 vel
3956 4158 4242 4251 qnidam

2771 4266 3190 4361 quibusdam
3269 4266 3669 4359 loquantur,
3735 4276 3802 4335 et
3864 4277 4097 4336 utrum
4144 4266 4248 4336 da·-

2770 4377 3035 4446 stantia
3058 4383 3285 4468 potese
3315 4375 3412 4444 eis
3434 4377 3665 4467 lacere
3702 4372 3993 4467 loquele
4028 4377 4244 4468 impe-

2775 4486 3158 4554 dimentum
3194 4486 3377 4556 sicut
3421 4483 3618 4576 apud
3657 4485 3848 4553 nos?

2770 4802 2998 4870 Tertio
3032 4801 3388 4893 quaeritur,
3426 4799 3667 4869 Utrum
3707 4822 3948 4871 omnes
4010 4809 4238 4876 omni-

2682 4909 2809 4978 bus
2836 4908 2948 4979 vel
2979 4906 3392 5001 quibusdam
3431 4905 3806 5000 loquantur
3823 4910 3860 4977 ⁴?

2773 5016 2835 5083 1.
2861 5011 3155 5082 Videtur
3174 5019 3429 5092 autem,
3455 5009 3640 5103 quod
3662 5020 3928 5083 tantum
3960 5018 4234 5108 quidam

2680 5120 3091 5213 quibusdam
3158 5139 3282 5211 per
3363 5117 3678 5188 Glossam
3736 5140 3943 5212 super
4021 5126 4226 5195 verba

2676 5224 3020 5319 Apostoli,
3061 5225 3093 5294 Ι
3133 5226 3218 5295 ad
3248 5224 3558 5295 Corinth.
3585 5247 3732 5306 xnr,
3773 5228 3836 5309 1,
3870 5250 4020 5320 quae
4044 5229 4230 5320 dicit,

2678 5336 2866 5428 quod
2941 5336 3333 5426 superiores
3403 5330 3840 5403 inferioribus
3905 5339 4091 5429 quod
4148 5342 4229 5411 de

2679 5444 2804 5512 Dei
2880 5442 3237 5511 voluntate
3293 5438 3802 5525 intellexerunt,
3843 5443 4228 5538 significant

2675 5550 2957 5621 nutibus
2986 5558 3051 5618 et
3081 5549 3321 5641 signis,
3357 5570 3508 5639 quae
3549 5549 3811 5641 linqua.-
3871 5565 4222 5628 vocantur.

2762 5661 2828 5727 2.
2869 5658 3229 5751 Praeterea.
3271 5654 3491 5746 Loqui
3556 5664 3659 5724 est
3713 5656 4096 5731 illuminare
4142 5665 4224 5735 de

1030 5774 1100 5840 in
1131 5769 1277 5838 sola
1313 5774 1643 5860 potestate
1671 5764 1861 5835 liberi
1883 5764 2165 5844 arbitrii,
2197 5765 2380 5857 quod
2404 5772 2568 5837 tunc
2670 5773 3004 5857 conceptu
3042 5763 3310 5834 cordis:
3352 5784 3511 5833 cum
3550 5785 3714 5855 ergo
3770 5765 4224 5842 illuminatio-
