<?xml version="1.0" encoding="UTF-8"?>
<!DOCTYPE html PUBLIC "-//W3C//DTD XHTML 1.0 Transitional//EN"
    "http://www.w3.org/TR/xhtml1/DTD/xhtml1-transitional.dtd">
<html xmlns="http://www.w3.org/1999/xhtml" xml:lang="en" lang="en">
 <head>
  <title>
</title>
<meta http-equiv="Content-Type" content="text/html;charset=utf-8" />
  <meta name='ocr-system' content='tesseract 3.04.00' />
  <meta name='ocr-capabilities' content='ocr_page ocr_carea ocr_par ocr_line ocrx_word'/>
</head>
<body>
  <div class='ocr_page' id='page_1' title='image "balbertimagnira03chgoog_0466.png"; bbox 0 0 4897 6388; ppageno 0'>
   <div class='ocr_carea' id='block_1_1' title="bbox 367 598 669 644">
    <p class='ocr_par' dir='ltr' id='par_1_1' title="bbox 367 598 669 644">
     <span class='ocr_line' id='line_1_1' title="bbox 367 598 669 644; baseline -0.017 0"><span class='ocrx_word' id='word_1_1' title='bbox 367 598 461 644; x_wconf 77' lang='lat' dir='ltr'>sed</span> <span class='ocrx_word' id='word_1_2' title='bbox 487 603 669 643; x_wconf 72' lang='lat' dir='ltr'>contra.</span> 
     </span>
    </p>
   </div>
   <div class='ocr_carea' id='block_1_2' title="bbox 433 1803 635 1852">
    <p class='ocr_par' dir='ltr' id='par_1_2' title="bbox 433 1803 635 1852">
     <span class='ocr_line' id='line_1_2' title="bbox 433 1803 635 1852; baseline -0.01 0"><span class='ocrx_word' id='word_1_3' title='bbox 433 1803 635 1852; x_wconf 74' lang='lat' dir='ltr'>solutio.</span> 
     </span>
    </p>
   </div>
   <div class='ocr_carea' id='block_1_3' title="bbox 711 406 944 506">
    <p class='ocr_par' dir='ltr' id='par_1_3' title="bbox 711 406 944 506">
     <span class='ocr_line' id='line_1_3' title="bbox 711 406 944 506; baseline 0.009 -35"><span class='ocrx_word' id='word_1_4' title='bbox 711 406 841 473; x_wconf 74' lang='lat'>440</span> <span class='ocrx_word' id='word_1_5' title='bbox 931 501 944 506; x_wconf 58' lang='lat'><em>„</em></span> 
     </span>
    </p>
   </div>
   <div class='ocr_carea' id='block_1_4' title="bbox 711 575 2270 1634">
    <p class='ocr_par' dir='ltr' id='par_1_4' title="bbox 809 575 1280 647">
     <span class='ocr_line' id='line_1_4' title="bbox 809 575 1280 647; baseline 0.011 -5"><span class='ocrx_word' id='word_1_6' title='bbox 809 575 947 643; x_wconf 73' lang='lat' dir='ltr'>Sssn&#39;</span> <span class='ocrx_word' id='word_1_7' title='bbox 979 598 1234 645; x_wconf 61' lang='lat' dir='ltr'>comati</span> <span class='ocrx_word' id='word_1_8' title='bbox 1266 602 1280 647; x_wconf 74' lang='grc' dir='ltr'>ε</span> 
     </span>
    </p>

    <p class='ocr_par' dir='ltr' id='par_1_5' title="bbox 711 681 2270 1205">
     <span class='ocr_line' id='line_1_5' title="bbox 807 681 2270 761; baseline 0.009 -13"><span class='ocrx_word' id='word_1_9' title='bbox 807 685 868 749; x_wconf 90' lang='grc'>1.</span> <span class='ocrx_word' id='word_1_10' title='bbox 913 681 1090 751; x_wconf 89' lang='lat' dir='ltr'>Dare</span> <span class='ocrx_word' id='word_1_11' title='bbox 1153 683 1322 753; x_wconf 84' lang='lat' dir='ltr'><strong>nihil</strong></span> <span class='ocrx_word' id='word_1_12' title='bbox 1389 688 1554 757; x_wconf 89' lang='lat' dir='ltr'>dicit</span> <span class='ocrx_word' id='word_1_13' title='bbox 1611 692 1740 759; x_wconf 88' lang='lat' dir='ltr'>nisi</span> <span class='ocrx_word' id='word_1_14' title='bbox 1780 693 2084 761; x_wconf 81' lang='lat' dir='ltr'>conferre</span> <span class='ocrx_word' id='word_1_15' title='bbox 2140 694 2270 760; x_wconf 91' lang='lat' dir='ltr'>do-</span> 
     </span>
     <span class='ocr_line' id='line_1_6' title="bbox 713 794 2266 888; baseline 0.009 -33"><span class='ocrx_word' id='word_1_16' title='bbox 713 812 879 856; x_wconf 86' lang='lat' dir='ltr'>num</span> <span class='ocrx_word' id='word_1_17' title='bbox 918 812 932 856; x_wconf 90' lang='lat'><strong>:</strong></span> <span class='ocrx_word' id='word_1_18' title='bbox 969 813 1126 858; x_wconf 89' lang='lat' dir='ltr'>cum</span> <span class='ocrx_word' id='word_1_19' title='bbox 1146 815 1311 883; x_wconf 86' lang='lat' dir='ltr'>ergo</span> <span class='ocrx_word' id='word_1_20' title='bbox 1353 794 1558 864; x_wconf 83' lang='lat' dir='ltr'>Pater</span> <span class='ocrx_word' id='word_1_21' title='bbox 1585 796 1833 866; x_wconf 83' lang='lat' dir='ltr'>habeat</span> <span class='ocrx_word' id='word_1_22' title='bbox 1861 810 2266 888; x_wconf 83' lang='lat' dir='ltr'>potestatem</span> 
     </span>
     <span class='ocr_line' id='line_1_7' title="bbox 711 897 2270 997; baseline 0.008 -33"><span class='ocrx_word' id='word_1_23' title='bbox 711 919 796 964; x_wconf 84' lang='lat' dir='ltr'>cx</span> <span class='ocrx_word' id='word_1_24' title='bbox 825 897 1131 967; x_wconf 87' lang='lat' dir='ltr'>libertate</span> <span class='ocrx_word' id='word_1_25' title='bbox 1161 902 1438 980; x_wconf 83' lang='lat' dir='ltr'>amoriS‚</span> <span class='ocrx_word' id='word_1_26' title='bbox 1475 904 1649 972; x_wconf 90' lang='lat' dir='ltr'>sicut</span> <span class='ocrx_word' id='word_1_27' title='bbox 1687 904 1897 972; x_wconf 88' lang='lat' dir='ltr'>Filius</span> <span class='ocrx_word' id='word_1_28' title='bbox 1928 915 1995 974; x_wconf 86' lang='lat' dir='ltr'>et</span> <span class='ocrx_word' id='word_1_29' title='bbox 2045 906 2270 997; x_wconf 86' lang='lat' dir='ltr'>Spiri-</span> 
     </span>
     <span class='ocr_line' id='line_1_8' title="bbox 712 1007 2268 1101; baseline 0.009 -30"><span class='ocrx_word' id='word_1_30' title='bbox 712 1015 821 1072; x_wconf 89' lang='lat' dir='ltr'>tus</span> <span class='ocrx_word' id='word_1_31' title='bbox 871 1016 1166 1083; x_wconf 86' lang='lat' dir='ltr'>sanctus,</span> <span class='ocrx_word' id='word_1_32' title='bbox 1225 1007 1430 1077; x_wconf 86' lang='lat' dir='ltr'>Pater</span> <span class='ocrx_word' id='word_1_33' title='bbox 1495 1020 1720 1101; x_wconf 87' lang='lat' dir='ltr'>potest</span> <span class='ocrx_word' id='word_1_34' title='bbox 1767 1014 1924 1082; x_wconf 89' lang='lat' dir='ltr'>dare</span> <span class='ocrx_word' id='word_1_35' title='bbox 1977 1039 2048 1084; x_wconf 92' lang='lat' dir='ltr'>se</span> <span class='ocrx_word' id='word_1_36' title='bbox 2094 1019 2268 1086; x_wconf 87' lang='lat' dir='ltr'>sicut</span> 
     </span>
     <span class='ocr_line' id='line_1_9' title="bbox 714 1112 1682 1205; baseline 0.011 -26"><span class='ocrx_word' id='word_1_37' title='bbox 714 1112 925 1181; x_wconf 88' lang='lat' dir='ltr'>Filius</span> <span class='ocrx_word' id='word_1_38' title='bbox 957 1122 1025 1200; x_wconf 85' lang='lat' dir='ltr'>et</span> <span class='ocrx_word' id='word_1_39' title='bbox 1056 1113 1348 1205; x_wconf 85' lang='lat' dir='ltr'>Spiritus</span> <span class='ocrx_word' id='word_1_40' title='bbox 1380 1128 1682 1190; x_wconf 80' lang='lat' dir='ltr'>sanctus,</span> 
     </span>
    </p>

    <p class='ocr_par' dir='ltr' id='par_1_6' title="bbox 712 1219 2270 1634">
     <span class='ocr_line' id='line_1_10' title="bbox 798 1219 2270 1322; baseline 0.01 -36"><span class='ocrx_word' id='word_1_41' title='bbox 798 1222 864 1290; x_wconf 88' lang='grc'>2.</span> <span class='ocrx_word' id='word_1_42' title='bbox 920 1219 1117 1304; x_wconf 86' lang='lat' dir='ltr'>Item,</span> <span class='ocrx_word' id='word_1_43' title='bbox 1172 1221 1365 1291; x_wconf 91' lang='lat' dir='ltr'>Sicut</span> <span class='ocrx_word' id='word_1_44' title='bbox 1406 1228 1742 1316; x_wconf 81' lang='lat' dir='ltr'><strong>sapientia</strong></span> <span class='ocrx_word' id='word_1_45' title='bbox 1794 1235 2270 1322; x_wconf 78' lang='lat' dir='ltr'>appropriatur</span> 
     </span>
     <span class='ocr_line' id='line_1_11' title="bbox 712 1324 2270 1428; baseline 0.012 -38"><span class='ocrx_word' id='word_1_46' title='bbox 712 1324 911 1404; x_wconf 86' lang='lat' dir='ltr'>Filio,</span> <span class='ocrx_word' id='word_1_47' title='bbox 955 1339 1022 1394; x_wconf 88' lang='lat' dir='ltr'>et</span> <span class='ocrx_word' id='word_1_48' title='bbox 1050 1329 1267 1417; x_wconf 86' lang='lat' dir='ltr'>gratia</span> <span class='ocrx_word' id='word_1_49' title='bbox 1298 1327 1582 1420; x_wconf 87' lang='lat' dir='ltr'>Spiritui</span> <span class='ocrx_word' id='word_1_50' title='bbox 1615 1344 1874 1415; x_wconf 74' lang='lat' dir='ltr'>sanem,</span> <span class='ocrx_word' id='word_1_51' title='bbox 1910 1340 2002 1405; x_wconf 86' lang='lat' dir='ltr'>ita</span> <span class='ocrx_word' id='word_1_52' title='bbox 2033 1348 2270 1428; x_wconf 84' lang='lat' dir='ltr'>poten-</span> 
     </span>
     <span class='ocr_line' id='line_1_12' title="bbox 713 1434 2263 1538; baseline 0.012 -38"><span class='ocrx_word' id='word_1_53' title='bbox 713 1437 806 1501; x_wconf 89' lang='lat' dir='ltr'>tia</span> <span class='ocrx_word' id='word_1_54' title='bbox 832 1434 1019 1502; x_wconf 87' lang='lat' dir='ltr'>Patri</span> <span class='ocrx_word' id='word_1_55' title='bbox 1052 1459 1067 1504; x_wconf 76' lang='grc' dir='ltr'><strong><em>ε</em></strong></span> <span class='ocrx_word' id='word_1_56' title='bbox 1103 1461 1258 1505; x_wconf 90' lang='lat' dir='ltr'>cum</span> <span class='ocrx_word' id='word_1_57' title='bbox 1290 1463 1453 1531; x_wconf 86' lang='lat' dir='ltr'>ergo</span> <span class='ocrx_word' id='word_1_58' title='bbox 1485 1465 1664 1533; x_wconf 81' lang='lat' dir='ltr'>saepe</span> <span class='ocrx_word' id='word_1_59' title='bbox 1706 1446 2008 1515; x_wconf 80' lang='lat' dir='ltr'>conserat</span> <span class='ocrx_word' id='word_1_60' title='bbox 2038 1472 2263 1538; x_wconf 88' lang='lat' dir='ltr'>posse,</span> 
     </span>
     <span class='ocr_line' id='line_1_13' title="bbox 715 1542 1468 1634; baseline 0.012 -26"><span class='ocrx_word' id='word_1_61' title='bbox 715 1542 983 1611; x_wconf 80' lang='lat' dir='ltr'>videtur</span> <span class='ocrx_word' id='word_1_62' title='bbox 1019 1546 1204 1634; x_wconf 87' lang='lat' dir='ltr'>quod</span> <span class='ocrx_word' id='word_1_63' title='bbox 1232 1547 1345 1616; x_wconf 92' lang='lat' dir='ltr'>det</span> <span class='ocrx_word' id='word_1_64' title='bbox 1373 1572 1468 1617; x_wconf 87' lang='lat' dir='ltr'>se.</span> 
     </span>
    </p>
   </div>
   <div class='ocr_carea' id='block_1_5' title="bbox 710 1750 2274 2816">
    <p class='ocr_par' dir='ltr' id='par_1_7' title="bbox 710 1750 2274 2816">
     <span class='ocr_line' id='line_1_14' title="bbox 815 1750 2273 1859; baseline 0.014 -40"><span class='ocrx_word' id='word_1_65' title='bbox 815 1750 1122 1824; x_wconf 71' lang='lat' dir='ltr'>Somno.</span> <span class='ocrx_word' id='word_1_66' title='bbox 1157 1757 1467 1849; x_wconf 80' lang='lat' dir='ltr'>Magistri</span> <span class='ocrx_word' id='word_1_67' title='bbox 1488 1764 1892 1847; x_wconf 89' lang='lat' dir='ltr'>concedunt,</span> <span class='ocrx_word' id='word_1_68' title='bbox 1928 1770 2112 1859; x_wconf 85' lang='lat' dir='ltr'>quod</span> <span class='ocrx_word' id='word_1_69' title='bbox 2140 1771 2273 1839; x_wconf 88' lang='lat' dir='ltr'>Pa-</span> 
     </span>
     <span class='ocr_line' id='line_1_15' title="bbox 722 1863 2271 1969; baseline 0.015 -42"><span class='ocrx_word' id='word_1_70' title='bbox 722 1868 824 1928; x_wconf 86' lang='lat' dir='ltr'>ter</span> <span class='ocrx_word' id='word_1_71' title='bbox 877 1863 994 1932; x_wconf 87' lang='lat' dir='ltr'>dat</span> <span class='ocrx_word' id='word_1_72' title='bbox 1054 1888 1150 1945; x_wconf 87' lang='lat' dir='ltr'>se,</span> <span class='ocrx_word' id='word_1_73' title='bbox 1194 1876 1262 1936; x_wconf 89' lang='lat' dir='ltr'>et</span> <span class='ocrx_word' id='word_1_74' title='bbox 1315 1869 1517 1938; x_wconf 90' lang='lat' dir='ltr'>datur</span> <span class='ocrx_word' id='word_1_75' title='bbox 1554 1896 1594 1941; x_wconf 89' lang='lat' dir='ltr'>a</span> <span class='ocrx_word' id='word_1_76' title='bbox 1638 1894 1760 1944; x_wconf 86' lang='lat' dir='ltr'>se:</span> <span class='ocrx_word' id='word_1_77' title='bbox 1795 1884 1860 1944; x_wconf 90' lang='lat' dir='ltr'>et</span> <span class='ocrx_word' id='word_1_78' title='bbox 1898 1880 2082 1969; x_wconf 86' lang='lat' dir='ltr'>quod</span> <span class='ocrx_word' id='word_1_79' title='bbox 2111 1881 2271 1950; x_wconf 86' lang='lat' dir='ltr'>dare</span> 
     </span>
     <span class='ocr_line' id='line_1_16' title="bbox 718 1971 2272 2069; baseline 0.015 -34"><span class='ocrx_word' id='word_1_80' title='bbox 718 1991 857 2037; x_wconf 89' lang='lat' dir='ltr'>non</span> <span class='ocrx_word' id='word_1_81' title='bbox 887 1971 1049 2040; x_wconf 89' lang='lat' dir='ltr'>dicit</span> <span class='ocrx_word' id='word_1_82' title='bbox 1070 1974 1339 2045; x_wconf 90' lang='lat' dir='ltr'>mittere</span> <span class='ocrx_word' id='word_1_83' title='bbox 1364 1980 1739 2049; x_wconf 87' lang='lat' dir='ltr'>secundum</span> <span class='ocrx_word' id='word_1_84' title='bbox 1759 1985 2118 2069; x_wconf 89' lang='lat' dir='ltr'>rationem,</span> <span class='ocrx_word' id='word_1_85' title='bbox 2144 2012 2272 2059; x_wconf 90' lang='lat' dir='ltr'>nec</span> 
     </span>
     <span class='ocr_line' id='line_1_17' title="bbox 711 2078 2273 2178; baseline 0.015 -34"><span class='ocrx_word' id='word_1_86' title='bbox 711 2078 1078 2168; x_wconf 78' lang='lat' dir='ltr'>procedere</span> <span class='ocrx_word' id='word_1_87' title='bbox 1113 2104 1130 2149; x_wconf 74' lang='grc' dir='ltr'>ε</span> <span class='ocrx_word' id='word_1_88' title='bbox 1166 2082 1397 2160; x_wconf 79' lang='lat' dir='ltr'>et,lioc</span> <span class='ocrx_word' id='word_1_89' title='bbox 1430 2109 1639 2178; x_wconf 83' lang='lat' dir='ltr'>supra</span> <span class='ocrx_word' id='word_1_90' title='bbox 1675 2093 1838 2159; x_wconf 88' lang='lat' dir='ltr'>satis</span> <span class='ocrx_word' id='word_1_91' title='bbox 1868 2092 2273 2166; x_wconf 83' lang='lat' dir='ltr'>determina·</span> 
     </span>
     <span class='ocr_line' id='line_1_18' title="bbox 715 2193 2274 2292; baseline 0.015 -40"><span class='ocrx_word' id='word_1_92' title='bbox 715 2193 1038 2278; x_wconf 83' lang='lat' dir='ltr'>tumest:</span> <span class='ocrx_word' id='word_1_93' title='bbox 1072 2212 1215 2257; x_wconf 87' lang='lat' dir='ltr'>non</span> <span class='ocrx_word' id='word_1_94' title='bbox 1242 2200 1477 2262; x_wconf 84' lang='lat' dir='ltr'>tamen</span> <span class='ocrx_word' id='word_1_95' title='bbox 1507 2195 1768 2286; x_wconf 81' lang='lat' dir='ltr'>dicunt,</span> <span class='ocrx_word' id='word_1_96' title='bbox 1803 2202 1985 2292; x_wconf 89' lang='lat' dir='ltr'>quod</span> <span class='ocrx_word' id='word_1_97' title='bbox 2021 2202 2274 2275; x_wconf 83' lang='lat' dir='ltr'>habeat</span> 
     </span>
     <span class='ocr_line' id='line_1_19' title="bbox 714 2293 2271 2384; baseline 0.015 -23"><span class='ocrx_word' id='word_1_98' title='bbox 714 2293 1034 2365; x_wconf 76' lang='lat' dir='ltr'>effectum</span> <span class='ocrx_word' id='word_1_99' title='bbox 1066 2299 1161 2368; x_wconf 84' lang='lat' dir='ltr'>ita</span> <span class='ocrx_word' id='word_1_100' title='bbox 1189 2300 1583 2372; x_wconf 85' lang='lat' dir='ltr'>distinctum</span> <span class='ocrx_word' id='word_1_101' title='bbox 1614 2305 1820 2378; x_wconf 87' lang='lat' dir='ltr'>Pater</span> <span class='ocrx_word' id='word_1_102' title='bbox 1847 2312 2020 2379; x_wconf 88' lang='lat' dir='ltr'>sicut</span> <span class='ocrx_word' id='word_1_103' title='bbox 2057 2311 2271 2384; x_wconf 84' lang='lat' dir='ltr'>Filius</span> 
     </span>
     <span class='ocr_line' id='line_1_20' title="bbox 713 2403 2270 2512; baseline 0.015 -42"><span class='ocrx_word' id='word_1_104' title='bbox 713 2410 778 2471; x_wconf 91' lang='lat' dir='ltr'>et</span> <span class='ocrx_word' id='word_1_105' title='bbox 811 2403 1108 2495; x_wconf 83' lang='lat' dir='ltr'>Spiritus</span> <span class='ocrx_word' id='word_1_106' title='bbox 1145 2419 1421 2481; x_wconf 89' lang='lat' dir='ltr'>sanctus</span> <span class='ocrx_word' id='word_1_107' title='bbox 1455 2434 1472 2482; x_wconf 70' lang='grc' dir='ltr'>ε</span> <span class='ocrx_word' id='word_1_108' title='bbox 1531 2417 1694 2507; x_wconf 84' lang='lat' dir='ltr'>quia</span> <span class='ocrx_word' id='word_1_109' title='bbox 1721 2417 1874 2488; x_wconf 84' lang='lat' dir='ltr'>licet</span> <span class='ocrx_word' id='word_1_110' title='bbox 1920 2444 2117 2512; x_wconf 89' lang='lat' dir='ltr'>posse</span> <span class='ocrx_word' id='word_1_111' title='bbox 2157 2432 2270 2493; x_wconf 86' lang='lat' dir='ltr'>at-</span> 
     </span>
     <span class='ocr_line' id='line_1_21' title="bbox 710 2509 2268 2615; baseline 0.015 -39"><span class='ocrx_word' id='word_1_112' title='bbox 710 2509 1052 2582; x_wconf 86' lang='lat' dir='ltr'>tribuatur</span> <span class='ocrx_word' id='word_1_113' title='bbox 1077 2513 1293 2598; x_wconf 84' lang='lat' dir='ltr'>Patri,</span> <span class='ocrx_word' id='word_1_114' title='bbox 1349 2528 1583 2590; x_wconf 85' lang='lat' dir='ltr'>tamen</span> <span class='ocrx_word' id='word_1_115' title='bbox 1635 2547 1836 2615; x_wconf 80' lang='lat' dir='ltr'>posse</span> <span class='ocrx_word' id='word_1_116' title='bbox 1880 2528 2268 2599; x_wconf 82' lang='lat' dir='ltr'>animarum</span> 
     </span>
     <span class='ocr_line' id='line_1_22' title="bbox 713 2626 2271 2708; baseline 0.013 -22"><span class='ocrx_word' id='word_1_117' title='bbox 713 2627 1104 2690; x_wconf 81' lang='lat' dir='ltr'>sanctarum</span> <span class='ocrx_word' id='word_1_118' title='bbox 1142 2633 1244 2693; x_wconf 83' lang='lat' dir='ltr'>est</span> <span class='ocrx_word' id='word_1_119' title='bbox 1282 2626 1354 2695; x_wconf 87' lang='lat' dir='ltr'>in</span> <span class='ocrx_word' id='word_1_120' title='bbox 1391 2628 1592 2699; x_wconf 84' lang='lat' dir='ltr'>donis</span> <span class='ocrx_word' id='word_1_121' title='bbox 1649 2633 2028 2704; x_wconf 85' lang='lat' dir='ltr'>intellectus</span> <span class='ocrx_word' id='word_1_122' title='bbox 2067 2646 2136 2706; x_wconf 87' lang='lat' dir='ltr'>et</span> <span class='ocrx_word' id='word_1_123' title='bbox 2162 2639 2271 2708; x_wconf 79' lang='lat' dir='ltr'>al-</span> 
     </span>
     <span class='ocr_line' id='line_1_23' title="bbox 712 2726 2272 2816; baseline 0.016 -24"><span class='ocrx_word' id='word_1_124' title='bbox 712 2726 926 2795; x_wconf 79' lang='lat' dir='ltr'>sectus</span> <span class='ocrx_word' id='word_1_125' title='bbox 968 2751 985 2797; x_wconf 76' lang='lat' dir='ltr'>t</span> <span class='ocrx_word' id='word_1_126' title='bbox 1018 2737 1086 2798; x_wconf 87' lang='lat' dir='ltr'>et</span> <span class='ocrx_word' id='word_1_127' title='bbox 1116 2730 1268 2801; x_wconf 86' lang='lat' dir='ltr'>idco</span> <span class='ocrx_word' id='word_1_128' title='bbox 1305 2757 1447 2804; x_wconf 91' lang='lat' dir='ltr'>non</span> <span class='ocrx_word' id='word_1_129' title='bbox 1487 2738 1581 2806; x_wconf 77' lang='lat' dir='ltr'>it&#39;a</span> <span class='ocrx_word' id='word_1_130' title='bbox 1611 2741 2083 2813; x_wconf 71' lang='lat' dir='ltr'>manifestatur</span> <span class='ocrx_word' id='word_1_131' title='bbox 2109 2744 2272 2816; x_wconf 72' lang='lat' dir='ltr'>&#39;dan-</span> 
     </span>
    </p>
   </div>
   <div class='ocr_carea' id='block_1_6' title="bbox 790 2957 1448 3048">
    <p class='ocr_par' dir='ltr' id='par_1_8' title="bbox 790 2957 1448 3048">
     <span class='ocr_line' id='line_1_24' title="bbox 790 2957 1448 3048; baseline 0.015 -32"><span class='ocrx_word' id='word_1_132' title='bbox 790 2957 809 2993; x_wconf 87' lang='lat'>¹</span> <span class='ocrx_word' id='word_1_133' title='bbox 839 2959 926 3018; x_wconf 85' lang='lat' dir='ltr'>Cl&#39;.</span> <span class='ocrx_word' id='word_1_134' title='bbox 958 2961 1169 3048; x_wconf 79' lang='lat' dir='ltr'>Supra,</span> <span class='ocrx_word' id='word_1_135' title='bbox 1197 2966 1341 3025; x_wconf 80' lang='lat' dir='ltr'>nist.</span> <span class='ocrx_word' id='word_1_136' title='bbox 1374 2968 1448 3026; x_wconf 85' lang='lat'>11.</span> 
     </span>
    </p>
   </div>
   <div class='ocr_carea' id='block_1_7' title="bbox 1697 374 2924 538">
    <p class='ocr_par' dir='ltr' id='par_1_9' title="bbox 1697 374 2924 538">
     <span class='ocr_line' id='line_1_25' title="bbox 1697 374 2924 538; baseline 0.002 -59"><span class='ocrx_word' id='word_1_137' title='bbox 1697 411 1782 480; x_wconf 85' lang='lat' dir='ltr'>n.</span> <span class='ocrx_word' id='word_1_138' title='bbox 1835 374 2310 538; x_wconf 36' lang='lat' dir='ltr'>Ampiae.</span> <span class='ocrx_word' id='word_1_139' title='bbox 2347 415 2572 485; x_wconf 79' lang='lat' dir='ltr'>om).</span> <span class='ocrx_word' id='word_1_140' title='bbox 2626 414 2924 484; x_wconf 84' lang='lat' dir='ltr'><strong>PRAED.</strong></span> 
     </span>
    </p>
   </div>
   <div class='ocr_carea' id='block_1_8' title="bbox 2378 557 3929 676">
    <p class='ocr_par' dir='ltr' id='par_1_10' title="bbox 2378 557 3929 676">
     <span class='ocr_line' id='line_1_26' title="bbox 2378 557 3929 676; baseline -0.004 -19"><span class='ocrx_word' id='word_1_141' title='bbox 2378 589 2466 657; x_wconf 93' lang='lat' dir='ltr'>do</span> <span class='ocrx_word' id='word_1_142' title='bbox 2497 611 2593 669; x_wconf 90' lang='lat' dir='ltr'>se,</span> <span class='ocrx_word' id='word_1_143' title='bbox 2628 590 2802 656; x_wconf 86' lang='lat' dir='ltr'>sicut</span> <span class='ocrx_word' id='word_1_144' title='bbox 2829 586 3038 653; x_wconf 86' lang='lat' dir='ltr'>Filius</span> <span class='ocrx_word' id='word_1_145' title='bbox 3079 594 3145 654; x_wconf 89' lang='lat' dir='ltr'>et</span> <span class='ocrx_word' id='word_1_146' title='bbox 3179 557 3472 676; x_wconf 73' lang='lat' dir='ltr'>Spiritus</span> <span class='ocrx_word' id='word_1_147' title='bbox 3505 592 3776 652; x_wconf 87' lang='lat' dir='ltr'>sanctus</span> <span class='ocrx_word' id='word_1_148' title='bbox 3821 593 3929 651; x_wconf 84' lang='lat' dir='ltr'>:et</span> 
     </span>
    </p>
   </div>
   <div class='ocr_carea' id='block_1_9' title="bbox 2376 691 3925 891">
    <p class='ocr_par' dir='ltr' id='par_1_11' title="bbox 2376 691 3925 891">
     <span class='ocr_line' id='line_1_27' title="bbox 2376 691 3925 798; baseline -0.003 -36"><span class='ocrx_word' id='word_1_149' title='bbox 2376 697 2530 765; x_wconf 90' lang='lat' dir='ltr'>ideo</span> <span class='ocrx_word' id='word_1_150' title='bbox 2562 721 2602 766; x_wconf 89' lang='lat' dir='ltr'>a</span> <span class='ocrx_word' id='word_1_151' title='bbox 2633 697 2899 764; x_wconf 84' lang='lat' dir='ltr'>Sanctis</span> <span class='ocrx_word' id='word_1_152' title='bbox 2948 718 3089 762; x_wconf 89' lang='lat' dir='ltr'>non</span> <span class='ocrx_word' id='word_1_153' title='bbox 3129 699 3220 762; x_wconf 86' lang='lat' dir='ltr'>ita</span> <span class='ocrx_word' id='word_1_154' title='bbox 3261 697 3559 798; x_wconf 85' lang='lat' dir='ltr'>ponitur,</span> <span class='ocrx_word' id='word_1_155' title='bbox 3597 691 3779 783; x_wconf 90' lang='lat' dir='ltr'>quod</span> <span class='ocrx_word' id='word_1_156' title='bbox 3814 691 3925 758; x_wconf 88' lang='lat' dir='ltr'>det</span> 
     </span>
     <span class='ocr_line' id='line_1_28' title="bbox 2378 798 3920 891; baseline -0.003 -23"><span class='ocrx_word' id='word_1_157' title='bbox 2378 825 2451 870; x_wconf 90' lang='lat' dir='ltr'>se</span> <span class='ocrx_word' id='word_1_158' title='bbox 2489 803 2663 869; x_wconf 87' lang='lat' dir='ltr'>sicut</span> <span class='ocrx_word' id='word_1_159' title='bbox 2693 801 2877 891; x_wconf 87' lang='lat' dir='ltr'>quod</span> <span class='ocrx_word' id='word_1_160' title='bbox 2924 801 3132 868; x_wconf 86' lang='lat' dir='ltr'>Filius</span> <span class='ocrx_word' id='word_1_161' title='bbox 3162 801 3278 868; x_wconf 88' lang='lat' dir='ltr'>dat</span> <span class='ocrx_word' id='word_1_162' title='bbox 3304 800 3413 868; x_wconf 85' lang='lat' dir='ltr'>vel</span> <span class='ocrx_word' id='word_1_163' title='bbox 3444 798 3734 891; x_wconf 86' lang='lat' dir='ltr'>Spiritus</span> <span class='ocrx_word' id='word_1_164' title='bbox 3764 820 3920 864; x_wconf 88' lang='lat' dir='ltr'>san-</span> 
     </span>
    </p>
   </div>
   <div class='ocr_carea' id='block_1_10' title="bbox 2378 917 2549 977">
    <p class='ocr_par' dir='ltr' id='par_1_12' title="bbox 2378 917 2549 977">
     <span class='ocr_line' id='line_1_29' title="bbox 2378 917 2549 977; baseline 0.006 -1"><span class='ocrx_word' id='word_1_165' title='bbox 2378 917 2549 977; x_wconf 78' lang='lat' dir='ltr'>ctus,</span> 
     </span>
    </p>
   </div>
   <div class='ocr_carea' id='block_1_11' title="bbox 2471 1117 4255 1207">
    <p class='ocr_par' dir='ltr' id='par_1_13' title="bbox 2471 1117 4255 1207">
     <span class='ocr_line' id='line_1_30' title="bbox 2471 1117 4255 1207; baseline -0.003 -22"><span class='ocrx_word' id='word_1_166' title='bbox 2471 1118 2603 1185; x_wconf 69' lang='lat' dir='ltr'>Seu</span> <span class='ocrx_word' id='word_1_167' title='bbox 2632 1141 2882 1185; x_wconf 65' lang='lat' dir='ltr'>comm</span> <span class='ocrx_word' id='word_1_168' title='bbox 2926 1142 2941 1186; x_wconf 73' lang='grc' dir='ltr'>ε</span> <span class='ocrx_word' id='word_1_169' title='bbox 2984 1118 3186 1185; x_wconf 85' lang='lat' dir='ltr'>Pater</span> <span class='ocrx_word' id='word_1_170' title='bbox 3233 1125 3335 1184; x_wconf 88' lang='lat' dir='ltr'>est</span> <span class='ocrx_word' id='word_1_171' title='bbox 3361 1117 3767 1207; x_wconf 86' lang='lat' dir='ltr'>principium</span> <span class='ocrx_word' id='word_1_172' title='bbox 3809 1125 3918 1183; x_wconf 92' lang='lat' dir='ltr'>to-</span> <span class='ocrx_word' id='word_1_173' title='bbox 3949 1126 4046 1171; x_wconf 75' lang='lat' dir='ltr'>Sed</span> <span class='ocrx_word' id='word_1_174' title='bbox 4072 1133 4255 1172; x_wconf 73' lang='lat' dir='ltr'>contru-</span> 
     </span>
    </p>
   </div>
   <div class='ocr_carea' id='block_1_12' title="bbox 2377 1225 3345 1315">
    <p class='ocr_par' dir='ltr' id='par_1_14' title="bbox 2377 1225 3345 1315">
     <span class='ocr_line' id='line_1_31' title="bbox 2377 1225 3345 1315; baseline -0.001 -22"><span class='ocrx_word' id='word_1_175' title='bbox 2377 1227 2514 1293; x_wconf 89' lang='lat' dir='ltr'>tius</span> <span class='ocrx_word' id='word_1_176' title='bbox 2544 1225 2915 1293; x_wconf 86' lang='lat' dir='ltr'>divinitatis</span> <span class='ocrx_word' id='word_1_177' title='bbox 2958 1247 2973 1291; x_wconf 73' lang='grc' dir='ltr'><em>τ</em></span> <span class='ocrx_word' id='word_1_178' title='bbox 3017 1247 3178 1315; x_wconf 88' lang='lat' dir='ltr'>ergo</span> <span class='ocrx_word' id='word_1_179' title='bbox 3219 1225 3345 1292; x_wconf 89' lang='lat' dir='ltr'>sui.</span> 
     </span>
    </p>
   </div>
   <div class='ocr_carea' id='block_1_13' title="bbox 2473 1437 4209 1529">
    <p class='ocr_par' dir='ltr' id='par_1_15' title="bbox 2473 1437 4209 1529">
     <span class='ocr_line' id='line_1_32' title="bbox 2473 1437 4209 1529; baseline -0.007 -23"><span class='ocrx_word' id='word_1_180' title='bbox 2473 1439 2785 1508; x_wconf 72' lang='lat' dir='ltr'>Somno,</span> <span class='ocrx_word' id='word_1_181' title='bbox 2810 1437 2966 1506; x_wconf 90' lang='lat' dir='ltr'>Non</span> <span class='ocrx_word' id='word_1_182' title='bbox 2987 1440 3290 1529; x_wconf 84' lang='lat' dir='ltr'>sequitur</span> <span class='ocrx_word' id='word_1_183' title='bbox 3315 1459 3331 1503; x_wconf 78' lang='lat' dir='ltr'><em>z</em></span> <span class='ocrx_word' id='word_1_184' title='bbox 3359 1437 3518 1528; x_wconf 88' lang='lat' dir='ltr'>quia</span> <span class='ocrx_word' id='word_1_185' title='bbox 3537 1458 3775 1504; x_wconf 89' lang='lat' dir='ltr'>sensus</span> <span class='ocrx_word' id='word_1_186' title='bbox 3796 1445 3919 1515; x_wconf 85' lang='lat' dir='ltr'>est,</span> <span class='ocrx_word' id='word_1_187' title='bbox 4011 1450 4209 1496; x_wconf 74' lang='lat' dir='ltr'>Solutio.</span> 
     </span>
    </p>
   </div>
   <div class='ocr_carea' id='block_1_14' title="bbox 2378 1542 3931 2498">
    <p class='ocr_par' dir='ltr' id='par_1_16' title="bbox 2378 1542 3931 2498">
     <span class='ocr_line' id='line_1_33' title="bbox 2380 1542 3925 1640; baseline -0.003 -26"><span class='ocrx_word' id='word_1_188' title='bbox 2380 1547 2565 1638; x_wconf 91' lang='lat' dir='ltr'>quod</span> <span class='ocrx_word' id='word_1_189' title='bbox 2585 1554 2686 1615; x_wconf 87' lang='lat' dir='ltr'>est</span> <span class='ocrx_word' id='word_1_190' title='bbox 2710 1545 3115 1640; x_wconf 85' lang='lat' dir='ltr'>principium</span> <span class='ocrx_word' id='word_1_191' title='bbox 3139 1544 3290 1611; x_wconf 86' lang='lat' dir='ltr'>Filii</span> <span class='ocrx_word' id='word_1_192' title='bbox 3311 1553 3377 1611; x_wconf 87' lang='lat' dir='ltr'>et</span> <span class='ocrx_word' id='word_1_193' title='bbox 3402 1542 3691 1634; x_wconf 91' lang='lat' dir='ltr'>Spiritus</span> <span class='ocrx_word' id='word_1_194' title='bbox 3713 1545 3925 1612; x_wconf 86' lang='lat' dir='ltr'>sancti</span> 
     </span>
     <span class='ocr_line' id='line_1_34' title="bbox 2381 1652 3926 1746; baseline -0.003 -23"><span class='ocrx_word' id='word_1_195' title='bbox 2381 1658 2452 1723; x_wconf 90' lang='lat' dir='ltr'>in</span> <span class='ocrx_word' id='word_1_196' title='bbox 2483 1655 2729 1746; x_wconf 89' lang='lat' dir='ltr'>quibus</span> <span class='ocrx_word' id='word_1_197' title='bbox 2758 1662 2862 1722; x_wconf 91' lang='lat' dir='ltr'>est</span> <span class='ocrx_word' id='word_1_198' title='bbox 2905 1661 3048 1721; x_wconf 87' lang='lat' dir='ltr'>tota</span> <span class='ocrx_word' id='word_1_199' title='bbox 3074 1653 3392 1721; x_wconf 87' lang='lat' dir='ltr'>diviuitas</span> <span class='ocrx_word' id='word_1_200' title='bbox 3425 1675 3441 1720; x_wconf 90' lang='lat'>:</span> <span class='ocrx_word' id='word_1_201' title='bbox 3485 1652 3644 1720; x_wconf 88' lang='lat' dir='ltr'>dicit</span> <span class='ocrx_word' id='word_1_202' title='bbox 3672 1661 3926 1730; x_wconf 88' lang='lat' dir='ltr'>autem,</span> 
     </span>
     <span class='ocr_line' id='line_1_35' title="bbox 2382 1759 3931 1856; baseline -0.003 -25"><span class='ocrx_word' id='word_1_203' title='bbox 2382 1763 2562 1856; x_wconf 90' lang='lat' dir='ltr'>quod</span> <span class='ocrx_word' id='word_1_204' title='bbox 2601 1761 2845 1830; x_wconf 86' lang='lat' dir='ltr'>melius</span> <span class='ocrx_word' id='word_1_205' title='bbox 2896 1761 3141 1829; x_wconf 84' lang='lat' dir='ltr'>dicitur</span> <span class='ocrx_word' id='word_1_206' title='bbox 3189 1760 3470 1828; x_wconf 79' lang='lat' dir='ltr'>deitatis</span> <span class='ocrx_word' id='word_1_207' title='bbox 3512 1783 3716 1852; x_wconf 88' lang='lat' dir='ltr'>quam</span> <span class='ocrx_word' id='word_1_208' title='bbox 3762 1759 3931 1828; x_wconf 85' lang='lat' dir='ltr'>divi-</span> 
     </span>
     <span class='ocr_line' id='line_1_36' title="bbox 2378 1869 3924 1962; baseline -0.002 -24"><span class='ocrx_word' id='word_1_209' title='bbox 2378 1872 2648 1940; x_wconf 85' lang='lat' dir='ltr'>nitatis:</span> <span class='ocrx_word' id='word_1_210' title='bbox 2692 1871 2853 1962; x_wconf 88' lang='lat' dir='ltr'>quia</span> <span class='ocrx_word' id='word_1_211' title='bbox 2882 1869 3190 1937; x_wconf 79' lang='lat' dir='ltr'>divinum</span> <span class='ocrx_word' id='word_1_212' title='bbox 3223 1891 3367 1938; x_wconf 88' lang='lat' dir='ltr'>esse</span> <span class='ocrx_word' id='word_1_213' title='bbox 3398 1877 3499 1937; x_wconf 83' lang='lat' dir='ltr'>est</span> <span class='ocrx_word' id='word_1_214' title='bbox 3527 1876 3924 1960; x_wconf 87' lang='lat' dir='ltr'>perpetuum</span> 
     </span>
     <span class='ocr_line' id='line_1_37' title="bbox 2378 1977 3928 2049; baseline -0.003 0"><span class='ocrx_word' id='word_1_215' title='bbox 2378 2003 2526 2049; x_wconf 87' lang='lat' dir='ltr'>esse</span> <span class='ocrx_word' id='word_1_216' title='bbox 2570 2004 2587 2049; x_wconf 73' lang='grc' dir='ltr'><em>τ</em></span> <span class='ocrx_word' id='word_1_217' title='bbox 2631 1987 2698 2047; x_wconf 91' lang='lat' dir='ltr'>et</span> <span class='ocrx_word' id='word_1_218' title='bbox 2733 1978 2869 2048; x_wconf 91' lang='lat' dir='ltr'>hoc</span> <span class='ocrx_word' id='word_1_219' title='bbox 2897 1987 3000 2049; x_wconf 85' lang='lat' dir='ltr'>est</span> <span class='ocrx_word' id='word_1_220' title='bbox 3044 1977 3618 2048; x_wconf 80' lang='lat' dir='ltr'>communicabile</span> <span class='ocrx_word' id='word_1_221' title='bbox 3662 1986 3928 2046; x_wconf 83' lang='lat' dir='ltr'>creatu-</span> 
     </span>
     <span class='ocr_line' id='line_1_38' title="bbox 2379 2083 3919 2178; baseline -0.003 -22"><span class='ocrx_word' id='word_1_222' title='bbox 2379 2088 2500 2168; x_wconf 68' lang='grc' dir='ltr'>τῖε,</span> <span class='ocrx_word' id='word_1_223' title='bbox 2552 2086 2930 2156; x_wconf 85' lang='lat' dir='ltr'>secundum</span> <span class='ocrx_word' id='word_1_224' title='bbox 2988 2086 3173 2178; x_wconf 85' lang='lat' dir='ltr'>quod</span> <span class='ocrx_word' id='word_1_225' title='bbox 3231 2083 3689 2176; x_wconf 84' lang='lat' dir='ltr'>Philosophus</span> <span class='ocrx_word' id='word_1_226' title='bbox 3737 2084 3919 2162; x_wconf 80' lang='lat' dir='ltr'>dicit,</span> 
     </span>
     <span class='ocr_line' id='line_1_39' title="bbox 2382 2192 3928 2286; baseline -0.001 -25"><span class='ocrx_word' id='word_1_227' title='bbox 2382 2194 2569 2286; x_wconf 88' lang='lat' dir='ltr'>quod</span> <span class='ocrx_word' id='word_1_228' title='bbox 2613 2194 2849 2263; x_wconf 86' lang='lat' dir='ltr'>omnia</span> <span class='ocrx_word' id='word_1_229' title='bbox 2887 2201 3217 2284; x_wconf 86' lang='lat' dir='ltr'>appetunt</span> <span class='ocrx_word' id='word_1_230' title='bbox 3271 2215 3419 2261; x_wconf 89' lang='lat' dir='ltr'>esse</span> <span class='ocrx_word' id='word_1_231' title='bbox 3471 2192 3805 2280; x_wconf 83' lang='lat' dir='ltr'>divinum,</span> <span class='ocrx_word' id='word_1_232' title='bbox 3862 2201 3928 2260; x_wconf 83' lang='lat' dir='ltr'>et</span> 
     </span>
     <span class='ocr_line' id='line_1_40' title="bbox 2379 2298 3921 2391; baseline -0.002 -23"><span class='ocrx_word' id='word_1_233' title='bbox 2379 2307 2658 2391; x_wconf 87' lang='lat' dir='ltr'>propter</span> <span class='ocrx_word' id='word_1_234' title='bbox 2746 2298 2914 2367; x_wconf 85' lang='lat' dir='ltr'>illud</span> <span class='ocrx_word' id='word_1_235' title='bbox 2982 2308 3195 2391; x_wconf 86' lang='lat' dir='ltr'>agunt</span> <span class='ocrx_word' id='word_1_236' title='bbox 3266 2299 3593 2390; x_wconf 88' lang='lat' dir='ltr'>quidquid</span> <span class='ocrx_word' id='word_1_237' title='bbox 3648 2307 3857 2390; x_wconf 78' lang='lat' dir='ltr'>agunt</span> <span class='ocrx_word' id='word_1_238' title='bbox 3905 2321 3921 2365; x_wconf 75' lang='grc' dir='ltr'><em>τ</em></span> 
     </span>
     <span class='ocr_line' id='line_1_41' title="bbox 2380 2405 3930 2498; baseline -0.003 -22"><span class='ocrx_word' id='word_1_239' title='bbox 2380 2407 2599 2477; x_wconf 84' lang='lat' dir='ltr'>deitas</span> <span class='ocrx_word' id='word_1_240' title='bbox 2628 2414 2858 2475; x_wconf 87' lang='lat' dir='ltr'>autem</span> <span class='ocrx_word' id='word_1_241' title='bbox 2910 2415 3010 2474; x_wconf 88' lang='lat' dir='ltr'>est</span> <span class='ocrx_word' id='word_1_242' title='bbox 3057 2405 3277 2474; x_wconf 84' lang='lat' dir='ltr'>forma</span> <span class='ocrx_word' id='word_1_243' title='bbox 3307 2429 3348 2473; x_wconf 84' lang='lat' dir='ltr'>a</span> <span class='ocrx_word' id='word_1_244' title='bbox 3396 2429 3531 2498; x_wconf 89' lang='lat' dir='ltr'>qua</span> <span class='ocrx_word' id='word_1_245' title='bbox 3558 2405 3930 2496; x_wconf 83' lang='lat' dir='ltr'>imponitur</span> 
     </span>
    </p>
   </div>
   <div class='ocr_carea' id='block_1_15' title="bbox 2364 2507 3929 2604">
    <p class='ocr_par' dir='ltr' id='par_1_17' title="bbox 2364 2507 3929 2604">
     <span class='ocr_line' id='line_1_42' title="bbox 2364 2507 3929 2604; baseline -0.003 -21"><span class='ocrx_word' id='word_1_246' title='bbox 2364 2507 2514 2583; x_wconf 85' lang='lat' dir='ltr'>&#39;hoc</span> <span class='ocrx_word' id='word_1_247' title='bbox 2552 2535 2808 2582; x_wconf 89' lang='lat' dir='ltr'>nomen</span> <span class='ocrx_word' id='word_1_248' title='bbox 2840 2515 3050 2595; x_wconf 74' lang='lat' dir='ltr'>Deus,</span> <span class='ocrx_word' id='word_1_249' title='bbox 3108 2513 3294 2604; x_wconf 89' lang='lat' dir='ltr'>quod</span> <span class='ocrx_word' id='word_1_250' title='bbox 3329 2534 3472 2580; x_wconf 87' lang='lat' dir='ltr'>non</span> <span class='ocrx_word' id='word_1_251' title='bbox 3501 2519 3604 2581; x_wconf 83' lang='lat' dir='ltr'>cst</span> <span class='ocrx_word' id='word_1_252' title='bbox 3628 2535 3929 2581; x_wconf 87' lang='lat' dir='ltr'>commu·</span> 
     </span>
    </p>
   </div>
   <div class='ocr_carea' id='block_1_16' title="bbox 2382 2620 3926 2798">
    <p class='ocr_par' dir='ltr' id='par_1_18' title="bbox 2382 2620 3926 2798">
     <span class='ocr_line' id='line_1_43' title="bbox 2385 2620 3926 2710; baseline -0.002 -21"><span class='ocrx_word' id='word_1_253' title='bbox 2385 2620 2677 2690; x_wconf 88' lang='lat' dir='ltr'>nicabile</span> <span class='ocrx_word' id='word_1_254' title='bbox 2734 2623 3085 2699; x_wconf 77' lang='lat' dir='ltr'>creaturis,</span> <span class='ocrx_word' id='word_1_255' title='bbox 3177 2629 3252 2687; x_wconf 84' lang='lat' dir='ltr'>ut</span> <span class='ocrx_word' id='word_1_256' title='bbox 3334 2642 3536 2710; x_wconf 85' lang='lat' dir='ltr'>supra</span> <span class='ocrx_word' id='word_1_257' title='bbox 3621 2628 3926 2687; x_wconf 80' lang='lat' dir='ltr'>notatum</span> 
     </span>
     <span class='ocr_line' id='line_1_44' title="bbox 2382 2730 2561 2798; baseline 0.006 -2"><span class='ocrx_word' id='word_1_258' title='bbox 2382 2738 2484 2798; x_wconf 83' lang='lat' dir='ltr'>est</span> <span class='ocrx_word' id='word_1_259' title='bbox 2515 2730 2561 2797; x_wconf 85' lang='lat'>¹.</span> 
     </span>
    </p>
   </div>
  </div>
 </body>
</html>
