<?xml version="1.0" encoding="UTF-8"?>
<!DOCTYPE html PUBLIC "-//W3C//DTD XHTML 1.0 Transitional//EN"
    "http://www.w3.org/TR/xhtml1/DTD/xhtml1-transitional.dtd">
<html xmlns="http://www.w3.org/1999/xhtml" xml:lang="en" lang="en">
 <head>
  <title>
</title>
<meta http-equiv="Content-Type" content="text/html;charset=utf-8" />
  <meta name='ocr-system' content='tesseract 3.04.00' />
  <meta name='ocr-capabilities' content='ocr_page ocr_carea ocr_par ocr_line ocrx_word'/>
</head>
<body>
  <div class='ocr_page' id='page_1' title='image "balbertimagnira03chgoog_0158.png"; bbox 0 0 4897 6388; ppageno 0'>
   <div class='ocr_carea' id='block_1_1' title="bbox 626 342 635 350">
    <p class='ocr_par' dir='ltr' id='par_1_1' title="bbox 626 342 635 350">
     <span class='ocr_line' id='line_1_1' title="bbox 626 342 635 350; baseline 0 0"><span class='ocrx_word' id='word_1_1' title='bbox 626 342 635 350; x_wconf 61' lang='grc' dir='ltr'><strong>ι</strong></span> 
     </span>
    </p>
   </div>
   <div class='ocr_carea' id='block_1_2' title="bbox 331 2241 646 2297">
    <p class='ocr_par' dir='ltr' id='par_1_2' title="bbox 331 2241 646 2297">
     <span class='ocr_line' id='line_1_2' title="bbox 331 2241 646 2297; baseline 0.019 -11"><span class='ocrx_word' id='word_1_2' title='bbox 331 2241 412 2288; x_wconf 76' lang='lat' dir='ltr'>Ad</span> <span class='ocrx_word' id='word_1_3' title='bbox 437 2242 646 2297; x_wconf 51' lang='lat' dir='ltr'>hiet&amp;</span> 
     </span>
    </p>
   </div>
   <div class='ocr_carea' id='block_1_3' title="bbox 406 2577 557 2626">
    <p class='ocr_par' dir='ltr' id='par_1_3' title="bbox 406 2577 557 2626">
     <span class='ocr_line' id='line_1_3' title="bbox 406 2577 557 2626; baseline -0.007 0"><span class='ocrx_word' id='word_1_4' title='bbox 406 2577 486 2626; x_wconf 77' lang='lat' dir='ltr'>Ad</span> <span class='ocrx_word' id='word_1_5' title='bbox 513 2577 557 2625; x_wconf 67' lang='lat' dir='ltr'>t.</span> 
     </span>
    </p>
   </div>
   <div class='ocr_carea' id='block_1_4' title="bbox 355 3888 628 3948">
    <p class='ocr_par' dir='ltr' id='par_1_4' title="bbox 355 3888 628 3948">
     <span class='ocr_line' id='line_1_4' title="bbox 355 3888 628 3948; baseline 0.004 -13"><span class='ocrx_word' id='word_1_6' title='bbox 355 3888 435 3936; x_wconf 69' lang='lat' dir='ltr'>Ad</span> <span class='ocrx_word' id='word_1_7' title='bbox 457 3894 628 3948; x_wconf 65' lang='lat' dir='ltr'>quent.</span> 
     </span>
    </p>
   </div>
   <div class='ocr_carea' id='block_1_5' title="bbox 678 313 819 379">
    <p class='ocr_par' dir='ltr' id='par_1_5' title="bbox 678 313 819 379">
     <span class='ocr_line' id='line_1_5' title="bbox 678 313 819 379; baseline -0.014 0"><span class='ocrx_word' id='word_1_8' title='bbox 678 313 819 379; x_wconf 58' lang='lat'>446</span> 
     </span>
    </p>
   </div>
   <div class='ocr_carea' id='block_1_6' title="bbox 669 476 2231 2162">
    <p class='ocr_par' dir='ltr' id='par_1_6' title="bbox 669 476 2231 2162">
     <span class='ocr_line' id='line_1_6' title="bbox 685 476 2231 571; baseline -0.004 -24"><span class='ocrx_word' id='word_1_9' title='bbox 685 479 995 547; x_wconf 86' lang='lat' dir='ltr'>habitum</span> <span class='ocrx_word' id='word_1_10' title='bbox 1025 479 1209 571; x_wconf 89' lang='lat' dir='ltr'>quod</span> <span class='ocrx_word' id='word_1_11' title='bbox 1237 480 1551 548; x_wconf 81' lang='lat' dir='ltr'>notitiam</span> <span class='ocrx_word' id='word_1_12' title='bbox 1581 480 1662 547; x_wconf 89' lang='lat' dir='ltr'>de</span> <span class='ocrx_word' id='word_1_13' title='bbox 1687 501 1758 547; x_wconf 90' lang='lat' dir='ltr'>se</span> <span class='ocrx_word' id='word_1_14' title='bbox 1795 479 1868 546; x_wconf 91' lang='lat' dir='ltr'>in</span> <span class='ocrx_word' id='word_1_15' title='bbox 1897 500 1968 545; x_wconf 89' lang='lat' dir='ltr'>se</span> <span class='ocrx_word' id='word_1_16' title='bbox 1998 476 2231 544; x_wconf 84' lang='lat' dir='ltr'>viden-</span> 
     </span>
     <span class='ocr_line' id='line_1_7' title="bbox 685 583 2228 668; baseline -0.002 -15"><span class='ocrx_word' id='word_1_17' title='bbox 685 586 770 653; x_wconf 91' lang='lat' dir='ltr'>do</span> <span class='ocrx_word' id='word_1_18' title='bbox 827 585 1101 668; x_wconf 86' lang='lat' dir='ltr'>habere,</span> <span class='ocrx_word' id='word_1_19' title='bbox 1162 598 1238 655; x_wconf 90' lang='lat' dir='ltr'>ut</span> <span class='ocrx_word' id='word_1_20' title='bbox 1274 587 1546 655; x_wconf 89' lang='lat' dir='ltr'>habitus</span> <span class='ocrx_word' id='word_1_21' title='bbox 1602 587 1859 654; x_wconf 86' lang='lat' dir='ltr'>notitiae</span> <span class='ocrx_word' id='word_1_22' title='bbox 1928 586 2105 654; x_wconf 86' lang='lat' dir='ltr'>dicat</span> <span class='ocrx_word' id='word_1_23' title='bbox 2162 583 2228 650; x_wconf 91' lang='lat' dir='ltr'>id</span> 
     </span>
     <span class='ocr_line' id='line_1_8' title="bbox 684 691 2229 784; baseline -0.003 -23"><span class='ocrx_word' id='word_1_24' title='bbox 684 693 868 784; x_wconf 89' lang='lat' dir='ltr'>quod</span> <span class='ocrx_word' id='word_1_25' title='bbox 915 705 1017 763; x_wconf 85' lang='lat' dir='ltr'>est</span> <span class='ocrx_word' id='word_1_26' title='bbox 1066 698 1437 773; x_wconf 62' lang='lat' dir='ltr'>memorien,</span> <span class='ocrx_word' id='word_1_27' title='bbox 1473 703 1538 761; x_wconf 88' lang='lat' dir='ltr'>et</span> <span class='ocrx_word' id='word_1_28' title='bbox 1577 695 1860 761; x_wconf 78' lang='lat' dir='ltr'>intuitus</span> <span class='ocrx_word' id='word_1_29' title='bbox 1909 693 2013 758; x_wconf 88' lang='lat' dir='ltr'>sui</span> <span class='ocrx_word' id='word_1_30' title='bbox 2052 691 2229 757; x_wconf 83' lang='lat' dir='ltr'>dicat</span> 
     </span>
     <span class='ocr_line' id='line_1_9' title="bbox 683 793 2230 885; baseline -0.005 -18"><span class='ocrx_word' id='word_1_31' title='bbox 683 808 909 868; x_wconf 85' lang='lat' dir='ltr'>actum</span> <span class='ocrx_word' id='word_1_32' title='bbox 953 801 1360 869; x_wconf 87' lang='lat' dir='ltr'>intellectus.</span> <span class='ocrx_word' id='word_1_33' title='bbox 1414 801 1497 865; x_wconf 84' lang='lat' dir='ltr'>Et</span> <span class='ocrx_word' id='word_1_34' title='bbox 1538 801 1589 864; x_wconf 89' lang='lat' dir='ltr'>si</span> <span class='ocrx_word' id='word_1_35' title='bbox 1643 798 1986 885; x_wconf 87' lang='lat' dir='ltr'>objicitur,</span> <span class='ocrx_word' id='word_1_36' title='bbox 2046 793 2230 883; x_wconf 90' lang='lat' dir='ltr'>quod</span> 
     </span>
     <span class='ocr_line' id='line_1_10' title="bbox 682 899 2226 994; baseline -0.005 -22"><span class='ocrx_word' id='word_1_37' title='bbox 682 907 1054 974; x_wconf 86' lang='lat' dir='ltr'>secundum</span> <span class='ocrx_word' id='word_1_38' title='bbox 1087 907 1215 974; x_wconf 89' lang='lat' dir='ltr'>hoc</span> <span class='ocrx_word' id='word_1_39' title='bbox 1242 907 1366 973; x_wconf 87' lang='lat' dir='ltr'>erit</span> <span class='ocrx_word' id='word_1_40' title='bbox 1389 906 1827 994; x_wconf 83' lang='lat' dir='ltr'>quaternitaS,</span> <span class='ocrx_word' id='word_1_41' title='bbox 1866 899 2226 968; x_wconf 88' lang='lat' dir='ltr'>dicendum</span> 
     </span>
     <span class='ocr_line' id='line_1_11' title="bbox 683 1011 2227 1106; baseline -0.005 -23"><span class='ocrx_word' id='word_1_42' title='bbox 683 1015 867 1106; x_wconf 90' lang='lat' dir='ltr'>quod</span> <span class='ocrx_word' id='word_1_43' title='bbox 903 1038 1044 1082; x_wconf 89' lang='lat' dir='ltr'>non</span> <span class='ocrx_word' id='word_1_44' title='bbox 1085 1024 1184 1082; x_wconf 88' lang='lat' dir='ltr'>est</span> <span class='ocrx_word' id='word_1_45' title='bbox 1220 1037 1457 1082; x_wconf 83' lang='lat' dir='ltr'>verum</span> <span class='ocrx_word' id='word_1_46' title='bbox 1503 1037 1518 1078; x_wconf 75' lang='grc' dir='ltr'><em>τ</em></span> <span class='ocrx_word' id='word_1_47' title='bbox 1556 1016 1714 1103; x_wconf 91' lang='lat' dir='ltr'>quia</span> <span class='ocrx_word' id='word_1_48' title='bbox 1744 1011 2122 1080; x_wconf 85' lang='lat' dir='ltr'>intellectus</span> <span class='ocrx_word' id='word_1_49' title='bbox 2160 1017 2227 1077; x_wconf 89' lang='lat' dir='ltr'>et</span> 
     </span>
     <span class='ocr_line' id='line_1_12' title="bbox 679 1120 2222 1212; baseline -0.003 -23"><span class='ocrx_word' id='word_1_50' title='bbox 679 1125 1013 1189; x_wconf 87' lang='lat' dir='ltr'>memoria</span> <span class='ocrx_word' id='word_1_51' title='bbox 1068 1122 1443 1190; x_wconf 86' lang='lat' dir='ltr'>secundum</span> <span class='ocrx_word' id='word_1_52' title='bbox 1502 1145 1708 1212; x_wconf 88' lang='lat' dir='ltr'>supra</span> <span class='ocrx_word' id='word_1_53' title='bbox 1773 1120 2024 1198; x_wconf 88' lang='lat' dir='ltr'>habita,</span> <span class='ocrx_word' id='word_1_54' title='bbox 2086 1140 2222 1185; x_wconf 91' lang='lat' dir='ltr'>non</span> 
     </span>
     <span class='ocr_line' id='line_1_13' title="bbox 677 1225 2221 1296; baseline -0.003 -3"><span class='ocrx_word' id='word_1_55' title='bbox 677 1226 931 1295; x_wconf 88' lang='lat' dir='ltr'>habent</span> <span class='ocrx_word' id='word_1_56' title='bbox 959 1230 1085 1296; x_wconf 91' lang='lat' dir='ltr'>nisi</span> <span class='ocrx_word' id='word_1_57' title='bbox 1118 1227 1425 1296; x_wconf 88' lang='lat' dir='ltr'>habitum</span> <span class='ocrx_word' id='word_1_58' title='bbox 1473 1251 1685 1295; x_wconf 90' lang='lat' dir='ltr'>unum</span> <span class='ocrx_word' id='word_1_59' title='bbox 1733 1250 1746 1293; x_wconf 90' lang='lat'>:</span> <span class='ocrx_word' id='word_1_60' title='bbox 1794 1248 1993 1294; x_wconf 89' lang='lat' dir='ltr'>nosse</span> <span class='ocrx_word' id='word_1_61' title='bbox 2039 1225 2221 1291; x_wconf 89' lang='lat' dir='ltr'>enim</span> 
     </span>
     <span class='ocr_line' id='line_1_14' title="bbox 677 1331 2225 1424; baseline -0.003 -24"><span class='ocrx_word' id='word_1_62' title='bbox 677 1341 777 1400; x_wconf 87' lang='lat' dir='ltr'>est</span> <span class='ocrx_word' id='word_1_63' title='bbox 806 1336 1118 1402; x_wconf 76' lang='lat' dir='ltr'>notitiam</span> <span class='ocrx_word' id='word_1_64' title='bbox 1162 1339 1256 1402; x_wconf 91' lang='lat' dir='ltr'>rei</span> <span class='ocrx_word' id='word_1_65' title='bbox 1306 1334 1485 1424; x_wconf 90' lang='lat' dir='ltr'>apud</span> <span class='ocrx_word' id='word_1_66' title='bbox 1530 1357 1599 1400; x_wconf 90' lang='lat' dir='ltr'>se</span> <span class='ocrx_word' id='word_1_67' title='bbox 1648 1332 1899 1400; x_wconf 80' lang='lat' dir='ltr'>habere</span> <span class='ocrx_word' id='word_1_68' title='bbox 1943 1355 1958 1398; x_wconf 92' lang='lat'><strong>:</strong></span> <span class='ocrx_word' id='word_1_69' title='bbox 2012 1339 2078 1397; x_wconf 88' lang='lat' dir='ltr'>et</span> <span class='ocrx_word' id='word_1_70' title='bbox 2115 1331 2225 1395; x_wconf 91' lang='lat' dir='ltr'>in-</span> 
     </span>
     <span class='ocr_line' id='line_1_15' title="bbox 675 1435 2225 1530; baseline -0.004 -22"><span class='ocrx_word' id='word_1_71' title='bbox 675 1439 976 1530; x_wconf 88' lang='lat' dir='ltr'>telligere</span> <span class='ocrx_word' id='word_1_72' title='bbox 1007 1450 1105 1509; x_wconf 88' lang='lat' dir='ltr'>est</span> <span class='ocrx_word' id='word_1_73' title='bbox 1138 1464 1207 1507; x_wconf 88' lang='lat' dir='ltr'>se</span> <span class='ocrx_word' id='word_1_74' title='bbox 1238 1442 1308 1506; x_wconf 90' lang='lat' dir='ltr'>in</span> <span class='ocrx_word' id='word_1_75' title='bbox 1348 1438 1815 1516; x_wconf 73' lang='lat' dir='ltr'>similitudine,</span> <span class='ocrx_word' id='word_1_76' title='bbox 1848 1436 1956 1503; x_wconf 86' lang='lat' dir='ltr'>vel</span> <span class='ocrx_word' id='word_1_77' title='bbox 1988 1435 2225 1503; x_wconf 89' lang='lat' dir='ltr'>habitu</span> 
     </span>
     <span class='ocr_line' id='line_1_16' title="bbox 674 1541 2222 1628; baseline -0.003 -16"><span class='ocrx_word' id='word_1_78' title='bbox 674 1546 817 1627; x_wconf 90' lang='lat' dir='ltr'>illo,</span> <span class='ocrx_word' id='word_1_79' title='bbox 864 1546 973 1614; x_wconf 88' lang='lat' dir='ltr'>vel</span> <span class='ocrx_word' id='word_1_80' title='bbox 1051 1547 1293 1614; x_wconf 88' lang='lat' dir='ltr'>notitia</span> <span class='ocrx_word' id='word_1_81' title='bbox 1350 1545 1465 1612; x_wconf 89' lang='lat' dir='ltr'>illa</span> <span class='ocrx_word' id='word_1_82' title='bbox 1529 1545 1781 1628; x_wconf 88' lang='lat' dir='ltr'>videre,</span> <span class='ocrx_word' id='word_1_83' title='bbox 1852 1541 2222 1611; x_wconf 86' lang='lat' dir='ltr'>secundum</span> 
     </span>
     <span class='ocr_line' id='line_1_17' title="bbox 673 1648 2224 1744; baseline -0.005 -23"><span class='ocrx_word' id='word_1_84' title='bbox 673 1654 858 1744; x_wconf 88' lang='lat' dir='ltr'>quod</span> <span class='ocrx_word' id='word_1_85' title='bbox 887 1655 1119 1722; x_wconf 77' lang='lat' dir='ltr'>videre</span> <span class='ocrx_word' id='word_1_86' title='bbox 1159 1653 1325 1720; x_wconf 86' lang='lat' dir='ltr'>nihil</span> <span class='ocrx_word' id='word_1_87' title='bbox 1384 1653 1567 1720; x_wconf 81' lang='lat' dir='ltr'>aliud</span> <span class='ocrx_word' id='word_1_88' title='bbox 1606 1661 1705 1720; x_wconf 80' lang='lat' dir='ltr'>est</span> <span class='ocrx_word' id='word_1_89' title='bbox 1759 1673 1965 1742; x_wconf 90' lang='lat' dir='ltr'>quam</span> <span class='ocrx_word' id='word_1_90' title='bbox 2021 1648 2224 1738; x_wconf 86' lang='lat' dir='ltr'>objici</span> 
     </span>
     <span class='ocr_line' id='line_1_18' title="bbox 673 1759 2225 1851; baseline -0.005 -21"><span class='ocrx_word' id='word_1_91' title='bbox 673 1761 801 1830; x_wconf 89' lang='lat' dir='ltr'>sibi</span> <span class='ocrx_word' id='word_1_92' title='bbox 844 1761 913 1827; x_wconf 92' lang='lat' dir='ltr'>in</span> <span class='ocrx_word' id='word_1_93' title='bbox 944 1763 1184 1829; x_wconf 90' lang='lat' dir='ltr'>notitia</span> <span class='ocrx_word' id='word_1_94' title='bbox 1217 1784 1418 1851; x_wconf 86' lang='lat' dir='ltr'>quam</span> <span class='ocrx_word' id='word_1_95' title='bbox 1456 1760 1656 1827; x_wconf 87' lang='lat' dir='ltr'>habet</span> <span class='ocrx_word' id='word_1_96' title='bbox 1685 1759 1866 1850; x_wconf 90' lang='lat' dir='ltr'>apud</span> <span class='ocrx_word' id='word_1_97' title='bbox 1903 1781 1974 1826; x_wconf 89' lang='lat' dir='ltr'>se</span> <span class='ocrx_word' id='word_1_98' title='bbox 2025 1780 2040 1824; x_wconf 75' lang='grc' dir='ltr'>ε</span> <span class='ocrx_word' id='word_1_99' title='bbox 2089 1779 2225 1822; x_wconf 92' lang='lat' dir='ltr'>un-</span> 
     </span>
     <span class='ocr_line' id='line_1_19' title="bbox 674 1867 2221 1960; baseline -0.004 -22"><span class='ocrx_word' id='word_1_100' title='bbox 674 1871 756 1938; x_wconf 87' lang='lat' dir='ltr'>de</span> <span class='ocrx_word' id='word_1_101' title='bbox 815 1868 944 1938; x_wconf 86' lang='lat' dir='ltr'>illae</span> <span class='ocrx_word' id='word_1_102' title='bbox 997 1871 1149 1938; x_wconf 81' lang='lat' dir='ltr'>duae</span> <span class='ocrx_word' id='word_1_103' title='bbox 1208 1872 1528 1960; x_wconf 87' lang='lat' dir='ltr'>potentiae</span> <span class='ocrx_word' id='word_1_104' title='bbox 1588 1891 1726 1936; x_wconf 91' lang='lat' dir='ltr'>non</span> <span class='ocrx_word' id='word_1_105' title='bbox 1784 1867 2034 1935; x_wconf 90' lang='lat' dir='ltr'>habent</span> <span class='ocrx_word' id='word_1_106' title='bbox 2089 1869 2221 1933; x_wconf 89' lang='lat' dir='ltr'>nisi</span> 
     </span>
     <span class='ocr_line' id='line_1_20' title="bbox 669 1978 2223 2067; baseline -0.004 -21"><span class='ocrx_word' id='word_1_107' title='bbox 669 2001 887 2046; x_wconf 87' lang='lat' dir='ltr'>unum</span> <span class='ocrx_word' id='word_1_108' title='bbox 917 1978 1227 2047; x_wconf 84' lang='lat' dir='ltr'>habitum</span> <span class='ocrx_word' id='word_1_109' title='bbox 1263 2002 1278 2046; x_wconf 79' lang='lat'>2</span> <span class='ocrx_word' id='word_1_110' title='bbox 1324 1987 1387 2046; x_wconf 88' lang='lat' dir='ltr'>et</span> <span class='ocrx_word' id='word_1_111' title='bbox 1422 1978 1569 2045; x_wconf 88' lang='lat' dir='ltr'>ideo</span> <span class='ocrx_word' id='word_1_112' title='bbox 1605 1978 1907 2045; x_wconf 77' lang='lat' dir='ltr'>nouerit</span> <span class='ocrx_word' id='word_1_113' title='bbox 1945 1982 2223 2067; x_wconf 88' lang='lat' dir='ltr'>quater-</span> 
     </span>
     <span class='ocr_line' id='line_1_21' title="bbox 672 2086 1347 2162; baseline 0 -10"><span class='ocrx_word' id='word_1_114' title='bbox 672 2087 874 2162; x_wconf 75' lang='lat' dir='ltr'>nitaS,</span> <span class='ocrx_word' id='word_1_115' title='bbox 909 2086 1026 2154; x_wconf 85' lang='lat' dir='ltr'>sed</span> <span class='ocrx_word' id='word_1_116' title='bbox 1057 2086 1347 2153; x_wconf 79' lang='lat' dir='ltr'>trinitas,</span> 
     </span>
    </p>
   </div>
   <div class='ocr_carea' id='block_1_7' title="bbox 765 2187 2305 2284">
    <p class='ocr_par' dir='ltr' id='par_1_7' title="bbox 765 2187 2305 2284">
     <span class='ocr_line' id='line_1_22' title="bbox 765 2187 2305 2284; baseline -0.001 -25"><span class='ocrx_word' id='word_1_117' title='bbox 765 2194 867 2259; x_wconf 86' lang='lat' dir='ltr'>An</span> <span class='ocrx_word' id='word_1_118' title='bbox 897 2216 980 2260; x_wconf 68' lang='grc' dir='ltr'>ΕΛ</span> <span class='ocrx_word' id='word_1_119' title='bbox 1031 2215 1194 2284; x_wconf 84' lang='lat' dir='ltr'>ergo</span> <span class='ocrx_word' id='word_1_120' title='bbox 1237 2214 1386 2283; x_wconf 81' lang='lat' dir='ltr'>quae</span> <span class='ocrx_word' id='word_1_121' title='bbox 1427 2193 1647 2281; x_wconf 89' lang='lat' dir='ltr'>primo</span> <span class='ocrx_word' id='word_1_122' title='bbox 1687 2190 2101 2281; x_wconf 82' lang='lat' dir='ltr'>objiciuntur</span> <span class='ocrx_word' id='word_1_123' title='bbox 2138 2187 2223 2257; x_wconf 84' lang='lat' dir='ltr'>do</span> <span class='ocrx_word' id='word_1_124' title='bbox 2298 2223 2305 2229; x_wconf 91' lang='lat'><strong>·</strong></span> 
     </span>
    </p>
   </div>
   <div class='ocr_carea' id='block_1_8' title="bbox 674 2299 2226 3679">
    <p class='ocr_par' dir='ltr' id='par_1_8' title="bbox 674 2299 2221 2496">
     <span class='ocr_line' id='line_1_23' title="bbox 674 2299 2221 2394; baseline -0.004 -24"><span class='ocrx_word' id='word_1_125' title='bbox 674 2311 931 2381; x_wconf 87' lang='lat' dir='ltr'>mente,</span> <span class='ocrx_word' id='word_1_126' title='bbox 968 2302 1153 2394; x_wconf 91' lang='lat' dir='ltr'>quod</span> <span class='ocrx_word' id='word_1_127' title='bbox 1190 2323 1329 2368; x_wconf 92' lang='lat' dir='ltr'>non</span> <span class='ocrx_word' id='word_1_128' title='bbox 1377 2302 1462 2368; x_wconf 91' lang='lat' dir='ltr'>sit</span> <span class='ocrx_word' id='word_1_129' title='bbox 1501 2299 1799 2383; x_wconf 83' lang='lat' dir='ltr'>habitus,</span> <span class='ocrx_word' id='word_1_130' title='bbox 1844 2299 2014 2366; x_wconf 88' lang='lat' dir='ltr'>bene</span> <span class='ocrx_word' id='word_1_131' title='bbox 2052 2319 2221 2365; x_wconf 89' lang='lat' dir='ltr'>con-</span> 
     </span>
     <span class='ocr_line' id='line_1_24' title="bbox 674 2410 1616 2496; baseline -0.012 -16"><span class='ocrx_word' id='word_1_132' title='bbox 674 2410 865 2480; x_wconf 88' lang='lat' dir='ltr'>cedo.</span> <span class='ocrx_word' id='word_1_133' title='bbox 1607 2489 1616 2496; x_wconf 28' lang='grc' dir='ltr'><strong>ο</strong></span> 
     </span>
    </p>

    <p class='ocr_par' dir='ltr' id='par_1_9' title="bbox 675 2514 2226 3679">
     <span class='ocr_line' id='line_1_25' title="bbox 764 2514 2217 2607; baseline -0.003 -22"><span class='ocrx_word' id='word_1_134' title='bbox 764 2520 868 2585; x_wconf 84' lang='lat' dir='ltr'>An</span> <span class='ocrx_word' id='word_1_135' title='bbox 916 2541 981 2586; x_wconf 78' lang='lat' dir='ltr'>in</span> <span class='ocrx_word' id='word_1_136' title='bbox 1040 2527 1267 2586; x_wconf 88' lang='lat' dir='ltr'>autem</span> <span class='ocrx_word' id='word_1_137' title='bbox 1329 2517 1512 2607; x_wconf 85' lang='lat' dir='ltr'>quod</span> <span class='ocrx_word' id='word_1_138' title='bbox 1577 2524 1813 2606; x_wconf 84' lang='lat' dir='ltr'>postea</span> <span class='ocrx_word' id='word_1_139' title='bbox 1877 2514 2217 2602; x_wconf 89' lang='lat' dir='ltr'>objicitur,</span> 
     </span>
     <span class='ocr_line' id='line_1_26' title="bbox 677 2622 2224 2718; baseline -0.003 -24"><span class='ocrx_word' id='word_1_140' title='bbox 677 2626 862 2718; x_wconf 91' lang='lat' dir='ltr'>quod</span> <span class='ocrx_word' id='word_1_141' title='bbox 901 2630 1105 2695; x_wconf 89' lang='lat' dir='ltr'>etiam</span> <span class='ocrx_word' id='word_1_142' title='bbox 1165 2628 1404 2693; x_wconf 86' lang='lat' dir='ltr'>notitia</span> <span class='ocrx_word' id='word_1_143' title='bbox 1446 2647 1584 2692; x_wconf 94' lang='lat' dir='ltr'>non</span> <span class='ocrx_word' id='word_1_144' title='bbox 1641 2627 1730 2692; x_wconf 86' lang='lat' dir='ltr'>sit</span> <span class='ocrx_word' id='word_1_145' title='bbox 1783 2622 2082 2703; x_wconf 87' lang='lat' dir='ltr'>habitus,</span> <span class='ocrx_word' id='word_1_146' title='bbox 2115 2623 2224 2688; x_wconf 90' lang='lat' dir='ltr'>di-</span> 
     </span>
     <span class='ocr_line' id='line_1_27' title="bbox 676 2728 2223 2822; baseline -0.004 -22"><span class='ocrx_word' id='word_1_147' title='bbox 676 2732 963 2800; x_wconf 87' lang='lat' dir='ltr'>cendum</span> <span class='ocrx_word' id='word_1_148' title='bbox 1033 2741 1136 2800; x_wconf 84' lang='lat' dir='ltr'>est</span> <span class='ocrx_word' id='word_1_149' title='bbox 1185 2731 1369 2822; x_wconf 87' lang='lat' dir='ltr'>quod</span> <span class='ocrx_word' id='word_1_150' title='bbox 1409 2728 1681 2797; x_wconf 84' lang='lat' dir='ltr'>habitus</span> <span class='ocrx_word' id='word_1_151' title='bbox 1739 2739 1864 2811; x_wconf 85' lang='lat' dir='ltr'>est,</span> <span class='ocrx_word' id='word_1_152' title='bbox 1923 2740 1999 2797; x_wconf 90' lang='lat' dir='ltr'>ut</span> <span class='ocrx_word' id='word_1_153' title='bbox 2051 2728 2223 2797; x_wconf 86' lang='lat' dir='ltr'>inl&#39;ra</span> 
     </span>
     <span class='ocr_line' id='line_1_28' title="bbox 678 2837 2224 2930; baseline -0.003 -25"><span class='ocrx_word' id='word_1_154' title='bbox 678 2837 1128 2930; x_wconf 81' lang='lat' dir='ltr'>probabitur:</span> <span class='ocrx_word' id='word_1_155' title='bbox 1172 2849 1239 2906; x_wconf 86' lang='lat' dir='ltr'>et</span> <span class='ocrx_word' id='word_1_156' title='bbox 1291 2847 1518 2905; x_wconf 89' lang='lat' dir='ltr'>tamen</span> <span class='ocrx_word' id='word_1_157' title='bbox 1553 2837 1926 2906; x_wconf 87' lang='lat' dir='ltr'>secundum</span> <span class='ocrx_word' id='word_1_158' title='bbox 1980 2837 2224 2924; x_wconf 80' lang='lat' dir='ltr'>Augu-</span> 
     </span>
     <span class='ocr_line' id='line_1_29' title="bbox 678 2944 2226 3032; baseline -0.002 -19"><span class='ocrx_word' id='word_1_159' title='bbox 678 2946 958 3024; x_wconf 89' lang='lat' dir='ltr'>stinum,</span> <span class='ocrx_word' id='word_1_160' title='bbox 991 2955 1092 3013; x_wconf 87' lang='lat' dir='ltr'>est</span> <span class='ocrx_word' id='word_1_161' title='bbox 1122 2944 1718 3013; x_wconf 85' lang='lat' dir='ltr'>consubstantialis</span> <span class='ocrx_word' id='word_1_162' title='bbox 1740 2944 2057 3032; x_wconf 80' lang='lat' dir='ltr'>potentiae</span> <span class='ocrx_word' id='word_1_163' title='bbox 2081 2965 2226 3032; x_wconf 89' lang='lat' dir='ltr'>per·</span> 
     </span>
     <span class='ocr_line' id='line_1_30' title="bbox 677 3049 2223 3142; baseline -0.001 -23"><span class='ocrx_word' id='word_1_164' title='bbox 677 3052 865 3120; x_wconf 81' lang='lat' dir='ltr'>fectae</span> <span class='ocrx_word' id='word_1_165' title='bbox 931 3075 1050 3142; x_wconf 92' lang='lat' dir='ltr'>per</span> <span class='ocrx_word' id='word_1_166' title='bbox 1106 3053 1326 3142; x_wconf 88' lang='lat' dir='ltr'>ipsum</span> <span class='ocrx_word' id='word_1_167' title='bbox 1392 3074 1407 3118; x_wconf 75' lang='grc' dir='ltr'><strong><em>ε</em></strong></span> <span class='ocrx_word' id='word_1_168' title='bbox 1481 3060 1547 3118; x_wconf 84' lang='lat' dir='ltr'>et</span> <span class='ocrx_word' id='word_1_169' title='bbox 1600 3049 1913 3118; x_wconf 86' lang='lat' dir='ltr'>similiter</span> <span class='ocrx_word' id='word_1_170' title='bbox 1974 3059 2077 3118; x_wconf 88' lang='lat' dir='ltr'>est</span> <span class='ocrx_word' id='word_1_171' title='bbox 2138 3049 2223 3117; x_wconf 84' lang='lat' dir='ltr'>de</span> 
     </span>
     <span class='ocr_line' id='line_1_31' title="bbox 677 3157 2223 3250; baseline -0.002 -23"><span class='ocrx_word' id='word_1_172' title='bbox 677 3180 910 3227; x_wconf 88' lang='lat' dir='ltr'>amore</span> <span class='ocrx_word' id='word_1_173' title='bbox 956 3182 971 3227; x_wconf 79' lang='lat' dir='ltr'><strong><em>z</em></strong></span> <span class='ocrx_word' id='word_1_174' title='bbox 1034 3182 1172 3228; x_wconf 92' lang='lat' dir='ltr'>non</span> <span class='ocrx_word' id='word_1_175' title='bbox 1212 3161 1392 3226; x_wconf 88' lang='lat' dir='ltr'>enim</span> <span class='ocrx_word' id='word_1_176' title='bbox 1436 3158 1562 3226; x_wconf 89' lang='lat' dir='ltr'>ista</span> <span class='ocrx_word' id='word_1_177' title='bbox 1613 3166 1994 3250; x_wconf 81' lang='lat' dir='ltr'>repugnant</span> <span class='ocrx_word' id='word_1_178' title='bbox 2038 3157 2223 3248; x_wconf 89' lang='lat' dir='ltr'>quod</span> 
     </span>
     <span class='ocr_line' id='line_1_32' title="bbox 676 3263 2224 3356; baseline -0.001 -24"><span class='ocrx_word' id='word_1_179' title='bbox 676 3263 930 3356; x_wconf 84' lang='lat' dir='ltr'>aliquid</span> <span class='ocrx_word' id='word_1_180' title='bbox 972 3268 1055 3332; x_wconf 82' lang='lat' dir='ltr'>sit</span> <span class='ocrx_word' id='word_1_181' title='bbox 1088 3264 1358 3333; x_wconf 82' lang='lat' dir='ltr'>habitus</span> <span class='ocrx_word' id='word_1_182' title='bbox 1387 3265 1760 3332; x_wconf 89' lang='lat' dir='ltr'>secundum</span> <span class='ocrx_word' id='word_1_183' title='bbox 1792 3264 2091 3355; x_wconf 84' lang='lat' dir='ltr'>aliquam</span> <span class='ocrx_word' id='word_1_184' title='bbox 2126 3287 2224 3330; x_wconf 89' lang='lat' dir='ltr'>ra-</span> 
     </span>
     <span class='ocr_line' id='line_1_33' title="bbox 678 3372 2224 3464; baseline 0 -23"><span class='ocrx_word' id='word_1_185' title='bbox 678 3375 932 3442; x_wconf 90' lang='lat' dir='ltr'>tionem</span> <span class='ocrx_word' id='word_1_186' title='bbox 978 3374 1350 3444; x_wconf 87' lang='lat' dir='ltr'>secundum</span> <span class='ocrx_word' id='word_1_187' title='bbox 1402 3397 1605 3464; x_wconf 89' lang='lat' dir='ltr'>quam</span> <span class='ocrx_word' id='word_1_188' title='bbox 1656 3372 1928 3463; x_wconf 67' lang='lat' dir='ltr'>&#39;perlicit</span> <span class='ocrx_word' id='word_1_189' title='bbox 1979 3383 2224 3464; x_wconf 85' lang='lat' dir='ltr'>poten-</span> 
     </span>
     <span class='ocr_line' id='line_1_34' title="bbox 675 3479 2223 3570; baseline 0 -22"><span class='ocrx_word' id='word_1_190' title='bbox 675 3483 844 3548; x_wconf 85' lang='lat' dir='ltr'>tiam</span> <span class='ocrx_word' id='word_1_191' title='bbox 884 3481 973 3550; x_wconf 86' lang='lat' dir='ltr'>ad</span> <span class='ocrx_word' id='word_1_192' title='bbox 1010 3493 1262 3565; x_wconf 84' lang='lat' dir='ltr'>actum,</span> <span class='ocrx_word' id='word_1_193' title='bbox 1298 3490 1361 3550; x_wconf 91' lang='lat' dir='ltr'>et</span> <span class='ocrx_word' id='word_1_194' title='bbox 1422 3482 1602 3570; x_wconf 88' lang='lat' dir='ltr'>quod</span> <span class='ocrx_word' id='word_1_195' title='bbox 1650 3482 1737 3549; x_wconf 83' lang='lat' dir='ltr'>sit</span> <span class='ocrx_word' id='word_1_196' title='bbox 1791 3482 1874 3548; x_wconf 89' lang='lat' dir='ltr'>de</span> <span class='ocrx_word' id='word_1_197' title='bbox 1919 3479 2223 3549; x_wconf 85' lang='lat' dir='ltr'>consub-</span> 
     </span>
     <span class='ocr_line' id='line_1_35' title="bbox 676 3588 1818 3679; baseline 0 -25"><span class='ocrx_word' id='word_1_198' title='bbox 676 3588 1105 3656; x_wconf 80' lang='lat' dir='ltr'>stantialibus</span> <span class='ocrx_word' id='word_1_199' title='bbox 1134 3588 1437 3676; x_wconf 86' lang='lat' dir='ltr'>ejusdem</span> <span class='ocrx_word' id='word_1_200' title='bbox 1478 3589 1818 3679; x_wconf 76' lang='lat' dir='ltr'>potentioe.</span> 
     </span>
    </p>
   </div>
   <div class='ocr_carea' id='block_1_9' title="bbox 670 3800 2226 5387">
    <p class='ocr_par' dir='ltr' id='par_1_10' title="bbox 670 3800 2226 5387">
     <span class='ocr_line' id='line_1_36' title="bbox 767 3800 2220 3891; baseline -0.001 -23"><span class='ocrx_word' id='word_1_201' title='bbox 767 3801 870 3869; x_wconf 80' lang='lat' dir='ltr'>An</span> <span class='ocrx_word' id='word_1_202' title='bbox 918 3825 984 3869; x_wconf 79' lang='lat' dir='ltr'>in</span> <span class='ocrx_word' id='word_1_203' title='bbox 1034 3810 1260 3870; x_wconf 84' lang='lat' dir='ltr'>autem</span> <span class='ocrx_word' id='word_1_204' title='bbox 1311 3800 1494 3891; x_wconf 83' lang='lat' dir='ltr'>qnod</span> <span class='ocrx_word' id='word_1_205' title='bbox 1545 3800 1825 3867; x_wconf 85' lang='lat' dir='ltr'>ulterius</span> <span class='ocrx_word' id='word_1_206' title='bbox 1872 3802 2220 3891; x_wconf 66' lang='lat' dir='ltr'>quaeritur,</span> 
     </span>
     <span class='ocr_line' id='line_1_37' title="bbox 684 3908 2225 3997; baseline -0.001 -19"><span class='ocrx_word' id='word_1_207' title='bbox 684 3910 921 3978; x_wconf 81' lang='lat' dir='ltr'>Utrum</span> <span class='ocrx_word' id='word_1_208' title='bbox 992 3932 1184 3977; x_wconf 80' lang='lat' dir='ltr'>niens</span> <span class='ocrx_word' id='word_1_209' title='bbox 1240 3908 1609 3997; x_wconf 79' lang='lat' dir='ltr'>accipiatur</span> <span class='ocrx_word' id='word_1_210' title='bbox 1664 3930 1786 3997; x_wconf 89' lang='lat' dir='ltr'>pro</span> <span class='ocrx_word' id='word_1_211' title='bbox 1843 3909 2225 3977; x_wconf 78' lang='lat' dir='ltr'>memoria?</span> 
     </span>
     <span class='ocr_line' id='line_1_38' title="bbox 678 4014 2222 4107; baseline -0.002 -22"><span class='ocrx_word' id='word_1_212' title='bbox 678 4017 924 4085; x_wconf 88' lang='lat' dir='ltr'>Dicunt</span> <span class='ocrx_word' id='word_1_213' title='bbox 964 4016 1242 4107; x_wconf 88' lang='lat' dir='ltr'>quidam</span> <span class='ocrx_word' id='word_1_214' title='bbox 1310 4014 1639 4103; x_wconf 78' lang='lat' dir='ltr'>Magistri,</span> <span class='ocrx_word' id='word_1_215' title='bbox 1711 4014 1893 4105; x_wconf 87' lang='lat' dir='ltr'>quod</span> <span class='ocrx_word' id='word_1_216' title='bbox 1970 4017 2089 4096; x_wconf 88' lang='lat' dir='ltr'>sic,</span> <span class='ocrx_word' id='word_1_217' title='bbox 2157 4024 2222 4083; x_wconf 90' lang='lat' dir='ltr'>et</span> 
     </span>
     <span class='ocr_line' id='line_1_39' title="bbox 674 4122 2226 4214; baseline -0.001 -24"><span class='ocrx_word' id='word_1_218' title='bbox 674 4125 1022 4214; x_wconf 76' lang='lat' dir='ltr'>assignant</span> <span class='ocrx_word' id='word_1_219' title='bbox 1064 4125 1395 4190; x_wconf 74' lang='lat' dir='ltr'>rationem</span> <span class='ocrx_word' id='word_1_220' title='bbox 1436 4143 1643 4211; x_wconf 84' lang='lat' dir='ltr'>quare</span> <span class='ocrx_word' id='word_1_221' title='bbox 1683 4122 1903 4211; x_wconf 83' lang='lat' dir='ltr'>magis</span> <span class='ocrx_word' id='word_1_222' title='bbox 1929 4123 2226 4213; x_wconf 83' lang='lat' dir='ltr'>accipia-</span> 
     </span>
     <span class='ocr_line' id='line_1_40' title="bbox 676 4227 2221 4320; baseline -0.001 -24"><span class='ocrx_word' id='word_1_223' title='bbox 676 4239 786 4297; x_wconf 87' lang='lat' dir='ltr'>tur</span> <span class='ocrx_word' id='word_1_224' title='bbox 814 4253 936 4320; x_wconf 89' lang='lat' dir='ltr'>pro</span> <span class='ocrx_word' id='word_1_225' title='bbox 987 4230 1321 4297; x_wconf 88' lang='lat' dir='ltr'>memoria</span> <span class='ocrx_word' id='word_1_226' title='bbox 1359 4251 1563 4317; x_wconf 87' lang='lat' dir='ltr'>quam</span> <span class='ocrx_word' id='word_1_227' title='bbox 1595 4250 1717 4318; x_wconf 87' lang='lat' dir='ltr'>pro</span> <span class='ocrx_word' id='word_1_228' title='bbox 1769 4227 2114 4296; x_wconf 87' lang='lat' dir='ltr'>intellectu</span> <span class='ocrx_word' id='word_1_229' title='bbox 2156 4239 2221 4295; x_wconf 87' lang='lat' dir='ltr'>et</span> 
     </span>
     <span class='ocr_line' id='line_1_41' title="bbox 670 4332 2213 4423; baseline 0.001 -23"><span class='ocrx_word' id='word_1_230' title='bbox 670 4332 1024 4401; x_wconf 70' lang='lat' dir='ltr'>voluntate</span> <span class='ocrx_word' id='word_1_231' title='bbox 1068 4357 1085 4403; x_wconf 71' lang='grc' dir='ltr'><strong><em>ε</em></strong></span> <span class='ocrx_word' id='word_1_232' title='bbox 1128 4332 1288 4423; x_wconf 89' lang='lat' dir='ltr'>quia</span> <span class='ocrx_word' id='word_1_233' title='bbox 1343 4353 1498 4397; x_wconf 86' lang='lat' dir='ltr'>cum</span> <span class='ocrx_word' id='word_1_234' title='bbox 1529 4333 1659 4397; x_wconf 84' lang='lat' dir='ltr'>sint</span> <span class='ocrx_word' id='word_1_235' title='bbox 1696 4334 2012 4422; x_wconf 73' lang='lat' dir='ltr'>potentia·</span> <span class='ocrx_word' id='word_1_236' title='bbox 2056 4342 2213 4411; x_wconf 90' lang='lat' dir='ltr'>tres,</span> 
     </span>
     <span class='ocr_line' id='line_1_42' title="bbox 671 4434 2219 4525; baseline 0.001 -21"><span class='ocrx_word' id='word_1_237' title='bbox 671 4438 1027 4516; x_wconf 82' lang='lat' dir='ltr'>memoria,</span> <span class='ocrx_word' id='word_1_238' title='bbox 1061 4434 1532 4525; x_wconf 76' lang='lat' dir='ltr'>intelligentia,</span> <span class='ocrx_word' id='word_1_239' title='bbox 1566 4445 1631 4502; x_wconf 88' lang='lat' dir='ltr'>et</span> <span class='ocrx_word' id='word_1_240' title='bbox 1669 4435 1986 4503; x_wconf 75' lang='lat' dir='ltr'>voluntas</span> <span class='ocrx_word' id='word_1_241' title='bbox 2018 4458 2035 4506; x_wconf 73' lang='grc' dir='ltr'><strong><em>ε</em></strong></span> <span class='ocrx_word' id='word_1_242' title='bbox 2071 4460 2219 4505; x_wconf 89' lang='lat' dir='ltr'>me-</span> 
     </span>
     <span class='ocr_line' id='line_1_43' title="bbox 671 4542 2223 4633; baseline 0 -22"><span class='ocrx_word' id='word_1_243' title='bbox 671 4544 890 4611; x_wconf 85' lang='lat' dir='ltr'>moria</span> <span class='ocrx_word' id='word_1_244' title='bbox 937 4546 1155 4633; x_wconf 85' lang='lat' dir='ltr'>prima</span> <span class='ocrx_word' id='word_1_245' title='bbox 1195 4553 1296 4610; x_wconf 87' lang='lat' dir='ltr'>est</span> <span class='ocrx_word' id='word_1_246' title='bbox 1336 4542 1509 4609; x_wconf 86' lang='lat' dir='ltr'>inter</span> <span class='ocrx_word' id='word_1_247' title='bbox 1556 4565 1694 4622; x_wconf 86' lang='lat' dir='ltr'>eas,</span> <span class='ocrx_word' id='word_1_248' title='bbox 1739 4550 1804 4610; x_wconf 92' lang='lat' dir='ltr'>et</span> <span class='ocrx_word' id='word_1_249' title='bbox 1852 4542 2003 4611; x_wconf 86' lang='lat' dir='ltr'>ideo</span> <span class='ocrx_word' id='word_1_250' title='bbox 2060 4566 2223 4633; x_wconf 88' lang='lat' dir='ltr'>pro-</span> 
     </span>
     <span class='ocr_line' id='line_1_44' title="bbox 673 4649 2224 4743; baseline 0.001 -26"><span class='ocrx_word' id='word_1_251' title='bbox 673 4652 1120 4743; x_wconf 85' lang='lat' dir='ltr'>pinquissima</span> <span class='ocrx_word' id='word_1_252' title='bbox 1153 4649 1548 4717; x_wconf 77' lang='lat' dir='ltr'>substantiae</span> <span class='ocrx_word' id='word_1_253' title='bbox 1589 4650 1862 4727; x_wconf 83' lang='lat' dir='ltr'>mentis,</span> <span class='ocrx_word' id='word_1_254' title='bbox 1908 4651 2069 4741; x_wconf 85' lang='lat' dir='ltr'>quia</span> <span class='ocrx_word' id='word_1_255' title='bbox 2109 4651 2224 4719; x_wconf 90' lang='lat' dir='ltr'>illa</span> 
     </span>
     <span class='ocr_line' id='line_1_45' title="bbox 674 4755 2220 4827; baseline -0.001 0"><span class='ocrx_word' id='word_1_256' title='bbox 674 4760 892 4827; x_wconf 87' lang='lat' dir='ltr'>oritur</span> <span class='ocrx_word' id='word_1_257' title='bbox 927 4782 1009 4827; x_wconf 80' lang='lat' dir='ltr'>ex</span> <span class='ocrx_word' id='word_1_258' title='bbox 1049 4758 1195 4826; x_wconf 88' lang='lat' dir='ltr'>sola</span> <span class='ocrx_word' id='word_1_259' title='bbox 1228 4766 1454 4824; x_wconf 85' lang='lat' dir='ltr'>mente</span> <span class='ocrx_word' id='word_1_260' title='bbox 1498 4780 1514 4824; x_wconf 91' lang='lat'><strong>:</strong></span> <span class='ocrx_word' id='word_1_261' title='bbox 1568 4755 1947 4826; x_wconf 85' lang='lat' dir='ltr'>intellectus</span> <span class='ocrx_word' id='word_1_262' title='bbox 1994 4768 2220 4827; x_wconf 85' lang='lat' dir='ltr'>autem</span> 
     </span>
     <span class='ocr_line' id='line_1_46' title="bbox 672 4867 2222 4947; baseline 0 -10"><span class='ocrx_word' id='word_1_263' title='bbox 672 4892 757 4937; x_wconf 85' lang='lat' dir='ltr'>ex</span> <span class='ocrx_word' id='word_1_264' title='bbox 802 4877 1027 4937; x_wconf 80' lang='lat' dir='ltr'>mente</span> <span class='ocrx_word' id='word_1_265' title='bbox 1069 4867 1409 4936; x_wconf 83' lang='lat' dir='ltr'>mediante</span> <span class='ocrx_word' id='word_1_266' title='bbox 1461 4871 1814 4947; x_wconf 87' lang='lat' dir='ltr'>memoria,</span> <span class='ocrx_word' id='word_1_267' title='bbox 1858 4880 1921 4938; x_wconf 82' lang='lat' dir='ltr'>et</span> <span class='ocrx_word' id='word_1_268' title='bbox 1976 4869 2222 4937; x_wconf 78' lang='lat' dir='ltr'>volun-</span> 
     </span>
     <span class='ocr_line' id='line_1_47' title="bbox 675 4975 2224 5046; baseline 0.002 -3"><span class='ocrx_word' id='word_1_269' title='bbox 675 4987 775 5044; x_wconf 82' lang='lat' dir='ltr'>tas</span> <span class='ocrx_word' id='word_1_270' title='bbox 813 5000 897 5045; x_wconf 85' lang='lat' dir='ltr'>ex</span> <span class='ocrx_word' id='word_1_271' title='bbox 946 4986 1173 5044; x_wconf 88' lang='lat' dir='ltr'>mente</span> <span class='ocrx_word' id='word_1_272' title='bbox 1233 4975 1571 5044; x_wconf 82' lang='lat' dir='ltr'>mediante</span> <span class='ocrx_word' id='word_1_273' title='bbox 1625 4981 1956 5045; x_wconf 88' lang='lat' dir='ltr'>memoria</span> <span class='ocrx_word' id='word_1_274' title='bbox 1998 4988 2063 5046; x_wconf 89' lang='lat' dir='ltr'>et</span> <span class='ocrx_word' id='word_1_275' title='bbox 2124 4980 2224 5046; x_wconf 91' lang='lat' dir='ltr'>in-</span> 
     </span>
     <span class='ocr_line' id='line_1_48' title="bbox 673 5082 2224 5176; baseline 0.001 -26"><span class='ocrx_word' id='word_1_276' title='bbox 673 5082 969 5150; x_wconf 84' lang='lat' dir='ltr'>tellectu.</span> <span class='ocrx_word' id='word_1_277' title='bbox 1036 5082 1209 5151; x_wconf 88' lang='lat' dir='ltr'>Cum</span> <span class='ocrx_word' id='word_1_278' title='bbox 1272 5084 1478 5172; x_wconf 84' lang='lat' dir='ltr'>igitur</span> <span class='ocrx_word' id='word_1_279' title='bbox 1547 5085 1878 5152; x_wconf 85' lang='lat' dir='ltr'>memoria</span> <span class='ocrx_word' id='word_1_280' title='bbox 1939 5086 2224 5176; x_wconf 85' lang='lat' dir='ltr'>propin-</span> 
     </span>
     <span class='ocr_line' id='line_1_49' title="bbox 674 5190 2223 5280; baseline 0.003 -25"><span class='ocrx_word' id='word_1_281' title='bbox 674 5190 1003 5280; x_wconf 85' lang='lat' dir='ltr'>quissima</span> <span class='ocrx_word' id='word_1_282' title='bbox 1033 5193 1120 5257; x_wconf 88' lang='lat' dir='ltr'>sit</span> <span class='ocrx_word' id='word_1_283' title='bbox 1148 5191 1386 5269; x_wconf 85' lang='lat' dir='ltr'>menti,</span> <span class='ocrx_word' id='word_1_284' title='bbox 1446 5190 1678 5257; x_wconf 87' lang='lat' dir='ltr'>dicunt</span> <span class='ocrx_word' id='word_1_285' title='bbox 1725 5193 1906 5280; x_wconf 87' lang='lat' dir='ltr'>quod</span> <span class='ocrx_word' id='word_1_286' title='bbox 1949 5191 2071 5260; x_wconf 84' lang='lat' dir='ltr'>hac</span> <span class='ocrx_word' id='word_1_287' title='bbox 2114 5215 2223 5259; x_wconf 85' lang='lat' dir='ltr'>ra-</span> 
     </span>
     <span class='ocr_line' id='line_1_50' title="bbox 672 5297 2219 5387; baseline 0.001 -24"><span class='ocrx_word' id='word_1_288' title='bbox 672 5298 857 5365; x_wconf 87' lang='lat' dir='ltr'>tione</span> <span class='ocrx_word' id='word_1_289' title='bbox 908 5319 1099 5363; x_wconf 88' lang='lat' dir='ltr'>mens</span> <span class='ocrx_word' id='word_1_290' title='bbox 1156 5297 1433 5387; x_wconf 88' lang='lat' dir='ltr'>ponitur</span> <span class='ocrx_word' id='word_1_291' title='bbox 1471 5319 1592 5386; x_wconf 87' lang='lat' dir='ltr'>pro</span> <span class='ocrx_word' id='word_1_292' title='bbox 1635 5302 1964 5367; x_wconf 83' lang='lat' dir='ltr'>memoria</span> <span class='ocrx_word' id='word_1_293' title='bbox 2026 5321 2040 5365; x_wconf 91' lang='lat'>:</span> <span class='ocrx_word' id='word_1_294' title='bbox 2103 5299 2219 5367; x_wconf 83' lang='lat' dir='ltr'>sed</span> 
     </span>
    </p>
   </div>
   <div class='ocr_carea' id='block_1_10' title="bbox 671 5526 2220 5705">
    <p class='ocr_par' dir='ltr' id='par_1_11' title="bbox 671 5526 2220 5705">
     <span class='ocr_line' id='line_1_51' title="bbox 746 5526 2220 5616; baseline -0.001 -17"><span class='ocrx_word' id='word_1_295' title='bbox 746 5545 762 5579; x_wconf 88' lang='lat'><strong>¹</strong></span> <span class='ocrx_word' id='word_1_296' title='bbox 795 5544 879 5599; x_wconf 79' lang='lat' dir='ltr'>Cf.</span> <span class='ocrx_word' id='word_1_297' title='bbox 911 5559 1108 5616; x_wconf 77' lang='lat' dir='ltr'>supra,</span> <span class='ocrx_word' id='word_1_298' title='bbox 1139 5559 1270 5616; x_wconf 81' lang='lat' dir='ltr'>cap.</span> <span class='ocrx_word' id='word_1_299' title='bbox 1304 5544 1363 5610; x_wconf 86' lang='lat' dir='ltr'>S,</span> <span class='ocrx_word' id='word_1_300' title='bbox 1413 5542 1586 5599; x_wconf 77' lang='lat' dir='ltr'>verba</span> <span class='ocrx_word' id='word_1_301' title='bbox 1634 5546 1957 5614; x_wconf 67' lang='lat' dir='ltr'>Acousrixi,</span> <span class='ocrx_word' id='word_1_302' title='bbox 1991 5560 2064 5599; x_wconf 76' lang='lat' dir='ltr'>ex</span> <span class='ocrx_word' id='word_1_303' title='bbox 2114 5526 2220 5599; x_wconf 75' lang='lat' dir='ltr'>lib&#39;</span> 
     </span>
     <span class='ocr_line' id='line_1_52' title="bbox 671 5632 1432 5705; baseline -0.007 -13"><span class='ocrx_word' id='word_1_304' title='bbox 671 5636 745 5692; x_wconf 73' lang='lat' dir='ltr'>lx</span> <span class='ocrx_word' id='word_1_305' title='bbox 776 5633 849 5689; x_wconf 85' lang='lat' dir='ltr'>de</span> <span class='ocrx_word' id='word_1_306' title='bbox 879 5632 1187 5700; x_wconf 81' lang='lat' dir='ltr'>Trinitate,</span> <span class='ocrx_word' id='word_1_307' title='bbox 1219 5650 1348 5705; x_wconf 85' lang='lat' dir='ltr'>cap.</span> <span class='ocrx_word' id='word_1_308' title='bbox 1380 5636 1432 5689; x_wconf 75' lang='lat'>4.</span> 
     </span>
    </p>
   </div>
   <div class='ocr_carea' id='block_1_11' title="bbox 1678 300 2286 377">
    <p class='ocr_par' dir='ltr' id='par_1_12' title="bbox 1678 300 2286 377">
     <span class='ocr_line' id='line_1_53' title="bbox 1678 300 2286 377; baseline -0.005 -2"><span class='ocrx_word' id='word_1_309' title='bbox 1678 306 1765 377; x_wconf 90' lang='lat' dir='ltr'>D.</span> <span class='ocrx_word' id='word_1_310' title='bbox 1815 305 2016 374; x_wconf 85' lang='lat' dir='ltr'><strong>ALB.</strong></span> <span class='ocrx_word' id='word_1_311' title='bbox 2068 300 2286 372; x_wconf 89' lang='lat' dir='ltr'><strong>MAG.</strong></span> 
     </span>
    </p>
   </div>
   <div class='ocr_carea' id='block_1_12' title="bbox 2340 300 2899 372">
    <p class='ocr_par' dir='ltr' id='par_1_13' title="bbox 2340 300 2899 372">
     <span class='ocr_line' id='line_1_54' title="bbox 2340 300 2899 372; baseline 0.004 -2"><span class='ocrx_word' id='word_1_312' title='bbox 2340 300 2549 372; x_wconf 90' lang='lat' dir='ltr'><strong>ORD.</strong></span> <span class='ocrx_word' id='word_1_313' title='bbox 2605 300 2899 372; x_wconf 83' lang='lat' dir='ltr'><strong>PRAED.</strong></span> 
     </span>
    </p>
   </div>
   <div class='ocr_carea' id='block_1_13' title="bbox 2331 469 3893 1853">
    <p class='ocr_par' dir='ltr' id='par_1_14' title="bbox 2338 469 3893 1101">
     <span class='ocr_line' id='line_1_55' title="bbox 2343 469 3893 541; baseline -0.003 -3"><span class='ocrx_word' id='word_1_314' title='bbox 2343 482 2574 540; x_wconf 89' lang='lat' dir='ltr'>tamen</span> <span class='ocrx_word' id='word_1_315' title='bbox 2612 472 2746 541; x_wconf 88' lang='lat' dir='ltr'>hoc</span> <span class='ocrx_word' id='word_1_316' title='bbox 2790 471 3082 541; x_wconf 45' lang='lat' dir='ltr'>videtur*</span> <span class='ocrx_word' id='word_1_317' title='bbox 3103 492 3251 540; x_wconf 85' lang='lat' dir='ltr'>esse</span> <span class='ocrx_word' id='word_1_318' title='bbox 3296 477 3534 538; x_wconf 83' lang='lat' dir='ltr'>contra</span> <span class='ocrx_word' id='word_1_319' title='bbox 3571 469 3893 534; x_wconf 89' lang='lat' dir='ltr'>intentio-</span> 
     </span>
     <span class='ocr_line' id='line_1_56' title="bbox 2342 576 3885 670; baseline -0.003 -24"><span class='ocrx_word' id='word_1_320' title='bbox 2342 603 2503 647; x_wconf 89' lang='lat' dir='ltr'>nem</span> <span class='ocrx_word' id='word_1_321' title='bbox 2535 581 2993 670; x_wconf 84' lang='lat' dir='ltr'>Augustiniin</span> <span class='ocrx_word' id='word_1_322' title='bbox 3031 580 3204 647; x_wconf 87' lang='lat' dir='ltr'>libro</span> <span class='ocrx_word' id='word_1_323' title='bbox 3249 578 3344 645; x_wconf 93' lang='lat' dir='ltr'>IX</span> <span class='ocrx_word' id='word_1_324' title='bbox 3396 576 3478 644; x_wconf 87' lang='lat' dir='ltr'>de</span> <span class='ocrx_word' id='word_1_325' title='bbox 3533 576 3885 657; x_wconf 81' lang='lat' dir='ltr'>Trinitate,</span> 
     </span>
     <span class='ocr_line' id='line_1_57' title="bbox 2340 682 3881 776; baseline -0.002 -24"><span class='ocrx_word' id='word_1_326' title='bbox 2340 686 2458 752; x_wconf 90' lang='lat' dir='ltr'>ubi</span> <span class='ocrx_word' id='word_1_327' title='bbox 2498 697 2659 753; x_wconf 87' lang='lat' dir='ltr'>sunt</span> <span class='ocrx_word' id='word_1_328' title='bbox 2698 689 2823 753; x_wconf 86' lang='lat' dir='ltr'>ista</span> <span class='ocrx_word' id='word_1_329' title='bbox 2870 688 3080 754; x_wconf 85' lang='lat' dir='ltr'>verba</span> <span class='ocrx_word' id='word_1_330' title='bbox 3125 710 3272 776; x_wconf 85' lang='lat' dir='ltr'>quae</span> <span class='ocrx_word' id='word_1_331' title='bbox 3315 693 3664 775; x_wconf 87' lang='lat' dir='ltr'>ponuntur</span> <span class='ocrx_word' id='word_1_332' title='bbox 3693 682 3800 750; x_wconf 88' lang='lat' dir='ltr'>hic</span> <span class='ocrx_word' id='word_1_333' title='bbox 3840 686 3881 750; x_wconf 88' lang='lat'>¹.</span> 
     </span>
     <span class='ocr_line' id='line_1_58' title="bbox 2341 792 3887 885; baseline 0 -27"><span class='ocrx_word' id='word_1_334' title='bbox 2341 793 2424 859; x_wconf 88' lang='lat' dir='ltr'>Et</span> <span class='ocrx_word' id='word_1_335' title='bbox 2464 795 2613 861; x_wconf 89' lang='lat' dir='ltr'>ideo</span> <span class='ocrx_word' id='word_1_336' title='bbox 2646 795 2795 862; x_wconf 90' lang='lat' dir='ltr'>dico</span> <span class='ocrx_word' id='word_1_337' title='bbox 2835 817 2992 862; x_wconf 90' lang='lat' dir='ltr'>cum</span> <span class='ocrx_word' id='word_1_338' title='bbox 3049 795 3402 885; x_wconf 90' lang='lat' dir='ltr'>Magistro,</span> <span class='ocrx_word' id='word_1_339' title='bbox 3464 792 3650 885; x_wconf 89' lang='lat' dir='ltr'>quod</span> <span class='ocrx_word' id='word_1_340' title='bbox 3698 814 3887 859; x_wconf 87' lang='lat' dir='ltr'>mens</span> 
     </span>
     <span class='ocr_line' id='line_1_59' title="bbox 2340 900 3888 991; baseline -0.001 -25"><span class='ocrx_word' id='word_1_341' title='bbox 2340 902 2668 991; x_wconf 81' lang='lat' dir='ltr'>accipitur</span> <span class='ocrx_word' id='word_1_342' title='bbox 2722 900 2834 968; x_wconf 90' lang='lat' dir='ltr'>hic</span> <span class='ocrx_word' id='word_1_343' title='bbox 2888 923 3009 991; x_wconf 88' lang='lat' dir='ltr'>pro</span> <span class='ocrx_word' id='word_1_344' title='bbox 3068 909 3212 968; x_wconf 92' lang='lat' dir='ltr'>toto</span> <span class='ocrx_word' id='word_1_345' title='bbox 3264 902 3379 969; x_wconf 87' lang='lat' dir='ltr'>illo</span> <span class='ocrx_word' id='word_1_346' title='bbox 3437 903 3508 968; x_wconf 90' lang='lat' dir='ltr'>in</span> <span class='ocrx_word' id='word_1_347' title='bbox 3547 922 3684 991; x_wconf 89' lang='lat' dir='ltr'>quo</span> <span class='ocrx_word' id='word_1_348' title='bbox 3732 910 3888 967; x_wconf 87' lang='lat' dir='ltr'>sunt</span> 
     </span>
     <span class='ocr_line' id='line_1_60' title="bbox 2338 1011 3669 1101; baseline 0.002 -26"><span class='ocrx_word' id='word_1_349' title='bbox 2338 1015 2472 1077; x_wconf 83' lang='lat' dir='ltr'>tres</span> <span class='ocrx_word' id='word_1_350' title='bbox 2512 1014 2855 1101; x_wconf 84' lang='lat' dir='ltr'>potentiae,</span> <span class='ocrx_word' id='word_1_351' title='bbox 2897 1019 3216 1100; x_wconf 77' lang='lat' dir='ltr'>utsupra</span> <span class='ocrx_word' id='word_1_352' title='bbox 3256 1011 3514 1078; x_wconf 88' lang='lat' dir='ltr'>dictum</span> <span class='ocrx_word' id='word_1_353' title='bbox 3544 1019 3669 1079; x_wconf 85' lang='lat' dir='ltr'>est.</span> 
     </span>
    </p>

    <p class='ocr_par' dir='ltr' id='par_1_15' title="bbox 2331 1115 3885 1853">
     <span class='ocr_line' id='line_1_61' title="bbox 2424 1115 3884 1207; baseline -0.001 -23"><span class='ocrx_word' id='word_1_354' title='bbox 2424 1118 2529 1184; x_wconf 79' lang='lat' dir='ltr'>An</span> <span class='ocrx_word' id='word_1_355' title='bbox 2576 1141 3027 1201; x_wconf 59' lang='lat' dir='ltr'>Ancum-samon</span> <span class='ocrx_word' id='word_1_356' title='bbox 3082 1126 3309 1185; x_wconf 86' lang='lat' dir='ltr'>autern</span> <span class='ocrx_word' id='word_1_357' title='bbox 3368 1116 3665 1207; x_wconf 90' lang='lat' dir='ltr'>probans</span> <span class='ocrx_word' id='word_1_358' title='bbox 3712 1115 3884 1183; x_wconf 88' lang='lat' dir='ltr'>hanc</span> 
     </span>
     <span class='ocr_line' id='line_1_62' title="bbox 2337 1225 3885 1317; baseline -0.002 -24"><span class='ocrx_word' id='word_1_359' title='bbox 2337 1227 2761 1315; x_wconf 79' lang='lat' dir='ltr'>opinionem,</span> <span class='ocrx_word' id='word_1_360' title='bbox 2806 1226 3166 1294; x_wconf 90' lang='lat' dir='ltr'>dicendum</span> <span class='ocrx_word' id='word_1_361' title='bbox 3208 1226 3393 1317; x_wconf 89' lang='lat' dir='ltr'>quod</span> <span class='ocrx_word' id='word_1_362' title='bbox 3437 1248 3634 1292; x_wconf 80' lang='lat' dir='ltr'>nosse</span> <span class='ocrx_word' id='word_1_363' title='bbox 3670 1225 3885 1292; x_wconf 90' lang='lat' dir='ltr'>sumi-</span> 
     </span>
     <span class='ocr_line' id='line_1_63' title="bbox 2334 1330 3885 1422; baseline 0.001 -25"><span class='ocrx_word' id='word_1_364' title='bbox 2334 1341 2446 1398; x_wconf 86' lang='lat' dir='ltr'>tur</span> <span class='ocrx_word' id='word_1_365' title='bbox 2484 1331 2595 1399; x_wconf 89' lang='lat' dir='ltr'>hic</span> <span class='ocrx_word' id='word_1_366' title='bbox 2625 1355 2746 1422; x_wconf 87' lang='lat' dir='ltr'>pro</span> <span class='ocrx_word' id='word_1_367' title='bbox 2777 1333 3007 1401; x_wconf 84' lang='lat' dir='ltr'>videre</span> <span class='ocrx_word' id='word_1_368' title='bbox 3037 1356 3109 1400; x_wconf 89' lang='lat' dir='ltr'>se</span> <span class='ocrx_word' id='word_1_369' title='bbox 3148 1333 3219 1400; x_wconf 90' lang='lat' dir='ltr'>in</span> <span class='ocrx_word' id='word_1_370' title='bbox 3257 1333 3501 1400; x_wconf 84' lang='lat' dir='ltr'>notitia</span> <span class='ocrx_word' id='word_1_371' title='bbox 3543 1355 3561 1400; x_wconf 76' lang='grc' dir='ltr'><strong><em>ε</em></strong></span> <span class='ocrx_word' id='word_1_372' title='bbox 3613 1332 3772 1422; x_wconf 85' lang='lat' dir='ltr'>quia</span> <span class='ocrx_word' id='word_1_373' title='bbox 3800 1330 3885 1398; x_wconf 87' lang='lat' dir='ltr'>ad</span> 
     </span>
     <span class='ocr_line' id='line_1_64' title="bbox 2334 1436 3882 1529; baseline 0.001 -26"><span class='ocrx_word' id='word_1_374' title='bbox 2334 1436 2510 1507; x_wconf 91' lang='lat' dir='ltr'>hanc</span> <span class='ocrx_word' id='word_1_375' title='bbox 2538 1440 2850 1507; x_wconf 86' lang='lat' dir='ltr'>notitiam</span> <span class='ocrx_word' id='word_1_376' title='bbox 2880 1441 3187 1529; x_wconf 89' lang='lat' dir='ltr'>sequitur</span> <span class='ocrx_word' id='word_1_377' title='bbox 3224 1461 3421 1507; x_wconf 90' lang='lat' dir='ltr'>amor</span> <span class='ocrx_word' id='word_1_378' title='bbox 3473 1465 3490 1506; x_wconf 75' lang='grc' dir='ltr'><strong><em>ε</em></strong></span> <span class='ocrx_word' id='word_1_379' title='bbox 3526 1442 3618 1506; x_wconf 86' lang='lat' dir='ltr'>ita</span> <span class='ocrx_word' id='word_1_380' title='bbox 3653 1447 3882 1506; x_wconf 90' lang='lat' dir='ltr'>tamen</span> 
     </span>
     <span class='ocr_line' id='line_1_65' title="bbox 2334 1546 3883 1637; baseline -0.001 -23"><span class='ocrx_word' id='word_1_381' title='bbox 2334 1549 2518 1637; x_wconf 89' lang='lat' dir='ltr'>quod</span> <span class='ocrx_word' id='word_1_382' title='bbox 2547 1549 2776 1617; x_wconf 85' lang='lat' dir='ltr'>videre</span> <span class='ocrx_word' id='word_1_383' title='bbox 2816 1571 2886 1616; x_wconf 87' lang='lat' dir='ltr'>se</span> <span class='ocrx_word' id='word_1_384' title='bbox 2926 1549 3016 1617; x_wconf 88' lang='lat' dir='ltr'>sit</span> <span class='ocrx_word' id='word_1_385' title='bbox 3069 1548 3273 1637; x_wconf 91' lang='lat' dir='ltr'>objici</span> <span class='ocrx_word' id='word_1_386' title='bbox 3330 1548 3458 1616; x_wconf 91' lang='lat' dir='ltr'>sibi</span> <span class='ocrx_word' id='word_1_387' title='bbox 3499 1549 3571 1615; x_wconf 90' lang='lat' dir='ltr'>in</span> <span class='ocrx_word' id='word_1_388' title='bbox 3627 1546 3883 1614; x_wconf 89' lang='lat' dir='ltr'>lumine</span> 
     </span>
     <span class='ocr_line' id='line_1_66' title="bbox 2331 1654 3882 1747; baseline -0.002 -24"><span class='ocrx_word' id='word_1_389' title='bbox 2331 1657 2590 1724; x_wconf 87' lang='lat' dir='ltr'>notitiae</span> <span class='ocrx_word' id='word_1_390' title='bbox 2621 1666 2689 1724; x_wconf 87' lang='lat' dir='ltr'>et</span> <span class='ocrx_word' id='word_1_391' title='bbox 2722 1656 3098 1725; x_wconf 88' lang='lat' dir='ltr'>intellectus</span> <span class='ocrx_word' id='word_1_392' title='bbox 3128 1657 3394 1747; x_wconf 84' lang='lat' dir='ltr'>agentis</span> <span class='ocrx_word' id='word_1_393' title='bbox 3437 1678 3454 1725; x_wconf 77' lang='lat' dir='ltr'>t</span> <span class='ocrx_word' id='word_1_394' title='bbox 3490 1657 3652 1746; x_wconf 89' lang='lat' dir='ltr'>quia</span> <span class='ocrx_word' id='word_1_395' title='bbox 3690 1654 3882 1723; x_wconf 88' lang='lat' dir='ltr'>aliter</span> 
     </span>
     <span class='ocr_line' id='line_1_67' title="bbox 2333 1770 3183 1853; baseline 0 -25"><span class='ocrx_word' id='word_1_396' title='bbox 2333 1784 2473 1829; x_wconf 89' lang='lat' dir='ltr'>non</span> <span class='ocrx_word' id='word_1_397' title='bbox 2513 1785 2783 1853; x_wconf 85' lang='lat' dir='ltr'>semper</span> <span class='ocrx_word' id='word_1_398' title='bbox 2821 1770 3050 1830; x_wconf 85' lang='lat' dir='ltr'>nosset</span> <span class='ocrx_word' id='word_1_399' title='bbox 3088 1784 3183 1829; x_wconf 87' lang='lat' dir='ltr'>se.</span> 
     </span>
    </p>
   </div>
   <div class='ocr_carea' id='block_1_14' title="bbox 2649 2178 3556 2251">
    <p class='ocr_par' dir='ltr' id='par_1_16' title="bbox 2649 2178 3556 2251">
     <span class='ocr_line' id='line_1_68' title="bbox 2649 2178 3556 2251; baseline -0.003 -2"><span class='ocrx_word' id='word_1_400' title='bbox 2649 2179 3153 2251; x_wconf 83' lang='lat' dir='ltr'>ARTICULUS</span> <span class='ocrx_word' id='word_1_401' title='bbox 3199 2178 3556 2249; x_wconf 77' lang='lat' dir='ltr'>XXXVII.</span> 
     </span>
    </p>
   </div>
   <div class='ocr_carea' id='block_1_15' title="bbox 2335 2394 3882 2917">
    <p class='ocr_par' dir='ltr' id='par_1_17' title="bbox 2335 2394 3882 2917">
     <span class='ocr_line' id='line_1_69' title="bbox 2335 2394 3882 2486; baseline -0.005 -19"><span class='ocrx_word' id='word_1_402' title='bbox 2335 2401 2585 2467; x_wconf 82' lang='lat' dir='ltr'>Utrum</span> <span class='ocrx_word' id='word_1_403' title='bbox 2639 2398 2740 2465; x_wconf 81' lang='lat' dir='ltr'>ita</span> <span class='ocrx_word' id='word_1_404' title='bbox 2793 2398 2885 2464; x_wconf 79' lang='lat' dir='ltr'>sit</span> <span class='ocrx_word' id='word_1_405' title='bbox 2936 2398 3035 2464; x_wconf 82' lang='lat' dir='ltr'>in·</span> <span class='ocrx_word' id='word_1_406' title='bbox 3063 2397 3214 2463; x_wconf 77' lang='lat' dir='ltr'>istis</span> <span class='ocrx_word' id='word_1_407' title='bbox 3251 2396 3430 2463; x_wconf 79' lang='lat' dir='ltr'>sicut</span> <span class='ocrx_word' id='word_1_408' title='bbox 3479 2395 3554 2462; x_wconf 75' lang='lat' dir='ltr'>in</span> <span class='ocrx_word' id='word_1_409' title='bbox 3571 2394 3882 2486; x_wconf 82' lang='lat' dir='ltr'>personis</span> 
     </span>
     <span class='ocr_line' id='line_1_70' title="bbox 2416 2500 3876 2595; baseline -0.004 -23"><span class='ocrx_word' id='word_1_410' title='bbox 2416 2506 2696 2587; x_wconf 75' lang='lat' dir='ltr'>diviniS,</span> <span class='ocrx_word' id='word_1_411' title='bbox 2731 2503 2919 2595; x_wconf 83' lang='lat' dir='ltr'>quod</span> <span class='ocrx_word' id='word_1_412' title='bbox 2953 2525 3170 2571; x_wconf 82' lang='lat' dir='ltr'>unum</span> <span class='ocrx_word' id='word_1_413' title='bbox 3208 2502 3537 2594; x_wconf 78' lang='lat' dir='ltr'>procedat</span> <span class='ocrx_word' id='word_1_414' title='bbox 3575 2502 3665 2571; x_wconf 83' lang='lat' dir='ltr'>ab</span> <span class='ocrx_word' id='word_1_415' title='bbox 3708 2500 3876 2579; x_wconf 81' lang='lat' dir='ltr'>alio,</span> 
     </span>
     <span class='ocr_line' id='line_1_71' title="bbox 2411 2601 3882 2704; baseline -0.005 -24"><span class='ocrx_word' id='word_1_416' title='bbox 2411 2624 2614 2704; x_wconf 77' lang='lat' dir='ltr'>puta,</span> <span class='ocrx_word' id='word_1_417' title='bbox 2658 2612 3124 2701; x_wconf 69' lang='lat' dir='ltr'>intelliqetztia</span> <span class='ocrx_word' id='word_1_418' title='bbox 3172 2634 3216 2679; x_wconf 88' lang='grc' dir='ltr'><em>α</em></span> <span class='ocrx_word' id='word_1_419' title='bbox 3264 2611 3619 2689; x_wconf 82' lang='lat' dir='ltr'>memoria,</span> <span class='ocrx_word' id='word_1_420' title='bbox 3664 2601 3726 2677; x_wconf 77' lang='lat' dir='ltr'>el</span> <span class='ocrx_word' id='word_1_421' title='bbox 3761 2630 3882 2674; x_wconf 83' lang='lat' dir='ltr'>vo-</span> 
     </span>
     <span class='ocr_line' id='line_1_72' title="bbox 2422 2717 3882 2809; baseline -0.003 -22"><span class='ocrx_word' id='word_1_422' title='bbox 2422 2721 2656 2787; x_wconf 77' lang='lat' dir='ltr'>luntas</span> <span class='ocrx_word' id='word_1_423' title='bbox 2693 2718 2781 2786; x_wconf 83' lang='lat' dir='ltr'>ab</span> <span class='ocrx_word' id='word_1_424' title='bbox 2823 2729 3110 2809; x_wconf 81' lang='lat' dir='ltr'>utroque</span> <span class='ocrx_word' id='word_1_425' title='bbox 3139 2741 3163 2786; x_wconf 88' lang='lat'>.·</span> <span class='ocrx_word' id='word_1_426' title='bbox 3198 2719 3377 2786; x_wconf 80' lang='lat' dir='ltr'>sicut</span> <span class='ocrx_word' id='word_1_427' title='bbox 3408 2717 3635 2785; x_wconf 80' lang='lat' dir='ltr'>Filius</span> <span class='ocrx_word' id='word_1_428' title='bbox 3664 2739 3707 2783; x_wconf 89' lang='grc' dir='ltr'><em>α</em></span> <span class='ocrx_word' id='word_1_429' title='bbox 3736 2718 3882 2783; x_wconf 82' lang='grc' dir='ltr'>Ρα-</span> 
     </span>
     <span class='ocr_line' id='line_1_73' title="bbox 2417 2822 3488 2917; baseline -0.003 -23"><span class='ocrx_word' id='word_1_430' title='bbox 2417 2838 2542 2905; x_wconf 80' lang='lat' dir='ltr'>tre,</span> <span class='ocrx_word' id='word_1_431' title='bbox 2576 2837 2639 2894; x_wconf 80' lang='lat' dir='ltr'>el</span> <span class='ocrx_word' id='word_1_432' title='bbox 2668 2828 2975 2917; x_wconf 77' lang='lat' dir='ltr'>Spiritus</span> <span class='ocrx_word' id='word_1_433' title='bbox 3004 2825 3092 2893; x_wconf 80' lang='lat' dir='ltr'>ab</span> <span class='ocrx_word' id='word_1_434' title='bbox 3127 2835 3417 2916; x_wconf 76' lang='lat' dir='ltr'>utroque</span> <span class='ocrx_word' id='word_1_435' title='bbox 3445 2822 3488 2891; x_wconf 82' lang='lat'><em>?</em></span> 
     </span>
    </p>
   </div>
   <div class='ocr_carea' id='block_1_16' title="bbox 2325 3148 3879 5393">
    <p class='ocr_par' dir='ltr' id='par_1_18' title="bbox 2325 3148 3879 3566">
     <span class='ocr_line' id='line_1_74' title="bbox 2423 3148 3879 3243; baseline -0.003 -22"><span class='ocrx_word' id='word_1_436' title='bbox 2423 3152 2681 3222; x_wconf 82' lang='lat' dir='ltr'>Deinde</span> <span class='ocrx_word' id='word_1_437' title='bbox 2729 3153 3077 3243; x_wconf 81' lang='lat' dir='ltr'>quaeritnr‚</span> <span class='ocrx_word' id='word_1_438' title='bbox 3115 3151 3357 3221; x_wconf 88' lang='lat' dir='ltr'>Utrum</span> <span class='ocrx_word' id='word_1_439' title='bbox 3397 3151 3487 3220; x_wconf 88' lang='lat' dir='ltr'>sit</span> <span class='ocrx_word' id='word_1_440' title='bbox 3522 3148 3679 3220; x_wconf 86' lang='lat' dir='ltr'>talis</span> <span class='ocrx_word' id='word_1_441' title='bbox 3716 3173 3879 3242; x_wconf 92' lang='lat' dir='ltr'>pro-</span> 
     </span>
     <span class='ocr_line' id='line_1_75' title="bbox 2325 3260 3873 3350; baseline -0.003 -19"><span class='ocrx_word' id='word_1_442' title='bbox 2325 3263 2545 3331; x_wconf 89' lang='lat' dir='ltr'>cessio</span> <span class='ocrx_word' id='word_1_443' title='bbox 2590 3262 2658 3327; x_wconf 90' lang='lat' dir='ltr'>in</span> <span class='ocrx_word' id='word_1_444' title='bbox 2693 3262 2836 3329; x_wconf 85' lang='lat' dir='ltr'>istis</span> <span class='ocrx_word' id='word_1_445' title='bbox 2861 3260 3185 3350; x_wconf 87' lang='lat' dir='ltr'>potentiis</span> <span class='ocrx_word' id='word_1_446' title='bbox 3216 3261 3391 3328; x_wconf 89' lang='lat' dir='ltr'>sicut</span> <span class='ocrx_word' id='word_1_447' title='bbox 3420 3268 3522 3327; x_wconf 86' lang='lat' dir='ltr'>est</span> <span class='ocrx_word' id='word_1_448' title='bbox 3554 3261 3622 3326; x_wconf 91' lang='lat' dir='ltr'>in</span> <span class='ocrx_word' id='word_1_449' title='bbox 3648 3282 3873 3350; x_wconf 81' lang='lat' dir='ltr'>perso·</span> 
     </span>
     <span class='ocr_line' id='line_1_76' title="bbox 2329 3365 3874 3452; baseline -0.004 -15"><span class='ocrx_word' id='word_1_450' title='bbox 2329 3369 2433 3437; x_wconf 89' lang='lat' dir='ltr'>nis</span> <span class='ocrx_word' id='word_1_451' title='bbox 2464 3369 2740 3452; x_wconf 81' lang='lat' dir='ltr'>divinis,</span> <span class='ocrx_word' id='word_1_452' title='bbox 2774 3376 2840 3437; x_wconf 91' lang='lat' dir='ltr'>et</span> <span class='ocrx_word' id='word_1_453' title='bbox 2871 3367 3182 3436; x_wconf 90' lang='lat' dir='ltr'>similiter</span> <span class='ocrx_word' id='word_1_454' title='bbox 3214 3368 3284 3434; x_wconf 95' lang='lat' dir='ltr'>in</span> <span class='ocrx_word' id='word_1_455' title='bbox 3316 3365 3449 3435; x_wconf 87' lang='lat' dir='ltr'>illis</span> <span class='ocrx_word' id='word_1_456' title='bbox 3480 3365 3821 3435; x_wconf 87' lang='lat' dir='ltr'>habitibus</span> <span class='ocrx_word' id='word_1_457' title='bbox 3842 3371 3874 3431; x_wconf 71' lang='lat' dir='ltr'>‘I</span> 
     </span>
     <span class='ocr_line' id='line_1_77' title="bbox 2327 3474 3300 3566; baseline 0 -24"><span class='ocrx_word' id='word_1_458' title='bbox 2327 3475 2411 3542; x_wconf 81' lang='lat' dir='ltr'>Et</span> <span class='ocrx_word' id='word_1_459' title='bbox 2441 3475 2713 3545; x_wconf 85' lang='lat' dir='ltr'>videtur</span> <span class='ocrx_word' id='word_1_460' title='bbox 2743 3474 2926 3566; x_wconf 88' lang='lat' dir='ltr'>quod</span> <span class='ocrx_word' id='word_1_461' title='bbox 2956 3475 3054 3543; x_wconf 80' lang='lat' dir='ltr'>sic</span> <span class='ocrx_word' id='word_1_462' title='bbox 3085 3496 3102 3541; x_wconf 79' lang='grc' dir='ltr'><strong><em>ε</em></strong></span> <span class='ocrx_word' id='word_1_463' title='bbox 3138 3475 3300 3564; x_wconf 88' lang='lat' dir='ltr'>quia</span> 
     </span>
    </p>

    <p class='ocr_par' dir='ltr' id='par_1_19' title="bbox 2326 3578 3877 4188">
     <span class='ocr_line' id='line_1_78' title="bbox 2428 3578 3877 3672; baseline -0.001 -23"><span class='ocrx_word' id='word_1_464' title='bbox 2428 3586 2484 3652; x_wconf 88' lang='lat' dir='ltr'>l.</span> <span class='ocrx_word' id='word_1_465' title='bbox 2528 3580 2875 3672; x_wconf 85' lang='lat' dir='ltr'>Quidquid</span> <span class='ocrx_word' id='word_1_466' title='bbox 2944 3582 3011 3648; x_wconf 90' lang='lat' dir='ltr'>in</span> <span class='ocrx_word' id='word_1_467' title='bbox 3066 3578 3437 3671; x_wconf 81' lang='lat' dir='ltr'>exemplari</span> <span class='ocrx_word' id='word_1_468' title='bbox 3496 3588 3620 3657; x_wconf 85' lang='lat' dir='ltr'>est,</span> <span class='ocrx_word' id='word_1_469' title='bbox 3683 3578 3877 3647; x_wconf 82' lang='lat' dir='ltr'>debet</span> 
     </span>
     <span class='ocr_line' id='line_1_79' title="bbox 2329 3686 3871 3780; baseline -0.001 -21"><span class='ocrx_word' id='word_1_470' title='bbox 2329 3714 2474 3759; x_wconf 82' lang='lat' dir='ltr'>esse</span> <span class='ocrx_word' id='word_1_471' title='bbox 2514 3713 2635 3780; x_wconf 83' lang='lat' dir='ltr'>per</span> <span class='ocrx_word' id='word_1_472' title='bbox 2672 3689 2969 3780; x_wconf 82' lang='lat' dir='ltr'>aliquem</span> <span class='ocrx_word' id='word_1_473' title='bbox 3005 3687 3285 3756; x_wconf 86' lang='lat' dir='ltr'>modum</span> <span class='ocrx_word' id='word_1_474' title='bbox 3319 3687 3387 3755; x_wconf 89' lang='lat' dir='ltr'>in</span> <span class='ocrx_word' id='word_1_475' title='bbox 3428 3686 3810 3778; x_wconf 82' lang='lat' dir='ltr'>exemplato</span> <span class='ocrx_word' id='word_1_476' title='bbox 3853 3710 3871 3758; x_wconf 74' lang='grc' dir='ltr'><strong><em>ε</em></strong></span> 
     </span>
     <span class='ocr_line' id='line_1_80' title="bbox 2328 3794 3873 3887; baseline -0.003 -21"><span class='ocrx_word' id='word_1_477' title='bbox 2328 3800 2444 3866; x_wconf 84' lang='lat' dir='ltr'>sed</span> <span class='ocrx_word' id='word_1_478' title='bbox 2477 3799 2547 3866; x_wconf 92' lang='lat' dir='ltr'>in</span> <span class='ocrx_word' id='word_1_479' title='bbox 2587 3796 2959 3887; x_wconf 83' lang='lat' dir='ltr'>exemplari</span> <span class='ocrx_word' id='word_1_480' title='bbox 2988 3804 3091 3864; x_wconf 86' lang='lat' dir='ltr'>est</span> <span class='ocrx_word' id='word_1_481' title='bbox 3119 3794 3462 3887; x_wconf 87' lang='lat' dir='ltr'>processio</span> <span class='ocrx_word' id='word_1_482' title='bbox 3494 3817 3796 3886; x_wconf 84' lang='lat' dir='ltr'>personae</span> <span class='ocrx_word' id='word_1_483' title='bbox 3836 3817 3873 3862; x_wconf 87' lang='lat' dir='ltr'>a</span> 
     </span>
     <span class='ocr_line' id='line_1_81' title="bbox 2328 3901 3873 3995; baseline -0.001 -24"><span class='ocrx_word' id='word_1_484' title='bbox 2328 3926 2620 3995; x_wconf 84' lang='lat' dir='ltr'>persona</span> <span class='ocrx_word' id='word_1_485' title='bbox 2650 3925 2665 3970; x_wconf 89' lang='lat'><strong>:</strong></span> <span class='ocrx_word' id='word_1_486' title='bbox 2702 3926 2865 3994; x_wconf 84' lang='lat' dir='ltr'>ergo</span> <span class='ocrx_word' id='word_1_487' title='bbox 2894 3903 3099 3970; x_wconf 88' lang='lat' dir='ltr'>etiam</span> <span class='ocrx_word' id='word_1_488' title='bbox 3129 3901 3330 3969; x_wconf 82' lang='lat' dir='ltr'>debet</span> <span class='ocrx_word' id='word_1_489' title='bbox 3358 3924 3505 3969; x_wconf 84' lang='lat' dir='ltr'>esse</span> <span class='ocrx_word' id='word_1_490' title='bbox 3535 3901 3873 3992; x_wconf 87' lang='lat' dir='ltr'>processio</span> 
     </span>
     <span class='ocr_line' id='line_1_82' title="bbox 2328 4007 3872 4103; baseline -0.003 -23"><span class='ocrx_word' id='word_1_491' title='bbox 2328 4012 2651 4103; x_wconf 63' lang='lat' dir='ltr'>potentia!</span> <span class='ocrx_word' id='word_1_492' title='bbox 2688 4035 2729 4078; x_wconf 88' lang='lat' dir='ltr'>a</span> <span class='ocrx_word' id='word_1_493' title='bbox 2764 4010 3067 4100; x_wconf 87' lang='lat' dir='ltr'>potentia</span> <span class='ocrx_word' id='word_1_494' title='bbox 3105 4009 3174 4077; x_wconf 91' lang='lat' dir='ltr'>in</span> <span class='ocrx_word' id='word_1_495' title='bbox 3204 4007 3615 4099; x_wconf 83' lang='lat' dir='ltr'>exemplato,</span> <span class='ocrx_word' id='word_1_496' title='bbox 3657 4018 3734 4077; x_wconf 89' lang='lat' dir='ltr'>ut</span> <span class='ocrx_word' id='word_1_497' title='bbox 3777 4010 3872 4075; x_wconf 82' lang='lat' dir='ltr'>vi·</span> 
     </span>
     <span class='ocr_line' id='line_1_83' title="bbox 2326 4119 2548 4188; baseline -0.005 -1"><span class='ocrx_word' id='word_1_498' title='bbox 2326 4119 2548 4188; x_wconf 87' lang='lat' dir='ltr'>detur.</span> 
     </span>
    </p>

    <p class='ocr_par' dir='ltr' id='par_1_20' title="bbox 2327 4223 3877 4747">
     <span class='ocr_line' id='line_1_84' title="bbox 2416 4223 3871 4315; baseline -0.004 -20"><span class='ocrx_word' id='word_1_499' title='bbox 2416 4232 2482 4295; x_wconf 83' lang='lat'>2.</span> <span class='ocrx_word' id='word_1_500' title='bbox 2548 4226 2745 4301; x_wconf 85' lang='lat' dir='ltr'>ltem,</span> <span class='ocrx_word' id='word_1_501' title='bbox 2807 4225 3136 4314; x_wconf 82' lang='lat' dir='ltr'>Expresse</span> <span class='ocrx_word' id='word_1_502' title='bbox 3191 4223 3354 4291; x_wconf 93' lang='lat' dir='ltr'>dicit</span> <span class='ocrx_word' id='word_1_503' title='bbox 3424 4223 3871 4315; x_wconf 84' lang='lat' dir='ltr'>Augustinus,</span> 
     </span>
     <span class='ocr_line' id='line_1_85' title="bbox 2331 4331 3876 4427; baseline -0.003 -23"><span class='ocrx_word' id='word_1_504' title='bbox 2331 4335 2513 4427; x_wconf 89' lang='lat' dir='ltr'>quod</span> <span class='ocrx_word' id='word_1_505' title='bbox 2555 4357 2634 4402; x_wconf 85' lang='lat' dir='ltr'>ex</span> <span class='ocrx_word' id='word_1_506' title='bbox 2669 4334 2998 4402; x_wconf 87' lang='lat' dir='ltr'>memoria</span> <span class='ocrx_word' id='word_1_507' title='bbox 3031 4341 3132 4400; x_wconf 85' lang='lat' dir='ltr'>est</span> <span class='ocrx_word' id='word_1_508' title='bbox 3175 4331 3649 4423; x_wconf 84' lang='lat' dir='ltr'>intelligentia,</span> <span class='ocrx_word' id='word_1_509' title='bbox 3691 4341 3753 4400; x_wconf 86' lang='lat' dir='ltr'>et</span> <span class='ocrx_word' id='word_1_510' title='bbox 3793 4355 3876 4399; x_wconf 83' lang='lat' dir='ltr'>ex</span> 
     </span>
     <span class='ocr_line' id='line_1_86' title="bbox 2331 4438 3874 4531; baseline -0.002 -21"><span class='ocrx_word' id='word_1_511' title='bbox 2331 4442 2664 4510; x_wconf 88' lang='lat' dir='ltr'>memoria</span> <span class='ocrx_word' id='word_1_512' title='bbox 2702 4449 2768 4508; x_wconf 85' lang='lat' dir='ltr'>et</span> <span class='ocrx_word' id='word_1_513' title='bbox 2801 4439 3244 4531; x_wconf 83' lang='lat' dir='ltr'>intelligentia</span> <span class='ocrx_word' id='word_1_514' title='bbox 3281 4438 3601 4507; x_wconf 74' lang='lat' dir='ltr'>voluntas</span> <span class='ocrx_word' id='word_1_515' title='bbox 3646 4462 3662 4507; x_wconf 74' lang='grc' dir='ltr'><strong><em>ε</em></strong></span> <span class='ocrx_word' id='word_1_516' title='bbox 3715 4463 3874 4530; x_wconf 85' lang='lat' dir='ltr'>ergo</span> 
     </span>
     <span class='ocr_line' id='line_1_87' title="bbox 2327 4547 3877 4639; baseline -0.002 -23"><span class='ocrx_word' id='word_1_517' title='bbox 2327 4549 2620 4626; x_wconf 75' lang='lat' dir='ltr'>videtur,</span> <span class='ocrx_word' id='word_1_518' title='bbox 2657 4547 2843 4639; x_wconf 84' lang='lat' dir='ltr'>quod</span> <span class='ocrx_word' id='word_1_519' title='bbox 2897 4548 3180 4615; x_wconf 89' lang='lat' dir='ltr'>istarum</span> <span class='ocrx_word' id='word_1_520' title='bbox 3237 4548 3696 4638; x_wconf 82' lang='lat' dir='ltr'>potentiarum</span> <span class='ocrx_word' id='word_1_521' title='bbox 3741 4569 3877 4614; x_wconf 87' lang='lat' dir='ltr'>una</span> 
     </span>
     <span class='ocr_line' id='line_1_88' title="bbox 2328 4655 2956 4747; baseline -0.006 -22"><span class='ocrx_word' id='word_1_522' title='bbox 2328 4656 2650 4747; x_wconf 83' lang='lat' dir='ltr'>procedat</span> <span class='ocrx_word' id='word_1_523' title='bbox 2688 4655 2772 4723; x_wconf 89' lang='lat' dir='ltr'>ab</span> <span class='ocrx_word' id='word_1_524' title='bbox 2803 4655 2956 4723; x_wconf 86' lang='lat' dir='ltr'>alia.</span> 
     </span>
    </p>

    <p class='ocr_par' dir='ltr' id='par_1_21' title="bbox 2327 4760 3878 5393">
     <span class='ocr_line' id='line_1_89' title="bbox 2416 4760 3871 4853; baseline -0.004 -20"><span class='ocrx_word' id='word_1_525' title='bbox 2416 4767 2482 4833; x_wconf 87' lang='lat'>3.</span> <span class='ocrx_word' id='word_1_526' title='bbox 2520 4763 2878 4841; x_wconf 78' lang='lat' dir='ltr'>l‘raeterea,</span> <span class='ocrx_word' id='word_1_527' title='bbox 2942 4761 3165 4853; x_wconf 86' lang='lat' dir='ltr'>Supra</span> <span class='ocrx_word' id='word_1_528' title='bbox 3224 4760 3529 4830; x_wconf 83' lang='lat' dir='ltr'>habitum</span> <span class='ocrx_word' id='word_1_529' title='bbox 3590 4772 3715 4844; x_wconf 86' lang='lat' dir='ltr'>est,</span> <span class='ocrx_word' id='word_1_530' title='bbox 3758 4761 3871 4827; x_wconf 83' lang='lat' dir='ltr'>ubi</span> 
     </span>
     <span class='ocr_line' id='line_1_90' title="bbox 2328 4868 3878 4960; baseline -0.002 -23"><span class='ocrx_word' id='word_1_531' title='bbox 2328 4872 2674 4960; x_wconf 79' lang='lat' dir='ltr'>assignata</span> <span class='ocrx_word' id='word_1_532' title='bbox 2705 4879 2806 4936; x_wconf 89' lang='lat' dir='ltr'>est</span> <span class='ocrx_word' id='word_1_533' title='bbox 2861 4868 3241 4936; x_wconf 78' lang='lat' dir='ltr'>differentia</span> <span class='ocrx_word' id='word_1_534' title='bbox 3289 4868 3557 4958; x_wconf 86' lang='lat' dir='ltr'>vestigii</span> <span class='ocrx_word' id='word_1_535' title='bbox 3603 4875 3668 4935; x_wconf 91' lang='lat' dir='ltr'>et</span> <span class='ocrx_word' id='word_1_536' title='bbox 3714 4869 3878 4934; x_wconf 88' lang='lat' dir='ltr'>ima-</span> 
     </span>
     <span class='ocr_line' id='line_1_91' title="bbox 2328 4974 3871 5068; baseline -0.003 -23"><span class='ocrx_word' id='word_1_537' title='bbox 2328 4980 2508 5068; x_wconf 84' lang='lat' dir='ltr'>ginis</span> <span class='ocrx_word' id='word_1_538' title='bbox 2547 4993 2595 5061; x_wconf 73' lang='lat'>2,</span> <span class='ocrx_word' id='word_1_539' title='bbox 2632 4977 2816 5068; x_wconf 91' lang='lat' dir='ltr'>quod</span> <span class='ocrx_word' id='word_1_540' title='bbox 2862 4978 3226 5066; x_wconf 83' lang='lat' dir='ltr'>vestigium</span> <span class='ocrx_word' id='word_1_541' title='bbox 3275 4975 3460 5045; x_wconf 90' lang='lat' dir='ltr'>ducit</span> <span class='ocrx_word' id='word_1_542' title='bbox 3502 4974 3871 5056; x_wconf 75' lang='lat' dir='ltr'>confusiuS,</span> 
     </span>
     <span class='ocr_line' id='line_1_92' title="bbox 2328 5085 3876 5175; baseline -0.003 -22"><span class='ocrx_word' id='word_1_543' title='bbox 2328 5096 2393 5153; x_wconf 91' lang='lat' dir='ltr'>et</span> <span class='ocrx_word' id='word_1_544' title='bbox 2425 5087 2655 5175; x_wconf 82' lang='lat' dir='ltr'>imago</span> <span class='ocrx_word' id='word_1_545' title='bbox 2694 5085 3048 5153; x_wconf 86' lang='lat' dir='ltr'>discretius</span> <span class='ocrx_word' id='word_1_546' title='bbox 3087 5105 3226 5151; x_wconf 89' lang='lat' dir='ltr'>non</span> <span class='ocrx_word' id='word_1_547' title='bbox 3259 5092 3519 5150; x_wconf 89' lang='lat' dir='ltr'>tantum</span> <span class='ocrx_word' id='word_1_548' title='bbox 3550 5085 3620 5150; x_wconf 92' lang='lat' dir='ltr'>in</span> <span class='ocrx_word' id='word_1_549' title='bbox 3652 5104 3876 5174; x_wconf 84' lang='lat' dir='ltr'>perso-</span> 
     </span>
     <span class='ocr_line' id='line_1_93' title="bbox 2327 5190 3873 5269; baseline -0.004 -9"><span class='ocrx_word' id='word_1_550' title='bbox 2327 5216 2448 5260; x_wconf 83' lang='lat' dir='ltr'>nas</span> <span class='ocrx_word' id='word_1_551' title='bbox 2480 5192 2854 5269; x_wconf 75' lang='lat' dir='ltr'>distinctaS,</span> <span class='ocrx_word' id='word_1_552' title='bbox 2888 5190 3007 5258; x_wconf 86' lang='lat' dir='ltr'>sed</span> <span class='ocrx_word' id='word_1_553' title='bbox 3035 5190 3240 5258; x_wconf 84' lang='lat' dir='ltr'>etiam</span> <span class='ocrx_word' id='word_1_554' title='bbox 3271 5191 3341 5256; x_wconf 87' lang='lat' dir='ltr'>in</span> <span class='ocrx_word' id='word_1_555' title='bbox 3372 5190 3873 5258; x_wconf 86' lang='lat' dir='ltr'>distinctionem</span> 
     </span>
     <span class='ocr_line' id='line_1_94' title="bbox 2330 5298 3876 5393; baseline -0.003 -24"><span class='ocrx_word' id='word_1_556' title='bbox 2330 5322 2776 5393; x_wconf 85' lang='lat' dir='ltr'>personarum</span> <span class='ocrx_word' id='word_1_557' title='bbox 2832 5323 2847 5366; x_wconf 91' lang='lat'>:</span> <span class='ocrx_word' id='word_1_558' title='bbox 2893 5298 3023 5366; x_wconf 88' lang='lat' dir='ltr'>hoc</span> <span class='ocrx_word' id='word_1_559' title='bbox 3072 5307 3300 5366; x_wconf 85' lang='lat' dir='ltr'>autem</span> <span class='ocrx_word' id='word_1_560' title='bbox 3351 5299 3494 5367; x_wconf 81' lang='lat' dir='ltr'>lieri</span> <span class='ocrx_word' id='word_1_561' title='bbox 3544 5320 3700 5366; x_wconf 89' lang='lat' dir='ltr'>non·</span> <span class='ocrx_word' id='word_1_562' title='bbox 3723 5307 3876 5387; x_wconf 82' lang='lat' dir='ltr'>post</span> 
     </span>
    </p>
   </div>
   <div class='ocr_carea' id='block_1_17' title="bbox 2395 5547 3555 5625">
    <p class='ocr_par' dir='ltr' id='par_1_22' title="bbox 2395 5547 3555 5625">
     <span class='ocr_line' id='line_1_95' title="bbox 2395 5547 3555 5625; baseline -0.001 -21"><span class='ocrx_word' id='word_1_563' title='bbox 2395 5549 2416 5584; x_wconf 81' lang='lat'><strong>¹</strong></span> <span class='ocrx_word' id='word_1_564' title='bbox 2445 5550 2531 5605; x_wconf 78' lang='lat' dir='ltr'>Cf.</span> <span class='ocrx_word' id='word_1_565' title='bbox 2559 5565 2758 5625; x_wconf 80' lang='lat' dir='ltr'>supra,</span> <span class='ocrx_word' id='word_1_566' title='bbox 2793 5547 2935 5604; x_wconf 78' lang='lat' dir='ltr'>nist.</span> <span class='ocrx_word' id='word_1_567' title='bbox 2968 5547 3067 5616; x_wconf 88' lang='lat'>111,</span> <span class='ocrx_word' id='word_1_568' title='bbox 3101 5551 3225 5603; x_wconf 80' lang='lat' dir='ltr'>Art.</span> <span class='ocrx_word' id='word_1_569' title='bbox 3251 5548 3318 5603; x_wconf 78' lang='lat'>12</span> <span class='ocrx_word' id='word_1_570' title='bbox 3341 5552 3402 5604; x_wconf 85' lang='lat' dir='ltr'>et</span> <span class='ocrx_word' id='word_1_571' title='bbox 3429 5563 3555 5620; x_wconf 85' lang='lat' dir='ltr'>seq.</span> 
     </span>
    </p>
   </div>
  </div>
 </body>
</html>
