4897 6388
1821 343 1913 408 IN
1967 343 1990 408 l
2044 342 2471 408 SENTENT.
2523 337 2763 444 lJlS'l'.=
2803 339 3059 419 xxlv,
3114 341 3194 420 B,
3245 341 3444 406 ΛΒΤ.
3500 343 3560 405 3.

1171 519 1234 580 2.
1273 515 1472 593 Item,
1529 514 1604 579 In
1638 515 2038 580 auctoritate
2077 535 2285 599 supra
2312 513 2535 600 posita
2575 511 2642 576 in

1088 625 1310 713 primo
1377 622 1587 689 dubio
1648 619 1850 707 hujus
1908 619 2390 697 distinctioniS‚
2440 620 2505 685 in
2538 641 2649 684 se·-

1074 730 1295 797 eunda
1336 729 1731 818 acceptione
1777 728 2069 804 numeri,
2128 727 2190 792 id
2255 726 2435 815 quod
2509 749 2644 792 non

1076 837 1404 904 dividitur
1433 835 1819 904 secundum
1848 834 2034 925 quod
2085 858 2220 900 non
2293 834 2640 911 dividitur,

1083 946 1333 1011 dieitur
1364 966 1622 1009 unum:
1671 966 1834 1033 ergo
1870 943 2040 1009 ratio
2102 966 2238 1008 non
2290 943 2645 1008 divisionis

1083 1061 1184 1118 est
1216 1053 1383 1118 ratio
1428 1051 1631 1117 unius
1668 1073 1681 1116 ε
1718 1074 1881 1139 ergo
1926 1053 2094 1116 ratio
2147 1072 2271 1116 sua
2336 1049 2648 1115 consistit

1077 1157 1142 1219 in
1192 1154 1560 1243 negatione
1601 1153 1707 1221 vel
1778 1154 2163 1242 privatione
2207 1174 2222 1218 :
2264 1175 2429 1241 ergo
2479 1150 2645 1218 nihil

1086 1263 1303 1352 ponit.

1174 1375 1237 1437 3.
1289 1371 1485 1446 Item,
1559 1369 2073 1436 Coinmentator
2145 1367 2397 1434 ibidem
2459 1367 2641 1444 dicit,

1078 1478 1270 1569 quod
1303 1500 1516 1543 unum
1553 1486 1618 1544 et
1665 1475 1959 1543 multum
2001 1486 2075 1543 ut
2108 1476 2401 1567 privatio
2443 1474 2649 1541 etha-

1088 1587 1268 1652 bitus
1306 1593 1776 1674 opponuntur,
1813 1590 1880 1651 et
1913 1584 2096 1673 quod
2127 1606 2341 1649 unum
2384 1592 2486 1649 est
2518 1583 2651 1672 pri-

1091 1695 1273 1760 vatio
1308 1691 1664 1759 divisionis
1696 1713 1849 1782 quae
1893 1692 2049 1758 lacit
2092 1688 2380 1757 multum
2420 1712 2434 1755 :
2481 1712 2646 1779 ergo

1087 1825 1241 1869 cum
1269 1800 1559 1891 privatio
1594 1797 1762 1866 nihil
1796 1808 2005 1889 ponat
2042 1799 2173 1864 nisi
2233 1798 2642 1886 stheclum,

1085 1912 1355 1978 videtur
1408 1909 1595 2000 quod
1635 1931 1855 1976 unum
1889 1907 2059 1976 nihil
2091 1916 2327 1999 ponat.

1179 2021 1232 2087 t.
1278 2018 1477 2100 ltern,
1514 2017 2004 2086 Commentnm
2076 2017 2264 2098 dicit,
2305 2016 2488 2106 quod
2530 2038 2650 2083 ens

1083 2140 1147 2197 et
1182 2153 1395 2196 unum
1445 2137 1606 2196 sunt
1673 2151 2058 2220 synonyma
2123 2151 2137 2196 ε
2203 2151 2365 2217 ergo
2434 2149 2648 2194 unum

1079 2237 1244 2304 nihil
1288 2236 1476 2304 addit
1524 2260 1731 2328 super
1783 2260 1905 2305 ens
1964 2260 1978 2303 :
2020 2260 2183 2327 ergo
2238 2259 2450 2303 unum
2522 2235 2653 2303 hoc

1085 2344 1249 2412 nihil
1283 2343 1469 2411 addit
1509 2367 1718 2435 supra
1771 2367 1889 2413 ens
1921 2342 2052 2411 hoc·
2098 2365 2113 2411 t
2150 2365 2312 2434 crgo
2350 2342 2516 2410 nihil
2554 2365 2654 2408 rc-

1093 2455 1335 2543 linquit
1382 2454 1696 2542 positive.

1188 2564 1250 2628 55.
1290 2559 1487 2641 Item,
1545 2558 1618 2625 ld
1661 2558 1843 2650 quod
1885 2581 1969 2625 ex
2036 2557 2381 2625 additione
2425 2583 2496 2624 se
2530 2557 2654 2624 ha-

1104 2669 1206 2735 bel
1242 2691 1395 2736 cum
1428 2667 1681 2758 alique,
1718 2689 1855 2734 non
1880 2668 2473 2735 convertiturcum
2511 2667 2650 2745 illo,

1099 2776 1214 2843 sed
1257 2774 1550 2842 trabitur
1598 2774 1663 2841 in
1712 2776 1938 2841 minus
1992 2797 2257 2846 :unum
2310 2776 2657 2842 converti-

1102 2894 1207 2951 tur
1270 2905 1424 2950 curu
1487 2890 1667 2961 ente,
1762 2891 1830 2948 ul
1908 2880 2068 2950 dicit
2133 2881 2651 2971 Philosophus:

1099 3015 1261 3080 ergo
1289 3013 1426 3056 non
1462 3012 1545 3056 ex
1607 2988 1955 3057 additione
1987 3014 2057 3056 sc
2092 2989 2294 3057 habet
2322 2989 2406 3055 ad
2444 2988 2650 3055 illud:

1099 3119 1262 3182 ergo
1305 3094 1472 3161 nihil
1520 3095 1802 3185 ponitur
1843 3117 1962 3184 per
1993 3118 2233 3172 unuin,
2270 3118 2423 3162 cum
2483 3093 2655 3161 ‹lici-

1103 3214 1232 3278 tur,
1279 3200 1423 3268 hirc
1458 3225 1561 3267 res
1593 3209 1692 3268 est
1732 3223 1892 3268 una.

1190 3317 1252 3375 εἰ.
1296 3310 1492 3385 lteni,
1528 3309 1877 3399 Quidquid
1909 3333 1990 3378 ex
2022 3310 2365 3378 additione
2406 3334 2477 3376 se
2534 3309 2660 3376 ha-

1107 3419 1210 3483 twi
1247 3418 1327 3484 ad
1365 3441 1511 3495 ens,
1562 3441 1700 3486 non
1751 3428 1850 3485 est
1899 3421 2196 3511 primum
2248 3420 2656 3509 principium

1107 3530 1187 3593 acl
1221 3528 1739 3596 similitudinem
1791 3530 1966 3597 entis
2009 3554 2023 3597 ε
2062 3553 2273 3597 unum
2301 3538 2525 3596 autem
2557 3535 2654 3594 est

1109 3636 1403 3724 prinlum
1443 3635 1848 3725 principium
1881 3636 1962 3702 ad
1995 3635 2513 3703 similitudinem
2545 3656 2660 3701 en-

1111 3744 1192 3806 tis
1228 3766 1242 3809 ε
1279 3765 1441 3830 ergo
1475 3763 1614 3809 non
1646 3767 1730 3810 ex
1795 3743 2139 3811 additione
2187 3766 2258 3810 se
2325 3741 2521 3810 habet
2576 3740 2657 3808 ad

1106 3873 1223 3915 vn.-
1270 3873 1283 3915 :
1330 3872 1493 3939 ergo
1561 3852 1950 3919 verificatur
2006 3851 2260 3920 dictum
2325 3850 2656 3940 Magistri,

1109 3957 1287 4047 qnod
1335 3980 1470 4024 non
1514 3966 1778 4026 tantum
1815 3959 1881 4025 in
1921 3959 2087 4037 Dee,
2158 3961 2273 4027 sed
2335 3960 2403 4026 in
2473 3958 2659 4026 nulla

1108 4076 1413 4131 creatura
1446 4067 1651 4133 etiam
1700 4066 1957 4158 aliquid
2005 4068 2222 4158 ponit,
2258 4077 2331 4134 ut
2362 4068 2655 4135 videtur.

1196 4173 1266 4237 si
1306 4174 1473 4238 sorte
1515 4172 1795 4252 diceres,
1862 4176 2045 4266 quod
2107 4198 2318 4242 unum
2361 4198 2497 4241 non
2559 4181 2658 4241 est

1111 4281 1404 4370 primum
1453 4305 1468 4348 ε
1506 4278 1634 4348 hoe-
1675 4290 1775 4349 est
1805 4292 2040 4350 contra
2101 4283 2535 4349 Aristotelem
2590 4282 2653 4349 in

1101 4388 1334 4476 prium
1370 4386 1814 4479 philosophia
1862 4390 1929 4456 in
1963 4389 2193 4457 inultis
2236 4389 2422 4457 loeis.
2472 4388 2551 4456 lii
2601 4390 2655 4456 si

1109 4497 1276 4564 fni-i·-
1372 4496 1500 4564 hoe
1569 4521 1705 4564 non
1794 4508 2064 4588 reputas
2145 4500 2655 4576 inconveniens

1108 4605 1226 4672 vrit
1263 4614 1498 4672 eontra
1547 4606 1950 4697 Dionysium
2013 4609 2077 4675 iu
2118 4607 2293 4674 libro
2335 4608 2415 4676 de
2460 4609 2662 4676 lliri-

1107 4715 1211 4776 m‘s·
1269 4713 1690 4795 muniamus,
1771 4716 1887 4781 ubi
1937 4718 2032 4783 sie
2099 4716 2258 4784 dicit
2327 4716 2407 4783 de
2458 4740 2593 4783 uuo
2639 4738 2654 4784 ε

1118 4823 1442 4888 thunium
1480 4832 1575 4889 est
1622 4846 1833 4890 unum
1905 4822 2461 4914 inegressibiliter
2498 4847 2659 4892 cau-

1106 4955 1176 4995 sa
1214 4954 1227 4997 :
1269 4932 1431 4999 nihil
1478 4936 1658 5002 enim
1693 4936 2133 5001 existentium
2174 4942 2270 5001 est
2334 4958 2470 5001 non
2504 4959 2659 5025 par·

1107 5040 1392 5128 ticipans
1426 5064 1563 5109 uuo
1591 5045 1634 5110 ¹.
1671 5041 1900 5110 isthoc
1941 5049 2042 5110 est
2073 5051 2306 5109 contra
2346 5043 2659 5109 Boetium

1111 5146 1174 5212 in
1220 5147 1392 5215 libro
1433 5153 1513 5219 de
1556 5152 1848 5220 Duabus
1881 5153 2153 5219 naturis
2208 5154 2277 5218 in
2321 5174 2463 5218 mea
2514 5176 2669 5243 per-

1106 5279 1274 5323 sona
1318 5259 1603 5341 Christi,
1667 5260 1781 5328 uhi
1844 5261 2055 5329 dicit:
2120 5259 2320 5338 Quod
2372 5283 2508 5327 nou
2568 5268 2665 5327 est

1111 5391 1352 5450 unnim,
1388 5371 1673 5437 omnino
1708 5370 1873 5439 nihil
1909 5376 2004 5437 est
2039 5375 2137 5438 :el
2176 5370 2271 5437 sic
2305 5368 2666 5459 probatum

1110 5489 1229 5556 est,
1271 5477 1452 5568 qum]
1496 5502 1712 5546 unum
1745 5488 1844 5547 est
1883 5479 2182 5569 primum
2225 5480 2398 5545 sicut
2430 5502 2573 5547 ens.

1184 5706 1289 5760 ¹8.
1343 5703 1810 5776 humisa-<min
1869 5705 1944 5761 de
2000 5706 2220 5762 Divinis
2279 5705 2645 5776 nominibuS,

4170 334 4291 400 611

2844 510 2976 577 Seu
3017 535 3266 578 cosma
3305 534 3317 577 :

2850 625 2906 690 l.
2955 621 3027 687 Si
3070 644 3280 688 unum
3352 622 3510 687 dicit
3546 619 3986 708 privationem
4027 637 4040 681 :
4088 626 4144 682 et
4183 615 4297 681 ha·

2752 730 2934 796 bitus
2974 738 3075 795 est
3152 740 3307 795 ante
3351 728 3795 818 privationem
3854 749 3866 790 :
3914 749 4073 814 ergo
4120 723 4299 789 mul-

2757 836 2972 904 titudo
3006 843 3291 903 estante
3339 859 3574 912 uuum,
3622 832 3803 923 quod
3849 831 4089 898 salsum
4138 840 4289 896 est:

2723 948 2914 1035 ,quia
2946 968 3155 1011 unum
3209 954 3502 1011 estante
3553 945 3782 1010 omnia
3843 941 4076 1019 multa,
4127 939 4300 1004 sieut

2754 1057 2916 1123 dicit
2945 1057 3337 1145 Dionysius.
3388 1055 3460 1121 Si
3496 1056 3699 1131 dicas,
3728 1052 3907 1143 quod
3950 1052 4014 1116 in
4044 1050 4298 1115 verita-

2758 1170 2819 1229 te
2869 1161 3233 1229 multitudo
3278 1171 3379 1229 est
3440 1170 3591 1227 ante
3640 1182 3876 1234 unum,
3923 1156 4101 1223 unde
4141 1156 4300 1220 Ari-

2755 1270 3031 1337 stoteles
3059 1272 3125 1336 iu
3151 1269 3215 1336 X
3243 1269 3720 1358 tllelaphgssicoe
3751 1266 3906 1332 dicit
3937 1287 3949 1331 :
3982 1263 4058 1329 Et
4095 1263 4302 1328 scitur

2757 1396 2972 1440 unum
3042 1373 3225 1463 quod
3288 1397 3421 1440 non
3499 1371 3843 1453 dividitur,
3915 1391 4032 1458 per
4090 1391 4300 1433 unuin

2759 1484 2946 1572 quod
2983 1484 3307 1550 dividitur
3351 1506 3364 1546 :
3421 1480 3782 1548 multitudo
3816 1480 3995 1546 enim
4036 1484 4137 1543 est
4170 1501 4301 1543 ma·

2757 1592 2861 1680 gis
2894 1591 3231 1657 sensibilis
3271 1613 3283 1656 :
3322 1599 3386 1656 et
3426 1588 3607 1680 qnod
3668 1587 3989 1655 dividitur
4020 1592 4117 1651 est
4152 1608 4303 1650 ma-

2758 1695 2863 1784 gis
2904 1694 3219 1762 sensibile
3263 1716 3468 1785 quam
3511 1694 3576 1759 id
3622 1692 3805 1783 quod
3862 1713 3999 1757 non
4051 1688 4302 1755 dividi-

2760 1815 2872 1871 tur
2904 1831 2916 1874 :
2951 1827 3111 1895 ergo
3153 1827 3378 1871 sermo
3438 1803 3517 1869 de
3560 1801 3774 1868 multo
3806 1808 3905 1867 est
3943 1805 4097 1866 ante
4157 1819 4303 1863 ser-

2761 1938 3038 1985 monem
3100 1915 3183 1982 de
3249 1914 3638 1981 indivisibili
3708 1908 3932 2003 quoad
3997 1928 4296 1977 sensum.

2761 2026 3029 2093 Comini
3067 2048 3081 2093 :
3119 2023 3254 2091 lste
3286 2023 3469 2091 enim
3502 2044 3855 2112 perversus
3903 2026 4000 2086 est
4032 2014 4303 2084 intelle-

2759 2142 2909 2201 ctus
2956 2130 3144 2200 verbi
3209 2126 3611 2218 Philosophi
3661 2150 3674 2194 :
3733 2128 3787 2193 si
3828 2126 4008 2193 enim
4079 2121 4300 2214 quoad

2760 2261 3036 2307 sensum
3069 2236 3396 2327 accipitur
3430 2257 3638 2301 unum
3698 2233 3778 2300 de.
3822 2232 4075 2308 multis,
4133 2234 4301 2296 sieut

2763 2344 3187 2437 intelligibile
3244 2368 3280 2410 a
3350 2342 3647 2409 sensibili
3689 2341 4123 2419 abstrahitur,
4168 2361 4301 2404 non

2763 2479 2846 2524 ex
2915 2454 3045 2522 hoc
3102 2453 3411 2542 sequitur
3459 2450 3635 2541 quod
3694 2448 3901 2517 inulta
3961 2449 4091 2514 sint
4151 2454 4306 2512 ante

2768 2586 3003 2638 unum,
3067 2562 3194 2627 nisi
3272 2561 3446 2626 sicut
3506 2557 3901 2648 particulare
3968 2554 4306 2640 singulare

2764 2679 3049 2738 estante
3092 2666 3514 2757 intelligibile
3570 2666 3971 2732 universale.
4023 2662 4308 2730 llabitns·

2765 2789 2990 2847 autem
3051 2802 3169 2870 per
3235 2786 3548 2843 naturam
3609 2773 3923 2864 praecedit
3975 2775 4307 2865 privatio-

2767 2910 2947 2955 nem.
2989 2887 3064 2954 131
3135 2884 3286 2952 ideo
3349 2884 3513 2950 illud
3580 2882 3834 2949 dictum
3893 2905 4029 2948 nnn
4079 2882 4306 2947 obviat

2771 2994 3012 3062 rationi
3058 2992 3373 3059 indui-tm.

2859 3108 2923 3169 2.
2973 3101 3328 3180 l’raeterea,
3392 3099 3566 3177 Quid
3653 3097 4171 3187 respondebitur
4226 3096 4306 3163 ad

2769 3214 3064 3280 rationes
3094 3211 3458 3277 Avicenna·
3502 3211 3565 3274 in
3610 3210 3840 3299 prium
3871 3209 4310 3300 philosophia

2767 3321 2863 3388 sic
2911 3318 3299 3405 objicientis
3344 3342 3356 3385 :
3400 3316 3694 3383 l'rivatio
3742 3315 3923 3381 nulla
3966 3317 4312 3382 constituit

2769 3452 2969 3495 suuni
3012 3425 3320 3494 habitum
3362 3446 3376 3493 ε
3447 3426 3668 3492 onmis
3719 3425 4082 3492 multitudo
4139 3449 4312 3492 enn-

2768 3535 3072 3602 stitnitur
3106 3555 3223 3624 per
3263 3556 3472 3600 unuin
3519 3557 3539 3599 .·
3572 3557 3730 3618 ergo
3773 3556 3983 3599 unuin
4020 3557 4155 3600 non
4209 3542 4305 3599 est

2768 3644 3058 3736 privatio
3094 3650 3398 3733 respectu
3452 3640 3666 3709 inulti.

2861 3755 2924 3820 23.
2988 3750 3194 3831 Item,
3276 3750 3519 3817 Omnia
3608 3749 3973 3840 posteriora
4064 3774 4309 3816 ‚so-riun-

2771 3858 2933 3926 dum
2996 3868 3336 3933 naturam,
3388 3858 3703 3922 virtuti-m
3777 3855 4017 3923 hala-nt
4087 3855 4170 3920 ab
4227 3882 4306 3921 en

2774 3964 2955 4057 quod
3041 3974 3138 4032 est
3226 3966 3413 4055 prius
3496 3963 3863 4030 secundnm
3939 3974 4246 4030 naturam
4287 3984 4299 4028 :

2774 4070 3137 4139 multitudo
3199 4073 3513 4138 virtutem
3575 4094 3707 4136 non
3789 4069 3983 4136 habe-t
4050 4073 4172 4136 nisi
4225 4070 4308 4134 ab

2772 4182 3029 4249 unitate
3067 4203 3080 4247 :
3126 4203 3289 4268 ergo
3327 4182 3547 4244 unitas
3594 4187 3686 4243 est
3741 4179 3925 4268 prior
3963 4202 4080 4269 per
4123 4189 4309 4244 mitu-

2773 4312 2916 4356 ram
2965 4310 2978 4355 :
3014 4311 3178 4373 ergo
3207 4310 3342 4353 non
3380 4285 3572 4351 batn-i
3604 4311 3671 4350 se
3705 4285 3784 4351 acl
3821 4285 4104 4353 inultum
4139 4288 4305 4353 sicut

2776 4397 3061 4487 privatio
3093 4394 3176 4460 ad
3218 4393 3551 4460 habitum.

2874 4508 2926 4573 l.
2978 4504 3170 4581 ilem,
3242 4501 3439 4569 Nulla
3487 4505 3769 4594 privatio
3828 4505 4133 4569 essi-ulia·
4195 4528 4311 4593 per

2775 4612 2838 4681 id
2914 4611 3090 4703 quod
3160 4617 3289 4692 est,
3351 4610 3650 4676 salvatur
3708 4612 3771 4676 in
3823 4633 3946 4675 >no
4019 4608 4303 4680 habita:

2776 4720 3000 4787 unitas
3036 4741 3151 4809 per
3192 4717 3254 4784 id
3289 4718 3467 4807 quod
3514 4725 3636 4794 est,
3679 4719 3978 4784 salvatur
4026 4718 4088 4782 in
4145 4719 4312 4784 inul-

2775 4836 2844 4893 to
2890 4846 2905 4893 t
2942 4846 3130 4911 ergo,
3166 4830 3291 4888 etc.

2874 4935 2937 5002 53.
2984 4932 3178 5009 Item,
3226 4929 3426 4998 Nulla
3460 4932 3746 5021 privatio
3787 4941 3878 4999 est
3916 4955 4070 5022 pars
4119 4931 4320 5000 habi-

2778 5050 2887 5110 tus
2928 5038 3304 5109 essentialis
3352 5060 3367 5107 t
3406 5041 3625 5106 unitas
3681 5049 3745 5106 et
3794 5063 4004 5107 unuin
4056 5063 4322 5130 semper

2780 5159 2882 5217 est
2920 5169 3073 5240 pars
3112 5146 3306 5214 multi
3349 5170 3362 5213 :
3426 5170 3585 5236 ergo
3617 5156 3685 5214 ut
3731 5150 3935 5237 prius.

2872 5262 2936 5325 li.
2982 5253 3177 5333 Item,
3223 5252 3423 5321 Nulla
3457 5256 3739 5345 privatio
3782 5257 4011 5321 iterata
4074 5256 4329 5323 inducit

2781 5363 3116 5448 habitum,
3150 5362 3268 5431 sed
3304 5365 3519 5453 magis
3564 5366 3776 5453 privat
3811 5387 3825 5431 ε
3871 5387 4080 5431 unum
4126 5365 4331 5433 itera-

2783 5482 2930 5541 tum
2955 5469 3209 5540 inducit
3241 5469 3526 5537 multum
3558 5492 3570 5535 :
3600 5493 3761 5561 ergo
3786 5472 3986 5537 etiam
4013 5482 4080 5540 nt
4106 5474 4325 5562 prius:

2785 5721 2916 5776 cap.
2958 5704 3043 5759 ¹3.

4327 517 4419 560 Sed
4448 523 4631 562 contra.
