4897 6388
803 262 935 328 446
1797 255 1883 352 n.
1935 256 2133 325 ALB.
2185 254 2399 325 MAG.

898 432 961 498 1.
997 429 1279 506 Dicitur,
1330 417 1506 516 J'oel,
1539 454 1613 511 11,
1659 432 1742 499 28
1771 431 2194 522 :Effundam
2216 430 2352 521 spi-
2407 467 2422 479 -

682 556 686 560 ’
802 539 1019 605 ritum
1068 562 1292 606 meum
1325 563 1530 632 super
1576 562 1840 607 omnem
1880 561 2175 622 carnem,
2220 546 2346 605 etc.

802 644 888 711 Et
908 645 1179 729 iterum,
1213 655 1275 722 5.
1312 650 1393 715 29
1423 648 1602 719 :Sed
1618 656 1681 714 et
1697 670 1901 737 super
1925 668 2147 714 servos
2174 666 2352 710 meos

802 764 867 820 et
907 753 1205 821 ancillas
1246 756 1317 821 in
1357 754 1596 822 diebus
1628 755 1774 821 illis
1813 754 2164 844 effundam
2195 753 2352 842 Spi-

803 863 1018 930 ritum
1085 887 1334 931 meum.
1396 864 1577 954 Ergo
1653 863 1945 946 videtur,
2022 861 2203 951 quod
2267 861 2351 927 ad

803 993 1043 1039 omnes
1092 972 1332 1039 debeat
1389 973 1485 1039 sic
1523 970 1876 1038 visibiliter
1914 970 2337 1038 descendere.

892 1081 957 1145 2.
1002 1076 1414 1157 Item„Cum
1466 1079 1688 1168 primo
1725 1080 1914 1146 venit
1969 1078 2037 1144 in
2092 1077 2342 1167 linguis

802 1187 1045 1276 igneis,
1100 1185 1325 1253 nullus
1401 1186 1889 1275 excipiebatur,
1966 1185 2085 1253 sed
2148 1207 2349 1274 super

802 1316 1069 1373 omnes»,
1086 1294 1339 1362 scilicet
1359 1302 1632 1362 centum
1658 1295 1894 1384 viginti
1927 1293 2262 1361 masculos
2284 1302 2349 1360 et

802 1401 1140 1470 foeminas.
1186 1402 1364 1491 Ergo
1404 1402 1697 1481 videtur,
1732 1401 1913 1491 quod
1953 1424 2077 1469 nec
2112 1410 2348 1492 postea

803 1507 1039 1576 debuit
1077 1509 1275 1576 alicui
1316 1499 1624 1576 subtrahi
1656 1506 2043 1597 hujusmodi
2083 1507 2341 1575 missio.

893 1617 959 1683 3.
1004 1615 1200 1696 Item,
1245 1615 1492 1683 Postea
1520 1613 1870 1706 Apostolis
1915 1614 2347 1705 praedicanti-

800 1721 955 1806 bus,
988 1723 1162 1790 sicut
1181 1722 1385 1790 Petro
1414 1722 1484 1790 in
1503 1721 1709 1790 domo
1734 1720 2053 1800 Cornelii,
2087 1719 2342 1800 etaliis,

801 1829 1047 1898 cecidit
1088 1829 1380 1918 Spiritus
1418 1834 1689 1897 sanctus
1728 1852 1933 1918 super
1959 1850 2199 1896 omnes
2229 1828 2344 1918 qui

799 1935 1170 2006 audiebant
1206 1938 1495 2005 verbum
1530 1960 1547 2004 ε
1581 1959 1772 2029 ergo,
1804 1945 1930 2006 etc.
2049 1979 2054 1983 -

891 2046 958 2113 4.
989 2045 1191 2126 It'em,
1222 2045 1374 2114 lIoc
1412 2045 1600 2137 quod
1646 2068 1782 2114 non
1832 2045 1929 2126 fit,
1978 2051 2198 2136 potest
2227 2066 2346 2112 no-

702 2152 718 2167 '
798 2152 906 2222 bis
944 2176 1269 2244 generare
1309 2152 1848 2244 desperationem
1888 2176 1974 2220 ex
2005 2151 2134 2221 hoc
2162 2150 2344 2242 quod

447 3713 747 3762 sedcontra.

799 2263 1258 2332 communiter
1306 2271 1470 2331 tunc
1524 2260 1754 2341 fiebat,
1796 2262 1981 2353 quod
2038 2284 2165 2330 nos
2201 2283 2342 2329 non

797 2370 1016 2438 simus
1044 2369 1126 2438 de
1151 2369 1496 2438 salvandis
1529 2390 1548 2439 ε
1590 2391 1780 2460 ergo,
1823 2377 1949 2438 etc.

886 2480 955 2547 5.
1000 2477 1075 2546 Si
1113 2477 1396 2560 dicatur,
1449 2477 1637 2569 quod
1693 2476 1792 2544 illi
1851 2476 1987 2546 dati
2070 2477 2342 2546 suerunt

799 2587 1000 2655 nobis
1091 2589 1162 2655 in
1224 2610 1459 2657 semen
1521 2610 1611 2656 ex
1673 2609 1810 2678 quo
1873 2595 2200 2657 cresceret
2273 2595 2343 2655 et

798 2694 1365 2787 multiplicaretur
1384 2717 1580 2787 seges
1615 2695 1773 2763 fidei
1807 2716 1825 2762 ε
1869 2694 2073 2764 modo
2110 2703 2336 2763 autem

798 2812 1070 2895 tempus
1116 2813 1218 2874 est
1265 2802 1631 2894 colligendi
1689 2804 1873 2895 quod
1927 2805 2337 2873 seminatum

796 2919 924 2992 est,
956 2920 1024 2980 et
1062 2934 1200 2980 non
1228 2910 1610 2980 seminandi
1640 2910 1983 3002 amplius:
2025 2909 2156 2979 hoc
2201 2909 2337 2979 Ial-

794 3042 951 3088 sum
979 3027 1123 3089 est:
1157 3020 1316 3110 quia
1361 3018 1632 3101 dicitur,
1663 3018 1946 3109 Apocal.
1985 3041 2152 3099 ¹111,
2200 3020 2278 3087 Π
2315 3041 2331 3087 :

799 3129 941 3216 Qui
965 3128 1190 3210 audit,
1222 3129 1408 3198 dicat
1437 3151 1461 3196 .·
1507 3129 1690 3198 Veni.
1725 3127 1808 3197 Et
1848 3130 1915 3196 in
1963 3128 2336 3221 Evangelio

793 3240 1292 3311 condemnatur
1327 3263 1565 3309 servus
1605 3240 1797 3333 piger
1832 3242 1947 3331 qui
1987 3238 2337 3310 abscondit

792 3349 1151 3441 pecuniam
1200 3347 1459 3417 domini
1522 3349 1628 3418 sui
1685 3350 1734 3415 ‘.
1789 3347 1969 3440 Ergo
2041 3348 2333 3434 videtur,

792 3455 983 3548 quod
1018 3455 1240 3524 adhuc
1304 3463 1513 3524 restat
1576 3462 1847 3547 tempus
1901 3455 2276 3526 seminandi
2305 3473 2331 3524 ⁴:

795 3584 964 3654 ergo
1002 3561 1223 3631 adhuc
1254 3563 1342 3631 ita
1372 3560 1648 3631 deberet
1682 3561 2110 3632 descendere.

889 3669 1027 3738 Sto
1053 3693 1300 3739 cos-rna
1342 3692 1359 3737 ε

892 3780 954 3845 ί.
991 3776 1398 3845 probabitur
1426 3775 1596 3844 intra
1619 3775 1688 3845 in
1717 3778 2021 3868 sequenti
2052 3775 2334 3844 articulo

793 3885 1218 3978 quaestionis,
1261 3883 1446 3975 qnod
1471 3881 1617 3953 haec
1647 3885 1879 3952 missio
1912 3884 2156 3953 indicat
2185 3884 2336 3976 ple·

795 3992 1172 4062 nitudinem
1223 3991 1686 4060 redundantiae
1738 4001 1804 4060 et
1847 3992 2057 4084 copiae
2114 3992 2334 4083 Spiri-

793 4108 904 4167 tus
939 4118 957 4169 t
991 4122 1131 4169 non
1171 4099 1490 4168 omnibus
1528 4108 1757 4168 autem
1797 4099 1997 4168 datur
2044 4101 2336 4192 Spiritus

793 4207 879 4276 ad
938 4206 1455 4277 redundantiam
1499 4230 1517 4277 ε
1580 4231 1743 4300 ergo
1783 4232 1920 4279 non
1958 4210 2043 4279 ad
2098 4234 2335 4278 omnes

793 4317 1114 4407 congruit
1144 4316 1285 4384 lieri
1326 4314 1501 4384 lianc
1528 4316 1948 4387 missionem.

883 4427 952 4490 2.
997 4422 1195 4504 Item,
1239 4424 1314 4492 ln
1371 4425 1691 4516 operibus
1732 4427 2134 4496 rusticorum
2174 4448 2337 4517 pro-

794 4530 1043 4602 bamus
1058 4532 1214 4617 hoc,
1246 4533 1430 4624 quod
1458 4558 1583 4625 per
1600 4534 1815 4604 multa
1840 4535 2139 4605 fomenta
2166 4535 2336 4605 liunt

794 4639 1085 4709 novellae
1135 4640 1451 4732 plantula}
1492 4664 1647 4733 quae
1708 4667 1844 4711 non
1891 4644 2060 4711 liunt
2112 4643 2335 4712 arbori

787 4749 934 4838 jam
977 4747 1352 4817 roboratae:
1391 4772 1555 4840 ergo
1596 4750 1908 4819 similiter
1936 4750 2165 4818 debuit
2193 4753 2335 4820 lieri

793 4856 866 4923 in
904 4854 1222 4925 Ecclesiae
1280 4856 1698 4947 plantatione
1732 4880 1747 4927 ε
1790 4881 1947 4927 cum
1992 4882 2154 4951 ergo
2191 4859 2336 4927 haec

794 4964 1032 5034 missio
1072 4965 1274 5035 fuerit
1311 4964 1397 5033 ad
1449 4964 1938 5057 plantationem
1992 4965 2333 5048 Ecclesiae‚

795 5095 935 5141 non
969 5072 1383 5164 congruebat
1420 5096 1570 5142 eam
1605 5075 1745 5142 tieri
1776 5074 1848 5142 in
1876 5074 2171 5144 Ecclesia
2190 5075 2336 5163 jam

796 5178 1137 5250 roborata.

868 5450 887 5486 ¹
919 5445 1006 5503 Cf.
1040 5447 1242 5520 matth,
1272 5464 1404 5515 xxv,
1437 5450 1502 5505 18
1529 5454 1589 5505 et
1614 5462 1741 5521 seq.

868 5543 891 5579 ¹
920 5537 1009 5593 Ad
1041 5538 1216 5597 llebr.
1250 5556 1312 5608 11,
1345 5540 1376 5593 3
1406 5540 1557 5595 et4:
1613 5538 1703 5597 Ab
1749 5540 1826 5594 eis
1880 5545 1980 5609 qut
2016 5537 2335 5605 audierunt,

795 5626 855 5681 in
894 5642 995 5682 nos
1040 5630 1360 5697 confir-mata
1393 5633 1498 5695 at,
1544 5626 1778 5684 scilicet
1825 5625 1985 5684 salus
2031 5624 2124 5683 vel
2165 5622 2334 5695 tides,

2455 253 2657 323 ORD.
2709 256 3005 328 PRAED.

2542 429 2610 498 3.
2644 427 2843 507 Item,
2883 427 3100 498 Aliter
3127 429 3545 499 convalescit
3576 430 4014 517 tide5,et·.ali·
4067 475 4084 487 ·
4137 515 4142 519 ι
4288 361 4295 500 l

2457 543 2559 605 ter
2576 533 2781 607 habet
2813 539 3168 609 meritum:
3199 538 3804 630 quiaconvalescit
3833 539 4005 606 bene

2459 653 2523 710 et
2555 643 2911 712 roboratur
2960 668 3043 714 ex
3098 645 3334 713 auditu
3391 645 3702 724 rationis,
3745 653 3809 712 et
3852 646 4008 711 visu

2461 749 2765 816 miraculi
2803 773 2817 816 :
2862 773 2945 819 ex
2982 751 3115 819 illis
3175 761 3405 820 tamen
3445 775 3585 820 non
3629 750 3833 818 habet
3890 773 4007 817 ra-

2459 857 2709 930 tionem
2743 859 2990 942 meriti,
3023 860 3143 927 sed
3175 862 3408 950 potius
3448 861 3517 927 in
3548 869 3877 951 quantum
3910 880 4013 932 re·-
4120 912 4128 919 -

2457 964 2629 1031 cedit
2658 988 2697 1032 a
2737 967 2997 1036 ratione
3055 976 3121 1036 et
3157 969 3339 1047 visu,
3382 976 3452 1036 et
3487 977 3632 1037 tota
3690 969 4005 1036 innititur

2454 1072 2689 1160 primae
2716 1074 2980 1143 veritati
3008 1096 3025 1146 ε
3060 1097 3216 1146 cum
3259 1098 3421 1166 ergo
3454 1074 3740 1144 visibilis
3770 1073 4005 1144 missio

2455 1179 2540 1245 sit
2602 1179 2686 1246 ad
2759 1182 3371 1256 convalescentiam
3442 1183 3622 1262 fidei,
3692 1191 4000 1272 tempore

2455 1288 2755 1356 merendi
2788 1312 2907 1379 per
2934 1275 3139 1360 fidem
3170 1301 3535 1383 postquam
3568 1292 3733 1360 tides
3763 1311 4007 1360 conva-

2452 1393 2599 1474 luit,
2642 1395 2946 1468 adbiberi
2986 1422 3127 1470 non
3167 1399 3426 1468 debuit.

2466 1572 2473 1578 ,
2539 1502 2604 1569 4.
2639 1500 2835 1584 Item,
2869 1503 3226 1578 Missiones
3259 1505 3555 1597 Spiritus
3596 1503 3827 1575 Sancti
3874 1526 4008 1575 res*

2448 1613 2751 1702 pondent
2767 1615 3206 1685 missionibus
3222 1615 3374 1684 Filii
3404 1640 3420 1685 ε
3444 1616 3563 1685 sed
3586 1617 3655 1683 in
3677 1616 4001 1685 missione
4075 1614 4079 1620 ’

2452 1719 2600 1788 Filii
2622 1722 2811 1813 prius
2829 1723 3280 1796 exhibebatur
3310 1726 3496 1818 quod
3524 1734 3670 1794 erat
3688 1724 3955 1793 visibile
3983 1747 3999 1792 :

2452 1836 2526 1895 ut
2544 1826 2706 1897 dum
2720 1831 3080 1902 visibiliter
3102 1833 3323 1902 Deum
3351 1835 3860 1924 cognoscimus,
3878 1854 4004 1922 per

2450 1933 2724 2005 huncin
2761 1938 3206 2012 invisibilium
3247 1963 3560 2011 amorem
3604 1941 3991 2031 rapiamur:

2447 2053 2679 2132 postea
2741 2053 2968 2118 autem
3010 2046 3444 2139 ‘expediebat
3510 2047 3861 2138 'Apostolis
3924 2057 4003 2118 ut

2447 2151 2957 2225 subtraheretur
2974 2158 3343 2248 praesentia
3367 2157 3769 2250 corporalis,
3802 2167 3879 2226 ut
3900 2158 4000 2227 sic

2448 2261 2761 2332 transiret
2810 2263 3094 2337 affectus
3146 2266 3233 2336 ad
3290 2288 3600 2335 amorem
3638 2264 4002 2335 invisibilis

2447 2367 2715 2438 deitatis
2746 2392 2762 2437 ε
2796 2394 2959 2463 ergo
2996 2373 3313 2443 similiter
3341 2373 3795 2443 conveniebat
3852 2373 3998 2445 fieri

2446 2477 2516 2545 in
2555 2480 2879 2549 missione
2918 2480 3214 2574 Spiritus
3252 2485 3498 2560 sancti,
3523 2491 3600 2551 ut
3629 2483 3853 2574 primo
3881 2504 4000 2551 ex-

2446 2582 2794 2657 hiberetur
2855 2591 3146 2661 visibilis
3214 2594 3500 2685 species,
3588 2613 3712 2682 per
3791 2612 3998 2682 quam

2443 2693 2727 2764 sciretur
2774 2696 3010 2767 adesse
3055 2697 3376 2791 Spiritus,
3417 2706 3486 2767 et
3560 2706 3797 2788 postea
3843 2695 4002 2765 sub·‘

2444 2798 2845 2885 traheretur,
2874 2813 2954 2874 ut
2989 2807 3057 2874 in
3096 2805 3422 2875 invisibili
3475 2804 3772 2895 Spiritus
3827 2803 4000 2873 sub-

2446 2909 2696 2977 stantia
2721 2914 3247 3002 requiescamus.
3357 2973 3360 2976 ι

2536 3118 2839 3193 δοιυτιο.
2901 3122 3022 3197 llis
3080 3123 3342 3198 ultimis
3409 3127 3766 3199 rationibis
3820 3153 3996 3200 con·-
4084 3136 4272 3239 sgtffio·

2443 3233 2819 3314 sentiendo,
2870 3257 3160 3328 quarum
3210 3237 3538 3330 quaslibet
3583 3239 3993 3311 medio·suo

2443 3340 2601 3410 dicit
2633 3364 2839 3415 unam
2882 3347 3241 3430 rationem,
3293 3371 3507 3440 quare
3545 3373 3687 3418 non
3725 3373 3998 3444 semper

2443 3456 2510 3518 et
2537 3448 2625 3517 ad
2660 3473 2902 3522 omnes
2936 3454 3260 3525 convenit
3299 3455 3445 3525 tieri
3483 3454 3669 3525 hunc
3709 3456 3993 3527 modum

2443 3557 2829 3627 missionis:
2905 3559 3199 3631 dicimus
3263 3561 3350 3632 ad
3414 3564 3745 3655 primum,
3810 3566 3995 3658 quod

2437 3661 2589 3732 Joel
2619 3663 2920 3758 loquitur
2937 3666 3020 3736 de
3043 3676 3225 3738 statu
3258 3668 3580 3739 Ecclesiae
3603 3673 3993 3763 primitivo,

2442 3773 2714 3864 quando
2742 3784 3012 3868 tempus
3035 3786 3186 3848 erat
3225 3778 3667 3871 plantationis
3705 3781 3885 3851 fidei.

2528 3882 2635 3950 An
2657 3904 2855 3952 suun
2871 3891 2939 3954 et
2957 3882 3044 3954 ad
3064 3887 3342 3955 tertium
3364 3885 3728 3956 dicendum
3746 3888 3989 3958 eodem
4047 3925 4128 3976 Μ
4145 3929 4171 3972 2
4187 3930 4231 3973 a
4246 3925 4288 3971 ι,

2444 3988 2674 4070 modo,
2707 3992 2893 4084 quod
2928 3998 3089 4064 tunc
3110 3993 3265 4065 ideo
3296 3993 3531 4074 tiebat,
3571 4004 3646 4065 ut
3674 3996 3991 4068 homines

2438 4096 2688 4165 visibili
2727 4098 3055 4171 miraculo
3094 4102 3451 4193 stupefacti
3473 4102 3558 4171 ad
3593 4105 3795 4174 tinem
3826 4128 3994 4196 pro-

2445 4214 2778 4297 perarent.

2531 4316 2635 4383 An
2681 4337 2747 4385 m
2775 4314 2960 4409 quod
2986 4317 3308 4408 objicitur
3338 4340 3457 4411 per
3486 4321 3849 4403 rationem,
3880 4322 3994 4391 di·
4103 4356 4170 4403 Α..
4194 4359 4217 4400 ⁴

2443 4420 2729 4490 cendum
2769 4422 2953 4512 quod
2992 4446 3132 4494 non
3168 4427 3356 4517 cogit
3401 4448 3529 4496 nos
3567 4426 3702 4497 hoc
3743 4429 3995 4522 despe-

2446 4551 2632 4599 rare:
2665 4532 2987 4623 quiajam
3017 4533 3337 4606 edificati
3365 4559 3607 4606 sumus
3634 4537 3719 4607 ad
3749 4539 3988 4610 tidem:

2443 4640 2606 4728 quia
2632 4639 2720 4708 ab
2756 4639 2865 4710 his
2902 4644 3019 4734 qui
3059 4643 3422 4715 audierunt
3460 4648 3867 4717 confirmata
3893 4656 3999 4718 est
4052 4720 4069 4728 ‚

2448 4746 2645 4815 nobis
2682 4748 2875 4835 tides,
2942 4760 3365 4823 contestante
3426 4754 3577 4825 Deo
3631 4756 3873 4846 signis,
3932 4764 4000 4826 et

2447 4854 2839 4938 virtutibus,
2879 4866 2947 4928 et
2979 4858 3275 4951 Spiritus
3316 4863 3532 4930 sancti
3569 4861 4005 4933 distributio-

2453 4962 2651 5033 nibus
2708 4965 3085 5036 secundum
3151 4989 3350 5036 suam
3405 4968 3859 5050 voluntatem,
3926 4978 4007 5040 ut
4140 5042 4141 5045 ,

2448 5070 2717 5154 dicitur,
2761 5073 2848 5144 ad
2901 5074 3114 5145 liebr.
3156 5100 3233 5155 ιι,
3276 5078 3318 5146 3
3369 5083 3437 5145 et
3472 5077 3516 5144 4
3556 5085 3604 5145 ¹.

2529 5179 2866 5250 Praeterea
2950 5205 3075 5251 nos
3159 5184 3493 5252 sentimus
3576 5189 4004 5275 praesentiam

2361 5448 2364 5451 ’
2446 5458 2795 5509 contestante
2821 5452 2934 5510 Deo
2987 5452 3165 5530 siquis
3191 5460 3244 5511 et
3266 5460 3570 5528 portentis,
3606 5462 3660 5515 et
3689 5460 3861 5520 variis
3888 5461 4005 5517 vir-

2450 5540 2678 5612 tutibus,
2708 5548 2763 5598 et
2791 5541 3044 5620 ,Spiritus
3069 5544 3251 5601 sancti
3278 5543 3774 5606 distributionibus
3816 5554 4004 5607 secum

2445 5628 2579 5686 dum
2602 5646 2761 5690 suam
2788 5632 3145 5691 volumtatem.
