4897 6388
665 1749 733 1795 De
755 1761 951 1806 eompu-

665 1803 847 1850 ructon·
870 1816 951 1858 ρο·

1958 338 2050 404 lN
2099 340 2126 407 1
2178 322 2609 408 SENTENT.
2665 338 2891 408 nts‘r.
2947 339 3098 424 vn,
3152 306 3234 407 Α..
3356 381 3368 393 κ
4074 328 4204 397 203

2115 890 2238 982 DI
2252 887 2529 983 STIN
2539 887 2821 985 CTIO
2910 888 3082 983 VII

1194 1281 1282 1354 Α.
1318 1279 1470 1354 Πίσ
1511 1280 1915 1378 quaeritur,
1961 1279 2088 1354 An
2118 1278 2744 1379 Pacerpotuerit‚
2791 1278 2921 1354 vel
2947 1278 3280 1354 voluerit
3304 1279 3620 1376 (liquere
3649 1275 4006 1352 Filium?

1098 1728 1240 1804 Hie
1268 1730 1460 1803 solet
1491 1728 1735 1826 quaeri
1779 1752 1825 1803 a
1856 1729 2350 1827 quiqusdam,
2415 1728 2690 1804 Utrum
2726 1729 2956 1805 Pater
2996 1730 3351 1829 potuerit,
3395 1730 3511 1805 vel
3547 1728 4208 1826 volueritgenera-

644 1859 970 1959 “i-¹233?
997 1891 1080 1943 re
1104 1865 1383 1942 Filium
1413 1863 1550 1940 ?Si
1578 1864 1817 1958 enim,
1864 1863 2254 1962 inquiunt,
2291 1864 2686 1963 potuitvel
2721 1864 2965 1939 voluit
2992 1887 3364 1962 generare
3406 1865 3709 1960 Filium,
3742 1888 3925 1963 ergo
3962 1865 4208 1964 potuit

666 1978 940 2026 per-emm.

995 1996 1288 2096 aliquid
1319 2005 1394 2073 et
1423 1994 1690 2083 voluit,
1732 1995 1941 2094 quod
1983 2017 2124 2070 nee
2155 1995 2401 2071 voluit
2443 2019 2585 2071 nee
2617 1995 2865 2094 potuit
2896 1995 3184 2073 Filius:
3233 2019 3408 2072 nam
3471 1997 3709 2072 Filius
3760 2021 3900 2072 nee
3949 1997 4196 2096 potuit

987 2155 1134 2209 neo
1153 2130 1399 2206 voluit
1419 2153 1793 2234 generare
1817 2130 2122 2205 Filium.
2160 2130 2300 2205 Cui
2330 2131 2695 2208 versutiae
2718 2132 2939 2208 facile
2972 2132 3557 2232 respondemus,
3592 2132 3933 2210 dieentes
3965 2157 3982 2209 ε
4014 2134 4196 2210 Pos-

981 2291 1066 2345 se
1106 2269 1229 2344 vel
1271 2268 1471 2344 velle
1503 2289 1878 2365 generare
1911 2266 2219 2360 Filium,
2256 2291 2411 2341 non
2445 2276 2565 2344 est
2601 2267 2896 2367 aliquid
2928 2292 3154 2368 posse
3193 2270 3314 2345 vel
3348 2270 3546 2345 velle
3586 2269 4021 2367 subJeetum
4050 2294 4200 2369 po-

980 2404 1246 2482 tentiae
1284 2404 1408 2480 vel
1453 2402 1859 2479 voluntati.
1910 2403 2039 2480 Est
2069 2410 2326 2480 tamen
2372 2403 2637 2503 aliqua
2674 2405 3022 2504 potentia
3049 2407 3170 2482 vel
3216 2406 3605 2500 voluntas,
3641 2404 3936 2482 scilicet
3973 2428 4200 2506 posse

979 2542 1103 2617 vel
1132 2539 1330 2615 velle
1354 2538 1674 2637 gignere
1706 2537 1988 2612 Filium
2026 2562 2041 2612 ε
2072 2548 2146 2614 et
2173 2537 2345 2613 ideo
2378 2537 2934 2637 distinguenda
2956 2549 3074 2616 est
3105 2538 3613 2638 intelligentia
3644 2540 4203 2641 propositiver·

983 2673 1090 2769 bi,
1128 2674 1366 2750 Posse
1396 2673 1520 2748 vel
1553 2672 1754 2749 velle
1785 2672 2105 2771 gignere
2146 2672 2456 2765 Filium,
2489 2683 2567 2749 et
2628 2697 2855 2773 posse
2891 2674 3011 2751 vel
3059 2675 3257 2751 velle
3299 2675 3619 2774 aliquid.
3653 2675 3923 2774 Neque
3982 2675 4189 2756 enim

982 2806 1381 2908 generatio
1413 2805 1582 2882 Filii
1616 2806 1908 2906 aliquid
1971 2831 2240 2883 eorum
2274 2815 2418 2901 est,
2463 2829 2643 2906 quae
2666 2807 3014 2907 subJeeta
3040 2809 3526 2885 suntdivinae
3555 2808 3917 2908 potentiae
3955 2817 4031 2884 et
4059 2833 4201 2885 vo-

983 2942 1258 3021 luntati
1306 2968 1323 3020 z
1359 2951 1649 3062 nec-est
1688 2941 1982 3042 aliquid
2026 2944 2227 3021 inter
2251 2944 2543 3041 omnia,
2587 2946 2708 3021 vel
2752 2945 2846 3022 de
2888 2945 3281 3041 omnibus,
3346 2946 3479 3021 sed
3548 2969 3782 3045 super
3837 2944 4098 3021 omnia
4126 2955 4202 3021 et

983 3091 1162 3157 ante
1196 3079 1483 3156 omnia.
1528 3077 1701 3154 Non
1745 3078 1953 3156 enim
1986 3089 2162 3156 ante
2204 3080 2479 3177 voluit,
2515 3081 2636 3157 vel
2681 3081 2959 3182 potuit,
2998 3105 3229 3182 quam
3272 3081 3542 3181 genuit
3585 3105 3603 3158 z
3650 3080 3850 3157 sieut
3887 3103 4031 3156 nec
4070 3103 4200 3157 an·

986 3229 1058 3295 te
1098 3216 1269 3314 fuit,
1314 3240 1545 3317 quam
1579 3216 1852 3315 genuit
1888 3240 1904 3292 :
1943 3216 2125 3317 quia
2156 3217 2254 3293 ab
2294 3226 2587 3294 {eterno
2653 3217 2815 3305 suit,
2856 3228 2935 3295 et
2980 3218 3078 3293 ab
3122 3228 3413 3295 aeterno
3458 3217 3750 3316 genuit.
3808 3220 3917 3294 Ex
3964 3216 4194 3293 simili

985 3375 1298 3452 quoque
1329 3354 1473 3427 hoc
1505 3350 1767 3428 videre
1808 3375 2250 3450 possumus.
2307 3352 2540 3428 Pater
2576 3352 2785 3428 enim
2846 3362 3097 3453 potest
3151 3376 3321 3430 esse
3362 3354 3614 3448 Pater,
3672 3363 3747 3429 et
3801 3353 3972 3427 vult
4027 3372 4195 3428 esse

987 3489 1218 3565 Pater
1252 3512 1271 3564 t
1317 3488 1556 3564 Filius
1586 3497 1845 3564 autem
1882 3511 2035 3564 non
2079 3499 2355 3588 potest,
2388 3512 2532 3567 nee
2572 3491 2740 3565 vult
2778 3513 2950 3568 esse
2993 3491 3221 3566 Pater
3255 3515 3273 3567 :
3310 3514 3492 3589 ergo
3523 3491 3748 3566 Pater
3776 3497 4024 3589 potest
4071 3488 4195 3563 vel

984 3625 1150 3701 vult
1181 3647 1353 3701 esse
1394 3623 1716 3724 aliquid,
1759 3625 1966 3724 quod
2010 3649 2163 3700 non
2208 3636 2460 3725 potest
2488 3627 2613 3703 vel
2656 3628 2824 3702 vult
2853 3650 3024 3705 esse
3066 3628 3355 3705 Filius:
3397 3652 3548 3703 non
3591 3627 3967 3727 sequitur,
4014 3625 4198 3726 quia

986 3783 1157 3835 esse
1200 3760 1506 3836 Patrem
1539 3784 1695 3836 non
1737 3770 1855 3837 est
1884 3784 2052 3837 esse
2084 3760 2408 3860 aliquid,
2443 3762 2578 3838 sed
2612 3773 3064 3863 potestesse
3095 3764 3189 3840 ad
3243 3763 3561 3863 aliquid,
3598 3772 3682 3839 ut
3718 3763 3796 3838 in
3839 3762 4192 3862 sequenti

986 3895 1499 3975 ostendetur¹.

2649 4214 2903 4292 veniat,
2975 4217 3084 4284 vel
3145 4216 3341 4285 non?
3398 4214 3472 4281 ln
3551 4209 3846 4282 secunda
3928 4211 4194 4293 quaerit,

1477 4470 1717 4518 mvnsto
1754 4471 2026 4518 TexrcS.

1078 4798 1112 4834 α
1155 4771 1286 4838 llic
1312 4769 1485 4836 solet
1515 4769 1735 4860 quaeri
1763 4793 1807 4836 a
1836 4766 2280 4858 quibusdam,
2334 4773 2463 4834 etc.
2502 4789 2538 4830 n

1077 4878 1204 4948 llic
1244 4878 1481 4968 inc-ipit
1508 4900 1664 4968 pars
1702 4876 1818 4945 ina
1857 4877 1925 4944 in
1968 4898 2097 4968 qua
2133 4876 2372 4967 quaerit
2403 4873 2546 4941 Ma-

987 4989 1224 5079 gister,
1261 4985 1502 5055 Utrum
1535 4982 1773 5053 eadem
1830 4984 2132 5076 potentia
2168 4980 2542 5075 generandi

991 5095 1170 5163 sitin
1200 5091 1375 5162 Filio
1409 5115 1558 5184 quae
1598 5100 1699 5161 est
1776 5094 1844 5160 in
1902 5091 2153 5160 Patre?
2199 5089 2548 5158 Dividitur

991 5211 1223 5271 autem
1253 5201 1325 5269 in
1363 5199 1531 5270 duas
1561 5208 1786 5291 partes
1830 5224 1846 5268 :
1899 5201 1968 5268 in
2001 5222 2290 5293 quarum
2322 5199 2548 5289 prima

991 5309 1318 5401 Magister
1337 5310 1604 5398 quaerit,
1632 5308 1877 5379 Utrum
1909 5308 2184 5378 Patrem
2214 5329 2548 5401 generare

990 5417 1246 5490 Filium
1278 5417 1362 5486 sit
1401 5416 1660 5510 aliquid
1690 5439 1889 5509 posse
1921 5417 2106 5510 quod
2144 5415 2317 5486 Filio
2375 5438 2549 5485 con-

1076 5716 1092 5752 ¹
1126 5708 1211 5766 Cf.
1243 5707 1421 5781 Infra,
1455 5708 1600 5765 nist.
1633 5709 1878 5765 xxvm.

2653 4325 2900 4396 Utrum
2977 4325 3248 4395 Patrem
3308 4332 3546 4392 natura
3604 4340 3801 4411 posse
3873 4338 4197 4409 generare

2654 4434 2903 4504 Filium
2934 4434 3022 4503 sit
3067 4432 3370 4525 potentia
3411 4430 3461 4498 F
3467 4429 3580 4498 ilio
3618 4426 4030 4497 conveniens
4082 4424 4194 4493 vel

2652 4546 2851 4613 non?
2879 4554 2946 4613 et
2966 4542 3110 4612 haee
3149 4540 3383 4632 incipit
3414 4539 3535 4618 ibi,
3586 4537 3661 4617 F,
3700 4565 3735 4600 ιι
3775 4537 3973 4620 Item,
4014 4556 4198 4626 quae-

2652 4655 2836 4722 ritur
2882 4678 2926 4721 a
2954 4650 3396 4744 quibusdam.
3433 4655 3561 4716 ete.
3596 4674 3629 4706 υ

2746 4760 2978 4828 Prima
3017 4756 3259 4825 harum
3299 4751 3751 4824 subdividitur
3788 4752 3858 4819 in
3915 4758 4072 4818 tres.
4119 4748 4198 4821 ln

2654 4869 2876 4959 prima
2914 4865 3131 4957 tangit
3176 4862 3649 4954 quaestionem,
3712 4866 3779 4927 et
3816 4856 4048 4925 solvit.
4118 4854 4197 4923 ln

2654 4971 2979 5056 secunda,
3011 4970 3242 5059 objicit
3274 4991 3393 5060 per
3423 4964 3630 5035 verba
3655 4961 4021 5056 Augustini
4042 4982 4201 5030 con·

2655 5094 2760 5152 tra
2801 5081 3085 5152 modum
3115 5078 3476 5148 solutionis
3513 5097 3676 5157 suae,
3711 5072 3829 5156 ibi,
3862 5073 3943 5151 B,
3982 5096 4016 5138 ι
4062 5068 4205 5141 Sed

2657 5193 3076 5262 veliementer
3112 5211 3233 5257 nos
3296 5197 3537 5264 movet;
3590 5193 3715 5253 ete.
3755 5210 3788 5244 »v
3848 5179 3926 5249 In
3971 5180 4194 5258 tertia,

2657 5301 2937 5372 adhibet
2973 5298 3411 5375 solutionem,
3447 5296 3564 5377 ibi,
3588 5294 3667 5375 E,
3712 5319 3747 5359 ι
3780 5295 4011 5362 Potest
4038 5310 4199 5380 erqo
4314 5379 4323 5388 ·

2655 5414 2756 5481 sic
2793 5410 3125 5502 ιἠιεὶἱίςί,
3185 5416 3311 5477 ete.
