4897 6388
687 319 819 386 254

687 512 839 580 quae
869 497 971 558 est
1009 492 1315 579 potentia
1390 499 1454 558 et
1498 466 1634 559 ²sub
1695 491 2107 581 privatione:
2171 495 2236 553 et

686 594 843 664 licet
872 620 993 687 per
1036 602 1549 689 generationem
1600 620 1738 665 non
1795 597 1882 663 sit
1938 594 2233 683 potentia

687 705 755 771 in
789 708 1072 772 materia
1104 729 1256 797 quae
1290 704 1721 772 fuitadillam
1765 703 2049 769 formam
2084 721 2233 789 quae

685 834 806 901 per
843 814 1357 903 generationem
1397 820 1668 901 accepta
1698 820 1822 891 est,
1856 818 2086 876 tamen
2129 830 2234 874 re-

687 931 917 989 manet
944 923 1247 1012 potentia
1279 921 1366 988 ad
1396 922 1685 989 formam
1716 920 1917 987 aliam
1958 942 2041 987 ex
2103 917 2234 984 hoc

683 1029 833 1118 ipso
867 1029 1051 1120 quod
1089 1031 1183 1098 sic
1251 1031 1460 1098 exivit
1526 1030 1593 1096 in
1669 1051 1830 1097 esse.
1909 1026 2234 1093 Similiter

687 1136 891 1203 etiam
932 1160 1015 1204 ex
1065 1137 1194 1205 hoc
1227 1138 1372 1227 ipso
1416 1137 1598 1228 quod
1631 1160 1732 1205 res
1771 1136 1910 1204 exit
1964 1136 2030 1201 in
2089 1155 2232 1201 esse

684 1250 840 1331 post
870 1243 1062 1329 nihil,
1097 1251 1403 1311 remanet
1455 1245 1754 1333 potentia
1807 1240 2123 1309 tendendi
2164 1239 2231 1304 in

569 1352 577 1357 ’
685 1347 855 1416 nihil
897 1352 1022 1417 nisi
1057 1351 1486 1417 contineatur
1513 1351 1596 1417 ab
1627 1350 1783 1417 alio.

417 1468 499 1514 Ad
529 1468 574 1513 4.

358 1905 438 1955 Ad
464 1905 637 1963 quest.

774 1455 880 1521 An
948 1479 1011 1522 m
1086 1456 1268 1546 quod
1338 1455 1653 1545 objicitur
1692 1455 1770 1522 de
1823 1453 2228 1521 resolutione

686 1561 1093 1648 intellectuS‚
1126 1565 1272 1652 jam
1342 1571 1535 1654 patet·
1589 1562 1834 1631 solutio
1894 1585 2012 1651 per
2075 1569 2228 1628 ante

680 1667 879 1739 dicta.

776 1886 877 1952 An
910 1908 1205 1953 mmmmm
1254 1885 1639 1970 dicendum,
1675 1884 1854 1975 quod
1896 1893 1997 1951 est
2058 1884 2226 1951 sim-

677 1991 945 2081 plicitas
982 1991 1358 2060 secundum
1390 1990 1553 2083 quid
1580 1991 1650 2058 in
1680 2001 2007 2070 creatura,
2054 1990 2224 2059 sicut

674 2098 931 2168 dictum
971 2107 1109 2168 est:
1156 2109 1224 2168 et
1270 2098 1415 2167 haec
1446 2098 1799 2189 multiplex
1837 2106 1937 2166 est
1974 2119 2221 2165 secun-

670 2203 835 2273 dum
877 2207 1119 2275 modos
1156 2204 1437 2286 multos,
1499 2229 1582 2274 ex
1647 2205 1893 2297 quihus
1965 2227 2215 2297 ponam

663 2310 964 2382 breviter
993 2314 1337 2405 tangendo
1390 2313 1745 2404 quosdam.
1804 2311 1966 2380 Dico
2026 2334 2210 2402 ergo,

662 2419 850 2512 quod
888 2429 992 2494 est
1018 2420 1421 2513 simplicitas
1468 2420 1776 2512 quaedam
1836 2420 2210 2511 primorum

658 2527 1156 2620 principiorum
1197 2529 1788 2620 componentium,
1831 2527 2004 2597 sicut
2075 2550 2210 2619 quo

656 2642 759 2702 est
812 2643 882 2702 et
946 2634 1129 2729 quod
1187 2642 1316 2718 est,
1374 2643 1443 2704 et
1497 2635 1794 2704 materiae
1846 2643 1914 2702 et
1941 2634 2200 2715 l'ormae,

655 2763 807 2832 quae
840 2764 978 2811 non
1009 2753 1110 2811 est
1173 2744 1712 2834 compositorum
1752 2765 1831 2810 ex
1877 2742 2060 2833 quod
2107 2753 2206 2812 est

654 2856 720 2915 et
752 2869 891 2938 quo
931 2858 1054 2918 est.
1100 2850 1177 2917 ln
1220 2859 1459 2918 natura
1498 2849 1828 2941 spirituali
1865 2857 1966 2917 est
2037 2851 2208 2917 sim-

649 2952 921 3043 plicitas
961 2956 1271 3047 quaedam
1348 2960 1518 3024 sicut
1584 2955 1826 3049 Angeli
1882 2958 2027 3025 sine
2081 2958 2205 3025 de-

646 3060 1014 3150 pendentia
1054 3062 1141 3131 ad
1195 3062 1617 3153 corporalem
1687 3062 2082 3130 materiam:
2139 3072 2200 3132 et

647 3165 796 3237 haec
834 3170 1057 3262 major
1085 3178 1184 3239 est
1212 3193 1420 3261 quam
1450 3177 1710 3240 naturae
1753 3169 2096 3240 rationalis
2135 3172 2202 3238 in

645 3277 918 3346 anima:
953 3300 1104 3369 quae
1147 3277 1304 3346 licet
1354 3277 1728 3370 quantitate
1786 3286 2030 3356 careat,
2096 3285 2201 3346 ta·

644 3405 806 3451 men
873 3383 1075 3453 habet
1144 3384 1666 3478 dependentiam
1762 3385 1845 3453 ad
1926 3409 2193 3477 corpus.

644 3490 814 3560 Post
841 3490 966 3560 has
994 3492 1463 3585 simplicitates
1500 3502 1599 3562 est
1639 3492 2036 3585 simplicitas
2073 3517 2196 3562 eo-

645 3619 795 3666 rum
839 3621 989 3690 quae
1029 3608 1184 3668 sunt
1227 3599 1457 3692 aliquo
1518 3600 1722 3668 modo
1789 3599 1858 3667 in
1925 3600 2197 3694 quanti-

643 3712 805 3783 tate,
859 3714 924 3774 et
981 3705 1229 3775 horum
1288 3706 1603 3799 quaedam
1671 3716 1829 3775 sunt
1866 3708 2193 3801 principia

642 3815 1069 3905 quantitatis,
1139 3815 1450 3907 quoedam
1511 3825 1738 3885 autem
1814 3816 1954 3911 ipsa
2038 3827 2191 3885 sunt

643 3929 896 4013 quanta
928 3923 994 3989 in
1036 3930 1301 3992 natura.
1336 3921 1509 3991 Cum
1559 3930 1785 3992 autem
1855 3924 2191 4015 quantitas

639 4027 724 4097 sit
755 4027 1070 4109 discreta,
1104 4039 1164 4096 et
1208 4031 1559 4115 continua,
1592 4040 1654 4099 et
1722 4031 1832 4100 illa
1893 4055 2042 4126 quae
2092 4043 2191 4101 est

638 4138 831 4227 quasi
868 4145 1233 4228 utrumque
1278 4138 1510 4230 aliquo
1552 4139 1783 4223 mod0,
1834 4142 1959 4208 erit
2002 4141 2189 4233 prin-

636 4244 892 4334 cipium
925 4243 1230 4313 discretae
1263 4245 1869 4338 simplicissimum,
1896 4270 1976 4315 eo
2006 4247 2187 4339 quod

635 4373 775 4419 non
815 4349 1060 4420 habeat
1102 4354 1515 4444 positionem
1558 4353 1626 4420 in
1656 4357 2003 4433 continuo,
2054 4358 2188 4424 sic-

637 4469 710 4527 ut
749 4467 853 4529 est
893 4462 1159 4531 unitas:
1235 4471 1383 4552 post
1461 4460 1593 4530 boc
1648 4463 1770 4529 erit
1827 4472 2181 4554 punctum,

633 4592 717 4637 eo
758 4568 940 4660 quod
973 4569 1216 4640 habeat
1266 4573 1675 4664 positionem
1727 4573 1793 4639 in
1832 4573 2179 4650 continuo,

633 4674 791 4743 licet
832 4678 1211 4767 quantitate
1251 4688 1520 4746 careat:
1555 4686 1618 4746 et
1662 4686 1810 4770 post
1875 4674 2006 4746 boc
2061 4680 2185 4746 erit

634 4782 1049 4854 indivisibile
1087 4785 1272 4876 quod
1313 4796 1414 4855 est
1449 4786 1858 4879 principium
1915 4795 2184 4878 tempo-

634 4891 726 4959 ris
766 4891 953 4983 quod
982 4902 1077 4960 est
1112 4916 1319 4976 nunc,
1363 4918 1443 4961 eo
1476 4892 1659 4987 quod
1689 4902 1955 4985 tempus
1986 4896 2055 4961 in
2076 4895 2178 4963 sui

633 5002 900 5069 ratione
929 5000 1175 5072 habeat
1202 5003 1601 5071 coiitinuum
1670 5011 1734 5071 et
1789 5002 2175 5081 discretum,

630 5132 788 5177 cum
819 5109 1068 5178 dicitur
1105 5133 1433 5179 numerus
1471 5117 1698 5178 motus
1739 5134 1857 5201 per
1895 5111 2077 5201 prius
2115 5121 2180 5180 et

631 5218 992 5307 posterius.
1038 5216 1312 5298 Quanta
1351 5226 1581 5286 autem
1622 5240 1760 5286 non
1802 5229 1958 5287 sunt
2012 5219 2181 5287 sim-

1686 313 1779 385 D.
1835 313 2035 381 ALB.
2087 309 2302 379 MAG.
2354 308 2560 378 ORD.
2613 307 2907 375 PRAED.

2337 461 2698 573 plicia,‘fflita
2729 481 2902 572 quod
2947 504 3085 548 non
3128 477 3676 567 habeant'parte's
3703 467 3886 558 :³st

2337 588 2652 656 dicuntur
2678 587 3010 677 simplicia
3042 609 3194 677 quae
3253 586 3697 675 quantitatem
3756 582 3886 650 ha-

2336 695 2498 764 bent
2562 698 2708 763 sine
2822 697 3320 775 contrarietate,
3427 695 3598 762 sicut
3680 692 3886 760 coele-

2335 807 2464 872 stia
2502 825 2805 895 corpora.
2858 804 2941 871 Et
2971 813 3124 893 post
3182 801 3326 870 haec
3374 803 3687 869 dicuntur
3714 803 3885 868 sim-

2336 911 2534 1001 plicia
2585 911 2699 978 illa
2773 934 2922 1002 quae
2962 909 3216 978 habent
3300 912 3878 988 contrarietatem,

2335 1019 2489 1087 licet
2563 1043 2699 1087 non
2767 1028 3128 1111 utrumque
3195 1019 3690 1087 contrariorum
3751 1017 3880 1084 ha-

2326 1127 2537 1195 beant
2562 1129 2920 1218 permixta‚
2964 1129 3137 1196 sicut
3193 1127 3530 1196 elementa
3596 1130 3664 1193 in
3725 1127 3879 1218 qui-

2333 1233 2461 1301 hus
2535 1242 2695 1302 sunt
2733 1233 3075 1324 simplices
3165 1234 3523 1324 qualitates
3606 1241 3883 1300 contra—

2337 1344 2473 1410 riae.
2507 1343 2593 1411 Et
2627 1343 2908 1410 ulterius
2948 1343 3192 1411 dicitur
3234 1341 3524 1433 simplex
3590 1343 3880 1408 mixtum

2332 1473 2415 1518 ex
2443 1450 2795 1518 contrariis
2823 1450 3043 1517 simile
3083 1450 3152 1516 in
3214 1457 3356 1518 toto
3415 1451 3557 1517 sive
3623 1449 3880 1517 homo-

2329 1578 2645 1647 geneum,
2686 1556 2859 1624 sicut
2894 1556 3065 1647 lapis
3105 1554 3221 1646 qui
3264 1557 3331 1622 in
3371 1555 3688 1623 omnibus
3726 1578 3880 1645 par-

2328 1662 2508 1730 tibus
2543 1662 2713 1753 lapis
2739 1671 2862 1741 est,
2898 1661 3051 1730 licet
3088 1663 3173 1729 sit
3204 1663 3492 1730 mixtum
3521 1686 3535 1729 :
3570 1661 3731 1753 quia
3768 1661 3876 1728 di-

2327 1770 2417 1837 cit
2487 1768 2968 1860 PhilosophuS,
3038 1769 3223 1861 quod
3280 1777 3458 1837 terra
3487 1792 3655 1860 pura
3704 1769 3877 1859 lapis

2326 1898 2466 1942 non
2494 1878 2603 1961 sit,
2636 1878 2797 1967 quia
2836 1875 3423 1944 continuationem
3491 1899 3626 1943 non
3671 1876 3875 1956 lacit,

2324 1982 2440 2050 sed
2503 1983 3173 2051 comminutionem:
3254 1990 3319 2049 et
3395 1983 3492 2049 sic
3557 1982 3878 2050 dicuntur

2320 2092 2655 2183 simplicia
2726 2091 3082 2160 mineralia
3139 2091 3500 2159 metallica.
3575 2090 3871 2160 Ulterius

2319 2199 2634 2268 dicuntur
2661 2199 3072 2292 quandoque
3104 2196 3439 2289 simplicia
3468 2221 3483 2266 :
3520 2200 3678 2290 quia
3707 2222 3869 2289 par-

2315 2330 2473 2375 vam
2520 2308 2770 2377 habent
2821 2308 3174 2376 mixtionis
3239 2308 3733 2376 contrariorum
3795 2308 3864 2375 in
3958 2325 3984 2358 ·‘
4107 2356 4115 2364 -

2315 2415 2619 2504 partibus
2647 2414 3126 2495 differentiam,
3158 2415 3334 2483 sicut
3362 2437 3647 2506 corpora
3676 2412 3876 2505 plan-

2313 2532 2562 2606 tarum,
2594 2547 2748 2616 quae
2790 2523 2947 2592 licet
2978 2522 3347 2615 quamdam
3411 2531 3672 2615 partem
3739 2522 3874 2591 ha-

2313 2632 2516 2700 beant
2547 2654 2700 2723 quae
2735 2641 2836 2700 est
2878 2632 3090 2711 radix,
3148 2630 3519 2722 quamdam
3588 2652 3738 2724 quae
3767 2641 3871 2699 est

2310 2741 2542 2832 stipes,
2575 2750 2640 2810 et
2674 2741 3043 2834 quamdam
3075 2763 3227 2832 qua:
3268 2748 3368 2809 est
3396 2740 3589 2829 virga
3639 2744 3705 2805 et
3763 2759 3869 2804 ra-

2309 2872 2485 2926 muS,
2546 2857 2773 2918 tamen
2844 2850 3157 2916 mixturae
3259 2845 3502 2913 harum
3570 2845 3859 2935 partium

2306 2979 2515 3046 parva
2572 2964 2667 3024 est
2726 2954 3147 3024 differentia:
3190 2961 3258 3022 et
3315 2953 3466 3021 ideo
3543 2950 3861 3043 quando-

2306 3086 2436 3154 que
2483 3063 2815 3154 simplicia
2870 3063 3210 3132 dicuntur.
3274 3060 3442 3129 Post
3501 3059 3614 3128 illa
3698 3067 3860 3128 sunt

2305 3171 2844 3263 complexionata
2873 3193 3025 3264 quae
3053 3170 3307 3240 similia
3335 3176 3494 3238 sunt
3531 3167 3694 3249 fere,
3727 3169 3856 3236 sic-

2304 3288 2374 3345 ut
2398 3279 2715 3348 animalia
2738 3278 3051 3367 annulosi
3083 3278 3412 3369 corporiS‚
3447 3286 3512 3345 et
3543 3275 3851 3369 quaedam

2300 3410 2584 3479 corpora
2615 3389 2924 3480 piscium.
2968 3386 3231 3456 Deinde
3287 3394 3445 3454 sunt
3475 3385 3852 3475 composita

2299 3517 2379 3562 ex
2412 3495 2748 3588 organicis
2805 3494 3109 3589 partibus
3165 3492 3633 3570 dissimilibus,
3692 3513 3845 3582 quae

2298 3604 2503 3669 etiam
2543 3601 2694 3669 licet
2732 3603 3107 3692 composita
3137 3601 3272 3667 sint
3329 3598 3552 3678 valde,
3615 3607 3844 3666 tamen

2299 3709 2703 3800 quandoque
2760 3707 3094 3800 simplicia
3148 3706 3465 3774 dicuntur
3542 3713 3844 3796 respectu

2296 3816 2807 3911 compositionis
2862 3815 3209 3907 sequentis
3284 3837 3366 3882 ex
3433 3836 3714 3906 corpore
3781 3822 3846 3880 et

2294 3927 2521 3993 anima
2561 3922 2896 3992 rationali.
2936 3924 3197 3991 Dicitur
3225 3946 3389 4014 ergo
3442 3921 3621 3990 Deus
3685 3941 3841 3988 vere

2292 4033 2618 4125 simplex:
2663 4032 2819 4123 quia
2862 4032 3092 4099 omnia
3136 4030 3269 4099 alia
3336 4028 3565 4120 aliquo
3634 4026 3837 4095 modo

2291 4150 2446 4208 sunt
2474 4141 2891 4230 composita:
2936 4140 3208 4229 proprie
3249 4146 3474 4204 autem
3521 4134 3840 4227 quiahoc

2291 4249 2417 4317 soli
2457 4249 2584 4317 sibi
2617 4248 2958 4316 convenit.

2376 4356 2462 4425 Et
2511 4364 2692 4435 nota,
2761 4354 2941 4446 quod
2982 4353 3383 4444 simplicitas
3423 4362 3525 4420 est
3557 4351 3828 4444 duplex,

2289 4465 2540 4535 scilicet
2579 4466 2646 4533 in
2688 4488 2831 4533 esse
2873 4485 3024 4555 quae
3056 4471 3157 4531 est
3199 4485 3408 4554 penes
3447 4460 3843 4530 indifferen-

2286 4574 2451 4640 tiam
2483 4572 2666 4664 quod
2696 4579 2794 4639 est
2824 4580 2888 4639 et
2918 4593 3056 4663 quo
3088 4577 3187 4638 est
3226 4570 3369 4637 sive
3419 4592 3590 4648 csse,
3636 4576 3699 4636 et
3729 4591 3840 4636 se-

2291 4683 2512 4752 cundo
2588 4685 2654 4750 in
2722 4682 2827 4751 bis
2893 4705 3046 4775 quae
3114 4680 3503 4750 adventitiae
3581 4688 3836 4747 naturae

2288 4799 2442 4858 sunt
2484 4792 2550 4858 in
2583 4789 3037 4873 interioribus,
3064 4799 3137 4859 ut
3163 4786 3576 4857 accidentia:
3613 4795 3676 4855 et
3718 4785 3834 4854 illa

2288 4898 2681 4989 simplicitas
2737 4907 2834 4966 est
2903 4896 3086 4988 quod
3156 4897 3297 4989 ipse
3356 4903 3458 4963 est
3502 4892 3832 4986 quidquid

2285 5005 2488 5073 babet
2561 5004 2642 5073 de
2699 5003 3026 5074 absolutis
3081 5027 3095 5071 :
3173 5002 3377 5071 habet
3419 5002 3599 5070 enim
3630 4999 3836 5068 Pater

2285 5111 2556 5198 Filium,
2597 5121 2662 5181 et
2692 5113 2833 5203 ipse
2866 5134 3003 5180 non
3035 5117 3138 5179 est
3166 5110 3404 5178 Filius.
