4897 6388
666 260 815 327 396·

550 440 553 443 ’
662 451 785 519 per
809 436 1253 518 *estpersona
1300 452 1419 498 ens
1476 430 1569 508 ab⁸
1612 426 2201 511 alio,‚⁴inn‚otescit:

325 4765 422 4812 sed
456 4772 642 4814 eontra.

663 523 899 603 et'hoc
938 543 1061 614 est,
1099 543 1217 603 aut
1246 537 1529 604 interius
1558 536 1641 603 ad
1671 521 2110 608 intellectum,
2145 539 2208 597 et

662 643 759 709 sic
815 651 917 710 est
969 665 1091 732 per
1153 644 1411 710 donum
1479 644 1880 722 intellectuS,
1940 641 2046 708 vel
2091 663 2209 730 per

664 748 924 816 donum
964 750 1267 833 affectuS,
1331 759 1397 818 et
1436 773 1587 819 ecee
1643 751 1778 818 duo
1829 749 2049 815 modi:
2094 757 2206 814 aut

665 854 795 923 hoc
826 865 927 924 est
965 859 1260 924 exterius
1290 857 1376 924 ad
1406 879 1680 924 sensum
1712 856 2094 923 ordinatum
2125 855 2205 920 ad

665 962 1110 1039 intellectum,
1155 971 1221 1030 et
1277 972 1440 1031 tunc
1489 985 1759 1030 necesse
1807 970 1907 1029 est
1956 961 2098 1028 fieri
2138 963 2204 1026 in

662 1078 974 1138 creatura
1011 1081 1361 1161 assumpta
1396 1095 1411 1140 ι
1461 1081 1528 1140 et
1575 1071 1691 1138 illa
1725 1070 1832 1138 vel
1875 1079 1975 1138 est
2021 1072 2201 1136 unita

662 1176 1060 1258 assumenti,
1097 1183 1172 1242 ut
1196 1176 1340 1263 ejus
1373 1177 1490 1266 qui
1523 1177 1768 1242 missus
1792 1174 1983 1241 estin
2015 1196 2206 1239 mun-

662 1279 827 1345 dum
848 1275 1009 1347 'Filii
1040 1303 1160 1371 per
1188 1290 1605 1371 assumptam
1630 1288 1936 1348 naturam
1971 1279 2206 1346 huma-

663 1409 822 1453 nam
859 1409 874 1454 :
912 1397 1028 1455 aut
1058 1397 1159 1456 est
1189 1399 1540 1479 assumpta
1568 1411 1706 1456 non
1745 1389 1957 1465 unita,
1994 1397 2065 1455 ut
2109 1396 2204 1453 est

661 1519 802 1565 vox
831 1521 1106 1576 sonanS‚
1134 1507 1200 1566 et
1228 1497 1488 1588 lingua,
1513 1506 1579 1566 et
1607 1498 1948 1578 columba,
1991 1507 2055 1565 et
2085 1495 2206 1563 hu-

655 1604 984 1696 jusmodi,
1038 1606 1121 1673 de
1188 1606 1437 1696 quibus
1495 1605 1666 1674 infra
1732 1607 2004 1696 proprio
2057 1604 2202 1672 loco

665 1722 1029 1803 quaeretur.
1072 1712 1156 1780 Et
1186 1736 1306 1803 per
1334 1713 1465 1782 hoc
1496 1721 1677 1804 patet
1705 1714 1954 1781 solutio
1986 1714 2067 1780 ad
2098 1724 2204 1781 to-

660 1829 832 1888 tum.

1079 2251 1584 2323 ARTICULUS
1634 2252 1787 2322 Vll.

667 2467 861 2551 Quid
917 2467 1135 2533 addat
1175 2466 1512 2557 processio
1569 2467 1971 2558 temporalis
2004 2491 2206 2559 super

1233 2580 1559 2640 aeternam
1593 2571 1635 2640 ?

750 2888 1030 2981 Sepimo
1062 2890 1419 2980 quaeritur,
1469 2888 1645 2970 Quid
1696 2889 1898 2959 addat
1934 2914 2207 2982 proces-

655 2999 759 3067 sio
807 2997 1202 3091 temporalis
1238 3021 1442 3092 super
1492 3008 1812 3070 aeternam
1841 3003 1878 3070 Ἰ

750 3105 1040 3176 Videtur
1075 3116 1333 3188 autem,
1378 3107 1562 3201 quod
1601 3107 1771 3178 nihil
1805 3132 1823 3180 ε
1859 3111 2018 3205 quia

758 3218 814 3286 1.
852 3215 1075 3285 Omne
1113 3216 1182 3286 id
1230 3218 1336 3286 cui
1397 3217 1740 3310 possibilis
1788 3227 1891 3288 est
1926 3219 2203 3300 additio,

661 3330 764 3390 est
803 3322 872 3391 in
901 3324 1204 3414 potentia
1242 3322 1328 3392 ad
1354 3322 1422 3392 id
1461 3324 1646 3417 quod
1683 3347 1823 3394 non
1862 3324 2106 3395 habet:
2142 3330 2208 3397 in

663 3431 939 3498 aeternis
976 3437 1203 3499 autem
1236 3429 1407 3499 nihil
1446 3439 1547 3500 est
1579 3432 1647 3499 in
1693 3433 1989 3524 potentia
2020 3432 2103 3502 ad
2144 3434 2207 3502 id

663 3538 852 3631 quod
900 3562 1037 3607 non
1090 3537 1344 3609 habet:
1407 3563 1572 3633 ergo
1630 3543 2020 3634 temporalis
2074 3569 2208 3613 non

665 3653 892 3737 potest
928 3645 1173 3715 addere
1211 3670 1418 3739 super
1466 3656 1815 3719 aeternam.

762 3759 827 3826 2.
873 3754 1235 3835 Praeterea,
1278 3755 1437 3824 Non
1481 3754 1753 3825 videtur
1797 3756 2016 3828 dicere
2055 3783 2214 3851 pro-

668 3866 885 3934 cessio
916 3864 1312 3956 temporalis
1336 3864 1465 3933 nisi
1494 3869 1993 3958 processionem
2016 3881 2214 3939 aeter-

672 3995 832 4042 nam
851 3970 1264 4040 cumess'ectu
1296 3971 1367 4040 in
1395 3981 1702 4042 creatura
1739 3977 2211 4068 appropriabili

671 4078 1116 4172 procedenti:
1161 4078 1279 4149 sed
1329 4079 1441 4148 ille
1494 4079 1773 4149 ess'ectus
1810 4091 2068 4153 tantum
2116 4095 2213 4153 est

673 4208 982 4279 personoe
1043 4208 1128 4253 ex
1193 4194 1385 4278 parte
1424 4196 1770 4265 creaturae.
1819 4198 1884 4257 et
1940 4213 2075 4258 non
2131 4216 2211 4260 ex

674 4303 867 4386 parte
931 4315 1238 4385 personae
1295 4293 1777 4384 procedentis:
1846 4318 2008 4387 ergo
2081 4322 2213 4365 non

677 4398 949 4468 additur
986 4399 1046 4466 ei
1084 4421 1102 4467 ε
1162 4421 1328 4489 ergo
1367 4409 1669 4468 remanet
1710 4400 1878 4470 adeo
1934 4403 2216 4494 simplex

678 4508 853 4575 sicut
927 4508 1155 4597 prius:
1224 4528 1389 4597 ergo
1438 4505 1729 4585 videtur,
1809 4508 1988 4598 quod
2054 4508 2214 4576 nihil

683 4612 994 4683 addatur.

777 4716 849 4785 Si
881 4717 1012 4786 hoc
1048 4718 1331 4798 dicatur,

772 4823 1081 4893 Cos-rna:
1129 4825 1482 4895 l‘rocessio
1519 4834 1769 4894 aeterna
1807 4848 1944 4893 non
1995 4829 2219 4919 recipit

678 4929 911 5023 aliquo
941 4933 1148 5002 modo
1189 4936 1407 5023 gratia
1453 4937 1559 5002 sui
1599 4932 1773 5001 hanc
1822 4932 2221 5003 denomina-

675 5044 934 5112 tionem
976 5044 1158 5135 quod
1204 5046 1290 5112 sit
1329 5043 1436 5113 vel
1485 5044 1749 5113 dicatur
1787 5045 2214 5135 temporalis:

672 5152 728 5218 si
759 5174 923 5243 ergo
967 5152 1211 5221 dicitur
1256 5153 1676 5244 temporaliS,
1728 5154 1993 5222 videtur
2041 5156 2217 5245 quod

541 5313 547 5320 .
673 5259 805 5325 hoc
842 5259 928 5325 sit
967 5260 1188 5349 gratia
1221 5259 1510 5349 alicujus
1541 5259 1792 5328 additi:
1844 5283 2005 5350 ergo
2045 5270 2220 5328 tem-

670 5364 925 5457 poralis
955 5366 1210 5456 aliquid
1243 5367 1454 5437 addit.

744 5600 762 5634 ¹
802 5596 963 5662 Vide,
996 5599 1018 5653 1
1073 5599 1542 5666 Sententiarum,
1574 5598 1721 5655 nist.
1755 5600 1923 5657 XXX.

1684 256 2019 329 D.·ALB.
2069 253 2281 322 MAG.
2333 251 2542 321 ORD.
2593 251 2890 319 PRAED.

2410 420 2715 490 Somno.
2750 419 3138 514 Dicendum⁸
3160 428 3261 488 est
3283 421 3369 488 ad
3393 421 3547 501 hoc,
3583 427 3763 516 quod
3795 429 3861 494 in

2317 527 2600 595 veritate
2659 537 2911 594 aeterno
2980 525 3513 594 substantialiter
3566 537 3632 595 et
3687 531 3862 597 acci-

2317 636 2675 704 dentaliter
2702 635 2870 702 nihil
2930 635 3080 702 addi
3131 643 3398 725 potest:
3462 635 3581 703 sed
3636 644 3862 705 tamen

2317 743 2568 833 aliquid
2603 766 2672 810 se
2705 743 2787 809 ad
2819 744 3043 833 ipsum
3084 742 3279 811 aliter
3334 743 3582 812 habere
3616 755 3857 834 potest,

2317 873 2521 941 quam
2552 859 2706 917 ante
2746 849 2984 917 habuit
3021 873 3037 917 2
3073 858 3139 917 et
3183 852 3274 917 ita
3313 851 3461 918 dico
3504 851 3637 934 hic,
3681 854 3863 943 quod

2315 959 2655 1047 processio
2688 956 3081 1047 temporalis
3106 957 3358 1024 claudit
3392 959 3456 1022 in
3489 981 3560 1026 se
3599 959 3865 1026 intelle·
3903 971 3917 984 ·

2313 1072 2497 1132 ctum
2562 1073 2828 1133 aeternae
2888 1067 3361 1154 processionis,
3418 1077 3481 1133 et
3526 1067 3708 1135 addit
3759 1092 3866 1136 re-

2313 1185 2616 1265 spectum
2657 1177 2772 1267 qui
2810 1185 3128 1244 causatur
3164 1198 3246 1244 ex
3283 1175 3413 1243 hoc
3443 1178 3625 1266 quod
3672 1202 3864 1247 erea-

2312 1292 2465 1351 tura
2495 1283 2839 1352 rationalis
2871 1308 2955 1352 ex
2994 1285 3176 1353 dono
3212 1284 3331 1352 Dei
3373 1284 3567 1352 aliter
3613 1310 3685 1355 se
3731 1287 3862 1355 ha·-

2312 1391 2423 1459 bet
2456 1391 2534 1458 ad
2559 1393 2779 1482 ipsum
2815 1394 2878 1459 in
2912 1392 3152 1480 gratia,
3189 1415 3392 1482 quam
3420 1401 3575 1460 ante
3596 1393 3856 1462 habuit.

2313 1499 2396 1566 Et
2432 1498 2589 1566 lieet
2616 1498 2758 1567 haee
2786 1522 2925 1566 non
2975 1500 3237 1589 possint
3279 1499 3458 1579 addi,
3502 1509 3578 1568 ut
3616 1501 3863 1569 faciant

2313 1629 2454 1674 rem
2485 1606 2781 1697 aliquam
2822 1628 3111 1674 numero
3141 1629 3377 1684 unam,
3445 1615 3674 1675 tamen
3721 1607 3865 1676 haec

2312 1722 2597 1804 possunt
2655 1712 2854 1780 simul
2924 1711 3289 1803 significari
3359 1714 3636 1783 nominc
3697 1739 3861 1798 uno,

2311 1822 2485 1888 sicut
2522 1828 2623 1887 est
2652 1821 2990 1911 processio
3021 1821 3417 1911 temporalis
3453 1843 3468 1889 ε
3503 1823 3685 1892 unde
3713 1848 3870 1915 pro·-

2311 1930 2525 1997 cessio
2564 1929 2749 1997 addit
2785 1930 2854 1997 in
2896 1928 3103 1997 modo
3144 1929 3564 2021 intelligendi
3614 1939 3681 2000 et
3718 1935 3865 2024 sig-

2312 2035 2656 2120 nificandi,
2707 2036 2862 2106 licet
2900 2060 3039 2105 non
3079 2036 3279 2105 addat
3349 2038 3414 2104 in
3483 2062 3580 2122 re,
3654 2041 3744 2106 ita
3790 2048 3867 2108 ut

2310 2144 2683 2236 temporale
2748 2145 2947 2214 faciat
2998 2153 3327 2214 aeternum
3382 2147 3489 2214 vel
3556 2147 3865 2217 accidens

2307 2255 2566 2324 aeterni.

2397 2361 2481 2428 Et
2520 2385 2606 2429 ex
2644 2360 2769 2430 hoc
2807 2364 3008 2430 etiam
3041 2370 3225 2453 patet
3256 2363 3504 2431 solutio
3532 2364 3615 2431 ad
3658 2362 3861 2431 ambo

2308 2469 2594 2558 objecta.

2706 2894 3209 2966 Anthum's
3270 2901 3453 2970 Ylll.

2311 3103 2416 3170 An
2482 3103 2813 3192 Alaqister
2890 3103 3001 3170 leic
3086 3104 3247 3172 bene
3318 3108 3727 3180 delet-mino!
3780 3115 3865 3181 de

2693 3211 3011 3278 missione
3049 3217 3416 3305 temporali
3440 3220 3481 3284 :²

2405 3526 2528 3594 llis
2564 3528 2727 3595 visis
2764 3551 2914 3621 quae
2953 3532 3145 3620 quasi
3178 3531 3669 3604 adminiculum
3700 3547 3856 3606 sunt

2317 3634 2398 3701 ad
2448 3643 2665 3703 totum
2725 3637 2926 3704 istum
2960 3646 3343 3713 tractatum,
3405 3643 3858 3714 accedendum

2317 3751 2412 3808 est
2447 3742 2529 3808 ad
2563 3743 2916 3813 [λῖτα-(ηπ.

2409 3849 2490 3917 Εἰ
2520 3852 2741 3942 primo
2779 3854 3110 3942 quaeritur
3146 3855 3229 3920 de
3272 3854 3396 3923 lmc
3446 3859 3626 3947 quod
3658 3859 3860 3930 dicit:

2317 3987 2349 4016 «ε
2397 3961 2737 4027 I’raelereo
2784 3960 3155 4049 diliqente‘r
3208 3964 3682 4035 adnotandum
3742 3980 3862 4044 est.

2320 4077 2446 4133 ele.
2494 4095 2528 4128 »v

2415 4177 2475 4241 ¹.
2516 4174 2798 4244 Videtur
2825 4180 3008 4244 enim
3040 4178 3146 4247 hie
3179 4181 3353 4246 mal«-
3387 4186 3543 4272 poni
3569 4186 3692 4254 iste
3731 4197 3870 4256 tra·

2320 4293 2539 4351 ctatus
2589 4285 2671 4351 «le
2726 4284 3082 4375 temporali
3161 4292 3591 4378 processione
3636 4317 3650 4359 :
3712 4318 3866 4363 cum

2322 4395 2503 4460 enim
2559 4392 2878 4483 Magister
2934 4403 3090 4485 agat
3150 4395 3258 4463 hic
3315 4399 3398 4464 de
3455 4397 3559 4466 luis
3598 4424 3750 4492 quae
3783 4404 3868 4470 ab

2322 4512 2576 4570 a·terno
2617 4502 2760 4570 Deo
2799 4507 3240 4579 conveniunt.
3276 4509 3401 4573 ista
3443 4518 3669 4578 autem
3702 4535 3871 4579 con-

2323 4609 2604 4676 veniunt
2634 4632 2716 4676 ex
2751 4619 3078 4699 tempore,
3118 4611 3293 4679 male
3325 4612 3592 4682 videtur
3622 4615 3729 4683 hic
3762 4619 3869 4685 in·-

2325 4715 2611 4784 troduci.

2413 4824 2729 4901 2.,ltem.
2786 4825 2957 4893 Sunt
3029 4828 3342 4917 quautam
3405 4831 3870 4920 temporaliter

2324 4932 2468 5000 noo
2526 4936 3022 5004 convenientia.
3092 4934 3174 5001 «le
3241 4937 3486 5026 quibus
3545 4938 3869 5030 Magister

2323 5041 2491 5109 infra
2533 5042 3000 5109 determinabit
3039 5044 3053 5077 ¹
3103 5064 3117 5109 ε
3161 5065 3325 5132 ergo
3376 5046 3551 5111 inter
3590 5046 3700 5113 illa
3746 5048 3869 5117 de-

2323 5149 2507 5218 beret
2549 5153 2707 5241 poni
2746 5153 2865 5217 iste
2896 5159 3245 5227 tractatuS,
3282 5161 3350 5217 ut
3393 5153 3682 5223 videtur.

2409 5260 2473 5323 3.
2539 5257 2895 5334 l‘raeterea‚
2942 5255 3038 5325 De
3097 5260 3417 5326 missione
3467 5264 3534 5330 in
3591 5286 3860 5332 carnem

2320 5367 2546 5455 agitur
2567 5366 2631 5432 in
2653 5364 2824 5432 liluro
2850 5366 2938 5433 lll
2964 5367 3469 5435 Semenliarum
3490 5391 3514 5437 .·
3531 5393 3686 5439 cum
3702 5396 3864 5465 ergo

3958 451 4155 497 Solutio.
4189 444 4201 455 ”
4218 457 4225 472 ’
