4897 6388
652 422 656 436 -
650 245 658 364 *-·-.
647 119 658 216 ..η-..Ἰ
647 61 656 98 αι..

677 80 684 87 ·

889 1473 973 1519 Ad
1000 1474 1068 1520 11.

862 2651 943 2698 Ad
967 2652 1016 2697 ιι
1032 2659 1080 2700 et

880 2706 1058 2766 ⁰55⁰&-

1974 296 2072 363 IN
2123 297 2150 362 l
2203 296 2627 364 SENTENT.
2678 296 2908 367 DIST.
2960 296 3148 392 XIII,
3201 297 3287 378 A,
3337 297 3535 363 ART.
3594 298 3656 363 1.

1163 471 1417 538 tatibus
1494 492 1647 561 quae
1694 490 1835 535 non
1903 475 2061 533 sunt
2119 466 2510 545 accidentia,
2609 468 2727 535 sed

1161 588 1446 669 propter
1494 574 1968 645 omnimodam
2020 573 2520 662 simplieitatem
2570 584 2729 643 sunt

1162 686 1587 754 substantia:
1655 705 1796 750 non
1845 690 2075 749 tamen
2119 690 2288 748 ’sunt
2336 681 2730 751 differentiae

1163 789 1670 869 substantialeS,
1724 790 1886 879 quia
1930 789 2089 877 [non
2153 787 2405 854 faciunt
2463 788 2727 856 diss‘erre

1164 898 1542 966 secundum
1575 898 2024 966 substantiam
2057 905 2123 964 et
2160 898 2544 978 essentiam,
2577 921 2727 987 quae

1164 1028 1305 1072 una
1359 1027 1648 1072 numero
1718 1012 1820 1071 est
1884 1004 1953 1069 in
2006 1003 2275 1080 divinis,
2310 1004 2425 1070 sed
2476 1003 2731 1071 faciunt

1166 1112 1497 1204 distingui
1526 1133 1853 1203 personas
1888 1112 2027 1178 suis
2058 1110 2577 1200 proprietatibus
2611 1134 2625 1178 ε
2664 1120 2731 1178 et

1164 1219 1327 1308 ipsoe
1381 1220 1828 1308 proprietates
1926 1216 2432 1306 distinguuntur
2462 1216 2724 1305 seipsiS,

1170 1325 1333 1415 quia
1361 1324 1558 1392 aliter
1585 1325 1793 1390 iretur
1820 1322 1890 1388 in
1915 1323 2278 1390 infinitum.

1259 1434 1365 1502 An
1414 1454 1612 1499 amun
1652 1431 2040 1509 dicendum,
2084 1431 2262 1520 quod
2314 1429 2442 1498 hoe
2488 1454 2727 1498 verum

1172 1546 1297 1618 est,
1342 1537 1528 1628 quod
1584 1536 1774 1604 nulla
1834 1537 2173 1604 distinctio
2205 1546 2305 1605 est
2364 1539 2431 1603 in
2482 1537 2730 1604 divinis

1168 1649 1298 1715 nisi
1330 1668 1450 1737 per
1479 1637 1845 1713 relationes
1886 1645 2209 1736 originis:
2266 1645 2383 1711 sed
2431 1647 2573 1733 jam
2624 1668 2731 1712 os-

1166 1763 1441 1823 tensum
1470 1762 1598 1831 est,
1636 1752 1822 1844 quod
1852 1755 2026 1821 ratio
2069 1754 2351 1841 originis
2383 1755 2451 1819 in
2482 1753 2728 1821 divinis

1165 1888 1306 1933 non
1337 1873 1439 1934 est
1475 1887 1639 1945 una,
1673 1863 1791 1932 sed
1819 1863 2113 1953 duplex:
2149 1874 2248 1932 est
2302 1864 2483 1931 enim
2523 1863 2728 1931 Pater

1165 1976 1360 2065 origo
1428 1971 1579 2040 Filii
1648 1995 1769 2062 per
1832 1972 2366 2063 generationem,
2400 1979 2467 2039 et
2525 1970 2723 2038 Pater

1162 2089 1229 2149 et
1261 2078 1474 2147 Filius
1503 2080 1699 2170 origo
1744 2077 2035 2169 Spiritus
2065 2079 2274 2146 saneti
2305 2101 2426 2168 per
2458 2089 2724 2169 proces·

1161 2187 1429 2255 sionem
1458 2208 1473 2254 ε
1509 2195 1577 2254 et
1605 2196 1957 2255 ostensum
1990 2194 2116 2266 est,
2150 2184 2327 2276 quod
2368 2186 2435 2252 in
2484 2194 2725 2253 natura

1161 2296 1581 2366 omnimodae
1653 2296 2087 2387 perfectionis
2196 2297 2722 2365 communicatio

1163 2408 1419 2475 amoris
1458 2407 1892 2495 conjunctam
1933 2404 2137 2472 habet
2174 2404 2298 2471 sibi
2339 2405 2719 2472 communi·
2751 2413 2758 2420 ’

1162 2518 1503 2584 cntionem
1538 2522 1798 2583 naturae
1838 2516 1907 2582 in
1941 2515 2086 2605 ipso
2126 2537 2356 2583 amore
2414 2522 2481 2583 et
2510 2514 2716 2583 dono.
2758 2599 2763 2602 ι

1253 2625 1357 2692 An
1396 2647 1462 2692 m
1501 2623 1687 2715 quod
1715 2623 2032 2713 objicitur
2066 2633 2302 2692 contra
2331 2623 2725 2692 similitudi-

1159 2755 1282 2800 nes
1331 2731 1669 2810 inductaS,
1703 2729 2063 2799 dicendum
2121 2730 2305 2822 quod
2356 2738 2721 2824 utrumque

1160 2837 1385 2906 simile
1414 2838 1579 2905 satis
1619 2836 1879 2905 bonum
1926 2846 2050 2914 est,
2084 2837 2457 2905 dummodo
2497 2836 2720 2907 debite

1155 2946 1578 3038 intelligatur
1611 2969 1626 3013 :
1663 2948 1839 3014 sicut
1868 2947 2051 3014 enim
2088 2970 2288 3036 supra
2318 2947 2614 3014 diximus
2634 2970 2719 3015 ex

1151 3054 1556 3123 auctoritate
1634 3051 1899 3133 Hilarii,
1951 3054 2366 3143 comparatio
2422 3063 2722 3121 terreno-

1153 3181 1307 3228 rum
1337 3157 1422 3227 ad
1505 3157 1722 3227 Deum
1754 3155 1939 3227 nulla
1979 3165 2131 3227 est:
2176 3167 2240 3227 et
2278 3160 2333 3226 si
2398 3181 2533 3250 qua
2590 3181 2717 3227 nos

1152 3266 1500 3335 interdum
1530 3266 1883 3334 afferimus
1911 3265 2244 3356 exempla,
2289 3289 2494 3333 nemo
2526 3274 2717 3356 putet

1150 3397 1229 3444 ea
1272 3375 1340 3443 in
1381 3396 1455 3442 se
1489 3372 1971 3464 perfectionem
2019 3373 2296 3440 rationis
2336 3372 2709 3440 continere.

1156 3481 1347 3550 Unde
1376 3480 1692 3561 dicimus,
1729 3479 1911 3571 quod
1939 3503 2024 3547 ex
2063 3477 2206 3546 sole
2235 3489 2332 3546 est
2356 3479 2611 3559 lumen,
2647 3488 2713 3548 et

1149 3590 1339 3659 calor
1373 3614 1390 3659 τ
1424 3588 1544 3658 sed
1577 3589 1765 3657 calor
1804 3591 2152 3681 tequivoce
2185 3588 2429 3657 dicitur
2464 3589 2549 3657 ad
2590 3614 2711 3659 ca-

1148 3699 1364 3767 lorem
1421 3696 1765 3780 elementi,
1800 3705 1866 3765 et
1929 3696 2225 3765 calorem
2291 3696 2455 3764 solis
2489 3721 2504 3765 ε
2582 3700 2710 3767 nisi

1145 3807 1330 3874 enim
1397 3813 1573 3872 esset
1634 3827 1720 3872 ex
1776 3802 1920 3872 sole
1977 3802 2186 3879 calor,
2266 3827 2400 3871 non
2460 3805 2709 3873 «liceret

1145 3910 1609 4004 Philosophus
1676 3913 1743 3979 in
1810 3911 1984 3980 libro
2036 3911 2192 3979 ΧΥΙ
2237 3914 2704 3997 animalium,

1142 4020 1328 4114 quod
1365 4042 1600 4089 semen
1633 4027 1864 4087 movet
1911 4020 2132 4088 calore
2163 4020 2335 4095 cmli,
2378 4029 2441 4089 et
2483 4021 2705 4089 calore

1142 4129 1491 4211 elementi,
1558 4136 1622 4195 et
1691 4125 1915 4194 calore
1972 4128 2256 4194 animm:
2311 4127 2426 4195 sed
2467 4151 2703 4196 verum

1141 4249 1267 4319 est,
1304 4238 1489 4332 quod
1522 4236 1633 4305 ille
1664 4235 1872 4314 calor,
1910 4248 1983 4305 ut
2005 4236 2169 4311 dixi.
2202 4260 2338 4304 non
2370 4248 2468 4306 est
2501 4240 2704 4306 unius

1144 4348 1427 4416 rationis
1491 4369 1649 4415 cum
1716 4344 1940 4414 calore
2024 4344 2415 4412 inferiorum
2447 4368 2463 4411 :
2527 4347 2701 4413 sicut

1142 4458 1326 4524 enim
1369 4463 1599 4523 motus
1628 4454 2002 4522 secundum
2048 4453 2271 4521 locum
2306 4455 2589 4523 refertur
2620 4457 2702 4524 ad

1141 4561 1495 4632 immobile
1540 4564 1867 4653 primum,
1904 4562 1992 4629 ita
2061 4585 2328 4629 necesse
2369 4572 2468 4629 est
2520 4565 2703 4654 quod

1138 4674 1434 4742 alterans
1495 4694 1701 4738 omne
1763 4670 2086 4737 reseratur
2118 4670 2199 4736 ad
2240 4671 2530 4738 alterans
2572 4674 2702 4763 pri·

1139 4805 1357 4858 mum,
1395 4803 1534 4848 non
1579 4785 1843 4845 motum
1885 4778 2255 4845 seeundum
2305 4778 2698 4869 qualitatem

1137 4887 1592 4955 alterantem:
1656 4884 1882 4952 omnis
1932 4884 2114 4950 enim
2179 4907 2337 4951 vera
2390 4884 2698 4954 alteratio

1139 4994 1481 5063 reducitur
1505 4993 1590 5060 ad
1621 4990 2090 5059 alterationem
2114 4991 2485 5080 primarum
2526 5016 2700 5085 qua-

1132 5103 1430 5180 litatum,
1454 5108 1522 5167 et
1550 5097 1864 5167 alteratio
1896 5098 2266 5186 primarum
2294 5099 2695 5188 qualitatum

1132 5206 1216 5273 ad
1265 5204 1627 5282 elementa,
1671 5210 1738 5271 et
1806 5199 1948 5269 haec
1985 5201 2265 5269 ulterius
2293 5202 2374 5269 ml
2415 5205 2697 5274 virtutes

1131 5309 1488 5380 stellarum
1528 5331 1678 5400 quae
1709 5306 1997 5375 atterant
2025 5314 2091 5375 et
2121 5331 2256 5375 non
2295 5309 2690 5399 alterantur,

1129 5419 1304 5485 sicut
1335 5414 1499 5483 dicit
1529 5412 1990 5504 Philosophus
2013 5415 2083 5481 in
2116 5414 2284 5483 libro
2307 5415 2389 5484 de
2419 5419 2692 5487 Natura

1130 5522 1339 5592 orbis.
1380 5519 1518 5589 Sed
1545 5543 1785 5590 verum
1816 5529 1943 5604 est,
1979 5520 2160 5611 quod
2189 5522 2255 5589 in
2298 5521 2422 5592 hoc
2468 5523 2692 5595 delicit

1134 5629 1383 5709 simile,
1419 5626 1607 5719 quod
1661 5626 1747 5695 ad
1793 5649 2000 5695 unam
2039 5627 2414 5719 simplicem
2468 5654 2691 5700 essen·

2833 468 2995 534 tiam
3063 466 3225 533 solis
3292 489 3428 533 non
3472 473 3754 555 possunt
3785 463 4011 530 reduci
4058 463 4292 529 lumen
4323 468 4388 527 et

2833 573 3019 641 calor
3052 596 3065 639 :
3107 574 3267 663 quia
3306 575 3478 640 sicut
3516 573 3676 640 dicit
3703 571 4097 659 Dionysius,
4143 591 4390 636 causa-

2832 689 2901 748 ta
2966 682 3300 769 recipiunt
3357 680 3731 747 bonitatem
3800 699 4021 745 causae
4077 675 4385 744 inferiori

2833 788 3038 855 modo
3097 811 3305 878 quam
3363 790 3449 855 sit
3502 789 3568 853 in
3642 809 3845 854 causa
3905 786 4071 875 ipsa.
4115 783 4201 850 Et
4231 784 4385 851 ideo

2833 920 3046 963 unum
3096 919 3381 963 numero
3432 896 3616 985 quod
3655 878 3755 961 est
3795 897 3863 960 in
3919 891 4062 960 sole
4093 913 4385 980 operans

2833 1004 2977 1073 haec
3005 1006 3140 1073 duo
3184 1006 3520 1095 signifieat
3559 1012 3887 1094 quantum
3928 1009 4150 1091 potest
4179 989 4385 1066 etiam

2833 1137 3047 1180 unum
3086 1114 3377 1203 simplex
3406 1114 3474 1179 in
3514 1122 3754 1180 natura
3792 1110 4043 1178 divina.

2926 1225 3186 1293 Eodem
3218 1224 3419 1292 modo
3480 1226 3627 1293 dico
3669 1223 3753 1291 ad
3809 1222 3877 1290 id
3919 1222 4103 1312 quod
4141 1220 4388 1309 objici-

2834 1339 2947 1398 tur
3009 1339 3248 1400 contra
3320 1331 3540 1398 simile
3599 1337 3949 1419 acceptum
4002 1326 4086 1394 ab
4154 1328 4312 1417 igne
4361 1348 4377 1394 ε

2839 1439 2999 1527 quia
3037 1438 3122 1506 ad
3153 1439 3383 1504 minus
3417 1439 3485 1504 in
3525 1436 3823 1504 interiori
3856 1436 4012 1524 igne
4041 1456 4179 1500 una
4236 1455 4388 1522 spe-

2835 1546 2970 1613 eies
3001 1546 3179 1636 ignis
3210 1545 3327 1612 lux
3358 1554 3480 1628 est,
3516 1543 3767 1611 utdieit
3810 1538 4291 1630 PhilosophuS,
4319 1548 4388 1607 et

2836 1674 3014 1724 unus
3044 1652 3221 1742 ignis
3248 1657 3363 1719 *est
3392 1650 3623 1718 lucens
3663 1658 3729 1718 et
3759 1648 4007 1733 calenS,
4042 1646 4198 1715 lieet
4242 1669 4387 1715 non

2832 1759 3121 1848 simplici
3154 1759 3427 1828 virtute.
3456 1758 3591 1826 Sed
3612 1758 3771 1848 quia
3800 1780 3922 1848 per
3942 1757 4384 1823 eminentiam

2836 1889 2876 1935 a
2902 1874 3179 1934 causato
3209 1867 3294 1935 ad
3324 1890 3595 1936 causam
3630 1865 4075 1956 assurgimuS,
4135 1863 4387 1931 intelli-

2836 1974 3061 2064 gimus
3091 1975 3594 2065 processionem
3628 1993 4072 2064 personarum
4114 1992 4262 2037 esse
4310 1970 4382 2037 in

2810 2089 3077 2148 *natura
3106 2081 3393 2171 simplici
3435 2082 3503 2147 in
3546 2081 3882 2149 Creatore.

2824 2241 2827 2244 -
2917 2191 3022 2256 An
3049 2212 3248 2257 Auen
3278 2189 3661 2268 dicendum,
3698 2187 3878 2278 quod
3907 2185 4053 2254 haec
4096 2208 4234 2254 non
4266 2193 4371 2254 est

2825 2319 3013 2375 vera,
3060 2295 3133 2364 Si
3173 2296 3519 2388 generatio
3552 2306 3614 2364 et
3644 2296 3923 2385 spiratio
3982 2296 4052 2361 in
4117 2293 4368 2362 divinis

2829 2404 3176 2485 diss'erunt,
3212 2405 3396 2495 quod
3426 2400 3956 2471 substantialiter
4016 2401 4366 2482 differunt,

4084 348 4180 396 w.
4261 249 4491 355 373*

4465 2250 4547 2297 Ad
4575 2249 4624 2294 13

2828 2535 2952 2581 nec
2982 2513 3189 2582 etiam
3246 2511 3790 2581 accidentaliter:
3853 2517 4203 2577 ostensum
4270 2517 4374 2578 est
4456 2591 4461 2596 .

2828 2622 3011 2693 enim
3050 2646 3280 2714 supra,
3316 2621 3498 2713 quod
3528 2622 3597 2688 in
3626 2620 3875 2688 divinis
3910 2641 4051 2687 non
4089 2626 4250 2686 sunt
4280 2618 4369 2686 il-

2826 2732 2910 2800 lm
2950 2731 3244 2822 proprias
3276 2730 3671 2799 differentiae
3705 2749 3721 2796 :
3758 2727 3877 2797 sed
3913 2736 4015 2797 est
4051 2726 4146 2795 ibi
4199 2749 4372 2819 pro-

2824 2841 3078 2929 prietas
3104 2861 3258 2930 quae
3298 2836 3670 2905 substantia
3709 2845 3810 2906 est
3850 2858 3868 2905 z
3911 2836 4090 2904 unde
4152 2859 4373 2929 gene-

2826 2948 2997 3014 ratio
3036 2968 3189 3039 quse
3229 2956 3329 3013 est
3385 2944 3786 3020 substantia,
3847 2942 4071 3011 differt
4125 2967 4164 3011 a
4201 2966 4374 3035 pro-

2823 3053 3132 3122 cessione
3186 3076 3338 3145 quae
3389 3063 3487 3121 est
3544 3052 3942 3128 substantia,
4007 3059 4074 3119 et
4134 3060 4369 3121 tamen

2823 3182 2963 3229 non
2994 3157 3316 3227 differunt
3344 3156 3878 3226 substantialiter
3908 3178 3923 3225 :
3953 3167 4016 3225 et
4049 3157 4221 3226 ratio
4244 3155 4372 3225 hu-

2811 3271 2928 3360 jus
2953 3268 3169 3361 patuit
3195 3292 3425 3360 supra.

2909 3379 3014 3445 An
3052 3400 3252 3446 Αιιυο
3281 3375 3668 3456 dicendum,
3710 3375 3894 3466 quod
3950 3376 4169 3466 prima
4196 3397 4359 3466 pro-

2824 3486 3073 3577 positio
3102 3508 3265 3552 vera
3294 3495 3421 3563 est,
3457 3484 3604 3552 licet
3636 3482 3912 3574 quidam
3968 3482 4184 3563 terant
4249 3485 4362 3552 in-

2818 3592 3099 3660 stantias
3128 3615 3299 3682 quas
3337 3592 3715 3681 posuimus,
3747 3599 3811 3657 et
3852 3589 4127 3680 quidam
4196 3613 4365 3659 eva-

2816 3698 2972 3767 dere
3029 3721 3179 3767 eam
3212 3697 3518 3766 volentes
3585 3698 3802 3765 ferunt
3861 3698 4251 3765 instantiam
4292 3699 4362 3766 in

2817 3807 3031 3888 lleva,
3053 3829 3203 3898 quae
3226 3829 3363 3874 non
3388 3831 3506 3896 per
3525 3809 4030 3897 generationem
4048 3815 4363 3875 naturam

2817 3914 3191 3983 humanam
3233 3916 3513 4005 accepit.
3587 3913 3720 3981 sed
3789 3914 4104 3980 instantia
4172 3913 4361 3982 nulla

2812 4029 2914 4089 est
2964 4023 3177 4113 :quia
3211 4020 3536 4089 miracula
3585 4021 3706 4087 llei
3765 4020 3931 4087 nihil
3971 4021 4236 4088 variant
4288 4023 4356 4090 in

2814 4128 3329 4197 habitudinibus
3368 4128 3791 4195 naturalibus
3840 4128 4358 4218 praedicatorum

2811 4236 2895 4303 ad
2927 4260 3050 4303 sua
3079 4234 3384 4325 subjecta
3424 4237 3490 4302 in
3525 4233 4126 4325 propositionibus.
4168 4236 4360 4304 Con-

2810 4341 3115 4410 cedendo
3200 4364 3364 4431 ergo
3424 4343 3738 4432 primam,
3816 4340 4103 4408 dicimus
4169 4342 4354 4432 quod

2810 4450 2938 4518 hoe
2971 4449 3150 4540 quod
3188 4452 3252 4517 in
3284 4448 3713 4517 inferioribus
3736 4472 3870 4515 non
3894 4460 3991 4516 est
4019 4452 4144 4518 nisi
4176 4473 4356 4518 unus

2810 4557 3053 4625 modus
3082 4556 3723 4624 communicationis
3754 4564 4039 4636 naturae,
4108 4567 4173 4624 et
4212 4579 4354 4625 non

2806 4665 3448 4732 communicationis
3479 4675 3737 4731 natura·
3768 4686 3889 4754 per
3943 4688 4247 4732 atriorem
4289 4669 4349 4733 ei

2807 4799 3011 4866 quem
3044 4774 3417 4864 diligimus,
3454 4772 3579 4841 hoc
3647 4786 3745 4840 est
3792 4774 4345 4864 imperfectioniS,

2806 4892 3112 4974 utsupra
3142 4892 3492 4950 ostensum
3526 4893 3623 4950 est
3661 4905 3676 4950 ε
3730 4905 3878 4972 quae
3926 4886 3980 4949 si
4031 4883 4351 4951 detraha-

2806 5003 2940 5076 tur,
3001 5001 3065 5059 et
3105 4991 3290 5059 aliud
3347 4992 3530 5082 quod
3596 4991 3966 5059 nobilitatis
4005 5002 4128 5070 est,
4202 4992 4348 5062 Deo

2804 5099 3235 5176 attribuatur,
3278 5099 3402 5165 erit
3431 5121 3593 5165 vera
3631 5098 4005 5188 propositio
4041 5121 4056 5164 ε
4131 5113 4195 5167 et
4252 5108 4352 5168 ta-

2806 5228 2962 5273 men
2994 5206 3062 5272 in
3096 5204 3238 5272 Deo
3271 5206 3395 5271 erit
3419 5203 3663 5293 duplex
3699 5204 3942 5271 modus
3970 5209 4348 5275 communi·

2802 5311 3086 5380 cationis
3118 5321 3375 5378 naturae
3416 5333 3535 5401 per
3562 5333 3966 5379 eonsensum
4023 5310 4351 5382 volunta-

2804 5427 2975 5496 tum,
3010 5428 3075 5486 et
3103 5441 3225 5508 per
3253 5419 3789 5509 generationem.

2888 5530 3087 5597 Anu)
3128 5529 3312 5620 quod
3369 5527 3707 5619 objicitur,
3742 5530 3924 5619 quod
3984 5531 4107 5599 ista
4147 5556 4345 5603 com-

2798 5637 3171 5707 municatio
3201 5659 3342 5705 non
3397 5637 3483 5706 sit
3520 5659 3727 5727 penes
3791 5637 4335 5727 spiritualitatem

4454 3443 4528 3490 ad
4558 3446 4625 3491 Ν.

4445 5594 4515 5642 Ad
4552 5599 4621 5645 15.
