<?xml version="1.0" encoding="UTF-8"?>
<!DOCTYPE html PUBLIC "-//W3C//DTD XHTML 1.0 Transitional//EN"
    "http://www.w3.org/TR/xhtml1/DTD/xhtml1-transitional.dtd">
<html xmlns="http://www.w3.org/1999/xhtml" xml:lang="en" lang="en">
 <head>
  <title>
</title>
<meta http-equiv="Content-Type" content="text/html;charset=utf-8" />
  <meta name='ocr-system' content='tesseract 3.04.00' />
  <meta name='ocr-capabilities' content='ocr_page ocr_carea ocr_par ocr_line ocrx_word'/>
</head>
<body>
  <div class='ocr_page' id='page_1' title='image "balbertimagnira03chgoog_0216.png"; bbox 0 0 4897 6388; ppageno 0'>
   <div class='ocr_carea' id='block_1_1' title="bbox 636 386 851 466">
    <p class='ocr_par' dir='ltr' id='par_1_1' title="bbox 636 331 851 466">
     <span class='ocr_line' id='line_1_1' title="bbox 636 386 851 466; baseline -0.009 -13"><span class='ocrx_word' id='word_1_1' title='bbox 636 463 640 466; x_wconf 13' lang='lat' dir='ltr'>v</span> <span class='ocrx_word' id='word_1_2' title='bbox 717 386 851 453; x_wconf 70' lang='lat'><strong>204</strong></span> 
     </span>
    </p>
   </div>
   <div class='ocr_carea' id='block_1_2' title="bbox 699 535 2256 1411">
    <p class='ocr_par' dir='ltr' id='par_1_2' title="bbox 699 535 2256 1411">
     <span class='ocr_line' id='line_1_2' title="bbox 699 535 2253 643; baseline -0.004 -20"><span class='ocrx_word' id='word_1_3' title='bbox 699 541 705 547; x_wconf 54' lang='grc'><strong>’</strong></span> <span class='ocrx_word' id='word_1_4' title='bbox 804 555 1033 625; x_wconf 89' lang='lat' dir='ltr'><strong>Prima</strong></span> <span class='ocrx_word' id='word_1_5' title='bbox 1080 555 1324 624; x_wconf 90' lang='lat' dir='ltr'><strong>harum</strong></span> <span class='ocrx_word' id='word_1_6' title='bbox 1355 556 1738 626; x_wconf 79' lang='lat' dir='ltr'><strong>continetur</strong></span> <span class='ocrx_word' id='word_1_7' title='bbox 1760 561 1905 623; x_wconf 85' lang='lat' dir='ltr'><strong>tota</strong></span> <span class='ocrx_word' id='word_1_8' title='bbox 1935 555 2002 620; x_wconf 90' lang='lat' dir='ltr'><strong>in</strong></span> <span class='ocrx_word' id='word_1_9' title='bbox 2030 535 2253 643; x_wconf 75' lang='lat' dir='ltr'><strong>primo</strong></span> 
     </span>
     <span class='ocr_line' id='line_1_3' title="bbox 715 661 2256 758; baseline -0.007 -22"><span class='ocrx_word' id='word_1_10' title='bbox 715 666 1033 758; x_wconf 90' lang='lat' dir='ltr'><strong>capitu10,</strong></span> <span class='ocrx_word' id='word_1_11' title='bbox 1070 666 1253 757; x_wconf 92' lang='lat' dir='ltr'><strong>quod</strong></span> <span class='ocrx_word' id='word_1_12' title='bbox 1283 667 1583 733; x_wconf 81' lang='lat' dir='ltr'><strong>continet</strong></span> <span class='ocrx_word' id='word_1_13' title='bbox 1611 665 1681 731; x_wconf 92' lang='lat' dir='ltr'><strong>in</strong></span> <span class='ocrx_word' id='word_1_14' title='bbox 1713 687 1783 732; x_wconf 91' lang='lat' dir='ltr'><strong>se</strong></span> <span class='ocrx_word' id='word_1_15' title='bbox 1812 664 1964 740; x_wconf 89' lang='lat' dir='ltr'><strong>tria,</strong></span> <span class='ocrx_word' id='word_1_16' title='bbox 2003 661 2256 729; x_wconf 87' lang='lat' dir='ltr'><strong>scilicet</strong></span> 
     </span>
     <span class='ocr_line' id='line_1_4' title="bbox 714 766 2255 866; baseline -0.006 -23"><span class='ocrx_word' id='word_1_17' title='bbox 714 776 1184 866; x_wconf 70' lang='lat' dir='ltr'><strong>quaestionem,</strong></span> <span class='ocrx_word' id='word_1_18' title='bbox 1240 771 1483 840; x_wconf 88' lang='lat' dir='ltr'><strong>Utrum</strong></span> <span class='ocrx_word' id='word_1_19' title='bbox 1541 770 1745 838; x_wconf 91' lang='lat' dir='ltr'><strong>Pater</strong></span> <span class='ocrx_word' id='word_1_20' title='bbox 1799 770 2095 859; x_wconf 91' lang='lat' dir='ltr'><strong>potuerit</strong></span> <span class='ocrx_word' id='word_1_21' title='bbox 2145 766 2255 835; x_wconf 78' lang='lat' dir='ltr'><strong>vel</strong></span> 
     </span>
     <span class='ocr_line' id='line_1_5' title="bbox 713 879 2255 975; baseline -0.006 -21"><span class='ocrx_word' id='word_1_22' title='bbox 713 887 1009 955; x_wconf 82' lang='lat' dir='ltr'><strong>voluerit</strong></span> <span class='ocrx_word' id='word_1_23' title='bbox 1046 905 1372 975; x_wconf 83' lang='lat' dir='ltr'><strong>generare</strong></span> <span class='ocrx_word' id='word_1_24' title='bbox 1402 881 1651 949; x_wconf 89' lang='lat' dir='ltr'><strong>Filium</strong></span> <span class='ocrx_word' id='word_1_25' title='bbox 1677 883 1711 949; x_wconf 76' lang='lat'><strong>⁶?</strong></span> <span class='ocrx_word' id='word_1_26' title='bbox 1741 890 1806 950; x_wconf 90' lang='lat' dir='ltr'><strong>et</strong></span> <span class='ocrx_word' id='word_1_27' title='bbox 1844 879 2045 970; x_wconf 89' lang='lat' dir='ltr'><strong>hujus</strong></span> <span class='ocrx_word' id='word_1_28' title='bbox 2077 900 2255 969; x_wconf 84' lang='lat' dir='ltr'><strong>quae-</strong></span> 
     </span>
     <span class='ocr_line' id='line_1_6' title="bbox 708 990 2249 1072; baseline -0.006 -8"><span class='ocrx_word' id='word_1_29' title='bbox 708 996 951 1064; x_wconf 89' lang='lat' dir='ltr'><strong>stionis</strong></span> <span class='ocrx_word' id='word_1_30' title='bbox 994 992 1438 1071; x_wconf 86' lang='lat' dir='ltr'><strong>solutionem,</strong></span> <span class='ocrx_word' id='word_1_31' title='bbox 1475 992 1593 1072; x_wconf 90' lang='lat' dir='ltr'><strong>ibi,</strong></span> <span class='ocrx_word' id='word_1_32' title='bbox 1652 1020 1683 1054; x_wconf 88' lang='lat'>«</span> <span class='ocrx_word' id='word_1_33' title='bbox 1749 992 1876 1061; x_wconf 80' lang='lat' dir='ltr'><strong>Cui</strong></span> <span class='ocrx_word' id='word_1_34' title='bbox 1912 990 2249 1068; x_wconf 57' lang='lat' dir='ltr'><strong>versutiae,</strong></span> 
     </span>
     <span class='ocr_line' id='line_1_7' title="bbox 715 1095 2255 1190; baseline -0.005 -20"><span class='ocrx_word' id='word_1_35' title='bbox 715 1115 841 1170; x_wconf 86' lang='lat' dir='ltr'><strong>etc.</strong></span> <span class='ocrx_word' id='word_1_36' title='bbox 879 1129 913 1163; x_wconf 86' lang='lat'>»</span> <span class='ocrx_word' id='word_1_37' title='bbox 956 1100 1043 1168; x_wconf 87' lang='lat' dir='ltr'><strong>Et</strong></span> <span class='ocrx_word' id='word_1_38' title='bbox 1079 1100 1305 1186; x_wconf 88' lang='lat' dir='ltr'><strong>tertio,</strong></span> <span class='ocrx_word' id='word_1_39' title='bbox 1347 1099 1550 1190; x_wconf 91' lang='lat' dir='ltr'><strong>hujus</strong></span> <span class='ocrx_word' id='word_1_40' title='bbox 1608 1100 1964 1168; x_wconf 75' lang='lat' dir='ltr'>solutionis</span> <span class='ocrx_word' id='word_1_41' title='bbox 2004 1095 2255 1165; x_wconf 87' lang='lat' dir='ltr'><strong>confir-</strong></span> 
     </span>
     <span class='ocr_line' id='line_1_8' title="bbox 716 1204 2256 1300; baseline -0.005 -23"><span class='ocrx_word' id='word_1_42' title='bbox 716 1211 1088 1278; x_wconf 83' lang='lat' dir='ltr'><strong>mationem</strong></span> <span class='ocrx_word' id='word_1_43' title='bbox 1145 1231 1266 1300; x_wconf 92' lang='lat' dir='ltr'><strong>per</strong></span> <span class='ocrx_word' id='word_1_44' title='bbox 1330 1208 1573 1285; x_wconf 90' lang='lat' dir='ltr'><strong>simile,</strong></span> <span class='ocrx_word' id='word_1_45' title='bbox 1637 1207 1755 1288; x_wconf 89' lang='lat' dir='ltr'><strong>ibi,</strong></span> <span class='ocrx_word' id='word_1_46' title='bbox 1801 1232 1835 1273; x_wconf 69' lang='grc' dir='ltr'><em>α</em></span> <span class='ocrx_word' id='word_1_47' title='bbox 1872 1209 1984 1274; x_wconf 69' lang='lat' dir='ltr'><strong>Ea:</strong></span> <span class='ocrx_word' id='word_1_48' title='bbox 2033 1204 2256 1272; x_wconf 79' lang='lat' dir='ltr'><em>simili</em></span> 
     </span>
     <span class='ocr_line' id='line_1_9' title="bbox 714 1318 2073 1411; baseline -0.005 -24"><span class='ocrx_word' id='word_1_49' title='bbox 714 1341 984 1411; x_wconf 82' lang='lat' dir='ltr'><strong>quoque</strong></span> <span class='ocrx_word' id='word_1_50' title='bbox 1016 1319 1144 1386; x_wconf 80' lang='grc' dir='ltr'><em>Ιιοσ</em></span> <span class='ocrx_word' id='word_1_51' title='bbox 1169 1318 1394 1386; x_wconf 82' lang='lat' dir='ltr'><strong>videre</strong></span> <span class='ocrx_word' id='word_1_52' title='bbox 1429 1338 1821 1408; x_wconf 78' lang='lat' dir='ltr'><strong>possumus,</strong></span> <span class='ocrx_word' id='word_1_53' title='bbox 1865 1323 1990 1383; x_wconf 89' lang='lat' dir='ltr'><strong>etc.</strong></span> <span class='ocrx_word' id='word_1_54' title='bbox 2038 1340 2073 1378; x_wconf 70' lang='lat' dir='ltr'><strong>n</strong></span> 
     </span>
    </p>
   </div>
   <div class='ocr_carea' id='block_1_3' title="bbox 1181 1741 1786 1812">
    <p class='ocr_par' dir='ltr' id='par_1_3' title="bbox 1181 1741 1786 1812">
     <span class='ocr_line' id='line_1_10' title="bbox 1181 1741 1786 1812; baseline 0.003 -3"><span class='ocrx_word' id='word_1_55' title='bbox 1181 1741 1682 1812; x_wconf 86' lang='lat' dir='ltr'>ARTICULUS</span> <span class='ocrx_word' id='word_1_56' title='bbox 1734 1742 1786 1812; x_wconf 90' lang='lat'><strong>1.</strong></span> 
     </span>
    </p>
   </div>
   <div class='ocr_carea' id='block_1_4' title="bbox 719 1957 2249 2157">
    <p class='ocr_par' dir='ltr' id='par_1_4' title="bbox 719 1957 2249 2157">
     <span class='ocr_line' id='line_1_11' title="bbox 719 1957 2249 2051; baseline -0.003 -21"><span class='ocrx_word' id='word_1_57' title='bbox 719 1963 965 2030; x_wconf 85' lang='lat' dir='ltr'><strong><em>Utrum</em></strong></span> <span class='ocrx_word' id='word_1_58' title='bbox 1058 1962 1272 2029; x_wconf 81' lang='lat' dir='ltr'><strong>Pater</strong></span> <span class='ocrx_word' id='word_1_59' title='bbox 1347 1960 1660 2051; x_wconf 81' lang='lat' dir='ltr'><strong>potuerit</strong></span> <span class='ocrx_word' id='word_1_60' title='bbox 1752 1959 1863 2027; x_wconf 85' lang='lat' dir='ltr'><strong>vel</strong></span> <span class='ocrx_word' id='word_1_61' title='bbox 1956 1957 2249 2027; x_wconf 82' lang='lat' dir='ltr'><strong>voluerit</strong></span> 
     </span>
     <span class='ocr_line' id='line_1_12' title="bbox 1136 2065 1838 2157; baseline 0 -23"><span class='ocrx_word' id='word_1_62' title='bbox 1136 2089 1462 2157; x_wconf 69' lang='lat' dir='ltr'><strong>ymerare</strong></span> <span class='ocrx_word' id='word_1_63' title='bbox 1496 2067 1764 2136; x_wconf 80' lang='lat' dir='ltr'><strong>Filium</strong></span> <span class='ocrx_word' id='word_1_64' title='bbox 1798 2065 1838 2134; x_wconf 73' lang='lat' dir='ltr'><em>P</em></span> 
     </span>
    </p>
   </div>
   <div class='ocr_carea' id='block_1_5' title="bbox 697 2379 2254 5175">
    <p class='ocr_par' dir='ltr' id='par_1_5' title="bbox 704 2379 2254 3117">
     <span class='ocr_line' id='line_1_13' title="bbox 802 2379 2247 2471; baseline 0 -21"><span class='ocrx_word' id='word_1_65' title='bbox 802 2381 1046 2452; x_wconf 81' lang='lat' dir='ltr'><strong>Incidit</strong></span> <span class='ocrx_word' id='word_1_66' title='bbox 1096 2381 1214 2451; x_wconf 88' lang='lat' dir='ltr'><strong>hic</strong></span> <span class='ocrx_word' id='word_1_67' title='bbox 1276 2381 1560 2451; x_wconf 91' lang='lat' dir='ltr'><strong>dubium</strong></span> <span class='ocrx_word' id='word_1_68' title='bbox 1616 2380 1883 2471; x_wconf 83' lang='lat' dir='ltr'><strong>triplex.</strong></span> <span class='ocrx_word' id='word_1_69' title='bbox 1935 2379 2247 2450; x_wconf 91' lang='lat' dir='ltr'><strong>Primum</strong></span> 
     </span>
     <span class='ocr_line' id='line_1_14' title="bbox 714 2486 2254 2580; baseline -0.002 -20"><span class='ocrx_word' id='word_1_70' title='bbox 714 2499 839 2575; x_wconf 90' lang='lat' dir='ltr'><strong>est,</strong></span> <span class='ocrx_word' id='word_1_71' title='bbox 900 2489 1140 2560; x_wconf 91' lang='lat' dir='ltr'><strong>Utrum</strong></span> <span class='ocrx_word' id='word_1_72' title='bbox 1187 2489 1393 2558; x_wconf 90' lang='lat' dir='ltr'><strong>Pater</strong></span> <span class='ocrx_word' id='word_1_73' title='bbox 1437 2489 1736 2580; x_wconf 91' lang='lat' dir='ltr'><strong>potuerit</strong></span> <span class='ocrx_word' id='word_1_74' title='bbox 1794 2486 1905 2557; x_wconf 84' lang='lat' dir='ltr'><strong>vel</strong></span> <span class='ocrx_word' id='word_1_75' title='bbox 1958 2488 2254 2558; x_wconf 90' lang='lat' dir='ltr'><strong>voluerit</strong></span> 
     </span>
     <span class='ocr_line' id='line_1_15' title="bbox 711 2594 2250 2691; baseline -0.001 -24"><span class='ocrx_word' id='word_1_76' title='bbox 711 2619 1033 2691; x_wconf 90' lang='lat' dir='ltr'><strong>generare</strong></span> <span class='ocrx_word' id='word_1_77' title='bbox 1069 2595 1318 2665; x_wconf 90' lang='lat' dir='ltr'><strong>Filium</strong></span> <span class='ocrx_word' id='word_1_78' title='bbox 1347 2598 1382 2665; x_wconf 68' lang='grc' dir='ltr'><em>Ἰ</em></span> <span class='ocrx_word' id='word_1_79' title='bbox 1414 2594 1806 2665; x_wconf 89' lang='lat' dir='ltr'><strong>Secundum</strong></span> <span class='ocrx_word' id='word_1_80' title='bbox 1846 2603 1972 2674; x_wconf 89' lang='lat' dir='ltr'><strong>est,</strong></span> <span class='ocrx_word' id='word_1_81' title='bbox 2005 2595 2250 2665; x_wconf 82' lang='lat' dir='ltr'><strong>Utrum</strong></span> 
     </span>
     <span class='ocr_line' id='line_1_16' title="bbox 709 2703 2250 2797; baseline -0.001 -22"><span class='ocrx_word' id='word_1_82' title='bbox 709 2705 843 2788; x_wconf 84' lang='lat' dir='ltr'><strong>hoc</strong></span> <span class='ocrx_word' id='word_1_83' title='bbox 861 2708 949 2775; x_wconf 87' lang='lat' dir='ltr'><strong>sit</strong></span> <span class='ocrx_word' id='word_1_84' title='bbox 966 2728 1166 2797; x_wconf 88' lang='lat' dir='ltr'><strong>posse</strong></span> <span class='ocrx_word' id='word_1_85' title='bbox 1187 2704 1447 2796; x_wconf 90' lang='lat' dir='ltr'><strong>aliquid</strong></span> <span class='ocrx_word' id='word_1_86' title='bbox 1465 2705 1502 2772; x_wconf 79' lang='lat'><strong>⁰?</strong></span> <span class='ocrx_word' id='word_1_87' title='bbox 1524 2705 1827 2773; x_wconf 87' lang='lat' dir='ltr'><strong>Tertium</strong></span> <span class='ocrx_word' id='word_1_88' title='bbox 1854 2712 1978 2785; x_wconf 91' lang='lat' dir='ltr'><strong>est,</strong></span> <span class='ocrx_word' id='word_1_89' title='bbox 2006 2703 2250 2774; x_wconf 80' lang='lat' dir='ltr'><strong>Utrum</strong></span> 
     </span>
     <span class='ocr_line' id='line_1_17' title="bbox 707 2810 2250 2906; baseline -0.001 -23"><span class='ocrx_word' id='word_1_90' title='bbox 707 2836 907 2906; x_wconf 92' lang='lat' dir='ltr'><strong>posse</strong></span> <span class='ocrx_word' id='word_1_91' title='bbox 936 2820 1003 2882; x_wconf 88' lang='lat' dir='ltr'><strong>et</strong></span> <span class='ocrx_word' id='word_1_92' title='bbox 1038 2812 1215 2883; x_wconf 85' lang='lat' dir='ltr'><strong>velle</strong></span> <span class='ocrx_word' id='word_1_93' title='bbox 1259 2819 1526 2881; x_wconf 88' lang='lat' dir='ltr'><strong>tantum</strong></span> <span class='ocrx_word' id='word_1_94' title='bbox 1583 2810 1897 2881; x_wconf 87' lang='lat' dir='ltr'><strong>dicuntur</strong></span> <span class='ocrx_word' id='word_1_95' title='bbox 1945 2819 2250 2903; x_wconf 89' lang='lat' dir='ltr'><strong>respectu</strong></span> 
     </span>
     <span class='ocr_line' id='line_1_18' title="bbox 708 2920 2252 3014; baseline -0.002 -23"><span class='ocrx_word' id='word_1_96' title='bbox 708 2944 945 2991; x_wconf 91' lang='lat' dir='ltr'><strong>eorum</strong></span> <span class='ocrx_word' id='word_1_97' title='bbox 985 2943 1135 3014; x_wconf 83' lang='lat' dir='ltr'><strong>quae</strong></span> <span class='ocrx_word' id='word_1_98' title='bbox 1174 2920 1625 3011; x_wconf 89' lang='lat' dir='ltr'><strong>subjiciuntur</strong></span> <span class='ocrx_word' id='word_1_99' title='bbox 1660 2920 1976 3011; x_wconf 85' lang='lat' dir='ltr'><strong>potentiae</strong></span> <span class='ocrx_word' id='word_1_100' title='bbox 2006 2927 2073 2988; x_wconf 92' lang='lat' dir='ltr'><strong>et</strong></span> <span class='ocrx_word' id='word_1_101' title='bbox 2120 2942 2252 2989; x_wconf 85' lang='lat' dir='ltr'><strong>vo-</strong></span> 
     </span>
     <span class='ocr_line' id='line_1_19' title="bbox 704 3025 2116 3117; baseline -0.003 -19"><span class='ocrx_word' id='word_1_102' title='bbox 704 3028 969 3108; x_wconf 86' lang='lat' dir='ltr'><strong>luntati,</strong></span> <span class='ocrx_word' id='word_1_103' title='bbox 1001 3026 1137 3107; x_wconf 90' lang='lat' dir='ltr'><strong>vel,</strong></span> <span class='ocrx_word' id='word_1_104' title='bbox 1180 3028 1382 3096; x_wconf 91' lang='lat' dir='ltr'><strong>etiam</strong></span> <span class='ocrx_word' id='word_1_105' title='bbox 1420 3033 1729 3117; x_wconf 87' lang='lat' dir='ltr'><strong>respectu</strong></span> <span class='ocrx_word' id='word_1_106' title='bbox 1767 3025 2057 3094; x_wconf 91' lang='lat' dir='ltr'><strong>aliorum</strong></span> <span class='ocrx_word' id='word_1_107' title='bbox 2079 3027 2116 3094; x_wconf 79' lang='lat'><strong>⁰?</strong></span> 
     </span>
    </p>

    <p class='ocr_par' dir='ltr' id='par_1_6' title="bbox 791 3133 1932 3229">
     <span class='ocr_line' id='line_1_20' title="bbox 791 3133 1932 3229; baseline -0.003 -22"><span class='ocrx_word' id='word_1_108' title='bbox 791 3136 985 3208; x_wconf 89' lang='lat' dir='ltr'><strong>Circa</strong></span> <span class='ocrx_word' id='word_1_109' title='bbox 1018 3137 1318 3229; x_wconf 91' lang='lat' dir='ltr'><strong>primum</strong></span> <span class='ocrx_word' id='word_1_110' title='bbox 1358 3135 1455 3207; x_wconf 89' lang='lat' dir='ltr'><strong>sic</strong></span> <span class='ocrx_word' id='word_1_111' title='bbox 1494 3133 1932 3229; x_wconf 75' lang='lat' dir='ltr'><strong>proceditur:</strong></span> 
     </span>
    </p>

    <p class='ocr_par' dir='ltr' id='par_1_7' title="bbox 697 3242 2251 3880">
     <span class='ocr_line' id='line_1_21' title="bbox 793 3242 2248 3336; baseline -0.003 -21"><span class='ocrx_word' id='word_1_112' title='bbox 793 3250 859 3315; x_wconf 89' lang='lat'><strong>1.</strong></span> <span class='ocrx_word' id='word_1_113' title='bbox 891 3244 969 3315; x_wconf 90' lang='lat' dir='ltr'><strong>In</strong></span> <span class='ocrx_word' id='word_1_114' title='bbox 998 3242 1402 3336; x_wconf 82' lang='lat' dir='ltr'><strong>praecedenti</strong></span> <span class='ocrx_word' id='word_1_115' title='bbox 1458 3242 1887 3313; x_wconf 88' lang='lat' dir='ltr'><strong>distinctione</strong></span> <span class='ocrx_word' id='word_1_116' title='bbox 1924 3247 2248 3334; x_wconf 87' lang='lat' dir='ltr'><strong>negatum</strong></span> 
     </span>
     <span class='ocr_line' id='line_1_22' title="bbox 701 3350 2251 3446; baseline -0.003 -23"><span class='ocrx_word' id='word_1_117' title='bbox 701 3363 829 3438; x_wconf 88' lang='lat' dir='ltr'><strong>est,</strong></span> <span class='ocrx_word' id='word_1_118' title='bbox 872 3352 1053 3446; x_wconf 87' lang='lat' dir='ltr'><strong>quod</strong></span> <span class='ocrx_word' id='word_1_119' title='bbox 1085 3351 1297 3421; x_wconf 86' lang='lat' dir='ltr'><strong>Filius</strong></span> <span class='ocrx_word' id='word_1_120' title='bbox 1326 3351 1682 3422; x_wconf 85' lang='lat' dir='ltr'><strong>voluntate</strong></span> <span class='ocrx_word' id='word_1_121' title='bbox 1737 3351 1957 3420; x_wconf 87' lang='lat' dir='ltr'><strong>Patris</strong></span> <span class='ocrx_word' id='word_1_122' title='bbox 2008 3352 2096 3419; x_wconf 88' lang='lat' dir='ltr'><strong>sit</strong></span> <span class='ocrx_word' id='word_1_123' title='bbox 2134 3350 2251 3420; x_wconf 87' lang='lat' dir='ltr'><strong>Fi·-</strong></span> 
     </span>
     <span class='ocr_line' id='line_1_23' title="bbox 697 3457 2247 3553; baseline -0.003 -21"><span class='ocrx_word' id='word_1_124' title='bbox 697 3462 832 3532; x_wconf 90' lang='lat' dir='ltr'><strong>lius</strong></span> <span class='ocrx_word' id='word_1_125' title='bbox 874 3483 892 3529; x_wconf 90' lang='lat'><strong>:</strong></span> <span class='ocrx_word' id='word_1_126' title='bbox 934 3464 1115 3553; x_wconf 83' lang='lat' dir='ltr'><strong>’ergo</strong></span> <span class='ocrx_word' id='word_1_127' title='bbox 1174 3459 1473 3541; x_wconf 84' lang='lat' dir='ltr'><strong>videtur,</strong></span> <span class='ocrx_word' id='word_1_128' title='bbox 1516 3458 1707 3553; x_wconf 89' lang='lat' dir='ltr'><strong>quod</strong></span> <span class='ocrx_word' id='word_1_129' title='bbox 1760 3458 1909 3529; x_wconf 83' lang='lat' dir='ltr'><strong>haec</strong></span> <span class='ocrx_word' id='word_1_130' title='bbox 1952 3482 2105 3551; x_wconf 89' lang='lat' dir='ltr'><strong>pars</strong></span> <span class='ocrx_word' id='word_1_131' title='bbox 2143 3457 2247 3527; x_wconf 90' lang='lat' dir='ltr'><strong>di·</strong></span> 
     </span>
     <span class='ocr_line' id='line_1_24' title="bbox 698 3566 2249 3658; baseline -0.001 -19"><span class='ocrx_word' id='word_1_132' title='bbox 698 3570 1081 3639; x_wconf 89' lang='lat' dir='ltr'><strong>stinctionis</strong></span> <span class='ocrx_word' id='word_1_133' title='bbox 1110 3591 1249 3638; x_wconf 92' lang='lat' dir='ltr'><strong>non</strong></span> <span class='ocrx_word' id='word_1_134' title='bbox 1287 3570 1374 3637; x_wconf 87' lang='lat' dir='ltr'><strong>sit</strong></span> <span class='ocrx_word' id='word_1_135' title='bbox 1409 3591 1598 3648; x_wconf 83' lang='lat' dir='ltr'><strong>vera,</strong></span> <span class='ocrx_word' id='word_1_136' title='bbox 1633 3568 1835 3637; x_wconf 87' lang='lat' dir='ltr'><strong>Pater</strong></span> <span class='ocrx_word' id='word_1_137' title='bbox 1868 3566 2090 3636; x_wconf 84' lang='lat' dir='ltr'><strong>voluit</strong></span> <span class='ocrx_word' id='word_1_138' title='bbox 2124 3590 2249 3658; x_wconf 81' lang='lat' dir='ltr'><strong>ge-</strong></span> 
     </span>
     <span class='ocr_line' id='line_1_25' title="bbox 702 3673 2246 3770; baseline -0.001 -23"><span class='ocrx_word' id='word_1_139' title='bbox 702 3699 941 3747; x_wconf 89' lang='lat' dir='ltr'><strong>nerare</strong></span> <span class='ocrx_word' id='word_1_140' title='bbox 1005 3676 1252 3745; x_wconf 87' lang='lat' dir='ltr'><strong>Filium</strong></span> <span class='ocrx_word' id='word_1_141' title='bbox 1284 3698 1302 3746; x_wconf 89' lang='lat'><strong>:</strong></span> <span class='ocrx_word' id='word_1_142' title='bbox 1378 3674 1710 3770; x_wconf 89' lang='lat' dir='ltr'><strong>quidquid</strong></span> <span class='ocrx_word' id='word_1_143' title='bbox 1782 3676 1965 3744; x_wconf 89' lang='lat' dir='ltr'><strong>enim</strong></span> <span class='ocrx_word' id='word_1_144' title='bbox 2028 3673 2246 3745; x_wconf 78' lang='lat' dir='ltr'><strong>voluit</strong></span> 
     </span>
     <span class='ocr_line' id='line_1_26' title="bbox 704 3785 1642 3880; baseline -0.003 -22"><span class='ocrx_word' id='word_1_145' title='bbox 704 3789 972 3880; x_wconf 89' lang='lat' dir='ltr'><strong>aliquis,</strong></span> <span class='ocrx_word' id='word_1_146' title='bbox 1013 3786 1365 3856; x_wconf 81' lang='lat' dir='ltr'><strong>voluntate</strong></span> <span class='ocrx_word' id='word_1_147' title='bbox 1399 3785 1642 3856; x_wconf 81' lang='lat' dir='ltr'><strong>voluit.</strong></span> 
     </span>
    </p>

    <p class='ocr_par' dir='ltr' id='par_1_8' title="bbox 699 3894 2249 4419">
     <span class='ocr_line' id='line_1_27' title="bbox 789 3894 2243 3987; baseline -0.001 -22"><span class='ocrx_word' id='word_1_148' title='bbox 789 3899 854 3966; x_wconf 86' lang='lat'><strong>2.</strong></span> <span class='ocrx_word' id='word_1_149' title='bbox 892 3896 1084 3974; x_wconf 85' lang='lat' dir='ltr'><strong>Item,</strong></span> <span class='ocrx_word' id='word_1_150' title='bbox 1120 3894 1290 3964; x_wconf 90' lang='lat' dir='ltr'><strong>Cum</strong></span> <span class='ocrx_word' id='word_1_151' title='bbox 1323 3894 1591 3975; x_wconf 88' lang='lat' dir='ltr'><strong>dicitur,</strong></span> <span class='ocrx_word' id='word_1_152' title='bbox 1642 3895 1863 3965; x_wconf 77' lang='lat' dir='ltr'><strong>voluit</strong></span> <span class='ocrx_word' id='word_1_153' title='bbox 1895 3917 2243 3987; x_wconf 77' lang='lat' dir='ltr'><strong>qenerare,</strong></span> 
     </span>
     <span class='ocr_line' id='line_1_28' title="bbox 703 4000 2248 4097; baseline -0.002 -24"><span class='ocrx_word' id='word_1_154' title='bbox 703 4005 1009 4097; x_wconf 86' lang='lat' dir='ltr'><strong>sequitur</strong></span> <span class='ocrx_word' id='word_1_155' title='bbox 1044 4026 1130 4072; x_wconf 87' lang='lat' dir='ltr'><strong>ex</strong></span> <span class='ocrx_word' id='word_1_156' title='bbox 1157 4001 1365 4071; x_wconf 89' lang='lat' dir='ltr'><strong>modo</strong></span> <span class='ocrx_word' id='word_1_157' title='bbox 1403 4001 1752 4095; x_wconf 89' lang='lat' dir='ltr'><strong>loquendi,</strong></span> <span class='ocrx_word' id='word_1_158' title='bbox 1785 4001 1969 4094; x_wconf 89' lang='lat' dir='ltr'><strong>quod</strong></span> <span class='ocrx_word' id='word_1_159' title='bbox 1996 4000 2248 4071; x_wconf 83' lang='lat' dir='ltr'><strong>volun-</strong></span> 
     </span>
     <span class='ocr_line' id='line_1_29' title="bbox 706 4109 2248 4204; baseline -0.001 -23"><span class='ocrx_word' id='word_1_160' title='bbox 706 4121 807 4181; x_wconf 90' lang='lat' dir='ltr'><strong>tas</strong></span> <span class='ocrx_word' id='word_1_161' title='bbox 867 4111 1206 4204; x_wconf 81' lang='lat' dir='ltr'><strong>praecessit</strong></span> <span class='ocrx_word' id='word_1_162' title='bbox 1264 4119 1492 4180; x_wconf 90' lang='lat' dir='ltr'><strong>actum</strong></span> <span class='ocrx_word' id='word_1_163' title='bbox 1553 4110 2008 4204; x_wconf 73' lang='lat' dir='ltr'><strong>generationis</strong></span> <span class='ocrx_word' id='word_1_164' title='bbox 2039 4131 2056 4179; x_wconf 97' lang='lat'><strong>:</strong></span> <span class='ocrx_word' id='word_1_165' title='bbox 2115 4109 2248 4180; x_wconf 89' lang='lat' dir='ltr'><strong>hoc</strong></span> 
     </span>
     <span class='ocr_line' id='line_1_30' title="bbox 699 4216 2249 4310; baseline -0.001 -21"><span class='ocrx_word' id='word_1_166' title='bbox 699 4229 927 4290; x_wconf 89' lang='lat' dir='ltr'><strong>autem</strong></span> <span class='ocrx_word' id='word_1_167' title='bbox 958 4240 1097 4288; x_wconf 88' lang='lat' dir='ltr'><strong>non</strong></span> <span class='ocrx_word' id='word_1_168' title='bbox 1125 4220 1447 4288; x_wconf 80' lang='lat' dir='ltr'><strong>convenit</strong></span> <span class='ocrx_word' id='word_1_169' title='bbox 1470 4219 1541 4287; x_wconf 92' lang='lat' dir='ltr'><strong>in</strong></span> <span class='ocrx_word' id='word_1_170' title='bbox 1571 4217 1820 4286; x_wconf 86' lang='lat' dir='ltr'><strong>divinis</strong></span> <span class='ocrx_word' id='word_1_171' title='bbox 1853 4240 1877 4286; x_wconf 88' lang='lat'><strong>.·</strong></span> <span class='ocrx_word' id='word_1_172' title='bbox 1909 4240 2073 4310; x_wconf 92' lang='lat' dir='ltr'><strong>ergo</strong></span> <span class='ocrx_word' id='word_1_173' title='bbox 2104 4216 2249 4288; x_wconf 83' lang='lat' dir='ltr'><strong>haec</strong></span> 
     </span>
     <span class='ocr_line' id='line_1_31' title="bbox 700 4326 1843 4419; baseline -0.004 -21"><span class='ocrx_word' id='word_1_174' title='bbox 700 4351 842 4398; x_wconf 91' lang='lat' dir='ltr'><strong>non</strong></span> <span class='ocrx_word' id='word_1_175' title='bbox 869 4336 968 4397; x_wconf 88' lang='lat' dir='ltr'><strong>est</strong></span> <span class='ocrx_word' id='word_1_176' title='bbox 1003 4349 1192 4412; x_wconf 77' lang='lat' dir='ltr'><strong>vera,</strong></span> <span class='ocrx_word' id='word_1_177' title='bbox 1233 4326 1452 4395; x_wconf 83' lang='lat' dir='ltr'><strong>voluit</strong></span> <span class='ocrx_word' id='word_1_178' title='bbox 1491 4348 1843 4419; x_wconf 88' lang='lat' dir='ltr'><strong>generare.</strong></span> 
     </span>
    </p>

    <p class='ocr_par' dir='ltr' id='par_1_9' title="bbox 792 4435 2136 4527">
     <span class='ocr_line' id='line_1_32' title="bbox 792 4435 2136 4527; baseline -0.001 -20"><span class='ocrx_word' id='word_1_179' title='bbox 792 4437 1119 4507; x_wconf 88' lang='lat' dir='ltr'><strong>Similiter</strong></span> <span class='ocrx_word' id='word_1_180' title='bbox 1156 4436 1366 4506; x_wconf 90' lang='lat' dir='ltr'><strong>altera</strong></span> <span class='ocrx_word' id='word_1_181' title='bbox 1413 4459 1571 4527; x_wconf 86' lang='lat' dir='ltr'><strong>pars</strong></span> <span class='ocrx_word' id='word_1_182' title='bbox 1610 4435 1877 4505; x_wconf 86' lang='lat' dir='ltr'><strong>videtur</strong></span> <span class='ocrx_word' id='word_1_183' title='bbox 1929 4435 2136 4505; x_wconf 78' lang='lat' dir='ltr'><strong>falsa:</strong></span> 
     </span>
    </p>

    <p class='ocr_par' dir='ltr' id='par_1_10' title="bbox 704 4541 2250 4747">
     <span class='ocr_line' id='line_1_33' title="bbox 799 4541 2250 4637; baseline -0.003 -23"><span class='ocrx_word' id='word_1_184' title='bbox 799 4547 856 4614; x_wconf 82' lang='lat'><strong>1.</strong></span> <span class='ocrx_word' id='word_1_185' title='bbox 893 4544 1124 4614; x_wconf 87' lang='lat' dir='ltr'><strong>Potuit</strong></span> <span class='ocrx_word' id='word_1_186' title='bbox 1141 4565 1496 4637; x_wconf 86' lang='lat' dir='ltr'><strong>generare,</strong></span> <span class='ocrx_word' id='word_1_187' title='bbox 1521 4564 1602 4612; x_wconf 90' lang='lat' dir='ltr'><strong>eo</strong></span> <span class='ocrx_word' id='word_1_188' title='bbox 1627 4541 1810 4635; x_wconf 89' lang='lat' dir='ltr'><strong>quod</strong></span> <span class='ocrx_word' id='word_1_189' title='bbox 1829 4541 2250 4633; x_wconf 79' lang='lat' dir='ltr'><strong>significatur</strong></span> 
     </span>
     <span class='ocr_line' id='line_1_34' title="bbox 704 4652 1691 4747; baseline -0.004 -24"><span class='ocrx_word' id='word_1_190' title='bbox 704 4654 1005 4747; x_wconf 88' lang='lat' dir='ltr'><strong>potentia</strong></span> <span class='ocrx_word' id='word_1_191' title='bbox 1030 4652 1409 4744; x_wconf 83' lang='lat' dir='ltr'><strong>praecedere</strong></span> <span class='ocrx_word' id='word_1_192' title='bbox 1440 4660 1691 4722; x_wconf 89' lang='lat' dir='ltr'><strong>actum.</strong></span> 
     </span>
    </p>

    <p class='ocr_par' dir='ltr' id='par_1_11' title="bbox 707 4756 2251 5175">
     <span class='ocr_line' id='line_1_35' title="bbox 767 4756 2250 4846; baseline -0.005 -14"><span class='ocrx_word' id='word_1_193' title='bbox 767 4764 862 4846; x_wconf 60' lang='grc'><strong>,2.</strong></span> <span class='ocrx_word' id='word_1_194' title='bbox 895 4761 1254 4845; x_wconf 68' lang='lat' dir='ltr'><strong>Praeterea,</strong></span> <span class='ocrx_word' id='word_1_195' title='bbox 1289 4760 1368 4827; x_wconf 89' lang='lat' dir='ltr'><strong>ln</strong></span> <span class='ocrx_word' id='word_1_196' title='bbox 1398 4759 1600 4828; x_wconf 83' lang='lat' dir='ltr'><strong>l’atre</strong></span> <span class='ocrx_word' id='word_1_197' title='bbox 1637 4780 1776 4827; x_wconf 88' lang='lat' dir='ltr'><strong>non</strong></span> <span class='ocrx_word' id='word_1_198' title='bbox 1806 4766 1963 4827; x_wconf 82' lang='lat' dir='ltr'><strong>sunt</strong></span> <span class='ocrx_word' id='word_1_199' title='bbox 2005 4756 2250 4827; x_wconf 88' lang='lat' dir='ltr'><strong>distin-</strong></span> 
     </span>
     <span class='ocr_line' id='line_1_36' title="bbox 707 4865 2248 4962; baseline -0.003 -23"><span class='ocrx_word' id='word_1_200' title='bbox 707 4878 829 4939; x_wconf 82' lang='lat' dir='ltr'><strong>ctae</strong></span> <span class='ocrx_word' id='word_1_201' title='bbox 857 4871 1206 4962; x_wconf 71' lang='lat' dir='ltr'><strong>potentiae,</strong></span> <span class='ocrx_word' id='word_1_202' title='bbox 1248 4869 1424 4937; x_wconf 88' lang='lat' dir='ltr'><strong>sicut</strong></span> <span class='ocrx_word' id='word_1_203' title='bbox 1472 4868 1544 4936; x_wconf 91' lang='lat' dir='ltr'><strong>in</strong></span> <span class='ocrx_word' id='word_1_204' title='bbox 1611 4865 1833 4946; x_wconf 88' lang='lat' dir='ltr'><strong>nobis,</strong></span> <span class='ocrx_word' id='word_1_205' title='bbox 1895 4865 2080 4958; x_wconf 90' lang='lat' dir='ltr'><strong>quod</strong></span> <span class='ocrx_word' id='word_1_206' title='bbox 2116 4865 2248 4934; x_wconf 89' lang='lat' dir='ltr'><strong>alia</strong></span> 
     </span>
     <span class='ocr_line' id='line_1_37' title="bbox 707 4975 2250 5066; baseline -0.004 -18"><span class='ocrx_word' id='word_1_207' title='bbox 707 4977 1074 5048; x_wconf 86' lang='lat' dir='ltr'><strong>secundum</strong></span> <span class='ocrx_word' id='word_1_208' title='bbox 1124 4978 1460 5047; x_wconf 88' lang='lat' dir='ltr'><strong>rationem</strong></span> <span class='ocrx_word' id='word_1_209' title='bbox 1490 4975 1578 5044; x_wconf 90' lang='lat' dir='ltr'><strong>sit</strong></span> <span class='ocrx_word' id='word_1_210' title='bbox 1613 4975 1912 5066; x_wconf 89' lang='lat' dir='ltr'><strong>potentia</strong></span> <span class='ocrx_word' id='word_1_211' title='bbox 1957 4996 2250 5065; x_wconf 90' lang='lat' dir='ltr'><strong>genera-</strong></span> 
     </span>
     <span class='ocr_line' id='line_1_38' title="bbox 707 5078 2251 5175; baseline -0.003 -22"><span class='ocrx_word' id='word_1_212' title='bbox 707 5087 845 5154; x_wconf 87' lang='lat' dir='ltr'><strong>tiva</strong></span> <span class='ocrx_word' id='word_1_213' title='bbox 872 5107 992 5175; x_wconf 91' lang='lat' dir='ltr'><strong>per</strong></span> <span class='ocrx_word' id='word_1_214' title='bbox 1041 5081 1322 5152; x_wconf 91' lang='lat' dir='ltr'><strong>modum</strong></span> <span class='ocrx_word' id='word_1_215' title='bbox 1369 5090 1657 5160; x_wconf 83' lang='lat' dir='ltr'><strong>naturae,</strong></span> <span class='ocrx_word' id='word_1_216' title='bbox 1717 5090 1782 5148; x_wconf 91' lang='lat' dir='ltr'><strong>et</strong></span> <span class='ocrx_word' id='word_1_217' title='bbox 1841 5078 1973 5148; x_wconf 90' lang='lat' dir='ltr'><strong>alia</strong></span> <span class='ocrx_word' id='word_1_218' title='bbox 2010 5080 2095 5149; x_wconf 92' lang='lat' dir='ltr'><strong>sit</strong></span> <span class='ocrx_word' id='word_1_219' title='bbox 2134 5103 2251 5149; x_wconf 89' lang='lat' dir='ltr'><strong>ra-</strong></span> 
     </span>
    </p>
   </div>
   <div class='ocr_carea' id='block_1_6' title="bbox 706 5189 2253 5704">
    <p class='ocr_par' dir='ltr' id='par_1_12' title="bbox 706 5189 2253 5704">
     <span class='ocr_line' id='line_1_39' title="bbox 706 5189 2251 5285; baseline -0.003 -23"><span class='ocrx_word' id='word_1_220' title='bbox 706 5193 912 5262; x_wconf 78' lang='lat' dir='ltr'><strong>tionis</strong></span> <span class='ocrx_word' id='word_1_221' title='bbox 941 5215 1061 5285; x_wconf 91' lang='lat' dir='ltr'><strong>per</strong></span> <span class='ocrx_word' id='word_1_222' title='bbox 1092 5191 1374 5260; x_wconf 89' lang='lat' dir='ltr'><strong>modum</strong></span> <span class='ocrx_word' id='word_1_223' title='bbox 1425 5189 1799 5260; x_wconf 84' lang='lat' dir='ltr'><strong>voluntatis</strong></span> <span class='ocrx_word' id='word_1_224' title='bbox 1854 5189 2251 5280; x_wconf 77' lang='lat' dir='ltr'><strong>imperantis</strong></span> 
     </span>
     <span class='ocr_line' id='line_1_40' title="bbox 707 5298 2253 5392; baseline -0.003 -22"><span class='ocrx_word' id='word_1_225' title='bbox 707 5309 934 5370; x_wconf 89' lang='lat' dir='ltr'><strong>actum</strong></span> <span class='ocrx_word' id='word_1_226' title='bbox 969 5322 985 5368; x_wconf 96' lang='lat'><strong>:</strong></span> <span class='ocrx_word' id='word_1_227' title='bbox 1020 5323 1183 5392; x_wconf 87' lang='lat' dir='ltr'><strong>ergo</strong></span> <span class='ocrx_word' id='word_1_228' title='bbox 1246 5298 1427 5368; x_wconf 91' lang='lat' dir='ltr'><strong>idem</strong></span> <span class='ocrx_word' id='word_1_229' title='bbox 1476 5306 1581 5368; x_wconf 90' lang='lat' dir='ltr'><strong>est</strong></span> <span class='ocrx_word' id='word_1_230' title='bbox 1628 5298 1929 5389; x_wconf 87' lang='lat' dir='ltr'><strong>potentia</strong></span> <span class='ocrx_word' id='word_1_231' title='bbox 1963 5319 2253 5388; x_wconf 89' lang='lat' dir='ltr'><strong>genera-</strong></span> 
     </span>
     <span class='ocr_line' id='line_1_41' title="bbox 717 5405 2250 5498; baseline -0.003 -21"><span class='ocrx_word' id='word_1_232' title='bbox 717 5410 944 5487; x_wconf 76' lang='lat' dir='ltr'><strong>tioniS,</strong></span> <span class='ocrx_word' id='word_1_233' title='bbox 1004 5416 1070 5476; x_wconf 90' lang='lat' dir='ltr'><strong>et</strong></span> <span class='ocrx_word' id='word_1_234' title='bbox 1124 5408 1443 5477; x_wconf 84' lang='lat' dir='ltr'><strong>voluntas</strong></span> <span class='ocrx_word' id='word_1_235' title='bbox 1501 5405 1911 5498; x_wconf 90' lang='lat' dir='ltr'><strong>generandi:</strong></span> <span class='ocrx_word' id='word_1_236' title='bbox 1974 5412 2042 5473; x_wconf 89' lang='lat' dir='ltr'><strong>et</strong></span> <span class='ocrx_word' id='word_1_237' title='bbox 2095 5427 2250 5473; x_wconf 91' lang='lat' dir='ltr'><strong>cum</strong></span> 
     </span>
     <span class='ocr_line' id='line_1_42' title="bbox 711 5514 2253 5608; baseline -0.003 -22"><span class='ocrx_word' id='word_1_238' title='bbox 711 5540 852 5587; x_wconf 92' lang='lat' dir='ltr'><strong>non</strong></span> <span class='ocrx_word' id='word_1_239' title='bbox 879 5516 1228 5587; x_wconf 90' lang='lat' dir='ltr'><strong>voluntate</strong></span> <span class='ocrx_word' id='word_1_240' title='bbox 1258 5515 1593 5608; x_wconf 85' lang='lat' dir='ltr'><strong>genuerit,</strong></span> <span class='ocrx_word' id='word_1_241' title='bbox 1635 5536 1758 5583; x_wconf 89' lang='lat' dir='ltr'><strong>nec</strong></span> <span class='ocrx_word' id='word_1_242' title='bbox 1784 5514 2088 5605; x_wconf 91' lang='lat' dir='ltr'><strong>potentia</strong></span> <span class='ocrx_word' id='word_1_243' title='bbox 2127 5536 2253 5605; x_wconf 91' lang='lat' dir='ltr'><strong>ge-</strong></span> 
     </span>
     <span class='ocr_line' id='line_1_43' title="bbox 711 5623 1321 5704; baseline -0.002 -10"><span class='ocrx_word' id='word_1_244' title='bbox 711 5626 884 5704; x_wconf 90' lang='lat' dir='ltr'><strong>nuit,</strong></span> <span class='ocrx_word' id='word_1_245' title='bbox 927 5632 1002 5693; x_wconf 90' lang='lat' dir='ltr'><strong>ut</strong></span> <span class='ocrx_word' id='word_1_246' title='bbox 1028 5623 1321 5695; x_wconf 81' lang='lat' dir='ltr'><strong>videtur.</strong></span> 
     </span>
    </p>
   </div>
   <div class='ocr_carea' id='block_1_7' title="bbox 1712 327 2938 454">
    <p class='ocr_par' dir='ltr' id='par_1_13' title="bbox 1712 327 2938 454">
     <span class='ocr_line' id='line_1_44' title="bbox 1712 327 2938 454; baseline 0.004 -4"><span class='ocrx_word' id='word_1_247' title='bbox 1712 327 2047 451; x_wconf 52' lang='lat' dir='ltr'><strong>DJALB.</strong></span> <span class='ocrx_word' id='word_1_248' title='bbox 2102 379 2320 448; x_wconf 85' lang='lat' dir='ltr'>MAG.</span> <span class='ocrx_word' id='word_1_249' title='bbox 2374 383 2580 453; x_wconf 77' lang='lat' dir='ltr'><strong>om).</strong></span> <span class='ocrx_word' id='word_1_250' title='bbox 2633 365 2938 454; x_wconf 82' lang='lat' dir='ltr'><strong>PnAEn.</strong></span> 
     </span>
    </p>
   </div>
   <div class='ocr_carea' id='block_1_8' title="bbox 2370 539 3922 861">
    <p class='ocr_par' dir='ltr' id='par_1_14' title="bbox 2370 531 3922 861">
     <span class='ocr_line' id='line_1_45' title="bbox 2370 539 3922 647; baseline -0.003 -25"><span class='ocrx_word' id='word_1_251' title='bbox 2370 559 2580 625; x_wconf 89' lang='lat' dir='ltr'><strong>tentia</strong></span> <span class='ocrx_word' id='word_1_252' title='bbox 2618 560 2863 636; x_wconf 86' lang='lat' dir='ltr'><strong>activa,</strong></span> <span class='ocrx_word' id='word_1_253' title='bbox 2899 539 3358 647; x_wconf 78' lang='lat' dir='ltr'><strong>autpotentia</strong></span> <span class='ocrx_word' id='word_1_254' title='bbox 3396 554 3711 646; x_wconf 86' lang='lat' dir='ltr'><strong>passiva:</strong></span> <span class='ocrx_word' id='word_1_255' title='bbox 3763 551 3922 641; x_wconf 91' lang='lat' dir='ltr'><strong>quia</strong></span> 
     </span>
     <span class='ocr_line' id='line_1_46' title="bbox 2370 656 3913 752; baseline -0.003 -25"><span class='ocrx_word' id='word_1_256' title='bbox 2370 682 2511 727; x_wconf 90' lang='lat' dir='ltr'><strong>non</strong></span> <span class='ocrx_word' id='word_1_257' title='bbox 2570 670 2730 729; x_wconf 86' lang='lat' dir='ltr'><strong>sunt</strong></span> <span class='ocrx_word' id='word_1_258' title='bbox 2794 660 3048 752; x_wconf 88' lang='lat' dir='ltr'><strong>plures.</strong></span> <span class='ocrx_word' id='word_1_259' title='bbox 3134 660 3208 728; x_wconf 91' lang='lat' dir='ltr'><strong>Si</strong></span> <span class='ocrx_word' id='word_1_260' title='bbox 3285 662 3528 729; x_wconf 86' lang='lat' dir='ltr'><strong>activa.</strong></span> <span class='ocrx_word' id='word_1_261' title='bbox 3601 656 3913 726; x_wconf 73' lang='lat' dir='ltr'><strong>CONTRA:</strong></span> 
     </span>
     <span class='ocr_line' id='line_1_47' title="bbox 2371 768 3921 861; baseline -0.001 -26"><span class='ocrx_word' id='word_1_262' title='bbox 2371 768 2610 838; x_wconf 85' lang='lat' dir='ltr'><strong>Activa</strong></span> <span class='ocrx_word' id='word_1_263' title='bbox 2642 772 2949 861; x_wconf 89' lang='lat' dir='ltr'><strong>potentia</strong></span> <span class='ocrx_word' id='word_1_264' title='bbox 2981 779 3085 838; x_wconf 90' lang='lat' dir='ltr'><strong>est</strong></span> <span class='ocrx_word' id='word_1_265' title='bbox 3112 770 3522 859; x_wconf 89' lang='lat' dir='ltr'><strong>principium</strong></span> <span class='ocrx_word' id='word_1_266' title='bbox 3570 777 3921 836; x_wconf 89' lang='lat' dir='ltr'><strong>transmu-</strong></span> 
     </span>
    </p>
   </div>
   <div class='ocr_carea' id='block_1_9' title="bbox 2370 876 3960 968">
    <p class='ocr_par' dir='ltr' id='par_1_15' title="bbox 2370 876 3960 968">
     <span class='ocr_line' id='line_1_48' title="bbox 2370 876 3960 968; baseline -0.001 -23"><span class='ocrx_word' id='word_1_267' title='bbox 2370 879 2556 946; x_wconf 84' lang='lat' dir='ltr'><strong>tandi</strong></span> <span class='ocrx_word' id='word_1_268' title='bbox 2589 880 2659 946; x_wconf 90' lang='lat' dir='ltr'><strong>in</strong></span> <span class='ocrx_word' id='word_1_269' title='bbox 2701 878 2889 947; x_wconf 91' lang='lat' dir='ltr'><strong>aliud</strong></span> <span class='ocrx_word' id='word_1_270' title='bbox 2919 878 3293 947; x_wconf 90' lang='lat' dir='ltr'><strong>secundum</strong></span> <span class='ocrx_word' id='word_1_271' title='bbox 3346 877 3526 968; x_wconf 89' lang='lat' dir='ltr'><strong>quod</strong></span> <span class='ocrx_word' id='word_1_272' title='bbox 3566 886 3667 945; x_wconf 90' lang='lat' dir='ltr'><strong>est</strong></span> <span class='ocrx_word' id='word_1_273' title='bbox 3703 876 3960 954; x_wconf 49' lang='lat' dir='ltr'><strong>aliud„</strong></span> 
     </span>
    </p>
   </div>
   <div class='ocr_carea' id='block_1_10' title="bbox 2359 984 3921 2265">
    <p class='ocr_par' dir='ltr' id='par_1_16' title="bbox 2359 984 3921 2265">
     <span class='ocr_line' id='line_1_49' title="bbox 2371 984 3920 1078; baseline -0.002 -25"><span class='ocrx_word' id='word_1_274' title='bbox 2371 994 2446 1053; x_wconf 91' lang='lat' dir='ltr'><strong>ut</strong></span> <span class='ocrx_word' id='word_1_275' title='bbox 2486 986 2647 1055; x_wconf 89' lang='lat' dir='ltr'><strong>dicit</strong></span> <span class='ocrx_word' id='word_1_276' title='bbox 2678 985 3145 1078; x_wconf 88' lang='lat' dir='ltr'><strong>Philosophus</strong></span> <span class='ocrx_word' id='word_1_277' title='bbox 3186 986 3258 1053; x_wconf 92' lang='lat' dir='ltr'><strong>in</strong></span> <span class='ocrx_word' id='word_1_278' title='bbox 3296 985 3361 1051; x_wconf 92' lang='lat' dir='ltr'>V</span> <span class='ocrx_word' id='word_1_279' title='bbox 3387 986 3640 1077; x_wconf 81' lang='lat' dir='ltr'><strong>primae</strong></span> <span class='ocrx_word' id='word_1_280' title='bbox 3678 984 3920 1053; x_wconf 77' lang='lat' dir='ltr'><strong>Pliilo-</strong></span> 
     </span>
     <span class='ocr_line' id='line_1_50' title="bbox 2364 1089 3920 1186; baseline -0.004 -24"><span class='ocrx_word' id='word_1_281' title='bbox 2364 1095 2666 1185; x_wconf 74' lang='lat' dir='ltr'><strong>sophiae:</strong></span> <span class='ocrx_word' id='word_1_282' title='bbox 2703 1117 2868 1186; x_wconf 89' lang='lat' dir='ltr'><strong>ergo</strong></span> <span class='ocrx_word' id='word_1_283' title='bbox 2911 1093 3170 1184; x_wconf 89' lang='lat' dir='ltr'><strong>aliquid</strong></span> <span class='ocrx_word' id='word_1_284' title='bbox 3220 1092 3525 1183; x_wconf 88' lang='lat' dir='ltr'><strong>oportuit</strong></span> <span class='ocrx_word' id='word_1_285' title='bbox 3552 1112 3698 1159; x_wconf 91' lang='lat' dir='ltr'><strong>esse</strong></span> <span class='ocrx_word' id='word_1_286' title='bbox 3737 1089 3920 1180; x_wconf 89' lang='lat' dir='ltr'><strong>quod</strong></span> 
     </span>
     <span class='ocr_line' id='line_1_51' title="bbox 2368 1200 3921 1292; baseline -0.002 -23"><span class='ocrx_word' id='word_1_287' title='bbox 2368 1200 2765 1292; x_wconf 86' lang='lat' dir='ltr'><strong>hujusmodi</strong></span> <span class='ocrx_word' id='word_1_288' title='bbox 2886 1201 3476 1270; x_wconf 89' lang='lat' dir='ltr'><strong>transmutationis</strong></span> <span class='ocrx_word' id='word_1_289' title='bbox 3597 1201 3921 1289; x_wconf 88' lang='lat' dir='ltr'><strong>reciperet</strong></span> 
     </span>
     <span class='ocr_line' id='line_1_52' title="bbox 2370 1304 3914 1399; baseline -0.001 -22"><span class='ocrx_word' id='word_1_290' title='bbox 2370 1309 2709 1377; x_wconf 78' lang='lat' dir='ltr'><strong>actionem</strong></span> <span class='ocrx_word' id='word_1_291' title='bbox 2744 1331 2759 1375; x_wconf 73' lang='grc' dir='ltr'><strong><em>ε</em></strong></span> <span class='ocrx_word' id='word_1_292' title='bbox 2805 1317 2875 1376; x_wconf 86' lang='lat' dir='ltr'><strong>et</strong></span> <span class='ocrx_word' id='word_1_293' title='bbox 2911 1307 3045 1377; x_wconf 90' lang='lat' dir='ltr'><strong>hoc</strong></span> <span class='ocrx_word' id='word_1_294' title='bbox 3094 1314 3271 1375; x_wconf 87' lang='lat' dir='ltr'><strong>esset</strong></span> <span class='ocrx_word' id='word_1_295' title='bbox 3304 1307 3569 1399; x_wconf 89' lang='lat' dir='ltr'><strong>patiens</strong></span> <span class='ocrx_word' id='word_1_296' title='bbox 3608 1304 3691 1372; x_wconf 91' lang='lat' dir='ltr'><strong>ab</strong></span> <span class='ocrx_word' id='word_1_297' title='bbox 3723 1306 3914 1396; x_wconf 92' lang='lat' dir='ltr'><strong>ipso:</strong></span> 
     </span>
     <span class='ocr_line' id='line_1_53' title="bbox 2366 1418 3920 1510; baseline -0.003 -22"><span class='ocrx_word' id='word_1_298' title='bbox 2366 1440 2529 1510; x_wconf 91' lang='lat' dir='ltr'><strong>ergo</strong></span> <span class='ocrx_word' id='word_1_299' title='bbox 2560 1420 2912 1510; x_wconf 88' lang='lat' dir='ltr'><strong>generatio</strong></span> <span class='ocrx_word' id='word_1_300' title='bbox 2954 1418 3188 1485; x_wconf 87' lang='lat' dir='ltr'><strong>divina</strong></span> <span class='ocrx_word' id='word_1_301' title='bbox 3232 1423 3408 1485; x_wconf 86' lang='lat' dir='ltr'><strong>esset</strong></span> <span class='ocrx_word' id='word_1_302' title='bbox 3452 1438 3657 1506; x_wconf 92' lang='lat' dir='ltr'><strong>super</strong></span> <span class='ocrx_word' id='word_1_303' title='bbox 3697 1423 3920 1484; x_wconf 89' lang='lat' dir='ltr'><strong>mate-</strong></span> 
     </span>
     <span class='ocr_line' id='line_1_54' title="bbox 2366 1523 3921 1617; baseline -0.003 -23"><span class='ocrx_word' id='word_1_304' title='bbox 2366 1526 2561 1605; x_wconf 91' lang='lat' dir='ltr'><strong>riam,</strong></span> <span class='ocrx_word' id='word_1_305' title='bbox 2598 1525 2784 1617; x_wconf 87' lang='lat' dir='ltr'><strong>quod</strong></span> <span class='ocrx_word' id='word_1_306' title='bbox 2822 1533 2926 1595; x_wconf 89' lang='lat' dir='ltr'><strong>est</strong></span> <span class='ocrx_word' id='word_1_307' title='bbox 2967 1523 3362 1593; x_wconf 90' lang='lat' dir='ltr'><strong>absurdum.</strong></span> <span class='ocrx_word' id='word_1_308' title='bbox 3409 1523 3484 1591; x_wconf 89' lang='lat' dir='ltr'><strong>Si</strong></span> <span class='ocrx_word' id='word_1_309' title='bbox 3524 1530 3751 1592; x_wconf 89' lang='lat' dir='ltr'><strong>autem</strong></span> <span class='ocrx_word' id='word_1_310' title='bbox 3790 1545 3921 1614; x_wconf 92' lang='lat' dir='ltr'><strong>po-</strong></span> 
     </span>
     <span class='ocr_line' id='line_1_55' title="bbox 2363 1632 3920 1728; baseline -0.004 -22"><span class='ocrx_word' id='word_1_311' title='bbox 2363 1638 2578 1706; x_wconf 89' lang='lat' dir='ltr'><strong>tentia</strong></span> <span class='ocrx_word' id='word_1_312' title='bbox 2614 1637 2914 1728; x_wconf 86' lang='lat' dir='ltr'><strong>passiva,</strong></span> <span class='ocrx_word' id='word_1_313' title='bbox 2964 1634 3098 1705; x_wconf 89' lang='lat' dir='ltr'><strong>hoc</strong></span> <span class='ocrx_word' id='word_1_314' title='bbox 3155 1643 3256 1703; x_wconf 91' lang='lat' dir='ltr'><strong>est</strong></span> <span class='ocrx_word' id='word_1_315' title='bbox 3302 1632 3709 1703; x_wconf 87' lang='lat' dir='ltr'><strong>absurdius:</strong></span> <span class='ocrx_word' id='word_1_316' title='bbox 3758 1635 3920 1725; x_wconf 90' lang='lat' dir='ltr'><strong>quia</strong></span> 
     </span>
     <span class='ocr_line' id='line_1_56' title="bbox 2359 1739 3916 1834; baseline -0.001 -23"><span class='ocrx_word' id='word_1_317' title='bbox 2359 1744 2669 1834; x_wconf 88' lang='lat' dir='ltr'><strong>potentia</strong></span> <span class='ocrx_word' id='word_1_318' title='bbox 2721 1743 2999 1834; x_wconf 88' lang='lat' dir='ltr'><strong>passiva</strong></span> <span class='ocrx_word' id='word_1_319' title='bbox 3072 1744 3173 1831; x_wconf 92' lang='lat' dir='ltr'><strong>(ut</strong></span> <span class='ocrx_word' id='word_1_320' title='bbox 3231 1741 3394 1810; x_wconf 86' lang='lat' dir='ltr'><strong>dicit</strong></span> <span class='ocrx_word' id='word_1_321' title='bbox 3456 1739 3916 1833; x_wconf 89' lang='lat' dir='ltr'><strong>Philosophus</strong></span> 
     </span>
     <span class='ocr_line' id='line_1_57' title="bbox 2362 1849 3918 1943; baseline -0.002 -25"><span class='ocrx_word' id='word_1_322' title='bbox 2362 1849 2642 1943; x_wconf 90' lang='lat' dir='ltr'><strong>ibidem)</strong></span> <span class='ocrx_word' id='word_1_323' title='bbox 2701 1859 2804 1920; x_wconf 86' lang='lat' dir='ltr'><strong>est</strong></span> <span class='ocrx_word' id='word_1_324' title='bbox 2864 1849 3280 1941; x_wconf 91' lang='lat' dir='ltr'><strong>principium</strong></span> <span class='ocrx_word' id='word_1_325' title='bbox 3331 1849 3918 1917; x_wconf 88' lang='lat' dir='ltr'><strong>transmutationis</strong></span> 
     </span>
     <span class='ocr_line' id='line_1_58' title="bbox 2364 1955 3917 2049; baseline -0.001 -22"><span class='ocrx_word' id='word_1_326' title='bbox 2364 1981 2450 2027; x_wconf 87' lang='lat' dir='ltr'><strong>ex</strong></span> <span class='ocrx_word' id='word_1_327' title='bbox 2487 1958 2621 2028; x_wconf 89' lang='lat' dir='ltr'><strong>alio</strong></span> <span class='ocrx_word' id='word_1_328' title='bbox 2651 1957 3032 2028; x_wconf 90' lang='lat' dir='ltr'><strong>secundum</strong></span> <span class='ocrx_word' id='word_1_329' title='bbox 3073 1956 3258 2049; x_wconf 90' lang='lat' dir='ltr'><strong>quod</strong></span> <span class='ocrx_word' id='word_1_330' title='bbox 3296 1955 3486 2025; x_wconf 90' lang='lat' dir='ltr'><strong>aliud</strong></span> <span class='ocrx_word' id='word_1_331' title='bbox 3518 1978 3534 2023; x_wconf 91' lang='lat'><strong>:</strong></span> <span class='ocrx_word' id='word_1_332' title='bbox 3581 1979 3742 2048; x_wconf 87' lang='lat' dir='ltr'><strong>ergo</strong></span> <span class='ocrx_word' id='word_1_333' title='bbox 3775 1956 3917 2025; x_wconf 90' lang='lat' dir='ltr'><strong>Pa-</strong></span> 
     </span>
     <span class='ocr_line' id='line_1_59' title="bbox 2361 2063 3918 2158; baseline 0 -24"><span class='ocrx_word' id='word_1_334' title='bbox 2361 2074 2468 2136; x_wconf 90' lang='lat' dir='ltr'><strong>ter</strong></span> <span class='ocrx_word' id='word_1_335' title='bbox 2501 2066 2853 2158; x_wconf 88' lang='lat' dir='ltr'><strong>genuisset</strong></span> <span class='ocrx_word' id='word_1_336' title='bbox 2880 2087 2965 2134; x_wconf 87' lang='lat' dir='ltr'><strong>ex</strong></span> <span class='ocrx_word' id='word_1_337' title='bbox 2996 2063 3131 2133; x_wconf 89' lang='lat' dir='ltr'><strong>alio</strong></span> <span class='ocrx_word' id='word_1_338' title='bbox 3163 2072 3680 2145; x_wconf 90' lang='lat' dir='ltr'><strong>transmutatus,</strong></span> <span class='ocrx_word' id='word_1_339' title='bbox 3715 2072 3780 2133; x_wconf 86' lang='lat' dir='ltr'><strong>et</strong></span> <span class='ocrx_word' id='word_1_340' title='bbox 3821 2064 3918 2134; x_wconf 87' lang='lat' dir='ltr'><strong>sic</strong></span> 
     </span>
     <span class='ocr_line' id='line_1_60' title="bbox 2361 2173 3734 2265; baseline -0.002 -23"><span class='ocrx_word' id='word_1_341' title='bbox 2361 2175 2590 2265; x_wconf 90' lang='lat' dir='ltr'><strong>potius</strong></span> <span class='ocrx_word' id='word_1_342' title='bbox 2620 2173 2960 2244; x_wconf 87' lang='lat' dir='ltr'><strong>diceretur</strong></span> <span class='ocrx_word' id='word_1_343' title='bbox 2988 2181 3231 2254; x_wconf 91' lang='lat' dir='ltr'><strong>mater,</strong></span> <span class='ocrx_word' id='word_1_344' title='bbox 3276 2194 3484 2263; x_wconf 90' lang='lat' dir='ltr'><strong>quam</strong></span> <span class='ocrx_word' id='word_1_345' title='bbox 3522 2180 3734 2263; x_wconf 89' lang='lat' dir='ltr'><strong>pater.</strong></span> 
     </span>
    </p>
   </div>
   <div class='ocr_carea' id='block_1_11' title="bbox 2350 2380 3917 5718">
    <p class='ocr_par' dir='ltr' id='par_1_17' title="bbox 2359 2380 3916 2694">
     <span class='ocr_line' id='line_1_61' title="bbox 2451 2380 3915 2474; baseline -0.001 -21"><span class='ocrx_word' id='word_1_346' title='bbox 2451 2383 2714 2453; x_wconf 60' lang='lat' dir='ltr'><strong>Gna-rra</strong></span> <span class='ocrx_word' id='word_1_347' title='bbox 2740 2405 2946 2452; x_wconf 82' lang='lat' dir='ltr'><strong>nums</strong></span> <span class='ocrx_word' id='word_1_348' title='bbox 2988 2381 3272 2452; x_wconf 87' lang='lat' dir='ltr'><strong>ulterius</strong></span> <span class='ocrx_word' id='word_1_349' title='bbox 3300 2383 3648 2474; x_wconf 85' lang='lat' dir='ltr'><strong>quaeritur,</strong></span> <span class='ocrx_word' id='word_1_350' title='bbox 3691 2380 3915 2461; x_wconf 85' lang='lat' dir='ltr'><strong>Quare</strong></span> 
     </span>
     <span class='ocr_line' id='line_1_62' title="bbox 2359 2489 3916 2586; baseline -0.003 -25"><span class='ocrx_word' id='word_1_351' title='bbox 2359 2492 2505 2586; x_wconf 89' lang='lat' dir='ltr'><strong>ipse</strong></span> <span class='ocrx_word' id='word_1_352' title='bbox 2544 2493 2810 2562; x_wconf 90' lang='lat' dir='ltr'><strong>ratione</strong></span> <span class='ocrx_word' id='word_1_353' title='bbox 2838 2513 2984 2561; x_wconf 80' lang='lat' dir='ltr'><strong>suae</strong></span> <span class='ocrx_word' id='word_1_354' title='bbox 3024 2492 3486 2583; x_wconf 86' lang='lat' dir='ltr'><strong>generationis</strong></span> <span class='ocrx_word' id='word_1_355' title='bbox 3531 2491 3757 2582; x_wconf 90' lang='lat' dir='ltr'><strong>potius</strong></span> <span class='ocrx_word' id='word_1_356' title='bbox 3804 2489 3916 2558; x_wconf 91' lang='lat' dir='ltr'><strong>di-</strong></span> 
     </span>
     <span class='ocr_line' id='line_1_63' title="bbox 2360 2603 3380 2694; baseline -0.002 -23"><span class='ocrx_word' id='word_1_357' title='bbox 2360 2610 2554 2672; x_wconf 90' lang='lat' dir='ltr'><strong>catur</strong></span> <span class='ocrx_word' id='word_1_358' title='bbox 2589 2609 2810 2693; x_wconf 90' lang='lat' dir='ltr'><strong>pater,</strong></span> <span class='ocrx_word' id='word_1_359' title='bbox 2853 2622 3062 2694; x_wconf 90' lang='lat' dir='ltr'><strong>quam</strong></span> <span class='ocrx_word' id='word_1_360' title='bbox 3105 2603 3380 2670; x_wconf 83' lang='lat' dir='ltr'><strong>mater?</strong></span> 
     </span>
    </p>

    <p class='ocr_par' dir='ltr' id='par_1_18' title="bbox 2361 2705 3908 2908">
     <span class='ocr_line' id='line_1_64' title="bbox 2448 2705 3908 2801; baseline -0.001 -24"><span class='ocrx_word' id='word_1_361' title='bbox 2448 2709 2547 2778; x_wconf 80' lang='grc' dir='ltr'><strong>Ετ</strong></span> <span class='ocrx_word' id='word_1_362' title='bbox 2570 2730 2794 2789; x_wconf 68' lang='lat' dir='ltr'><strong>ouant</strong></span> <span class='ocrx_word' id='word_1_363' title='bbox 2823 2708 3097 2801; x_wconf 87' lang='lat' dir='ltr'><strong>genitus</strong></span> <span class='ocrx_word' id='word_1_364' title='bbox 3126 2708 3355 2798; x_wconf 90' lang='lat' dir='ltr'><strong>potius</strong></span> <span class='ocrx_word' id='word_1_365' title='bbox 3383 2705 3646 2776; x_wconf 89' lang='lat' dir='ltr'><strong>dicatur</strong></span> <span class='ocrx_word' id='word_1_366' title='bbox 3675 2705 3908 2789; x_wconf 77' lang='lat' dir='ltr'><strong>Filius,</strong></span> 
     </span>
     <span class='ocr_line' id='line_1_65' title="bbox 2361 2814 2846 2908; baseline -0.006 -24"><span class='ocrx_word' id='word_1_367' title='bbox 2361 2838 2571 2908; x_wconf 84' lang='lat' dir='ltr'><strong>quam</strong></span> <span class='ocrx_word' id='word_1_368' title='bbox 2609 2814 2784 2884; x_wconf 90' lang='lat' dir='ltr'><strong>Filia</strong></span> <span class='ocrx_word' id='word_1_369' title='bbox 2811 2815 2846 2881; x_wconf 82' lang='lat'><strong>?</strong></span> 
     </span>
    </p>

    <p class='ocr_par' dir='ltr' id='par_1_19' title="bbox 2351 2922 3917 3885">
     <span class='ocr_line' id='line_1_66' title="bbox 2455 2922 3914 3013; baseline -0.001 -20"><span class='ocrx_word' id='word_1_370' title='bbox 2455 2928 2513 2993; x_wconf 85' lang='lat'><strong>1.</strong></span> <span class='ocrx_word' id='word_1_371' title='bbox 2546 2923 2619 2994; x_wconf 84' lang='lat' dir='ltr'><strong>Si</strong></span> <span class='ocrx_word' id='word_1_372' title='bbox 2661 2924 2849 2993; x_wconf 90' lang='lat' dir='ltr'><strong>enim</strong></span> <span class='ocrx_word' id='word_1_373' title='bbox 2901 2922 3147 2992; x_wconf 90' lang='lat' dir='ltr'><strong>dicitur</strong></span> <span class='ocrx_word' id='word_1_374' title='bbox 3192 2930 3386 3013; x_wconf 87' lang='lat' dir='ltr'><strong>pater</strong></span> <span class='ocrx_word' id='word_1_375' title='bbox 3441 2922 3702 2990; x_wconf 88' lang='lat' dir='ltr'><strong>ratione</strong></span> <span class='ocrx_word' id='word_1_376' title='bbox 3768 2922 3914 3012; x_wconf 89' lang='lat' dir='ltr'><strong>ejus</strong></span> 
     </span>
     <span class='ocr_line' id='line_1_67' title="bbox 2358 3031 3916 3127; baseline -0.002 -25"><span class='ocrx_word' id='word_1_377' title='bbox 2358 3035 2544 3127; x_wconf 89' lang='lat' dir='ltr'><strong>quod</strong></span> <span class='ocrx_word' id='word_1_378' title='bbox 2599 3036 2744 3126; x_wconf 90' lang='lat' dir='ltr'><strong>ipse</strong></span> <span class='ocrx_word' id='word_1_379' title='bbox 2803 3040 2908 3102; x_wconf 90' lang='lat' dir='ltr'><strong>est</strong></span> <span class='ocrx_word' id='word_1_380' title='bbox 2958 3031 3568 3125; x_wconf 84' lang='lat' dir='ltr'><strong>principium.non</strong></span> <span class='ocrx_word' id='word_1_381' title='bbox 3627 3033 3916 3125; x_wconf 89' lang='lat' dir='ltr'><strong>recepti-</strong></span> 
     </span>
     <span class='ocr_line' id='line_1_68' title="bbox 2355 3140 3917 3239; baseline -0.001 -25"><span class='ocrx_word' id='word_1_382' title='bbox 2355 3167 2520 3214; x_wconf 83' lang='lat' dir='ltr'><strong>vum</strong></span> <span class='ocrx_word' id='word_1_383' title='bbox 2560 3144 3024 3239; x_wconf 86' lang='lat' dir='ltr'><strong>generationis</strong></span> <span class='ocrx_word' id='word_1_384' title='bbox 3063 3141 3361 3223; x_wconf 87' lang='lat' dir='ltr'><strong>aliunde,</strong></span> <span class='ocrx_word' id='word_1_385' title='bbox 3395 3140 3526 3213; x_wconf 93' lang='lat' dir='ltr'><strong>hoc</strong></span> <span class='ocrx_word' id='word_1_386' title='bbox 3554 3165 3696 3212; x_wconf 89' lang='lat' dir='ltr'><strong>non</strong></span> <span class='ocrx_word' id='word_1_387' title='bbox 3731 3141 3917 3213; x_wconf 80' lang='lat' dir='ltr'><strong>vide-</strong></span> 
     </span>
     <span class='ocr_line' id='line_1_69' title="bbox 2354 3253 3915 3345; baseline 0 -24"><span class='ocrx_word' id='word_1_388' title='bbox 2354 3261 2470 3322; x_wconf 92' lang='lat' dir='ltr'><strong>tur</strong></span> <span class='ocrx_word' id='word_1_389' title='bbox 2494 3253 2846 3323; x_wconf 83' lang='lat' dir='ltr'><strong>sufficere:</strong></span> <span class='ocrx_word' id='word_1_390' title='bbox 2893 3253 3054 3344; x_wconf 89' lang='lat' dir='ltr'><strong>quia</strong></span> <span class='ocrx_word' id='word_1_391' title='bbox 3085 3253 3263 3345; x_wconf 88' lang='lat' dir='ltr'><strong>ignis</strong></span> <span class='ocrx_word' id='word_1_392' title='bbox 3292 3261 3578 3344; x_wconf 88' lang='lat' dir='ltr'><strong>generat</strong></span> <span class='ocrx_word' id='word_1_393' title='bbox 3620 3254 3915 3344; x_wconf 89' lang='lat' dir='ltr'><strong>speciem</strong></span> 
     </span>
     <span class='ocr_line' id='line_1_70' title="bbox 2356 3358 3917 3452; baseline 0 -22"><span class='ocrx_word' id='word_1_394' title='bbox 2356 3384 2551 3431; x_wconf 88' lang='lat' dir='ltr'><strong>suam</strong></span> <span class='ocrx_word' id='word_1_395' title='bbox 2582 3362 2654 3431; x_wconf 91' lang='lat' dir='ltr'><strong>in</strong></span> <span class='ocrx_word' id='word_1_396' title='bbox 2674 3362 2965 3431; x_wconf 87' lang='lat' dir='ltr'><strong>materia</strong></span> <span class='ocrx_word' id='word_1_397' title='bbox 3003 3361 3206 3442; x_wconf 90' lang='lat' dir='ltr'><strong>aeris,</strong></span> <span class='ocrx_word' id='word_1_398' title='bbox 3231 3368 3300 3428; x_wconf 89' lang='lat' dir='ltr'><strong>et</strong></span> <span class='ocrx_word' id='word_1_399' title='bbox 3328 3382 3467 3429; x_wconf 93' lang='lat' dir='ltr'><strong>non</strong></span> <span class='ocrx_word' id='word_1_400' title='bbox 3498 3358 3704 3429; x_wconf 89' lang='lat' dir='ltr'><strong>habet</strong></span> <span class='ocrx_word' id='word_1_401' title='bbox 3731 3361 3917 3452; x_wconf 90' lang='lat' dir='ltr'><strong>prin·</strong></span> 
     </span>
     <span class='ocr_line' id='line_1_71' title="bbox 2354 3466 3916 3563; baseline -0.003 -23"><span class='ocrx_word' id='word_1_402' title='bbox 2354 3470 2609 3563; x_wconf 88' lang='lat' dir='ltr'><strong>cipium</strong></span> <span class='ocrx_word' id='word_1_403' title='bbox 2640 3470 2934 3540; x_wconf 87' lang='lat' dir='ltr'><strong>alterum</strong></span> <span class='ocrx_word' id='word_1_404' title='bbox 2977 3466 3442 3563; x_wconf 87' lang='lat' dir='ltr'><strong>generationis</strong></span> <span class='ocrx_word' id='word_1_405' title='bbox 3471 3490 3608 3537; x_wconf 80' lang='lat' dir='ltr'><strong>suae</strong></span> <span class='ocrx_word' id='word_1_406' title='bbox 3640 3491 3656 3537; x_wconf 90' lang='lat'><strong>:</strong></span> <span class='ocrx_word' id='word_1_407' title='bbox 3698 3476 3766 3536; x_wconf 91' lang='lat' dir='ltr'><strong>et</strong></span> <span class='ocrx_word' id='word_1_408' title='bbox 3803 3477 3916 3537; x_wconf 87' lang='lat' dir='ltr'><strong>ta-</strong></span> 
     </span>
     <span class='ocr_line' id='line_1_72' title="bbox 2355 3574 3913 3671; baseline -0.004 -22"><span class='ocrx_word' id='word_1_409' title='bbox 2355 3601 2513 3649; x_wconf 88' lang='lat' dir='ltr'><strong>men</strong></span> <span class='ocrx_word' id='word_1_410' title='bbox 2561 3578 2744 3671; x_wconf 90' lang='lat' dir='ltr'><strong>ignis</strong></span> <span class='ocrx_word' id='word_1_411' title='bbox 2783 3577 2854 3645; x_wconf 92' lang='lat' dir='ltr'><strong>in</strong></span> <span class='ocrx_word' id='word_1_412' title='bbox 2913 3576 3200 3646; x_wconf 89' lang='lat' dir='ltr'><strong>materia</strong></span> <span class='ocrx_word' id='word_1_413' title='bbox 3257 3574 3434 3644; x_wconf 91' lang='lat' dir='ltr'><strong>aeris</strong></span> <span class='ocrx_word' id='word_1_414' title='bbox 3490 3597 3630 3644; x_wconf 89' lang='lat' dir='ltr'><strong>non</strong></span> <span class='ocrx_word' id='word_1_415' title='bbox 3667 3575 3913 3644; x_wconf 90' lang='lat' dir='ltr'><strong>dicitur</strong></span> 
     </span>
     <span class='ocr_line' id='line_1_73' title="bbox 2353 3683 3915 3777; baseline -0.002 -22"><span class='ocrx_word' id='word_1_416' title='bbox 2353 3687 2536 3757; x_wconf 80' lang='lat' dir='ltr'><strong>filius</strong></span> <span class='ocrx_word' id='word_1_417' title='bbox 2590 3686 2874 3756; x_wconf 90' lang='lat' dir='ltr'><strong>alterius</strong></span> <span class='ocrx_word' id='word_1_418' title='bbox 2920 3685 3147 3777; x_wconf 89' lang='lat' dir='ltr'><strong>ignis:</strong></span> <span class='ocrx_word' id='word_1_419' title='bbox 3204 3705 3367 3776; x_wconf 90' lang='lat' dir='ltr'><strong>ergo</strong></span> <span class='ocrx_word' id='word_1_420' title='bbox 3427 3684 3685 3752; x_wconf 87' lang='lat' dir='ltr'><strong>ratione</strong></span> <span class='ocrx_word' id='word_1_421' title='bbox 3732 3683 3915 3752; x_wconf 85' lang='lat' dir='ltr'><strong>illius</strong></span> 
     </span>
     <span class='ocr_line' id='line_1_74' title="bbox 2351 3789 3525 3885; baseline -0.001 -23"><span class='ocrx_word' id='word_1_422' title='bbox 2351 3793 2667 3885; x_wconf 89' lang='lat' dir='ltr'><strong>principii</strong></span> <span class='ocrx_word' id='word_1_423' title='bbox 2698 3813 2841 3860; x_wconf 90' lang='lat' dir='ltr'><strong>non</strong></span> <span class='ocrx_word' id='word_1_424' title='bbox 2870 3799 3098 3881; x_wconf 88' lang='lat' dir='ltr'><strong>potest</strong></span> <span class='ocrx_word' id='word_1_425' title='bbox 3137 3789 3267 3860; x_wconf 88' lang='lat' dir='ltr'><strong>dici</strong></span> <span class='ocrx_word' id='word_1_426' title='bbox 3309 3797 3525 3882; x_wconf 90' lang='lat' dir='ltr'><strong>pater.</strong></span> 
     </span>
    </p>

    <p class='ocr_par' dir='ltr' id='par_1_20' title="bbox 2350 3897 3916 5718">
     <span class='ocr_line' id='line_1_75' title="bbox 2443 3897 3914 3990; baseline -0.001 -21"><span class='ocrx_word' id='word_1_427' title='bbox 2443 3903 2508 3969; x_wconf 83' lang='lat'><strong>2.</strong></span> <span class='ocrx_word' id='word_1_428' title='bbox 2546 3898 2619 3969; x_wconf 91' lang='lat' dir='ltr'><strong>Si</strong></span> <span class='ocrx_word' id='word_1_429' title='bbox 2660 3898 2952 3978; x_wconf 89' lang='lat' dir='ltr'><strong>dicatur,</strong></span> <span class='ocrx_word' id='word_1_430' title='bbox 2998 3897 3184 3990; x_wconf 85' lang='lat' dir='ltr'><strong>quod</strong></span> <span class='ocrx_word' id='word_1_431' title='bbox 3226 3899 3490 3968; x_wconf 89' lang='lat' dir='ltr'><strong>ratione</strong></span> <span class='ocrx_word' id='word_1_432' title='bbox 3540 3900 3686 3990; x_wconf 89' lang='lat' dir='ltr'><strong>ejus</strong></span> <span class='ocrx_word' id='word_1_433' title='bbox 3742 3898 3914 3969; x_wconf 85' lang='lat' dir='ltr'><strong>dici-</strong></span> 
     </span>
     <span class='ocr_line' id='line_1_76' title="bbox 2351 4005 3915 4099; baseline 0 -23"><span class='ocrx_word' id='word_1_434' title='bbox 2351 4016 2465 4076; x_wconf 91' lang='lat' dir='ltr'><strong>tur</strong></span> <span class='ocrx_word' id='word_1_435' title='bbox 2500 4015 2695 4099; x_wconf 89' lang='lat' dir='ltr'><strong>pater</strong></span> <span class='ocrx_word' id='word_1_436' title='bbox 2733 4005 2921 4098; x_wconf 89' lang='lat' dir='ltr'><strong>quod</strong></span> <span class='ocrx_word' id='word_1_437' title='bbox 2950 4014 3054 4075; x_wconf 87' lang='lat' dir='ltr'><strong>est</strong></span> <span class='ocrx_word' id='word_1_438' title='bbox 3082 4005 3492 4097; x_wconf 85' lang='lat' dir='ltr'><strong>principium</strong></span> <span class='ocrx_word' id='word_1_439' title='bbox 3534 4009 3915 4098; x_wconf 84' lang='lat' dir='ltr'><strong>generatio-</strong></span> 
     </span>
     <span class='ocr_line' id='line_1_77' title="bbox 2351 4113 3908 4208; baseline 0.001 -23"><span class='ocrx_word' id='word_1_440' title='bbox 2351 4117 2484 4197; x_wconf 88' lang='lat' dir='ltr'><strong>nis,</strong></span> <span class='ocrx_word' id='word_1_441' title='bbox 2535 4125 2604 4184; x_wconf 89' lang='lat' dir='ltr'><strong>et</strong></span> <span class='ocrx_word' id='word_1_442' title='bbox 2657 4117 2821 4208; x_wconf 90' lang='lat' dir='ltr'><strong>quia</strong></span> <span class='ocrx_word' id='word_1_443' title='bbox 2876 4113 2996 4182; x_wconf 89' lang='lat' dir='ltr'><strong>dat</strong></span> <span class='ocrx_word' id='word_1_444' title='bbox 3049 4113 3525 4184; x_wconf 87' lang='lat' dir='ltr'><strong>substantiam.</strong></span> <span class='ocrx_word' id='word_1_445' title='bbox 3588 4114 3908 4186; x_wconf 63' lang='lat' dir='ltr'><strong>Coa-raa:</strong></span> 
     </span>
     <span class='ocr_line' id='line_1_78' title="bbox 2353 4220 3914 4315; baseline 0 -23"><span class='ocrx_word' id='word_1_446' title='bbox 2353 4225 2491 4293; x_wconf 77' lang='lat' dir='ltr'><strong>Aut</strong></span> <span class='ocrx_word' id='word_1_447' title='bbox 2547 4222 2662 4293; x_wconf 90' lang='lat' dir='ltr'><strong>dat</strong></span> <span class='ocrx_word' id='word_1_448' title='bbox 2727 4220 3181 4291; x_wconf 86' lang='lat' dir='ltr'><strong>substantiam</strong></span> <span class='ocrx_word' id='word_1_449' title='bbox 3240 4230 3591 4312; x_wconf 89' lang='lat' dir='ltr'><strong>tamquam</strong></span> <span class='ocrx_word' id='word_1_450' title='bbox 3651 4224 3720 4290; x_wconf 87' lang='lat' dir='ltr'><strong>in</strong></span> <span class='ocrx_word' id='word_1_451' title='bbox 3780 4247 3914 4315; x_wconf 91' lang='lat' dir='ltr'><strong>qua</strong></span> 
     </span>
     <span class='ocr_line' id='line_1_79' title="bbox 2354 4329 3916 4422; baseline 0.001 -23"><span class='ocrx_word' id='word_1_452' title='bbox 2354 4332 2788 4422; x_wconf 85' lang='lat' dir='ltr'><strong>imprimatur</strong></span> <span class='ocrx_word' id='word_1_453' title='bbox 2825 4329 3047 4397; x_wconf 80' lang='lat' dir='ltr'><strong>forma</strong></span> <span class='ocrx_word' id='word_1_454' title='bbox 3076 4351 3197 4420; x_wconf 90' lang='lat' dir='ltr'><strong>per</strong></span> <span class='ocrx_word' id='word_1_455' title='bbox 3223 4331 3761 4419; x_wconf 85' lang='lat' dir='ltr'><strong>generationem,</strong></span> <span class='ocrx_word' id='word_1_456' title='bbox 3798 4339 3916 4400; x_wconf 89' lang='lat' dir='ltr'><strong>aut</strong></span> 
     </span>
     <span class='ocr_line' id='line_1_80' title="bbox 2352 4425 3915 4530; baseline 0 -23"><span class='ocrx_word' id='word_1_457' title='bbox 2352 4438 2466 4507; x_wconf 87' lang='lat' dir='ltr'><strong>dat</strong></span> <span class='ocrx_word' id='word_1_458' title='bbox 2496 4425 2952 4507; x_wconf 78' lang='lat' dir='ltr'><strong>substantiam</strong></span> <span class='ocrx_word' id='word_1_459' title='bbox 2984 4444 3338 4528; x_wconf 87' lang='lat' dir='ltr'><strong>tamquam</strong></span> <span class='ocrx_word' id='word_1_460' title='bbox 3369 4458 3521 4528; x_wconf 80' lang='lat' dir='ltr'><strong>quae</strong></span> <span class='ocrx_word' id='word_1_461' title='bbox 3557 4439 3915 4530; x_wconf 89' lang='lat' dir='ltr'><strong>imprima-</strong></span> 
     </span>
     <span class='ocr_line' id='line_1_81' title="bbox 2351 4544 3912 4636; baseline 0 -21"><span class='ocrx_word' id='word_1_462' title='bbox 2351 4548 2552 4616; x_wconf 91' lang='lat' dir='ltr'><strong>turin</strong></span> <span class='ocrx_word' id='word_1_463' title='bbox 2574 4546 2708 4615; x_wconf 89' lang='lat' dir='ltr'><strong>alia</strong></span> <span class='ocrx_word' id='word_1_464' title='bbox 2741 4544 3134 4636; x_wconf 86' lang='lat' dir='ltr'><strong>recipiente,</strong></span> <span class='ocrx_word' id='word_1_465' title='bbox 3170 4553 3289 4613; x_wconf 90' lang='lat' dir='ltr'><strong>aut</strong></span> <span class='ocrx_word' id='word_1_466' title='bbox 3317 4544 3431 4615; x_wconf 89' lang='lat' dir='ltr'><strong>dat</strong></span> <span class='ocrx_word' id='word_1_467' title='bbox 3461 4545 3912 4615; x_wconf 88' lang='lat' dir='ltr'><strong>substantiam</strong></span> 
     </span>
     <span class='ocr_line' id='line_1_82' title="bbox 2353 4654 3914 4749; baseline -0.002 -21"><span class='ocrx_word' id='word_1_468' title='bbox 2353 4667 2566 4728; x_wconf 89' lang='lat' dir='ltr'><strong>totam</strong></span> <span class='ocrx_word' id='word_1_469' title='bbox 2606 4678 2758 4749; x_wconf 83' lang='lat' dir='ltr'><strong>quae</strong></span> <span class='ocrx_word' id='word_1_470' title='bbox 2780 4656 2926 4748; x_wconf 90' lang='lat' dir='ltr'><strong>ipse</strong></span> <span class='ocrx_word' id='word_1_471' title='bbox 2959 4663 3086 4725; x_wconf 90' lang='lat' dir='ltr'><strong>est.</strong></span> <span class='ocrx_word' id='word_1_472' title='bbox 3125 4654 3200 4723; x_wconf 88' lang='lat' dir='ltr'><strong>Si</strong></span> <span class='ocrx_word' id='word_1_473' title='bbox 3231 4655 3457 4745; x_wconf 89' lang='lat' dir='ltr'><strong>primo</strong></span> <span class='ocrx_word' id='word_1_474' title='bbox 3491 4655 3719 4735; x_wconf 89' lang='lat' dir='ltr'><strong>mod0,</strong></span> <span class='ocrx_word' id='word_1_475' title='bbox 3750 4665 3914 4726; x_wconf 91' lang='lat' dir='ltr'><strong>tunc</strong></span> 
     </span>
     <span class='ocr_line' id='line_1_83' title="bbox 2350 4763 3916 4856; baseline -0.001 -21"><span class='ocrx_word' id='word_1_476' title='bbox 2350 4766 2468 4836; x_wconf 89' lang='lat' dir='ltr'><strong>dat</strong></span> <span class='ocrx_word' id='word_1_477' title='bbox 2524 4767 2937 4835; x_wconf 85' lang='lat' dir='ltr'><strong>materiam:</strong></span> <span class='ocrx_word' id='word_1_478' title='bbox 2995 4765 3159 4856; x_wconf 89' lang='lat' dir='ltr'><strong>quia</strong></span> <span class='ocrx_word' id='word_1_479' title='bbox 3218 4763 3334 4832; x_wconf 88' lang='lat' dir='ltr'><strong>illa</strong></span> <span class='ocrx_word' id='word_1_480' title='bbox 3379 4769 3480 4832; x_wconf 85' lang='lat' dir='ltr'><strong>est</strong></span> <span class='ocrx_word' id='word_1_481' title='bbox 3527 4786 3677 4855; x_wconf 77' lang='lat' dir='ltr'><strong>quae</strong></span> <span class='ocrx_word' id='word_1_482' title='bbox 3715 4764 3916 4833; x_wconf 89' lang='lat' dir='ltr'><strong>datur</strong></span> 
     </span>
     <span class='ocr_line' id='line_1_84' title="bbox 2352 4870 3915 4966; baseline -0.001 -23"><span class='ocrx_word' id='word_1_483' title='bbox 2352 4877 2475 4959; x_wconf 89' lang='lat' dir='ltr'><strong>sic,</strong></span> <span class='ocrx_word' id='word_1_484' title='bbox 2506 4884 2584 4943; x_wconf 87' lang='lat' dir='ltr'><strong>ut</strong></span> <span class='ocrx_word' id='word_1_485' title='bbox 2622 4873 3062 4966; x_wconf 85' lang='lat' dir='ltr'><strong>imprimatur</strong></span> <span class='ocrx_word' id='word_1_486' title='bbox 3101 4872 3168 4940; x_wconf 91' lang='lat' dir='ltr'><strong>in</strong></span> <span class='ocrx_word' id='word_1_487' title='bbox 3219 4894 3297 4940; x_wconf 88' lang='lat' dir='ltr'><strong>ea</strong></span> <span class='ocrx_word' id='word_1_488' title='bbox 3336 4870 3556 4939; x_wconf 80' lang='lat' dir='ltr'><strong>forma</strong></span> <span class='ocrx_word' id='word_1_489' title='bbox 3605 4894 3752 4964; x_wconf 82' lang='lat' dir='ltr'><strong>quae</strong></span> <span class='ocrx_word' id='word_1_490' title='bbox 3799 4896 3915 4941; x_wconf 92' lang='lat' dir='ltr'><strong>ac-</strong></span> 
     </span>
     <span class='ocr_line' id='line_1_85' title="bbox 2353 4977 3914 5075; baseline -0.003 -22"><span class='ocrx_word' id='word_1_491' title='bbox 2353 4984 2600 5075; x_wconf 91' lang='lat' dir='ltr'><strong>cipitur</strong></span> <span class='ocrx_word' id='word_1_492' title='bbox 2636 5005 2761 5075; x_wconf 91' lang='lat' dir='ltr'><strong>per</strong></span> <span class='ocrx_word' id='word_1_493' title='bbox 2787 4980 3306 5074; x_wconf 86' lang='lat' dir='ltr'><strong>generationem</strong></span> <span class='ocrx_word' id='word_1_494' title='bbox 3343 5000 3359 5048; x_wconf 93' lang='lat'><strong>:</strong></span> <span class='ocrx_word' id='word_1_495' title='bbox 3404 4990 3472 5050; x_wconf 88' lang='lat' dir='ltr'><strong>et</strong></span> <span class='ocrx_word' id='word_1_496' title='bbox 3500 4977 3632 5049; x_wconf 89' lang='lat' dir='ltr'><strong>hoc</strong></span> <span class='ocrx_word' id='word_1_497' title='bbox 3672 4979 3914 5048; x_wconf 80' lang='lat' dir='ltr'><strong>absur-</strong></span> 
     </span>
     <span class='ocr_line' id='line_1_86' title="bbox 2354 5087 3914 5181; baseline -0.001 -21"><span class='ocrx_word' id='word_1_498' title='bbox 2354 5091 2518 5161; x_wconf 91' lang='lat' dir='ltr'><strong>dum</strong></span> <span class='ocrx_word' id='word_1_499' title='bbox 2549 5100 2651 5160; x_wconf 90' lang='lat' dir='ltr'><strong>est</strong></span> <span class='ocrx_word' id='word_1_500' title='bbox 2689 5092 2760 5159; x_wconf 87' lang='lat' dir='ltr'><strong>in</strong></span> <span class='ocrx_word' id='word_1_501' title='bbox 2792 5089 3234 5181; x_wconf 87' lang='lat' dir='ltr'><strong>generatione</strong></span> <span class='ocrx_word' id='word_1_502' title='bbox 3264 5087 3495 5156; x_wconf 87' lang='lat' dir='ltr'><strong>divina</strong></span> <span class='ocrx_word' id='word_1_503' title='bbox 3523 5112 3539 5156; x_wconf 74' lang='grc' dir='ltr'><strong><em>ε</em></strong></span> <span class='ocrx_word' id='word_1_504' title='bbox 3582 5098 3648 5158; x_wconf 91' lang='lat' dir='ltr'><strong>et</strong></span> <span class='ocrx_word' id='word_1_505' title='bbox 3686 5098 3914 5158; x_wconf 90' lang='lat' dir='ltr'><strong>tamen</strong></span> 
     </span>
     <span class='ocr_line' id='line_1_87' title="bbox 2355 5195 3916 5266; baseline -0.001 0"><span class='ocrx_word' id='word_1_506' title='bbox 2355 5196 2532 5266; x_wconf 91' lang='lat' dir='ltr'><strong>hanc</strong></span> <span class='ocrx_word' id='word_1_507' title='bbox 2559 5196 3018 5266; x_wconf 89' lang='lat' dir='ltr'><strong>substantiam</strong></span> <span class='ocrx_word' id='word_1_508' title='bbox 3056 5217 3214 5263; x_wconf 92' lang='lat' dir='ltr'><strong>cum</strong></span> <span class='ocrx_word' id='word_1_509' title='bbox 3252 5195 3503 5264; x_wconf 79' lang='lat' dir='ltr'><strong>virtute</strong></span> <span class='ocrx_word' id='word_1_510' title='bbox 3546 5197 3762 5265; x_wconf 78' lang='lat' dir='ltr'><strong>activa</strong></span> <span class='ocrx_word' id='word_1_511' title='bbox 3800 5195 3916 5266; x_wconf 89' lang='lat' dir='ltr'><strong>dat</strong></span> 
     </span>
     <span class='ocr_line' id='line_1_88' title="bbox 2357 5302 3906 5397; baseline 0.001 -25"><span class='ocrx_word' id='word_1_512' title='bbox 2357 5304 2471 5375; x_wconf 90' lang='lat' dir='ltr'><strong>ille</strong></span> <span class='ocrx_word' id='word_1_513' title='bbox 2486 5327 2692 5397; x_wconf 89' lang='lat' dir='ltr'><strong>quem</strong></span> <span class='ocrx_word' id='word_1_514' title='bbox 2714 5325 3048 5373; x_wconf 83' lang='lat' dir='ltr'><strong>vocamus</strong></span> <span class='ocrx_word' id='word_1_515' title='bbox 3067 5311 3328 5393; x_wconf 89' lang='lat' dir='ltr'><strong>patrem</strong></span> <span class='ocrx_word' id='word_1_516' title='bbox 3354 5302 3419 5369; x_wconf 90' lang='lat' dir='ltr'><strong>in</strong></span> <span class='ocrx_word' id='word_1_517' title='bbox 3445 5302 3906 5373; x_wconf 82' lang='lat' dir='ltr'><strong>inferioribus:</strong></span> 
     </span>
     <span class='ocr_line' id='line_1_89' title="bbox 2357 5407 3905 5503; baseline -0.001 -22"><span class='ocrx_word' id='word_1_518' title='bbox 2357 5435 2512 5481; x_wconf 91' lang='lat' dir='ltr'><strong>cum</strong></span> <span class='ocrx_word' id='word_1_519' title='bbox 2555 5433 2720 5503; x_wconf 87' lang='lat' dir='ltr'><strong>ergo</strong></span> <span class='ocrx_word' id='word_1_520' title='bbox 2752 5432 2890 5479; x_wconf 91' lang='lat' dir='ltr'><strong>non</strong></span> <span class='ocrx_word' id='word_1_521' title='bbox 2928 5408 3136 5477; x_wconf 89' lang='lat' dir='ltr'><strong>talem</strong></span> <span class='ocrx_word' id='word_1_522' title='bbox 3178 5407 3291 5477; x_wconf 90' lang='lat' dir='ltr'><strong>det</strong></span> <span class='ocrx_word' id='word_1_523' title='bbox 3324 5416 3518 5499; x_wconf 90' lang='lat' dir='ltr'><strong>pater</strong></span> <span class='ocrx_word' id='word_1_524' title='bbox 3554 5412 3905 5501; x_wconf 89' lang='lat' dir='ltr'><strong>superior:</strong></span> 
     </span>
     <span class='ocr_line' id='line_1_90' title="bbox 2357 5515 3916 5606; baseline -0.001 -19"><span class='ocrx_word' id='word_1_525' title='bbox 2357 5526 2474 5587; x_wconf 90' lang='lat' dir='ltr'><strong>aut</strong></span> <span class='ocrx_word' id='word_1_526' title='bbox 2536 5540 2679 5587; x_wconf 92' lang='lat' dir='ltr'><strong>non</strong></span> <span class='ocrx_word' id='word_1_527' title='bbox 2737 5515 2940 5586; x_wconf 86' lang='lat' dir='ltr'><strong>debet</strong></span> <span class='ocrx_word' id='word_1_528' title='bbox 2998 5515 3129 5584; x_wconf 89' lang='lat' dir='ltr'><strong>dici</strong></span> <span class='ocrx_word' id='word_1_529' title='bbox 3192 5521 3411 5606; x_wconf 88' lang='lat' dir='ltr'><strong>pater,</strong></span> <span class='ocrx_word' id='word_1_530' title='bbox 3484 5524 3600 5586; x_wconf 91' lang='lat' dir='ltr'><strong>aut</strong></span> <span class='ocrx_word' id='word_1_531' title='bbox 3656 5516 3916 5586; x_wconf 86' lang='lat' dir='ltr'><strong>dicetur</strong></span> 
     </span>
     <span class='ocr_line' id='line_1_91' title="bbox 2357 5622 3916 5718; baseline 0 -24"><span class='ocrx_word' id='word_1_532' title='bbox 2357 5635 2547 5718; x_wconf 90' lang='lat' dir='ltr'><strong>pater</strong></span> <span class='ocrx_word' id='word_1_533' title='bbox 2619 5626 2996 5717; x_wconf 82' lang='lat' dir='ltr'><strong>aequivoce.</strong></span> <span class='ocrx_word' id='word_1_534' title='bbox 3064 5622 3137 5692; x_wconf 92' lang='lat' dir='ltr'><strong>Si</strong></span> <span class='ocrx_word' id='word_1_535' title='bbox 3197 5630 3423 5693; x_wconf 87' lang='lat' dir='ltr'><strong>autem</strong></span> <span class='ocrx_word' id='word_1_536' title='bbox 3490 5623 3686 5693; x_wconf 89' lang='lat' dir='ltr'><strong>detur</strong></span> <span class='ocrx_word' id='word_1_537' title='bbox 3760 5625 3916 5694; x_wconf 86' lang='lat' dir='ltr'><strong>sub-</strong></span> 
     </span>
    </p>
   </div>
   <div class='ocr_carea' id='block_1_12' title="bbox 809 5732 3915 5826">
    <p class='ocr_par' dir='ltr' id='par_1_21' title="bbox 809 5732 3915 5826">
     <span class='ocr_line' id='line_1_92' title="bbox 809 5732 3915 5826; baseline -0.001 -22"><span class='ocrx_word' id='word_1_538' title='bbox 809 5735 871 5805; x_wconf 88' lang='lat'><strong>3.</strong></span> <span class='ocrx_word' id='word_1_539' title='bbox 906 5733 1262 5813; x_wconf 83' lang='lat' dir='ltr'><strong>Praeterea,</strong></span> <span class='ocrx_word' id='word_1_540' title='bbox 1306 5732 1541 5802; x_wconf 87' lang='lat' dir='ltr'><strong>Potuit</strong></span> <span class='ocrx_word' id='word_1_541' title='bbox 1594 5752 1942 5825; x_wconf 87' lang='lat' dir='ltr'><strong>generare,</strong></span> <span class='ocrx_word' id='word_1_542' title='bbox 1984 5736 2101 5798; x_wconf 91' lang='lat' dir='ltr'><strong>aut</strong></span> <span class='ocrx_word' id='word_1_543' title='bbox 2138 5752 2256 5821; x_wconf 88' lang='lat' dir='ltr'><strong>po-</strong></span> <span class='ocrx_word' id='word_1_544' title='bbox 2361 5735 2606 5804; x_wconf 90' lang='lat' dir='ltr'><strong>stantia</strong></span> <span class='ocrx_word' id='word_1_545' title='bbox 2640 5755 2795 5826; x_wconf 80' lang='lat' dir='ltr'><strong>quae</strong></span> <span class='ocrx_word' id='word_1_546' title='bbox 2833 5732 3253 5823; x_wconf 90' lang='lat' dir='ltr'><strong>imprimitur</strong></span> <span class='ocrx_word' id='word_1_547' title='bbox 3287 5755 3303 5800; x_wconf 89' lang='lat'><strong>:</strong></span> <span class='ocrx_word' id='word_1_548' title='bbox 3364 5754 3522 5801; x_wconf 91' lang='lat' dir='ltr'><strong>cum</strong></span> <span class='ocrx_word' id='word_1_549' title='bbox 3588 5732 3702 5802; x_wconf 89' lang='lat' dir='ltr'><strong>illa</strong></span> <span class='ocrx_word' id='word_1_550' title='bbox 3747 5732 3915 5801; x_wconf 88' lang='lat' dir='ltr'><strong>sub-</strong></span> 
     </span>
    </p>
   </div>
   <div class='ocr_carea' id='block_1_13' title="bbox 3967 2716 4216 2775">
    <p class='ocr_par' dir='ltr' id='par_1_22' title="bbox 3967 2716 4216 2775">
     <span class='ocr_line' id='line_1_93' title="bbox 3967 2716 4216 2775; baseline 0.004 -9"><span class='ocrx_word' id='word_1_551' title='bbox 3967 2719 4151 2775; x_wconf 64' lang='lat' dir='ltr'><strong>Quat.</strong></span> <span class='ocrx_word' id='word_1_552' title='bbox 4171 2716 4216 2767; x_wconf 68' lang='grc' dir='ltr'><strong>ἱ.</strong></span> 
     </span>
    </p>
   </div>
  </div>
 </body>
</html>
