4897 6388
329 3326 513 3375 Sol-nio

666 247 795 311 242
874 222 880 230 ’

1641 248 1726 317 D.
1776 246 1975 314 ALB.
2029 243 2244 313 MAG.
2298 242 2504 311 ORD.
2560 240 2857 308 PRAED.

661 421 799 479 tem
838 417 1158 503 praeteriti
1210 439 1363 483 cum
1409 407 1783 485 inclii‘sione
1833 418 1978 507 ejus
2025 415 2207 506 quod
2322 421 2463 480 tum
2533 413 2618 479 ad
2682 395 3061 501 potentiam
3091 431 3316 477 causae
3365 407 3765 476 efficientis:
3811 417 3878 475 et

660 510 762 587 est
790 522 860 589 in
891 530 1221 614 tempore,
1259 524 1329 592 id
1357 534 1482 608 est,
1503 511 1888 616 praesentis,
1914 524 2206 614 legimus
2318 522 2466 589 ideo
2498 522 2744 588 dieitur
2780 519 3115 587 accidens.

657 631 728 697 in
816 630 1185 723 Scripturis
1240 633 1653 723 praeteritum
1733 629 2203 720 imperfectum

2404 631 2504 694 An
2543 651 2740 695 Amun
2785 627 3176 704 dicendum,
3215 627 3398 715 quod
3462 626 3707 692 veritas
3769 627 3879 692 di-

655 739 1066 829 quandoque
1098 739 1242 805 Deo
1275 739 1547 805 attribui
1590 735 1962 805 secundum
2006 744 2204 802 aeter-
2311 739 2484 803 citur
2513 734 2621 802 hic
2651 757 2770 802 ens
2799 756 3045 823 purum
3099 743 3165 800 et
3206 735 3761 822 impermixtum:
3807 742 3874 801 et

652 846 962 928 nitatem,
999 855 1096 930 ut,
1128 846 1328 912 Joan.
1368 868 1412 924 1,
1455 847 1480 909 1
1523 867 1536 909 :
1578 846 1656 910 In
1680 844 2024 933 principio
2054 850 2201 908 erat

663 950 973 1029 Verbum,
1019 958 1146 1017 etc.

1070 1372 1571 1443 ARTICULUS
1613 1372 1766 1439 XV.

639 1586 750 1653 An
784 1606 922 1654 esse
946 1583 1083 1651 soli
1120 1585 1261 1651 Deo
1296 1585 1389 1651 sit
1426 1581 1813 1672 proprium,
1886 1588 1949 1646 et
2022 1578 2186 1646 aliis

732 1691 999 1759 accidat
1020 1714 1042 1758 .·
1068 1701 1130 1758 et
1167 1689 1340 1781 quid
1383 1698 1478 1756 est
1499 1687 1867 1755 subsistens
1904 1687 2178 1763 veritaS,

727 1809 790 1866 et
824 1822 1102 1866 manens
1139 1820 1373 1874 causa,
1415 1807 1479 1863 ec
1505 1795 1853 1864 naturalis
1917 1794 2183 1884 qeneris

725 1908 1112 1997 proprietas
1139 1904 1179 1971 7

733 2228 990 2300 Deinde
1018 2230 1342 2334 quaeritur
1374 2228 1455 2297 de
1491 2226 1622 2298 hoe
1650 2228 1834 2318 quod
1862 2228 2023 2297 dicit
2049 2228 2180 2296 Hi-

639 2338 890 2411 larius:
937 2366 969 2401 «
1006 2340 1171 2407 Esse
1198 2361 1334 2406 non
1361 2349 1456 2406 est
1493 2337 1799 2406 accidens
1846 2340 2014 2418 Dee,
2063 2337 2184 2405 sed

636 2442 1029 2527 subsistens,
1062 2453 1186 2515 etc.
1232 2472 1263 2506 υ

728 2550 1015 2624 Videtur
1040 2553 1252 2635 enim,
1289 2552 1471 2642 quod
1501 2551 1668 2620 nulli
1699 2551 1958 2622 accidat
1985 2573 2172 2620 esse:

638 2681 800 2750 ergo
841 2660 1129 2743 videtur,
1163 2660 1345 2750 quod
1378 2659 1505 2729 boc
1537 2681 1672 2727 uon
1711 2660 1799 2727 sit
1829 2660 2176 2749 proprium

636 2764 806 2835 Deo.

724 2872 1085 2953 Praeterea,
1123 2874 1300 2953 Quid
1356 2883 1455 2943 est
1485 2874 1857 2943 subsistens
1901 2874 2172 2958 veritas,

634 2988 701 3048 et
762 3003 1046 3050 manens
1101 3005 1328 3060 causa,
1388 2991 1455 3051 et
1520 2981 1845 3051 naturalis
1910 2984 2174 3072 generis

632 3087 1061 3178 proprietas?

722 3300 1029 3371 Somnio.
1066 3301 1440 3370 Dicendum
1474 3301 1656 3392 quod
1686 3301 1997 3369 accidens
2063 3302 2171 3369 di-

621 3412 797 3483 citur
843 3412 1025 3504 quod
1079 3413 1411 3501 contingit
1459 3411 1699 3489 inesse,
1760 3420 1825 3480 et
1865 3434 2002 3479 non
2061 3413 2171 3478 in-

2309 838 2438 906 hoc
2502 838 2725 905 solum
2793 837 3116 905 convenit
3182 837 3370 904 Deo:
3431 857 3636 904 omne
3687 839 3866 905 enim

2308 971 2451 1015 esse
2482 955 2783 1014 creatum
2813 945 3232 1036 permixtum
3289 953 3392 1012 est
3452 944 3873 1014 habitudini-

2306 1052 2431 1119 bus
2463 1052 2546 1119 ad
2583 1053 2808 1118 minus
2842 1051 2927 1118 ad
2957 1073 3197 1118 causas
3235 1052 3636 1127 exteriore5‚
3691 1059 3757 1117 et
3794 1049 3878 1117 ad

2305 1159 2699 1249 sequentia:
2746 1159 2921 1225 sicut
2951 1156 3082 1225 hoe
3121 1159 3350 1246 ipsum
3398 1179 3544 1234 em,
3591 1158 3747 1224 licet
3802 1158 3870 1223 in

2302 1288 2373 1333 se
2395 1266 2685 1356 simplex
2726 1267 2837 1349 sit,
2889 1273 3118 1333 tamen
3149 1267 3346 1353 ponit
3385 1263 3862 1333 habitudinem

2299 1374 2384 1439 ad
2423 1383 2789 1451 creantem,
2834 1381 2902 1439 et
2939 1371 3417 1441 habitudinem
3451 1371 3535 1438 ad
3593 1393 3675 1438 ea
3704 1393 3857 1437 eum

2297 1481 2544 1572 quibus
2593 1492 2694 1549 est
2733 1478 3239 1571 componibile:
3276 1488 3342 1547 et
3375 1481 3518 1547 istae
3586 1478 3863 1546 habitu-

2295 1588 2484 1656 dines
2524 1611 2659 1655 non
2694 1587 2862 1655 nihil
2893 1595 3053 1654 sunt
3084 1587 3154 1653 in
3185 1595 3381 1654 ente:
3427 1596 3495 1654 et
3526 1585 3678 1653 ideo
3710 1608 3856 1676 per·

2294 1699 2583 1764 mixtum
2622 1706 2748 1774 est,
2784 1705 2852 1763 et
2882 1719 3020 1762 non
3064 1696 3317 1762 veritas
3383 1717 3577 1784 pura.
3637 1693 3862 1762 Habet

2292 1805 2472 1871 enim
2514 1826 2719 1872 omne
2767 1812 3070 1871 cre-atum
3128 1802 3536 1892 permixtam
3616 1812 3853 1893 poten-

2294 1914 2481 1994 tiam,
2525 1920 2591 1980 et
2629 1913 3111 2002 privationem,
3147 1918 3459 2000 utsupra
3505 1910 3844 1979 diximus:

2290 2028 2355 2087 et
2382 2019 2534 2087 ideo
2574 2042 2713 2086 non
2752 2040 3048 2109 purum:
3084 2026 3150 2085 et
3180 2017 3335 2085 ideo
3367 2017 3641 2106 proprie
3677 2040 3846 2086 con·-

2286 2127 2476 2194 venit
2532 2126 2699 2204 Deo,
2769 2124 2954 2216 quod
3022 2126 3110 2192 sit
3162 2126 3416 2193 veritas
3473 2124 3846 2193 subsistens

2288 2241 2619 2324 quantum
2672 2231 2758 2299 ad
2830 2254 2977 2299 esso
3033 2253 3235 2298 suum
3320 2231 3621 2320 primum
3678 2234 3742 2298 in
3774 2253 3846 2299 se

2288 2341 2813 2408 consideratum.
2856 2335 2970 2405 Est
3005 2346 3235 2405 autem
3302 2359 3587 2405 manens
3641 2360 3843 2405 causa

2289 2446 2534 2514 nonin
2577 2468 2675 2527 se,
2736 2445 2851 2512 sed
2910 2444 2995 2511 ad
3058 2452 3336 2512 causata
3400 2452 3834 2534 comparata:

2285 2577 2503 2622 causae
2528 2557 2709 2623 enim
2735 2552 3101 2637 naturaleS,
3140 2555 3284 2619 sive
3313 2552 3450 2620 sint
3482 2553 3836 2641 proximae‚

2285 2665 2426 2730 sive
2501 2670 2802 2740 remotae,
2882 2684 3021 2729 non
3097 2670 3381 2729 causant
3457 2669 3831 2738 manentes,

2285 2771 2398 2836 sed
2440 2773 2665 2860 potius
2704 2779 2935 2850 motze,
2969 2780 3035 2837 et
3110 2778 3491 2842 moventes,
3555 2777 3617 2836 et
3687 2792 3845 2836 inu-

2285 2886 2435 2944 tatae
2477 2880 2544 2945 in
2575 2879 2852 2968 seipsis:
2899 2885 2964 2945 et
2996 2877 3148 2944 ideo
3192 2899 3328 2942 non
3372 2887 3656 2965 possunt
3708 2877 3837 2944 dici

2285 2997 2631 3052 tinniit-ntes
2698 3007 2974 3052 causae:
3035 2983 3151 3051 sed
3223 2982 3404 3049 Deus
3464 2985 3530 3049 in
3570 3007 3642 3051 se
3702 3007 3835 3052 non

2283 3102 2535 3170 motus,
2594 3103 2659 3159 et
2725 3116 2862 3159 uno
2919 3090 3124 3159 modo
3181 3114 3252 3158 se
3283 3089 3570 3172 habenS,
3610 3098 3837 3158 causat

2279 3202 2556 3267 omniu:
2638 3210 2701 3267 et
2761 3200 2916 3268 ideo
2983 3200 3112 3267 sibi
3180 3201 3450 3290 proprie
3518 3202 3837 3266 convenit

2278 3334 2421 3377 vsse
2460 3334 2733 3378 causam
2778 3319 3196 3377 manentem.
3246 3308 3559 3376 Secunda
3602 3318 3828 3377 nutem

2274 3418 2691 3507 comparatio
2761 3416 2883 3484 nei
2949 3415 3034 3482 nd
3095 3439 3199 3483 res
3265 3425 3390 3492 est,
3451 3414 3822 3483 secundum

620 3544 793 3606 esse,
825 3532 892 3591 et
919 3544 1121 3591 causa
1165 3521 1641 3612 contingentiae
1692 3520 1883 3591 istius
1944 3530 2045 3592 est
2081 3544 2167 3591 ex
2275 3523 2454 3612 «pind
2485 3524 2626 3589 suis
2666 3520 3194 3612 proprietatibus
3231 3520 3675 3608 distinguitur
3739 3519 3822 3586 ab

616 3638 806 3718 parte
835 3628 1117 3719 subjecti
1148 3628 1329 3719 quud
1360 3636 1590 3697 causat
1663 3627 1997 3698 accidens.
2056 3627 2163 3695 Ad
2272 3630 2590 3697 omnibus
2625 3629 2825 3697 rebus
2857 3653 2975 3719 per
3040 3637 3394 3695 naturam:
3443 3629 3510 3694 in
3578 3627 3824 3717 quibus

614 3734 1129 3806 similitudinem
1178 3736 1389 3825 ipsius
1446 3744 1511 3804 et
1567 3757 1704 3803 non
1756 3734 2023 3825 proprie
2052 3733 2162 3801 di·
2271 3749 2493 3806 tameu
2535 3747 2633 3805 est
2673 3736 3150 3812 essentialiter,
3185 3735 3724 3827 praesentialiter,
3758 3744 3820 3803 et

613 3843 788 3912 citur
815 3842 927 3913 hie
963 3843 1271 3912 accidens
1320 3842 1500 3933 quod
1561 3843 1895 3932 contingit
1954 3841 2153 3911 alicui
2266 3847 2758 3935 potentialiter:
2804 3855 2868 3912 et
2909 3844 3054 3912 brec
3095 3854 3189 3911 est
3250 3846 3629 3936 proprietas
3695 3867 3818 3934 ge-

612 3962 889 4045 propter
951 3953 1079 4022 hoc
1140 3954 1323 4044 quod
1383 3962 1483 4023 est
1548 3955 1618 4021 in
1676 3954 1975 4045 potentia
2013 3977 2149 4022 non
2261 3957 2439 4021 neris
2477 3955 2607 4037 sui,
2651 3955 2714 4020 id
2756 3964 2881 4031 est,
2917 3962 3177 4020 natura-
3255 3976 3395 4020 sum
3472 3964 3811 4019 connatu-

608 4084 829 4131 causte
898 4062 1298 4145 intrinseca»,
1367 4063 1487 4130 sed
1560 4063 1953 4130 extrinsecae
1999 4085 2149 4152 quae
2260 4063 2438 4139 ralis,
2475 4073 2546 4130 ut
2586 4086 2857 4153 sempor
2910 4063 3305 4143 distinctum
3367 4062 3609 4130 habent
3666 4087 3810 4131 esse

605 4179 705 4240 est
733 4171 1067 4241 efficiens:
1122 4194 1324 4239 omne
1396 4172 1580 4240 enim
1635 4194 1782 4239 esse
1844 4178 2142 4239 creatum
2254 4173 2602 4261 proprium
2642 4196 2723 4238 eo
2755 4172 2940 4261 quod
2983 4195 3121 4239 nun
3163 4181 3260 4238 est
3302 4170 3388 4238 ab
3448 4173 3582 4238 ulio
3651 4196 3810 4239 mu-

603 4279 730 4347 suit
768 4281 837 4347 in
867 4281 1191 4370 potentia,
1225 4288 1289 4345 et
1323 4279 1540 4367 potuit
1572 4301 1709 4346 non
1748 4301 1894 4346 esse
1932 4300 2143 4369 quan·
2251 4287 2543 4347 tuntum.

1519 4752 1599 4825 C.
1648 4751 1795 4825 llic
1834 4751 1929 4827 de
1979 4752 2767 4828 incomm«tabilitate.

690 5056 831 5133 Dei
862 5056 1088 5131 etiam
1121 5054 1363 5130 solius
1401 5057 1732 5132 essentia
1764 5058 2412 5135 incmnmutabilis
2453 5060 2733 5135 dicitur
2761 5059 3113 5161 proprie:
3184 5062 3368 5159 quia
3426 5084 3567 5136 nec
3625 5088 3792 5138 nnu-

588 5200 816 5283 tatur,
863 5213 1003 5265 nec
1043 5187 1318 5262 mutari
1351 5197 1622 5287 potest.
1655 5187 1873 5264 Unde
1905 5190 2380 5287 Augustinus
2415 5192 2487 5264 in
2533 5191 2727 5266 libro
2760 5193 2827 5263 V
2865 5193 2958 5267 (le
3036 5192 3457 5267 T1·1'm'late¹
3496 5221 3517 5265 .·
3563 5195 3784 5288 Mirr,

585 5324 1253 5427 inquit,essentioe
1313 5325 1432 5400 vel
1497 5325 1945 5400 substantiae
2012 5325 2322 5425 capiunt
2397 5328 2847 5416 accidentia,
2916 5327 3204 5425 quibus
3243 5327 3466 5403 ineis
3500 5328 3781 5405 fiatvel

646 5591 663 5626 ¹
704 5589 760 5645 S.
794 5592 1165 5651 Aucusnsus,
1199 5583 1321 5642 Lib.
1357 5586 1396 5637 V
1426 5584 1499 5641 de
1528 5587 1832 5656 Trinitate,
1863 5604 1990 5659 cap.
2023 5590 2074 5644 2.
