4897 6388
723 3097 742 3103 ·
853 3028 932 3072 Ad

2119 337 2238 422 ‘IN
2287 342 2314 408 1
2357 341 2779 427 SENTENT.
2836 342 3060 416 DIST.
3114 341 3203 422 X‘‚
3256 344 3336 432 B.

1155 514 1517 583 stentibus.
1589 515 1774 582 Licet
1834 521 2059 580 autem
2125 510 2575 601 speculativus
2632 520 2698 578 et
2804 511 3180 579 secundum
3214 512 3641 600 Augustinus
3669 512 3741 578 in
3793 510 3967 578 libro
4000 507 4359 577 LXXXIII

1150 622 1489 709 practicus
1521 620 1859 699 differant,
1886 641 2026 684 non
2058 626 2280 684 tamen
2311 639 2516 706 penes
2538 638 2695 705 spe-

1143 725 1521 792 culativum
1555 725 1884 813 accipitur
1922 722 2203 789 verbum
2243 721 2425 812 quod
2464 730 2564 788 est
2596 722 2693 787 Fi-

1141 832 1300 911 lius,
1346 835 1506 923 quia
1554 832 1840 899 verbum
1895 830 2059 898 illud
2106 834 2203 917 (ut
2243 830 2403 897 dicit
2448 831 2692 919 Augu-

1138 942 1358 1008 stinus
1400 942 1469 1007 in
1508 940 1681 1007 libro
1713 939 1875 1007 VlII
1918 939 1999 1006 de
2042 939 2389 1026 Trinilale)
2421 946 2522 1004 est
2562 960 2691 1005 no-

1135 1049 1288 1114 titia
1325 1056 1574 1124 amata,
1611 1055 1677 1114 et
1707 1047 1858 1115 ideo
1900 1055 2000 1113 est
2032 1047 2098 1112 in
2121 1046 2389 1126 ¹ratione
2410 1047 2683 1134 optimi:

1135 1154 1256 1221 sed
1299 1177 1505 1244 penes
1563 1153 2060 1245 speculativum
2115 1174 2232 1243 per
2296 1152 2685 1242 appropria·

1136 1262 1396 1329 tionem
1429 1263 1695 1329 nonita
1748 1260 2069 1328 convenit
2122 1259 2419 1348 accipere
2460 1280 2688 1347 perso-

1131 1393 1296 1438 uam
1346 1369 1613 1438 duabus
1643 1369 1724 1437 de
1765 1370 2010 1448 causiS,
2046 1390 2331 1459 quarum
2362 1389 2499 1434 una
2536 1374 2678 1435 est:

1136 1480 1299 1569 quia
1339 1480 1480 1568 ipse
1520 1487 1621 1547 est
1659 1502 1696 1545 a
1729 1501 1800 1546 re
1832 1478 2013 1545 intus
2042 1458 2408 1567 procedens
2442 1476 2510 1541 in
2540 1497 2687 1564 spe-

1132 1587 1590 1656 culationem:
1636 1595 1701 1655 et
1753 1585 1904 1654 ideo
1957 1585 2345 1676 oppositum
2403 1583 2682 1651 modum

1132 1694 1343 1763 habet
1377 1693 1463 1762 ad
1506 1694 2011 1784 processionem
2070 1714 2371 1781 personze
2403 1691 2486 1759 de
2538 1712 2686 1781 per-

1137 1825 1310 1872 sona
1351 1825 1365 1870 :
1410 1803 1530 1871 sed
1559 1804 1894 1894 practicus
1943 1810 2041 1870 est
2070 1801 2439 1892 procedens
2476 1801 2557 1869 de
2589 1802 2685 1867 in-

1129 1910 1481 2006 telligente
1531 1912 1603 1978 in
1651 1933 1848 2002 opuS,
1892 1918 1960 1979 et
2023 1909 2174 1977 ideo
2232 1909 2344 1977 ille
2399 1909 2685 1976 similior

1132 2026 1241 2087 est
1313 2018 1735 2108 processioni
1824 2038 2286 2107 personarum.
2369 2014 2681 2084 Secunda

1129 2148 1339 2194 causa
1368 2133 1497 2206 est,
1551 2125 1735 2216 quod
1772 2125 2224 2215 speculativus
2255 2146 2391 2191 non
2437 2132 2540 2191 est
2590 2124 2683 2190 rei

1129 2234 1201 2300 in
1232 2234 1507 2324 propria
1539 2240 1805 2316 natura,
1839 2231 1957 2300 sed
2007 2231 2231 2323 potius
2296 2232 2364 2299 in
2423 2232 2683 2299 ratione

1126 2339 1501 2410 universali
1543 2341 1612 2408 in
1642 2362 1779 2432 qua
1807 2363 1914 2408 res
1960 2362 2097 2408 non
2153 2348 2254 2409 est
2289 2340 2418 2408 nisi
2458 2340 2529 2406 in
2567 2361 2686 2428 po-

1013 2476 1021 2484 ·
1128 2450 1384 2516 tentia:
1410 2447 1528 2516 sed
1551 2448 1884 2538 practicus
1911 2455 2015 2515 est
2044 2445 2124 2515 de
2148 2447 2418 2537 propria
2439 2455 2684 2514 natura

1127 2557 1270 2624 rei:
1314 2563 1380 2623 et
1423 2554 1576 2623 ideo
1617 2557 1863 2625 iterum
1916 2556 2130 2645 magis
2177 2557 2497 2623 convenit
2534 2578 2684 2645 per-

1126 2684 1456 2731 sonarum
1505 2660 1948 2754 processioni,
2002 2683 2152 2752 quae
2180 2661 2523 2752 propriam
2558 2684 2684 2729 na-

1129 2779 1355 2838 turam
1413 2768 1751 2858 accipiunt
1802 2791 1842 2835 a
1898 2790 2186 2859 persona
2238 2792 2278 2836 a
2343 2791 2475 2860 qua
2528 2790 2683 2858 pro-

1131 2876 1404 2944 cedunt.
2598 2866 2606 2874 ’

1227 2983 1329 3050 An
1378 3005 1576 3050 Αιιυι)
1623 2982 2009 3067 dicendum,
2077 2982 2257 3074 quod
2321 2981 2495 3051 Filio
2542 3005 2683 3051 non

1134 3093 1528 3162 attribuitur
1554 3094 2044 3185 speculativum
2076 3095 2200 3162 nisi
2243 3093 2680 3163 attributione

1136 3203 1365 3270 minus
1394 3203 1670 3295 propria
1704 3221 1722 3269 ε
1757 3204 1917 3294 quia
1947 3202 2175 3271 idealis
2205 3202 2583 3285 intellectus
2611 3203 2681 3269 in

1133 3308 1387 3378 divinis
1451 3321 1552 3379 est
1622 3312 2010 3402 operativus
2064 3312 2370 3379 omniurn
2454 3334 2683 3380 rerum

1133 3417 1513 3487 ideatarum
1545 3441 1696 3511 quae
1727 3418 2097 3509 procedunt
2127 3421 2194 3487 in
2223 3441 2435 3510 opus:
2473 3428 2538 3488 et
2571 3419 2682 3489 ille

2815 620 3296 704 Questionum,
3333 617 3728 685 attribuitur
3766 618 3964 686 Filio.

2891 725 2995 790 An
3044 748 3239 791 „mun
3289 724 3676 802 dicendum,
3722 723 3907 813 quod
3969 745 4361 813 supponen-

2803 831 2914 910 do,
2950 832 3135 922 quod
3179 830 3470 898 charitas
3509 831 3620 897 vel
3679 853 3873 897 amor
3918 833 4055 898 sint
4110 852 4360 897 concu-

2801 940 3126 1029 piscibilis
3168 943 3235 1007 in
3276 948 3519 1007 natura
3548 939 3907 1029 spirituali,
3942 937 4359 1007 nullus'alio-

2802 1071 2951 1114 rum
2993 1057 3266 1115 actuum
3300 1047 3463 1114 dicit
3491 1045 3902 1137 completam
3942 1054 4008 1112 et
4039 1045 4355 1112 intimam

2800 1151 3310 1219 inclinationem
3372 1151 3651 1219 affectus
3717 1150 3803 1217 ad
3876 1159 4229 1241 amatum:
4291 1158 4360 1216 et

2799 1258 2930 1328 hoc
2960 1262 3056 1328 sic
3107 1259 3431 1349 probatur
3466 1281 3481 1326 ε
3527 1258 3720 1325 Velle
3750 1257 3911 1326 dicit
3966 1264 4194 1325 actum
4235 1279 4355 1324 vo-

2794 1365 3075 1454 luntatis
3114 1388 3233 1454 per
3271 1387 3368 1445 se,
3404 1366 3535 1461 qui·
3554 1361 3940 1433 communis
3979 1372 4082 1431 est
4108 1364 4352 1431 intimo

2793 1482 2859 1540 et
2887 1475 3256 1564 complet0‚
3293 1481 3359 1541 et
3397 1496 3538 1540 non
3568 1473 3826 1540 intimis
3878 1481 3943 1541 et
3986 1469 4354 1561 incomple-

2793 1583 2901 1649 tis.
2953 1583 3210 1651 Caetera
3264 1591 3492 1650 autem
3541 1590 3775 1673 patent
3828 1603 3949 1673 per
3995 1578 4351 1647 Psalmum

2791 1713 3025 1773 eximi,
3068 1692 3178 1769 20,
3225 1691 3338 1758 ubi
3399 1689 3613 1758 dicit:
3672 1689 4076 1780 Concupivit
4112 1689 4352 1756 anima

2794 1826 2944 1870 mea
2974 1803 3359 1870 desiderare
3373 1802 3916 1892 justificationes
3946 1810 4125 1868 tuas.
4155 1799 4351 1868 Unde

2788 1903 3267 2002 concupiscere
3310 1912 3537 1978 minus
3561 1919 3666 1979 est
3685 1933 3893 2001 quam
3932 1909 4341 1985 desiderare,

2792 2019 3172 2089 desiderare
3190 2027 3413 2087 autem
3438 2018 3659 2088 adhuc
3675 2019 3901 2096 minus
3917 2030 4125 2109 quam
4140 2016 4342 2099 velle,

2791 2139 2856 2197 et
2894 2128 3070 2197 velle
3108 2130 3337 2196 minus
3375 2151 3584 2220 quam
3616 2150 3843 2196 amare
3872 2150 3958 2195 ex
3984 2126 4339 2196 charitate.

2879 2239 2983 2304 An
3032 2260 3329 2305 uminum
3366 2236 3757 2318 dicendum,
3789 2235 3977 2326 quod
4015 2256 4209 2304 secus
4241 2243 4344 2304 est

2791 2345 2874 2413 de
2904 2345 3201 2435 imagine
3231 2351 3457 2411 creata
3487 2365 3527 2409 a
3564 2342 3709 2410 Deo
3746 2364 3761 2408 ε
3798 2342 3959 2433 quia
3998 2342 4230 2433 imago
4270 2342 4342 2409 in

2794 2454 3025 2522 multis
3063 2462 3165 2522 est
3195 2452 3568 2530 dissimilis,
3604 2454 3941 2542 praecipue
3963 2453 4034 2519 in
4071 2452 4344 2542 simpli-

2790 2562 2992 2628 citate
3022 2568 3280 2628 naturae
3317 2568 3384 2627 et
3412 2558 3857 2649 perfectione:
3893 2566 3958 2627 et
3986 2557 4138 2627 ideo
4158 2558 4343 2650 quod

2790 2667 3102 2737 accidens
3148 2675 3248 2736 est
3310 2668 3377 2734 in
3437 2668 3607 2757 ipsa,
3671 2665 4057 2758 hypostasis
4111 2667 4373 2736 divina.

2792 2776 3105 2844 distincta
3142 2784 3244 2843 est
3292 2775 3360 2841 in
3406 2773 3580 2857 Deo,
3640 2783 3717 2841 ut
3771 2782 3956 2864 patet
4008 2797 4131 2867 per
4186 2783 4345 2844 ante

2788 2882 2967 2952 dicta
3002 2907 3018 2951 :
3051 2892 3281 2951 tamen
3312 2882 3368 2950 si
3392 2884 3545 2973 quis
3573 2881 3955 2951 consideret
3989 2882 4167 2952 dicta
4198 2884 4346 2950 Au·-

2790 2993 3042 3084 gustini
3110 3014 3315 3081 supra
3369 2999 3605 3060 notata
3635 2993 3680 3077 ¹,
3724 3013 3914 3059 amor
3978 3003 4045 3061 et
4102 2993 4348 3062 notitia

2791 3122 2929 3168 non
2962 3101 3246 3168 omnino
3286 3108 3442 3166 sunt
3473 3099 3910 3169 accidentalia
3942 3103 4184 3184 menti,
4226 3101 4346 3170 sed

2791 3208 3165 3278 secundum
3206 3208 3505 3299 aliquem
3551 3209 3833 3277 modum
3872 3210 4344 3279 substantialia

2790 3326 2973 3385 sunt.

1283 4025 1363 4097 u.
1406 4023 1633 4116 Quod
1650 4028 1995 4128 Spiritus
2030 4039 2336 4106 sanctus
2356 4036 2676 4133 proprie
2705 4035 3017 4113 dilectio
3057 4037 3410 4113 dicatur:
3436 4046 3512 4115 et
3547 4046 3803 4115 lamen
3856 4040 4194 4118 Trinitas

2489 4172 2593 4246 sil
2618 4171 2705 4246 di
2706 4170 2926 4248 lectio
2939 4230 2955 4248 .

1217 4500 1564 4579 Joanues
1603 4515 1858 4579 autem
1894 4505 1970 4579 in
2004 4506 2324 4604 epistola
2355 4510 2730 4584 canonica
2768 4510 2899 4605 ait,
2972 4511 3189 4585 Dens
3242 4512 3582 4587 charitas
3628 4510 3814 4589 esc'.
3880 4514 4051 4589 Non
4108 4514 4324 4609 dixit,

1118 4636 1458 4733 Spiritus
1488 4649 1803 4716 sanctus
1833 4641 2164 4715 charitas
2195 4653 2304 4717 est
2352 4667 2368 4717 :
2415 4644 2619 4742 quud
2662 4645 2724 4719 si
2769 4646 3111 4741 dixisset,
3156 4648 3584 4722 absolutior
3620 4662 3823 4725 esset.
3890 4674 4173 4746 sermo,
4254 4660 4333 4727 et

1116 4795 1272 4845 uon
1317 4797 1557 4871 parva
1589 4800 1765 4873 pars
1797 4776 2249 4875 quaestinnis
2280 4779 2535 4853 decisa
2582 4804 2598 4855 ε
2645 4780 2776 4855 sed
2821 4782 3005 4881 quia
3037 4783 3250 4878 dixit,
3294 4784 3503 4859 Dens
3533 4784 3867 4861 charitas·
3895 4793 4031 4877 est,
4072 4787 4331 4865 incer-

1121 4919 1282 4982 tum
1313 4919 1428 4982 est
1464 4932 1480 4984 ε
1519 4920 1592 4984 et
1622 4910 1791 4986 ideo
1831 4914 2334 5010 quaerendum
2377 4925 2518 5003 est,
2563 4915 2828 4991 l'trum
2873 4918 3084 4993 Deus
3114 4918 3340 4994 Pater
3377 4921 3475 4995 sit
3507 4921 3868 5017 charitaS,
3903 4945 3999 4998 an
4052 4922 4321 5013 Filius,

1119 5065 1215 5115 au
1262 5041 1598 5140 Spiritus
1655 5057 1993 5137 sanctuS,
2064 5070 2160 5120 an
2223 5048 2429 5122 Deus
2472 5048 2632 5148 ipsa
2689 5050 3047 5145 TrinitaS,
3084 5053 3265 5151 quia
3307 5065 3381 5128 et
3428 5054 3594 5153 ipsa
3633 5079 3789 5130 non
3823 5067 3976 5133 tres
4005 5057 4139 5153 dii,
4188 5058 4325 5134 sed

1123 5200 1329 5250 unus
1369 5187 1483 5251 est
1514 5177 1749 5251 Deus.
1785 5179 1892 5253 Ad
1927 5180 2127 5277 quod
2170 5183 2650 5277 Augustinus
2692 5183 2766 5257 in
2803 5185 3073 5260 eodem
3120 5187 3314 5260 libro
3378 5188 3480 5263 ita
3524 5189 3796 5267 dicit³z
3865 5192 4144 5267 Nescio
4185 5218 4327 5269 cur

1181 5511 1197 5544 ¹
1228 5510 1314 5565 Cf.
1348 5511 1559 5584 Supra,
1592 5512 1740 5571 Dist.
1773 5515 1867 5569 111.

1176 5602 1200 5636 ²
1232 5604 1251 5657 1
1283 5603 1450 5659 Joan.
1484 5620 1557 5672 ιν,
1595 5606 1678 5661 16.

1177 5694 1198 5726 ³
1223 5692 1279 5748 S.
1313 5697 1689 5762 Aucusrnxus,
1723 5695 1844 5753 Lib.
1868 5696 1956 5752 Μ’
1974 5698 2046 5754 de
2075 5700 2377 5772 Trinitate‚
2401 5718 2527 5773 cap.
2555 5703 2643 5756 17.

4241 341 4372 411 313

4482 756 4556 800 Ad
4585 758 4629 804 9.

4423 2254 4496 2299 Ad
4542 2255 4616 2306 10.
