4897 6388
1162 981 3275 1591 ΗΑὲιζοΝῑιὲξΞξέΞξῐΝῐε
3337 1199 4352 1571 ΡΒΕΒΙΟΑΤΟιὶΞΜ,

1850 1718 3668 2055 ΟΟΜΜΕΝΤΑΗΠ

1214 2258 1378 2388 IN
1451 2253 2119 2388 PRIMUM
2194 2247 2843 2382 LIBRUM
2923 2235 4313 2376 SENTENTIARUM.

2230 3047 2858 3143 PRAE'FA
2915 3042 3268 3156 TIO,

1245 3468 1279 3509 ι
1311 3447 1464 3532 qu
1499 3461 1590 3512 ez·
1624 3459 1741 3511 ore
1771 3437 2126 3510 altissimi
2140 3437 2431 3530 prodivi
2443 3433 2925 3525 primoqenita
2956 3444 3124 3506 ante
3150 3453 3432 3505 omnem
3473 3444 3867 3505 creaturam
3890 3459 3918 3504 .·
3945 3454 4069 3526 eqo
4102 3437 4254 3524 feci
4286 3437 4362 3505 in

1154 3571 1340 3642 coelis
1382 3579 1457 3639 u!
1491 3569 1793 3638 oriretur
1827 3567 2063 3637 lmnen
2104 3563 2544 3653 indeficiens,
2579 3570 2648 3632 el
2680 3563 2868 3633 sicut
2895 3562 3161 3633 nebula
3200 3563 3357 3631 texi
3373 3580 3652 3632 omnem
3674 3575 3932 3633 terram
3956 3563 3999 3630 ¹.
4031 3588 4065 3628 ι

1243 3693 1378 3765 Hic
1403 3690 1808 3764 secundum
1830 3688 2162 3761 ordinem
2196 3690 2986 3779 iungunturquatuor:
3024 3706 3113 3757 ex
3134 3685 3406 3778 quibus
3434 3687 3844 3758 secundum
3863 3687 4128 3758 seriem
4166 3686 4358 3758 Libri

1155 3818 1365 3890 istius
1394 3816 1713 3890 trahitur
1741 3813 2040 3885 materia
2076 3815 2393 3906 quatuor
2431 3812 2845 3883 Librorum.

1246 3950 1324 4016 ln
1367 3944 1603 4036 primo
1632 3941 1832 4012 enim
1865 3942 2160 4010 notatur
2221 3938 2599 4009 distinctio
2668 3959 3185 4030 personarum,
3247 3941 3320 4008 et
3379 3940 3747 4030 processio
3803 3940 4022 4012 unius
4061 3942 4152 4013 ab
4182 3942 4352 4030 alia,
4387 3956 4706 4059 uggeffigri·

1154 4092 1329 4143 oum
1360 4069 1569 4140 dicit:
1583 4066 1743 4157 Eyo
1771 4087 1861 4137 ea:
1877 4085 1991 4136 ore
2017 4063 2679 4154 Allissimiprodici.
2707 4066 2843 4134 Per
2873 4062 2948 4156 ly
2977 4068 3124 4155 qu
3146 4064 3592 4156 supponitur
3620 4065 3979 4158 sapientia
4009 4065 4350 4161 loquens:

1156 4218 1285 4287 per
1308 4194 1383 4288 ly
1423 4199 1555 4267 Ore
1591 4196 1836 4264 autem
1901 4194 2112 4261 Pater
2155 4188 2566 4260 secundum
2633 4188 2828 4281 quod
2880 4189 3036 4280 ipse
3095 4209 3225 4280 per
3275 4191 3835 4279 generationem
3910 4193 4357 4287 principium

1157 4317 1314 4389 Filii
1345 4321 1454 4389 est
1485 4322 1563 4388 ut
1587 4320 1696 4387 est
1723 4307 2242 4387 Verbum.'Nec
2298 4335 2378 4385 os
2407 4317 2650 4384 autem
2687 4312 2883 4384 unde
2923 4311 3252 4383 Verbum
3286 4314 3662 4405 procedit,'
3710 4337 3848 4386 neo
3903 4317 4146 4408 ipsum
4185 4321 4363 4389 Ver·

1156 4446 1332 4517 bum
1372 4447 1480 4515 est
1526 4444 1684 4513 sine
1740 4441 2055 4534 Spiritu:
2084 4443 2156 4510 et
2185 4437 2344 4510 ideo
2374 4439 2451 4509 in
2490 4460 2615 4510 ore
2645 4443 2716 4510 ot
2745 4438 2824 4509 in
2856 4438 3094 4509 Verbo
3133 4439 3610 4529 significatur
3641 4443 4011 4533 processio
4051 4444 4364 4535 Spiritus

1154 4569 1395 4642 sancti
1433 4569 1524 4640 ab
1567 4571 1890 4659 utroque.
1935 4563 2134 4647 Quod
2180 4565 2529 4657 probatur
2568 4586 2658 4635 ex
2708 4564 2850 4636 hoo
2880 4564 3076 4657 quod
3108 4564 3296 4637 dicit
3334 4568 3835 4638 Damascenus
3867 4569 3939 4638 in
3980 4568 4163 4640 libro
4207 4569 4234 4639 1
4276 4569 4366 4640 de

1154 4697 1324 4768 Fide
1350 4695 1733 4767 orthodoxa
1754 4716 1780 4761 .·
1811 4695 1892 4761 In
1922 4690 2172 4761 divina
2204 4695 2469 4761 natura
2497 4689 2818 4781 simplici
2849 4694 2923 4761 et
2955 4690 3451 4782 incomposita
3489 4713 3648 4762 esse
3677 4692 3978 4784 quidem
4010 4695 4365 4786 Spiritum

1156 4819 1280 4889 Dei
1310 4818 1426 4910 pie
1455 4813 1957 4887 confitendum
1998 4816 2108 4883 est
2142 4834 2159 4881 t
2206 4815 2583 4905 propterea
2624 4813 2818 4904 quod
2860 4834 3013 4883 non
3045 4818 3157 4884 est
3197 4812 3323 4883 Dei
3352 4814 3672 4885 Verbum
3720 4815 4186 4888 deficientias
4234 4839 4371 4888 no·-

1154 4948 1304 5015 stro
1343 4942 1563 5014 verbo
1602 4941 1650 5009 ³.
1686 4942 1841 5010 Non
1884 4943 1993 5010 est
2029 4941 2276 5009 autem
2312 4939 2512 5028 pium
2556 4938 2942 5030 quippiam
2977 4938 3308 5010 alienum
3341 4939 3689 5031 spiritum
3719 4947 3926 5013 extra
3957 4945 4186 5013 Deum
4211 4963 4371 5034 pro·

1108 5144 1117 5150 ,
1154 5069 1398 5139 susum
1429 5065 1875 5148 existimare,
1909 5065 2103 5136 siout
2143 5062 2225 5133 sst
2254 5063 2334 5132 in
2374 5063 2588 5135 nobis
2617 5062 3070 5155 compositis.
3112 5067 3268 5136 Hoc
3299 5070 3412 5136 est
3447 5065 3668 5136 etiam
3730 5067 3925 5159 quod
3983 5068 4163 5139 dicit
4228 5068 4371 5137 Au-

1156 5194 1497 5285 gustinus
1525 5193 1598 5263 in
1630 5191 1815 5263 libro
1850 5189 1950 5259 IX
1988 5188 2077 5259 de
2117 5189 2454 5261 Trinitate
2487 5213 2507 5255 .·
2547 5189 2875 5260 Verbum
2908 5190 3103 5281 quod
3159 5190 3540 5262 insinuare
3593 5192 4145 5277 contendimus,
4196 5213 4370 5263 oum

1156 5343 1408 5393 amore
1447 5319 1706 5390 notitia
1747 5321 1877 5387 est.
1917 5320 2052 5387 Por
2085 5315 2163 5408 ly
2208 5317 2576 5386 Altissimi
2619 5320 2872 5388 autem
2933 5318 3386 5409 supponitur
3425 5321 3664 5407 Pater,
3702 5320 3829 5412 qui
3883 5318 4060 5390 licet
4095 5340 4244 5389 non
4282 5319 4373 5389 sit

1226 5579 1454 5638 ¹Eoci.l
1484 5578 1867 5646 xxw,.5et6

1228 5669 1339 5727 ’.8
1367 5670 1504 5725 son
1512 5684 1609 5724 :st
1639 5667 1698 5722 D.
1696 5683 1796 5721 m
1801 5681 2018 5733 Μαι-,υ
2049 5663 2668 5736 doFideortliodoxa,
2709 5666 2832 5723 Lib.
2865 5668 2910 5736 1,
2939 5683 3069 5740 cap.
3100 5668 3154 5722 7.

1408 5804 1518 5843 xxv
4107 5791 4130 5843 1
