4897 6388
2065 332 2160 400 ln
2207 333 2238 400 1
2289 321 2715 401 SENTENT.
2750 331 2972 400 msr.
3038 330 3200 418 xn,
3252 332 3333 401 E.
3714 395 3727 408 κ
3784 342 3790 348 ·
3848 422 3855 430 ‚
4190 327 4319 403 359

1089 501 1460 600 Spiritum
1494 511 1874 597 sanctum,
1912 502 2043 600 qui
2083 502 2176 576 de
2210 503 2434 578 Patre
2477 502 3154 600 proceditproprie
3185 521 3231 576 ¹.
3268 503 3490 596 Item,
3537 501 3905 600 Spiritum
3951 507 4303 576 sanctum

1086 662 1359 714 verum
1402 641 1647 714 Deum
1693 639 2131 714 invenimus
2165 639 2239 713 in
2285 639 2707 738 Scriptura,
2754 649 2830 714 et
2873 639 2968 713 de
3037 639 3265 714 Patre
3308 662 3478 714 esse
3521 637 3856 738 proprie.
3934 638 4024 711 Et
4089 634 4299 728 item,

1082 775 1195 850 De
1228 776 1454 849 Patre
1494 774 1757 868 Filius,
1804 784 1878 848 et
1917 774 2246 872 Spiritus
2287 786 2600 850 sanctus
2640 774 2950 872 proprie
2983 784 3060 850 et
3098 797 3279 860 vere
3307 775 3402 849 de
3445 773 3674 848 Patre
3707 770 4074 870 procedit.
4105 771 4299 848 Ecce

1076 918 1338 1007 aperte
1381 908 1563 983 dicit
1594 907 1963 1006 Spiritum
2013 903 2378 984 'sanctum
2420 910 2730 1009 proprie
2775 932 2944 984 esse
2978 909 3072 984 de
3108 909 3365 1003 Patre,
3401 919 3478 984 et
3528 907 3837 1008 proprie
3878 905 4292 1006 procedere

1073 1067 1116 1118 a
1150 1043 1405 1119 Patre.
1453 1043 1670 1130 Quod
1705 1066 1858 1118 non
1901 1053 2016 1119 est
2045 1044 2150 1118 ita
2181 1043 2802 1142 intelligendum,
2854 1054 3248 1142 {uinquam
3291 1044 3512 1142 prius
3542 1044 3661 1121 vel
3706 1043 4013 1143 plenius
4045 1065 4091 1118 a
4143 1042 4293 1117 Pa-

1068 1189 1183 1254 tre
1212 1178 1577 1276 procedat
1613 1201 1850 1277 quam
1882 1202 1925 1253 a
1969 1178 2184 1267 Filio,
2230 1179 2362 1253 sed
2403 1178 2591 1278 quia
2620 1181 2767 1253 hoc
2811 1179 3046 1256 habet
3088 1179 3317 1255 Pater
3368 1197 3430 1254 =a
3496 1202 3579 1256 se
3620 1202 3778 1254 non
3819 1179 3914 1254 ab
3981 1177 4159 1267 alio,
4206 1186 4289 1253 ut

1067 1312 1162 1388 de
1192 1313 1357 1412 ipso
1397 1313 1496 1387 sit
1534 1322 1605 1387 et
1649 1313 2009 1410 procedat
2048 1313 2381 1412 Spiritus
2411 1323 2758 1389 sanctus.
2796 1313 3043 1388 Filius
3074 1323 3336 1390 autem
3381 1337 3539 1388 non
3580 1336 3628 1390 a
3655 1336 3767 1407 se,
3812 1313 3944 1390 sed
3986 1335 4032 1387 a
4061 1312 4287 1400 Patre

1066 1451 1214 1525 hoc
1253 1449 1504 1536 habet,
1543 1457 1622 1523 ut
1652 1448 1745 1523 de
1788 1448 1951 1546 ipso
1983 1448 2082 1523 sit
2110 1457 2185 1523 et
2224 1448 2592 1547 procedat
2632 1446 2969 1547 Spiritus
3001 1457 3344 1524 sanctus.
3472 1496 3477 1500 -

2708 1790 2872 1857 tur?
2911 1786 3178 1858 nullum
3211 1791 3397 1858 enim
3453 1788 3731 1859 illorum
3781 1791 4102 1859 convenit
4154 1789 4283 1857 nisi

2707 1903 2972 1971 ratione
3014 1895 3492 1972 auctoritatis:
3545 1924 3709 1994 ergo
3755 1902 4051 1982 videtur,
4094 1901 4279 1994 quod

2704 2004 2892 2079 idem
2920 2009 3063 2078 sint
3087 2008 3240 2079 haec
3277 2010 3435 2078 tria.

1505 2111 2004 2184 ARTlCULUS
2058 2112 2139 2181 V.

2187 2277 2190 2284 .
2800 2220 3117 2290 Somno.
3162 2220 3355 2298 Dico,
3393 2220 3580 2311 quod
3620 2220 3799 2289 idem
3857 2220 4114 2303 dicunt,
4153 2222 4278 2300 sci·
4356 2259 4561 2307 solutio.

1046 2333 1401 2428 Quomodo
1428 2334 1734 2425 Spiritus
1757 2341 2031 2401 sanctus
2069 2331 2458 2424 differenter
2485 2331 2599 2399 di·
2709 2330 2867 2398 licet
2930 2328 3408 2397 auctoritatem
3454 2328 3929 2420 'processionis
3983 2352 4130 2398 esse
4201 2329 4271 2397 in

1125 2450 1327 2509 catur
1355 2438 1717 2532 procedere
1762 2463 1805 2504 a
1843 2440 2052 2506 Patre
2080 2437 2592 2529 principaliter,
2711 2437 2937 2520 Patre,
2981 2436 3099 2505 sed
3130 2435 3400 2504 diversa
3428 2436 3695 2508 ratione
3748 2460 3770 2505 t
3822 2437 3981 2528 quia
4035 2438 4275 2505 in‘au-

1116 2549 1422 2641 proprie,
1455 2558 1519 2616 et
1540 2570 1668 2640 per
1689 2569 1761 2614 se
1779 2547 1815 2614 ⁴?
2706 2544 3021 2614 ctoritate
3049 2544 3180 2613 tria
3209 2552 3413 2617 sunt:
3448 2567 3663 2617 unum
3687 2545 3868 2636 quod
3917 2545 4277 2636 principiet

2706 2653 2931 2744 primo
2980 2651 3315 2746 quidquid
3362 2653 3437 2723 in
3477 2652 3730 2724 divinis
3786 2639 4283 2745 principiaturz'

2704 2768 2774 2830 et
2803 2760 3067 2829 ratione
3107 2759 3314 2852 hujus
3334 2760 3659 2830 convenit
3686 2758 3750 2828 ei
3781 2759 4263 2856 principaliter.

1128 2870 1390 2943 Deinde
1456 2870 1777 2965 quaeritur
1830 2870 1913 2939 de
1971 2868 2101 2940 hoc
2149 2870 2332 2965 quod
2378 2871 2588 2941 dicit:
2704 2867 2913 2937 Aliud
2978 2877 3081 2938 est
3143 2868 3330 2961 quod
3394 2892 3535 2938 non
3574 2869 3659 2938 ab
3688 2867 3827 2939 alio
3866 2868 4069 2939 habet
4110 2868 4264 2949 hoc,

1040 3004 1075 3045 ι
1115 2982 1236 3049 Es
1261 2979 1491 3047 eodem
1519 3000 1716 3046 sensu
1742 2977 1997 3047 dicitur
2015 2979 2378 3071 procedere
2424 3002 2596 3072 pro-
2705 2985 2771 3047 et
2807 2977 3075 3046 ratione
3107 2977 3315 3068 hujus
3349 2981 3676 3049 convenit
3712 2980 3773 3048 ei
3812 3001 3934 3070 per
3962 3001 4060 3051 se.
4099 2978 4270 3048 Ter-

1028 3088 1189 3180 prie
1212 3084 1298 3154 de
1332 3087 1565 3155 Patre.
1596 3111 1629 3148 n
2704 3087 2878 3155 tium
2919 3095 3048 3167 est,
3080 3087 3270 3179 quod
3315 3086 3452 3158 hoc
3495 3087 3619 3159 soli
3668 3091 4010 3167 convenit,
4060 3095 4128 3157 et
4164 3109 4283 3162 re·-

1125 3193 1304 3275 Quid
1344 3193 1660 3265 differens
1687 3188 1866 3264 dicat
1894 3196 2372 3288 principaliter,
2433 3220 2593 3288 pro·
2705 3199 2891 3265 tione
2939 3196 3146 3288 hujus
3190 3202 3515 3271 convenit
3554 3201 3864 3291 proprie:
3915 3199 4077 3292 quia
4101 3220 4268 3301 pro-5

1032 3302 1205 3393 prie,
1235 3314 1302 3373 et
1326 3326 1449 3394 per
1482 3327 1579 3398 se,
1623 3326 1773 3397 quoe
1818 3303 1928 3374 hic
1977 3303 2154 3375 Patri
2217 3305 2597 3375 attribuun·
2706 3306 2931 3396 prium
2972 3316 3073 3375 est
3113 3308 3298 3400 quod
3330 3309 3450 3379 uni
3489 3308 3615 3377 soli
3647 3311 3987 3378 convenit.

1035 3768 1121 3845 E.
1157 3769 1293 3845 Es
1330 3769 1588 3845 eodem
1629 3793 1854 3845 sensu
1894 3770 2120 3845 eliam
2163 3772 2455 3847 dieilm·
2510 3773 2860 3873 Spirilus
2922 3782 3237 3850 som-tus
3292 3799 3481 3872 esse,
3551 3786 3625 3853 et
3663 3779 3871 3854 mitti
3903 3803 3952 3854 a
4010 3778 4255 3856 Patre

2387 3932 2537 4008 per
2575 3908 2900 3984 Filimn.

1130 4247 1352 4324 Forte
1392 4248 1622 4324 etiam
1648 4247 1866 4345 juxta
1910 4250 2105 4324 lianc
2140 4249 2733 4346 intelligentiam
2776 4253 3061 4329 (licitur
3123 4255 3461 4354 Spiritus
3500 4267 3816 4333 sanctus
3856 4258 4048 4335 mitti
4117 4281 4254 4357 per

1034 4382 1341 4478 Filium,
1385 4394 1457 4459 et
1489 4409 1535 4461 a
1577 4385 1800 4460 Patre
1831 4409 1999 4461 esse
2043 4409 2180 4483 per
2212 4385 2522 4462 Filium.
2566 4387 2786 4466 Unde
2824 4388 3169 4467 llilarius
3199 4391 3296 4465 ad
3342 4391 3588 4468 Deum
3627 4394 3929 4470 Patrem
3969 4394 4064 4472 de
4090 4394 4253 4496 Spi-

1031 4521 1179 4596 ritu
1223 4531 1584 4596 sanctoet
1626 4522 1814 4595 Fili«.
1845 4523 2168 4619 loquens
2210 4522 2287 4595 in
2334 4522 2527 4597 libro
2570 4526 2707 4601 Xll
2750 4525 2845 4602 ‹le
2878 4525 3289 4626 Trim'lole,
3343 4528 3494 4606 ait:
3530 4528 3607 4606 ln
3656 4531 3943 4634 Spiritu
3987 4543 4252 4612 sancto

1034 4670 1282 4734 unies
1324 4668 1394 4732 te
1437 4658 1766 4758 protecto
1793 4669 1860 4731 et
1890 4684 2220 4758 pereum
2268 4659 2530 4733 misso.
2577 4662 2793 4755 nem,
2834 4666 3028 4737 Ante
3089 4674 3435 4763 tempora
3483 4668 3927 4762 unigenitus
3957 4680 4133 4745 tuus
4158 4693 4251 4745 ex

1034 4804 1104 4870 te
1134 4805 1360 4870 natus
1390 4804 1670 4884 manet,
1718 4792 1818 4867 ita
1856 4793 2057 4891 quenl
2101 4820 2193 4869 ex
2238 4808 2306 4870 te
2341 4822 2480 4894 per
2508 4822 2689 4870 euni
2735 4798 3074 4897 Spiritus
3113 4814 3434 4875 sanctus
3468 4812 3646 4878 tuus
3675 4815 3824 4881 est:
3861 4806 4064 4905 quod
4107 4808 4249 4883 etsi

1031 4952 1264 5004 sensu
1311 4953 1460 5003 non
1509 4926 1949 5027 percipiam,
1980 4938 2231 5003 tannen
2273 4940 2494 5003 tenen
2537 4931 3043 5008 conscientia.
3087 4934 3168 5008 ln
3204 4935 3740 5036 spiritualibus
3769 4939 3973 5015 enim
4020 4942 4251 5019 rebus

1031 5066 1183 5142 tuis
1223 5064 1458 5141 hebes
1498 5088 1695 5137 suin.
1747 5064 1956 5152 lteni,
1986 5062 2060 5135 in
2103 5063 2370 5138 euclem
2404 5090 2420 5139 :
2452 5069 2846 5141 (Inuserva
2882 5070 3299 5166 lianc,orn,
3337 5071 3514 5149 fidei
3553 5096 3743 5149 meze
3767 5076 4245 5174 religionem,

1028 5199 1339 5300 utquocl
1385 5198 1985 5296 regenerationis
2030 5222 2222 5272 ineu·¹
2269 5200 2624 5298 symbulo
2697 5203 3094 5301 professus
3157 5232 3363 5303 suin,
3407 5232 3715 5309 semper
3788 5211 4175 5291 obtineam
4222 5237 4239 5288 ε

1033 5351 1101 5414 te
1145 5340 1447 5414 Patrem
1490 5334 1804 5430 scilicet,
1839 5346 1907 5410 et
1955 5335 2230 5409 Filium
2278 5347 2491 5411 tuum
2544 5362 2696 5413 una
2770 5351 3027 5416 tecum
3067 5342 3415 5441 adorem,
3479 5346 3849 5447 Spiritum
3890 5359 4243 5425 sanctum

1105 5685 1215 5758 ¹·S.
1249 5685 1621 5750 nsanos-rues,
1651 5681 1833 5755 Epist.
1864 5682 1939 5738 ad
1966 5682 2272 5757 cyrillum.
