4897 6388
716 1657 787 1702 Ad
807 1658 977 1716 object
993 1658 1029 1713 1,

1805 382 1900 450 IN
1951 383 1976 449 Ι
2030 379 2458 450 SENTENT.
2510 374 2738 442 DIST.
2791 375 3049 453 XXIV,
3108 378 3184 455 Β,
3230 380 3429 445 ART.
3479 383 3540 448 3.

1087 547 1324 614 eodem
1361 557 1703 638 respectu:
1766 559 1830 616 et
1889 550 2019 618 hoc
2079 552 2283 617 modo
2326 546 2642 616 conside-

1086 655 1296 720 rando
1322 678 1532 722 unum
1583 657 1957 724 secundum
2016 657 2374 726 formalem
2428 656 2642 722 ratio-

1082 785 1263 843 nem,
1311 773 1676 855 utrumque
1718 766 2016 834 excludit
2046 767 2332 834 alterum
2363 788 2376 830 ε
2414 774 2479 831 et
2509 763 2643 830 hoc

1079 869 1533 935 consideravit
1617 871 1960 961 Magister,
2069 873 2342 964 quando
2438 871 2636 951 dixit,

1079 978 1259 1068 quod
1295 978 1453 1044 talia
1512 989 1827 1051 notarent
1878 986 2322 1051 remotionem
2368 982 2476 1047 vel
2519 1003 2637 1047 ex-

1075 1084 1450 1152 clusionem
1503 1110 1517 1154 :
1590 1090 1747 1178 quia
1805 1090 1910 1157 his
1979 1089 2637 1159 considerationibus

1076 1195 1303 1261 minor
1341 1220 1668 1265 numerus
1710 1200 1880 1266 bene
1936 1200 2231 1268 excludit
2273 1201 2631 1286 majorem,

1075 1309 1140 1368 et
1203 1303 1423 1391 major
1492 1307 1853 1385 minorem,
1926 1331 2045 1398 per
2127 1307 2635 1397 oppositionem

1072 1409 1430 1478 formalem
1473 1434 1677 1502 quam
1712 1412 1966 1481 habent
1996 1415 2081 1483 ad
2108 1415 2424 1498 invicem,
2461 1417 2636 1481 sicut

1073 1517 1245 1585 infra
1269 1519 1523 1607 patebit
1551 1521 1617 1586 in
1644 1521 1999 1589 solvendo,

1159 1627 1263 1692 An
1302 1650 1366 1693 ιι)
1396 1651 1557 1716 ergo
1599 1631 1778 1719 quod
1811 1632 2031 1720 primo
2058 1633 2383 1722 quaeritur
2412 1631 2493 1698 de
2517 1653 2634 1719 op·

1070 1736 1410 1825 positione
1438 1758 1588 1825 quae
1636 1746 1736 1806 est
1761 1740 1935 1807 inter
1963 1763 2179 1807 unum
2202 1750 2266 1808 et
2289 1738 2583 1806 multum
2612 1762 2627 1806 ε

1068 1843 1457 1923 dicendum,
1521 1845 1699 1935 quod
1757 1869 1962 1937 super
2010 1846 2139 1916 hoe
2195 1847 2630 1915 diversificati

1068 1960 1226 2016 sunt
1265 1949 1474 2040 aliqui
1514 1951 1729 2020 tribus
1769 1953 2015 2022 modis,

1160 2060 1218 2123 1.
1248 2057 1541 2136 Quidam
1566 2061 1746 2126 enim
1780 2060 2289 2143 voluntdicere‚
2313 2061 2499 2152 quod
2519 2059 2627 2127 ha·

1064 2164 1226 2232 bent
1247 2167 1750 2254 oppositionem
1784 2176 1857 2234 ut
1889 2169 2180 2259 privatio
2211 2177 2278 2236 et
2307 2167 2579 2235 habitus
2608 2189 2623 2236 :

1070 2279 1133 2338 et
1165 2271 1466 2360 quidam.
1505 2273 1688 2362 quod
1719 2282 1792 2340 ut
1815 2276 2191 2343 contraria:
2219 2283 2285 2344 et
2317 2274 2624 2365 quidam.

1067 2378 1249 2468 quod
1281 2388 1354 2445 ut
1397 2378 1718 2447 relativa:
1780 2390 1845 2448 et
1885 2403 2124 2450 omnes
2164 2383 2308 2450 istae
2351 2383 2629 2471 opinio-

1066 2510 1184 2557 nes
1215 2511 1391 2555 verae
1422 2498 1578 2556 sunt
1610 2490 1986 2558 secundum
2011 2490 2294 2580 aliquid,
2331 2499 2394 2556 et
2416 2491 2624 2558 etiam

1062 2607 1327 2684 quarta,
1363 2596 1546 2687 quod
1580 2596 1836 2664 nullam
1879 2596 2131 2665 habent
2161 2621 2243 2666 ex
2285 2620 2355 2664 se
2405 2618 2623 2687 oppo-

1062 2707 1408 2790 sitionem,
1451 2730 1600 2797 qum
1639 2718 1739 2775 est
1771 2709 2165 2776 Avicennae.
2190 2707 2624 2774 Commenta·

1062 2824 1169 2881 tor
1197 2815 1378 2881 enim
1420 2817 1902 2907 Melapleysicae
1944 2816 2324 2884 Aristotelis
2353 2815 2624 2882 videtur

1058 2923 1309 3012 saepius
1330 2923 1574 3001 dicere,
1603 2923 1784 3013 quod
1814 2933 2258 3013 opponuntur
2284 2931 2358 2990 ut
2389 2922 2623 3013 priva-

1059 3030 1159 3095 tio
1217 3040 1282 3097 et
1321 3028 1592 3096 habitus
1631 3052 1644 3096 :
1690 3039 1755 3097 et
1813 3029 1942 3097 hoc
1990 3029 2267 3121 quidam
2318 3029 2619 3097 referunt

1058 3138 1140 3205 ad
1186 3138 1519 3206 rationem
1554 3140 1754 3206 unius
1795 3162 1944 3231 qua-
1983 3148 2081 3207 est
2125 3138 2277 3206 data
2323 3160 2441 3228 per
2489 3137 2619 3229 pri·

1057 3249 1402 3312 vationein
1443 3268 1457 3313 :
1505 3246 1696 3313 multi
1731 3256 1957 3313 autem
1989 3246 2243 3320 dicunt,
2291 3248 2471 3335 quod
2505 3269 2616 3312 ra-

1057 3355 1150 3420 tio
1182 3353 1381 3419 datur
1412 3377 1530 3443 per
1568 3352 1873 3421 habitum
1911 3374 1929 3421 ε
1973 3365 2033 3421 et
2086 3351 2215 3421 hoc
2265 3353 2433 3420 nihil
2466 3362 2608 3421 est:

1055 3460 1212 3548 quia
1254 3459 1716 3550 Philosophus
1747 3483 1956 3550 purus
1998 3463 2215 3550 inagis
2246 3461 2490 3551 quaerit
2530 3458 2612 3526 dc

1055 3566 1196 3655 ipsa
1251 3568 1342 3634 rei
1405 3577 1668 3639 natura,
1733 3567 2061 3656 quamde
2118 3565 2612 3632 intentionibus

1058 3676 1445 3742 nominum.

1141 3789 1205 3850 2.
1261 3784 1618 3858 Pru-terea,
1674 3784 1871 3863 Quod
1939 3785 2033 3849 sic.
2090 3783 2462 3851 ‹lilliniatur
2500 3783 2608 3850 vel

1049 3902 1432 3983 exponatur
1474 3915 1711 3965 unum,
1748 3888 1874 3957 hoc
1906 3892 2141 3957 accidit
2178 3892 2236 3958 ei
2276 3892 2340 3956 in
2388 3912 2607 3980 quan·

1047 4012 1192 4069 tuin
1232 4011 1327 4068 est
1365 4002 1683 4091 primum.
1733 4001 1958 4067 l'rima
2017 4002 2197 4067 enim
2250 4024 2403 4068 cuni
2467 4021 2605 4066 non

1050 4109 1343 4178 habeant
1375 4109 1598 4198 priora
1631 4132 1728 4185 se,
1779 4131 2050 4174 necesse
2114 4117 2209 4174 cst
2263 4130 2605 4197 exponere

1051 4242 1168 4308 per
1209 4217 1667 4304 negationi-in.
1733 4214 1809 4280 Et
1852 4224 2037 4289 nota.
2089 4213 2271 4303 quod
2322 4214 2601 4304 qnidam

1048 4326 1305 4402 dicunt,
1351 4324 1529 4414 quod
1582 4346 1790 4388 unuin
1844 4320 2325 4388 insubstantia
2382 4321 2606 4388 nutui-

1046 4443 1244 4500 natur
1276 4433 1608 4521 privativo
1633 4430 1947 4496 numine:
1988 4431 2053 4495 in
2077 4430 2456 4519 quantitate
2487 4453 2607 4496 au-

1045 4551 1179 4608 tcm
1226 4540 1543 4628 positivo,
1581 4537 1975 4603 utsimilect
2008 4536 2293 4626 zeqnah».
2332 4538 2601 4603 Simili-

1043 4658 1142 4715 ter
1181 4658 1241 4714 ct
1315 4645 1676 4712 multitudo
1720 4645 1786 4712 in
1845 4644 2218 4710 substantia
2281 4645 2595 4733 positive,

1041 4768 1105 4823 et
1142 4759 1208 4823 in
1250 4756 1399 4822 aliis
1442 4756 1794 4845 privative.
1834 4764 1897 4819 ut
1954 4752 2280 4819 dissimile
2332 4764 2392 4819 ct
2439 4754 2600 4819 inm-

1045 4865 1269 4953 qualc.
1312 4863 1383 4930 lit
1431 4862 1586 4927 «lant
1626 4864 1982 4933 ratium-iu,
2018 4860 2196 4950 quod
2253 4859 2378 4926 hm·
2427 4864 2599 4926 acri·

1042 4972 1135 5039 dit
1190 4972 1349 5060 quia
1400 4969 1774 5035 substantia
1818 4978 1912 5034 est
1957 4970 2281 5058 primuni.
2329 4979 2388 5034 ct
2446 4969 2594 5035 idco

1042 5081 1344 5165 ignotius
1377 5078 1573 5143 nohis
1604 5100 1805 5166 quam
1868 5076 2021 5142 alia.
2062 5075 2194 5141 Sed
2237 5074 2363 5139 hoc
2426 5077 2591 5143 nihil

1034 5198 1184 5253 cst:
1252 5188 1408 5275 qnia
1457 5187 1509 5249 si
1565 5208 1773 5251 unum
1845 5188 1908 5250 in
1969 5186 2118 5251 aliis
2167 5195 2266 5249 cst
2323 5195 2590 5265 nutum,

1038 5298 1242 5362 etiam
1297 5293 1656 5360 muniunto
1692 5303 1846 5359 nota
1880 5306 1973 5358 cst
2015 5314 2029 5359 ζ
2069 5300 2129 5357 vt
2189 5295 2283 5358 sic
2336 5304 2596 5359 utrum·

1037 5426 1167 5493 qne
1209 5401 1402 5468 dehet
1448 5402 1513 5466 iu
1563 5401 1711 5466 aliis
1763 5402 2302 5490 pru-‹licameutis
2365 5404 2593 5468 ιιυιιιὶ-

1039 5511 1181 5576 nari
1217 5511 1488 5574 nomine
1523 5509 1838 5596 positivo.

1122 5621 1188 5685 23.
1255 5618 1613 5695 l’raetcrea‚
1688 5615 2145 5707 Philosophus
2213 5640 2350 5684 non
2396 5617 2586 5700 dicit,

1036 5724 1217 5816 quod
1254 5747 1463 5789 unum
1497 5725 1580 5788 sit
1612 5745 1822 5789 unum
1853 5722 2273 5799 substantioe,
2308 5723 2425 5791 sed
2461 5747 2589 5812 po-

4183 391 4308 458 613

2751 545 2886 610 tius
2928 546 3112 634 quod
3153 547 3332 614 idem
3385 553 3471 617 sit
3510 555 3718 617 unum
3770 555 3835 619 in
3880 555 4298 627 substantia:

2751 662 2818 718 et
2857 652 2988 719 hoc
3026 654 3273 722 dicitur
3322 660 3647 746 positive:
3712 664 3870 751 quia
3919 670 4020 730 est
4068 666 4298 734 relati-
4370 740 4375 745 ,

2748 783 2941 840 vum,
3001 770 3072 828 ut
3130 763 3291 831 dicit
3332 766 3630 835 Boetius.
3681 768 3869 836 Unde
3932 770 4139 855 idern,
4184 777 4298 841 -si-

2749 868 2936 946 mile,
2993 879 3062 935 et
3116 871 3402 960 aequale,
3446 874 3676 942 dicunt
3730 900 3943 943 unum
4012 880 4296 949 relatum

2747 977 2832 1043 ad
2871 977 3138 1045 diversa
3173 1003 3188 1046 :
3234 988 3298 1047 et
3330 982 3691 1051 multitudo
3722 986 4030 1052 omnium
4061 1010 4298 1057 eorum

2746 1084 3077 1171 privative
3109 1087 3525 1170 nominatur,
3575 1098 3648 1155 ut
3686 1088 4051 1176 diversum,
4095 1094 4296 1161 dissi-

2746 1191 2928 1271 mile,
2965 1201 3031 1259 et
3077 1194 3434 1284 inaequale,
3481 1218 3773 1286 quorum
3825 1202 4133 1268 omnium
4175 1225 4294 1270 ex-

2747 1298 2993 1387 positio
3025 1306 3127 1366 est
3164 1322 3284 1389 per
3320 1305 3778 1391 negationem.

2831 1405 3028 1474 Unde
3069 1406 3455 1489 dicendum,
3492 1411 3675 1501 quod
3702 1421 3801 1479 est
3841 1436 4054 1482 unum
4112 1417 4295 1484 indi-

2740 1511 3009 1579 visibile
3050 1512 3403 1582 reductum
3428 1516 3511 1583 ad
3546 1521 3897 1586 materiam
3928 1521 4036 1589 vel
4067 1522 4294 1613 dispo-

2740 1619 3061 1687 sitionem
3104 1624 3429 1700 materiae‚
3465 1634 3531 1692 et
3568 1648 3780 1692 unum
3822 1626 4169 1697 reductum
4207 1632 4292 1698 ad

2739 1727 3324 1805 naturamformae
3357 1753 3372 1796 ε
3407 1733 3579 1801 sicut
3625 1732 3912 1802 dicimus
3958 1738 4294 1805 continui-

2736 1842 2875 1902 tate
2913 1858 3129 1903 unum
3162 1847 3227 1904 et
3256 1838 3474 1907 forma
3505 1864 3715 1910 unum
3755 1851 3870 1910 :et
3914 1866 4070 1912 cum
4118 1847 4291 1914 dici-
4381 1924 4387 1930 ⁶

2737 1964 2891 2009 mus
2947 1945 3397 2016 continuitate
3471 1972 3711 2029 unum,
3789 1951 4078 2021 dicimus
4141 1976 4291 2022 ma-

2736 2050 2905 2118 teria
2952 2074 3219 2123 unum:
3270 2056 3431 2145 quia
3481 2059 3889 2127 continuitas
3936 2058 4287 2152 dispositio

2735 2161 3035 2227 materiae
3056 2168 3200 2228 est:
3235 2162 3567 2254 quidquid
3595 2173 3821 2234 autem
3843 2169 4288 2239 continuitate

2733 2274 2837 2334 est
2862 2290 3105 2346 unum,
3140 2271 3448 2358 potentia
3474 2279 3574 2339 est
3612 2272 3858 2341 multa:
3894 2277 4116 2343 omnis
4162 2298 4291 2344 au-

2733 2380 2871 2441 tem
2926 2378 3234 2466 potentia
3291 2377 3361 2445 in
3408 2401 3655 2469 genere
3704 2382 4105 2471 privationis
4153 2393 4279 2463 est,

2731 2485 3069 2573 praecipue
3124 2488 3430 2574 potentia
3470 2490 3792 2568 materiae,
3835 2512 3989 2580 quae
4027 2500 4129 2559 est
4154 2514 4276 2582 po·

2729 2592 2943 2657 tentia
2982 2594 3340 2662 continui:
3410 2596 3591 2686 quod
3639 2605 3846 2687 patet,
3911 2599 4070 2689 quia
4122 2622 4285 2668 con·

2727 2698 2997 2765 tinuum
3057 2702 3363 2790 potentia
3439 2704 3707 2794 passiva
3774 2704 4064 2774 multum
4147 2717 4275 2787 est,

2728 2816 2796 2876 et
2868 2830 3003 2876 non
3098 2812 3404 2900 potentia
3496 2814 3736 2883 activa.
3811 2813 4037 2883 Unum
4110 2838 4273 2908 ergo

2727 2916 3080 2984 reductum
3113 2918 3199 2986 ad
3231 2921 3528 2988 materiae
3579 2923 3933 3006 unitatem}
3995 2924 4282 3015 opposi-

2723 3023 2984 3091 tionem
3016 3022 3218 3092 habet
3275 3026 3362 3094 ad
3417 3026 3706 3095 multum
3752 3030 3927 3099 sicut
3982 3032 4272 3122 privatio

2723 3131 2809 3199 ad
2849 3130 3203 3203 habitum:
3240 3123 3400 3228 quia
3438 3135 3590 3204 talis
3630 3138 3851 3208 unitas
3880 3141 4275 3233 susceptibi-

2729 3239 2812 3307 lis
2858 3249 2959 3308 est
3016 3243 3510 3313 multitudinis:
3552 3253 3617 3313 et
3666 3245 3810 3315 haec
3844 3257 3950 3316 est
3988 3248 4272 3318 intentio

2731 3347 3131 3439 Philosophi
3207 3359 3273 3418 et
3345 3354 3710 3421 commenti
3769 3352 3902 3423 hoc
3957 3354 4265 3427 dicentis.

2722 3457 2950 3525 Unum
2993 3467 3222 3528 autem
3255 3461 3434 3551 quod
3485 3463 3835 3532 reductum
3866 3474 3968 3533 est
4004 3465 4087 3535 ad
4127 3466 4273 3535 for-

2718 3589 2929 3648 mam,
2975 3566 3175 3635 habet
3210 3576 3343 3635 tres
3379 3570 3975 3654 considerationes,
4013 3574 4272 3645 scilicet

2716 3673 3092 3740 secundum
3145 3675 3498 3744 formalem
3555 3680 3881 3748 rationem
3927 3682 4155 3761 unius,
4199 3691 4267 3750 et

2715 3780 3092 3849 secundum
3144 3783 3210 3850 id
3258 3784 3440 3874 quod
3489 3794 3613 3862 cst,
3662 3795 3731 3854 et
3776 3787 4144 3856 secundum
4195 3791 4264 3859 id

2715 3888 2898 3977 quod
2959 3897 3057 3956 cst
3098 3893 3518 3980 proximum,
3581 3902 3645 3961 et
3690 3916 4111 3985 consequens
4167 3899 4267 3989 ip-

2713 4019 2893 4063 sum.
2933 3996 3165 4066 l‘rimo
3223 4001 3429 4067 modo
3476 4002 3999 4084 consideratum,
4058 4002 4260 4075 habet

2711 4105 3216 4192 oppositionem
3254 4108 3741 4175 contrarietatis
3787 4107 3870 4176 ad
3918 4108 4205 4179 multum
4238 4134 4256 4179 :

2711 4211 2869 4300 quia
2913 4219 3280 4303 utrumque
3312 4217 3588 4304 ponitur
3624 4216 3692 4281 in
3723 4216 3967 4305 specie,
4008 4225 4075 4284 et
4104 4240 4258 4285 mu·

2709 4326 2829 4384 tuo
2868 4341 2939 4385 se
2979 4319 3328 4409 expellunt
3367 4322 3452 4387 ab
3500 4322 3736 4390 codem
3785 4325 4198 4415 susceptibili
4235 4350 4251 4394 τ

2709 4434 2774 4492 et
2815 4423 2944 4492 hoc
2984 4426 3341 4494 attendunt
3373 4428 3646 4518 quidam
3685 4428 3981 4499 dicentes
4011 4434 4081 4500 in
4118 4436 4257 4501 suis

2707 4535 3114 4600 commentis
3143 4558 3348 4624 super
3384 4537 3696 4605 eumdem
3749 4538 4020 4625 librum,
4073 4542 4257 4633 quod

2708 4664 2919 4708 unuin
2971 4652 3034 4710 ct
3088 4642 3379 4709 multum
3418 4656 3854 4735 opponuntur
3891 4651 4249 4720 contrarie.

2709 4747 2778 4815 Si
2822 4760 3049 4817 autem
3100 4752 3469 4840 accipiatur
3523 4776 3733 4821 unum
3774 4757 4144 4825 secundum
4187 4758 4249 4826 id

2704 4856 2884 4945 quod
2920 4868 3045 4931 est,
3093 4860 3312 4947 ipsum
3357 4859 3609 4926 nullam
3644 4860 3842 4929 habet
3871 4865 4254 4954 oppositio-

2705 4987 2858 5030 nem
2902 4964 2988 5030 acl
3056 4964 3374 5042 multum,
3416 4966 3534 5032 sed
3573 4970 3797 5056 potius
3853 4980 3953 5037 est
4001 4973 4255 5062 princi-

2703 5074 2890 5161 pium
2935 5072 3159 5148 inulti,
3204 5081 3269 5139 ct
3298 5073 3598 5141 salvatur
3625 5075 4154 5146 substantialiter
4181 5083 4250 5148 in

2700 5181 2848 5269 ipso
2909 5179 3171 5247 multo:
3246 5190 3310 5247 et
3363 5179 3491 5249 hoc
3558 5183 3837 5250 attendit
3898 5186 4250 5255 Avicenna

2699 5291 2955 5368 dicens,
3017 5291 3203 5382 quod
3262 5316 3400 5360 non
3450 5293 3650 5362 habet
3695 5297 4243 5385 oppositionem:

2699 5400 2859 5489 quia
2899 5423 3023 5468 nec
3065 5402 3353 5489 privatio
3386 5402 3539 5470 lacit
3567 5401 3900 5482 habitum,
3941 5427 4068 5474 nec
4111 5408 4253 5475 sal-

2698 5516 2899 5573 vatur
2939 5511 3006 5574 in
3047 5510 3242 5597 ipso:
3284 5532 3405 5576 nec
3444 5511 3854 5577 contrarium
3894 5511 4050 5581 facit
4079 5537 4250 5582 con-

2695 5616 3008 5692 trarium,
3054 5638 3179 5682 nec
3215 5615 3588 5683 secundum
3619 5625 3928 5686 naturam
3949 5620 4249 5690 salvatur

2696 5724 2767 5789 in
2800 5726 2972 5813 ipso,
3005 5747 3132 5793 nec
3161 5724 3516 5795 relativum
3537 5727 3839 5797 salvatur
3864 5731 3935 5799 in
3965 5731 4245 5799 relativo
