4897 6388
372 494 451 540 Ad
476 497 514 538 1.

332 1997 399 2041 ad
428 1996 454 2041 2
481 2001 529 2041 et
554 1996 596 2041 8.

628 307 758 372 392

725 474 826 538 An
866 456 1308 562 rnur'uuergo
1365 470 1744 548 dicendum,
1806 466 1986 557 quod
2052 488 2169 554 ap·

637 582 1039 669 paritioncm
1079 578 1322 647 diffinit
1351 579 1445 645 ibi
1474 577 1827 645 Cassianus
1858 576 1925 640 in
1957 573 2172 662 prima

641 675 1135 780 significatione
1191 688 1556 757 secundum
1623 709 1817 752 usum
1884 684 2173 772 loquen-

643 802 836 878 tium,
878 797 1246 865 secundum
1289 795 1471 884 quod
1500 791 1747 881 aiiquid
1770 791 1990 857 subito
2024 810 2173 877 pro-

635 907 923 982 ducitur,
986 902 1167 992 quod
1233 899 1670 974 nesciebatur,
1742 905 1806 963 et
1843 897 2173 984 cujusin-

629 1012 990 1099 vestigatio
1022 1031 1161 1075 non
1192 1014 1408 1096 potest
1443 1006 1764 1071 inveniri:
1802 1012 1868 1069 et
1907 1002 2016 1068 illa
2062 1025 2173 1067 ra·—

637 1120 727 1185 tio
761 1117 1142 1184 communis
1175 1122 1274 1180 est
1316 1124 1382 1180 et
1421 1112 1817 1202 apparitioni
1886 1131 2035 1198 quae
2079 1117 2178 1174 est

639 1223 1092 1290 manifestatio
1169 1220 1476 1286 essentiae
1533 1216 1774 1283 divinae
1839 1238 1956 1304 per
2011 1213 2176 1281 sub-

632 1333 884 1420 jectam
915 1336 1317 1410 creaturam,
1353 1336 1418 1393 et
1466 1326 1767 1391 missioni
1822 1325 1962 1389 sive
2016 1345 2179 1412 pro·-

642 1438 928 1505 cessioni
1003 1456 1329 1526 personae.
1380 1432 1452 1498 Si
1510 1442 1728 1498 tamen
1781 1453 1982 1520 penes
2015 1429 2178 1494 lines

644 1543 1152 1610 considerentur
1198 1541 1524 1629 apparitio
1565 1547 1626 1606 et
1656 1539 2018 1627 processio,
2054 1536 2183 1601 ‹lif-

648 1654 974 1717 liniuntur
1032 1648 1313 1736 diversis
1389 1643 1897 1711 diffinitionibus
1942 1662 1956 1710 :
2028 1642 2183 1732 quia

646 1756 976 1846 apparitio
1035 1764 1134 1820 est
1209 1751 1657 1818 manifestario
1733 1751 2060 1825 essentiae,
2123 1758 2188 1814 et

651 1861 987 1954 processio
1021 1859 1469 1927 manifestatio
1510 1878 1825 1946 personae.

747 1970 825 2036 Et
853 1992 971 2059 per
999 1967 1129 2035 hoc
1157 1975 1338 2057 patet
1375 1964 1620 2032 solutio
1677 1965 1880 2031 etiam
1928 1963 2009 2029 ad
2085 1985 2187 2028 se-

655 2099 910 2169 quens:
947 2078 1294 2166 utriusque
1324 2075 1505 2141 enim
1549 2072 2018 2149 manifestatiO,
2071 2070 2193 2137 sci-

656 2188 809 2254 licet
847 2184 1151 2253 essentiae
1216 2193 1281 2250 et
1307 2203 1631 2273 personae,
1672 2179 1882 2271 fulget
1939 2188 2010 2247 ut
2079 2179 2194 2245 lux

662 2315 839 2360 nova
870 2291 1107 2359 nobis:
1142 2292 1299 2381 quia
1341 2299 1564 2357 nostra
1598 2289 1853 2356 ratione
1879 2310 2010 2355 non
2035 2309 2196 2376 pos-

662 2423 898 2467 sumus
929 2402 996 2466 in
1028 2401 1267 2488 ipsam.

1105 2815 1599 2884 An'rtctms
1645 2813 1757 2881 ΙΙΙ.

788 3028 975 3110 Quid
997 3029 1086 3094 sit
1131 3027 1336 3105 mitti,
1384 3036 1447 3091 ct
1500 3023 1780 3114 quidsi!
1819 3023 2111 3090 missio?

753 3354 978 3421 'i'crtio
1019 3353 1366 3445 qna’ritur,
1392 3348 1564 3429 Quid
1588 3348 1667 3413 sit
1703 3347 1903 3428 mitti,
1937 3356 1999 3414 et
2043 3347 2200 3413 mis-

668 3463 821 3529 siu?

765 3570 843 3637 tit
887 3566 1028 3636 liaec
1084 3565 1396 3634 diffinitio
1454 3565 1773 3653 accipitur
1825 3560 1909 3629 al»
1956 3562 2200 3647 Augu-

668 3677 1002 3754 stino,ul›i
1025 3675 1183 3742 «licit
1215 3675 1347 3740 sic:
1388 3698 1419 3734 ι
1457 3670 1639 3737 Sicut
1664 3680 1893 3738 natum
1925 3693 2068 3736 esse
2101 3677 2195 3734 cst

676 3786 843 3853 Filio
873 3784 954 3851 «lc
1009 3783 1203 3849 l‘atrc
1241 3804 1411 3857 csse,
1485 3783 1572 3846 ita
1630 3780 1799 3846 mitti
1875 3787 1972 3844 cst
2036 3778 2200 3844 Filio

671 3892 988 3977 cognosci
1021 3889 1203 3981 quod
1227 3886 1310 3954 al»
1344 3888 1586 3956 illusit.
1627 3886 1893 3954 l‘ltsicut
1918 3886 2197 3976 Spiritui

673 4009 907 4065 sancto
947 3997 1200 4063 dunum
1237 3994 1354 4062 Dei
1406 4019 1549 4060 esst·
1578 4003 1673 4061 est
1712 4015 1750 4058 a
1802 3992 1995 4059 Patre
2045 4016 2201 4083 pro·

674 4107 932 4182 cedere,
980 4104 1067 4170 ita
1100 4104 1270 4170 mitti
1338 4112 1433 4167 cst
1503 4101 1811 4189 cognosci
1881 4102 2060 4191 quod
2118 4101 2202 4166 al»

679 4212 793 4279 illu
827 4211 1162 4302 proce-«lat.
1192 4210 1324 4276 Nec
1358 4232 1712 4300 possumus
1748 4206 1988 4282 dict-rc,
2023 4207 2201 4297 quod

681 4324 973 4411 Spiritus
1003 4328 1272 4386 sanctus
1297 4343 1334 4383 a
1359 4316 1523 4383 Filio
1547 4338 1676 4383 non
1703 4316 2014 4405 procedat
2040 4338 2054 4381 :
2085 4339 2201 4382 ncc

682 4430 861 4494 cnini
913 4427 1153 4494 frustra
1196 4423 1369 4490 idem
1424 4423 1709 4513 Spiritus
1757 4430 1819 4487 et
1871 4420 2086 4489 Patris
2142 4430 2204 4487 ct

684 4535 826 4602 Filii
869 4535 1174 4600 dicitur¹.
1217 4561 1246 4593 n
1295 4530 1387 4596 Ex
1431 4528 1556 4595 lm«-
1602 4529 1945 4617 accipitur,
2024 4527 2203 4618 qnod

680 4643 849 4709 mitti
885 4642 954 4708 in
1005 4638 1351 4707 communi
1397 4636 1911 4722 significatione,
1961 4644 2057 4701 est
2100 4660 2208 4700 co·

678 4751 910 4840 gnosci
944 4747 1123 4839 qnod
1165 4746 1250 4812 ab
1289 4745 1421 4811 alio
1453 4746 1558 4809 sit.

772 4857 905 4922 Ser»
959 4878 1325 4922 «nuncium

778 4966 835 5031 Ι.
862 4962 1079 5029 Omne
1102 4961 1280 5051 quod
1315 4961 1758 5049 cognoscitur,
1792 4979 1908 5047 per
1950 4956 2200 5045 aliquid

682 5069 860 5138 alind
903 5070 1372 5155 cognoscitur:
1409 5090 1569 5152 crgo
1599 5064 1879 5130 ‹le-beliat
1928 5064 2086 5153 poni
2140 5064 2203 5129 in

682 5178 1087 5247 diffinitione
1145 5177 1288 5264 ejus
1327 5174 1531 5264 ·qu‹»‹l
1582 5181 1679 5238 cst
1739 5171 1908 5237 mitti
1953 5171 2014 5236 id
2095 5193 2211 5260 per

682 5286 859 5375 quod
883 5286 1335 5373 cognoscitur.

770 5398 835 5459 2.
884 5392 1075 5467 ltciu,
1135 5390 1447 5479 Cognitio
1495 5387 1960 5477 appropriatur
2000 5384 2205 5452 Filio:

757 5629 771 5662 ¹
807 5625 863 5678 S.
898 5625 1266 5683 Acocsrixcs,
1302 5616 1421 5673 Lib.
1458 5617 1611 5673 lvdc
1630 5615 1932 5677 Trinitate.
1963 5632 2090 5685 cap.
2122 5619 2210 5670 20.

1617 295 1702 362 D.
1753 293 1950 361 ALB.
2004 289 2218 358 MAG.
2271 287 2476 356 ORD.
2527 284 2828 354 PRAED.

2286 444 2446 552 ergo
2486 459 2779 538 videtur,
2826 457 3007 549 quod
3052 457 3244 524 mitti⁴
3296 427 3449 524 non>
3510 459 3832 524 convenit

2285 571 2409 638 nisi
2441 569 2639 652 Filio,
2675 568 2861 659 quod
2901 575 3255 636 estcontra
3279 568 3637 650 Litteram,
3672 567 3833 655 quia

2286 678 2577 768 Spiritus
2632 679 2927 744 mittitur
2965 678 3138 743 sicut
3193 675 3430 742 Filius.
3495 673 3571 741 Si
3620 674 3827 749 dicas,
3885 757 3888 760 ,

2282 786 2467 877 quod
2488 785 2618 854 hoc
2655 808 2776 874 per
2816 785 3000 875 quod
3032 786 3492 874 cognoscitur,
3555 806 3693 851 non
3734 791 3837 851 est

2282 894 2612 984 cognitio,
2646 892 2762 960 sed
2804 890 3084 960 effectus
3114 900 3378 958 creatus
3408 893 3479 958 in
3519 889 3831 958 rationali

2283 1011 2586 1070 creatura
2625 998 3149 1091 appropriabilis
3182 1000 3594 1090 quandoque
3634 999 3833 1075 Filio,

2284 1108 2694 1199 quandoque
2726 1106 3013 1196 Spiritui
3054 1116 3312 1173 sancto.
3368 1105 3675 1175 Cosraaz
3722 1106 3837 1172 Er-

2285 1217 2496 1282 fectus
2536 1214 2647 1282 ille
2686 1215 3145 1281 communiter
3175 1222 3274 1281 cst
3306 1215 3515 1280 totius
3549 1213 3841 1280 Trinita-

2284 1325 2411 1390 tis:
2462 1346 2624 1413 ergo
2682 1321 3071 1389 manifestat
3138 1331 3351 1389 totam
3410 1322 3835 1405 Trinitatem,

2288 1433 2395 1499 cui
2420 1439 2650 1497 tamen
2692 1451 2828 1496 non
2857 1431 3182 1497 convenit
3220 1427 3304 1495 ab
3347 1429 3481 1497 alio
3530 1452 3700 1498 esse.

2379 1540 2442 1606 3.
2484 1539 2842 1617 Praeterea,
2890 1537 2966 1605 Si
2996 1538 3243 1628 aliquis
3274 1538 3554 1607 effectus
3592 1563 3847 1631 appro-

2293 1647 2591 1738 priabilis
2621 1655 2799 1715 esset
2840 1646 3041 1726 Filio,
3084 1656 3152 1714 et
3179 1646 3568 1715 ostenderet
3597 1647 3844 1715 Filium

2291 1753 2374 1819 ab
2406 1751 2539 1819 alio
2572 1773 2746 1835 esse,
2780 1751 3127 1819 videretur
3156 1752 3338 1843 quod
3382 1751 3493 1820 ille
3532 1762 3710 1821 esset
3746 1777 3848 1821 sa-

2292 1860 2572 1949 pientia,
2606 1866 2672 1925 et
2695 1860 3003 1941 scientia,
3038 1867 3105 1927 et
3146 1859 3335 1943 fides,
3379 1868 3444 1928 et
3494 1859 3630 1928 alia
3666 1861 3848 1929 dona

2298 1987 2446 2055 quae
2498 1965 2840 2055 pertinent
2901 1966 2985 2033 ad
3045 1964 3659 2036 intellectumzsed
3707 1967 3854 2037 haec

2297 2073 2729 2141 manifestant
2771 2071 3105 2163 Spiritum
3144 2083 3483 2155 sanctum,
3529 2078 3704 2144 sicut
3730 2075 3854 2144 ha-

2297 2179 2494 2247 betur
2538 2202 2659 2270 per
2716 2180 2885 2247 illud
2930 2179 3270 2270 Apostoli,
3328 2181 3355 2246 1
3402 2181 3489 2250 ad
3538 2180 3847 2251 Corinth.

2298 2309 2416 2370 xn,
2458 2289 2497 2354 ’ῖ
2563 2295 2630 2354 et
2667 2308 2829 2377 seq:
2870 2288 3254 2377 Unicuique
3296 2287 3508 2355 datur
3562 2292 3857 2380 manife-

2297 2395 2507 2462 statio
2544 2396 2852 2485 Spiritus
2890 2395 2991 2461 ad
3043 2393 3447 2463 utilitatem.
3489 2397 3644 2464 Alii
3691 2399 3857 2488 qui-

2300 2497 2620 2593 dem'per
2644 2504 2990 2593 Spiritum
3040 2503 3254 2569 datur
3305 2526 3528 2572 sermo
3588 2506 3834 2596 sapien

2301 2609 2435 2685 tice,
2469 2605 2602 2672 alii
2632 2615 2859 2672 autem
2887 2628 3113 2675 sermo
3150 2609 3447 2674 scientiae
3481 2609 3858 2676 secundum

2300 2711 2611 2781 euemlem
2636 2713 3013 2804 Spiritum,
3056 2715 3265 2780 alteri
3300 2714 3478 2803 fides
3517 2715 3588 2782 in
3626 2716 3859 2783 eodem

2299 2820 2598 2910 Spiritu.
2650 2816 2751 2885 Ex
2804 2817 2936 2887 hoc
2989 2821 3344 2910 accipitur,
3402 2821 3586 2912 quod
3642 2823 3861 2914 gratia

2299 2925 2547 2992 collata
2567 2924 2955 2992 manifestat
2990 2925 3324 3015 Spiritum
3365 2928 3571 2995 etiam
3620 2928 3690 2996 in
3730 2927 3861 2998 do-

2303 3035 2406 3100 nis
2445 3031 2876 3101 intellectus:
2921 3055 3061 3100 non
3130 3056 3293 3124 ergo
3360 3034 3592 3126 aliqua
3639 3037 3859 3126 gratia

2301 3138 2546 3207 Filium
2579 3138 2663 3208 ab
2701 3139 2836 3208 alio
2877 3163 3029 3209 esse
3105 3141 3282 3210 mitti
3323 3142 3748 3213 manifestat:
3792 3151 3861 3213 et

2303 3250 2395 3317 ita
2460 3246 2836 3316 secundum
2901 3247 3077 3317 hanc
3153 3249 3635 3319 diffinitionem
3683 3250 3855 3320 Filio

2301 3356 2476 3423 mitti
2508 3378 2650 3423 non
2680 3357 3032 3439 convenit,
3069 3355 3533 3447 quodfalsum
3591 3368 3718 3429 est.

2392 3464 2751 3543 l‘raetcrca,
2788 3464 2862 3533 Si
2894 3488 3016 3556 per
3038 3466 3358 3536 effectum
3384 3469 3859 3537 manifestatur

2300 3571 2385 3639 ab
2415 3572 2549 3639 alio
2571 3596 2742 3650 csse,
2769 3572 2899 3642 hoc
2929 3597 3067 3642 non
3091 3577 3211 3642 crit
3241 3577 3367 3643 nisi
3395 3579 3852 3669 appropriate,

2302 3681 2461 3770 quia
2506 3679 2614 3746 ille
2654 3682 2934 3747 elli-ctus
2965 3683 3237 3772 proprie
3268 3693 3367 3748 cst
3413 3685 3857 3751 totius'l'rini·

2305 3784 2497 3850 tatis:
2542 3783 2657 3850 scel
2699 3787 3133 3876 appropriata
3167 3810 3300 3853 non
3335 3787 3591 3855 ducunt
3616 3790 3681 3856 in
3706 3812 3859 3880 pro·

2306 3892 2476 3982 pria,
2521 3900 2588 3956 ut
2640 3916 2847 3982 supra
2878 3891 3240 3982 probatum
3283 3904 3383 3962 cst
3410 3894 3430 3927 ²
3467 3919 3483 3963 ε
3544 3919 3708 3987 ergo
3749 3899 3859 3963 vi-

2304 3998 2525 4072 detur.
2567 3999 2753 4088 quod
2796 4022 2879 4065 cx
2905 3997 3152 4066 talibus
3191 4002 3547 4069 ellectilius
3580 4027 3714 4072 non
3748 4030 3861 4072 co·

2304 4104 2676 4189 ignoscitur,
2721 4104 2904 4194 quod
2955 4103 3042 4171 ab
3090 4105 3226 4171 alio
3279 4108 3363 4172 sit
3423 4109 3695 4199 aliquis,
3738 4111 3855 4176 scil

2305 4209 2529 4298 potius
2587 4212 2915 4299 potentia,
2973 4213 3329 4300 sapie-ntia.
3396 4213 3664 4280 bonitas
3707 4238 3858 4305 qua·

2305 4326 2462 4382 sunt
2489 4319 2947 4406 appropriata.

2397 4526 2702 4592 SOLL'Tm.
2742 4526 3150 4608 Dicendum,
3214 4528 3396 4619 quod
3445 4531 3511 4597 in
3575 4532 3858 4599 veritate

2307 4634 2559 4723 optime
2610 4633 3021 4703 determinat
3095 4638 3527 4723 Augustinus
3585 4638 3862 4707 missio-

2308 4761 2497 4816 nem,
2568 4741 2841 4832 quando
2916 4743 3104 4822 dicit,
3183 4744 3367 4834 quod
3419 4770 3452 4809 α
3518 4747 3692 4813 mitti
3760 4758 3862 4816 est

2309 4851 2625 4938 cognosci
2698 4849 2882 4942 quod
2958 4850 3046 4918 ab
3084 4850 3218 4918 alio
3286 4852 3369 4917 sit
3419 4875 3433 4919 ε
3475 4878 3507 4916 ι
3568 4858 3638 4922 α
3687 4853 3861 4922 bene

2310 4956 2634 5039 concedo,
2722 4957 2908 5048 quod
2970 4956 3100 5025 hoc
3162 4956 3229 5024 tit
3321 4981 3441 5048 per
3513 4960 3861 5041 effectum,

2310 5063 2427 5130 scd
2458 5088 2592 5131 non
2617 5065 3000 5154 quemlibet
3039 5088 3053 5131 ε
3089 5064 3205 5131 secl
3260 5065 3397 5132 «luo
3465 5069 3859 5159 exiguntur,

2310 5171 2556 5238 scilicet
2634 5171 3235 5263 appropriabilitas
3305 5172 3388 5238 acl
3489 5178 3860 5266 proprium,

2311 5287 2371 5342 et
2405 5277 2585 5367 qnod
2618 5280 2704 5344 sit
2769 5277 3051 5345 effectus
3104 5281 3340 5363 gratia».
3404 5291 3689 5368 gratum
3760 5286 3868 5352 sa-

2310 5384 2571 5463 rientis,
2629 5386 2735 5450 cui
2804 5385 3168 5472 conjuncta
3226 5408 3503 5475 semper
3561 5389 3647 5455 sit
3706 5413 3868 5480 pro-

2380 5617 2401 5650 ²
2429 5616 2513 5671 Ct'.
2548 5617 2755 5687 Supra,
2789 5615 2935 5672 nist.
2971 5616 3041 5672 ΙΙ.

3953 4579 4153 4625 Sotnttc.
