4897 6388
650 337 792 415 300,
1627 336 1736 432 ,5.
1773 336 1987 434 ALB-

494 501 508 514 “
627 510 1002 599 ‘generari
1045 502 1125 577 et'
1178 510 1491 600 genitum
1570 531 1719 576 esse
1761 506 2001 574 simul
2053 507 2209 604 ,sint
2340 583 2358 588 ‚f

649 623 1003 707 tempore,
1048 625 1148 685 et
1171 627 1469 686 natura-2
1538 615 1647 684 vel
1705 595 1946 682 natura
1983 613 2207 704 prius

650 746 867 808 unum
924 723 1083 802 alio,
1145 724 1264 792 sed
1364 747 1506 791 non
1577 722 1954 812 tempore?
2029 718 2207 799 Quia
2337 799 2342 802 x

646 839 890 900 neutro
965 831 1171 898 modo
1278 837 1457 898 sunt.
1559 829 1744 896 Idem
1833 827 2016 895 enim
2074 813 2204 893 sibi

649 959 789 1004 non
836 945 937 1005 est
1000 936 1204 1004 simul
1261 959 1519 1022 secum,
1582 959 1661 1003 eo
1710 935 1888 1026 quod
1959 927 2209 1001 simul-

646 1048 751 1108 tas
815 1044 902 1108 sit
968 1040 1421 1118 diversorum,
1494 1063 1648 1132 quae
1705 1047 1862 1106 sunt
1917 1038 1985 1104 in
2049 1036 2201 1104 loco

648 1149 761 1217 vel
791 1158 1100 1239 tempore
1131 1171 1325 1219 uno:
1370 1150 1491 1218 sed
1521 1150 1828 1252 generari
1863 1155 1929 1215 et
1990 1169 2206 1237 gene-

651 1259 821 1326 ratio
861 1267 927 1327 et
955 1258 1225 1326 Filius
1206 1282 1279 1326 ιιι
1310 1260 1558 1327 divinis
1592 1271 1659 1325 et
1695 1249 2003 1349 genitum
2053 1277 2202 1323 5555

648 1374 808 1442 sunt
868 1365 1078 1461 idem,
1139 1366 1335 1435 aliter
1389 1375 1672 1435 15ιιι5ιι-
1696 1365 2198 1455 significatum:

650 1481 717 1569 51
748 1472 898 1567 ideo
962 1495 1104 1540 non
1160 1481 1264 1542 551
1325 1473 1441 1549 ibi,
1498 1495 1623 1540 nec
1684 1474 1872 1562 prius
1928 1479 2195 1546 natura,

2021 334 2263 436 MAG.-

2287 335 2528 435 555.
2582 333 2883 430 55555.
2964 398 2967 402 ,
3040 367 3046 372 -

2710 825 3215 894 ARTICULUS
3265 824 3455 892 XIX.

2408 1040 2655 1107 Utrum
2689 1038 2916 1104 Filius
2960 1026 3226 1128 semper
3276 1027 3511 1125 potest
3554 1033 3693 1099 dici
3744 1056 3863 1098 na·

2337 1193 2340 1196 n
2400 1156 2511 1212 lus
2559 1156 2624 1212 et
2658 1142 3004 1235 qenitus?
3049 1153 3111 1210 el
3176 1142 3352 1233 quid
3422 1151 3664 1208 notant
3727 1142 3862 1227 tric?

2398 1267 2708 1346 tempora
2747 1256 2819 1321 in
2844 1253 3245 1344 participiO,
3315 1251 3542 1336 verb0,
3604 1261 3668 1318 et
3733 1250 3862 1316 ad-

2349 1385 2354 1386 *
2398 1363 2653 1442 verbi0,
2687 1386 2842 1431 cum
2882 1362 3162 1440 dicitur,
3198 1359 3431 1429 Filius
3460 1370 3557 1427 esc
3601 1380 3861 1448 semper

2397 1479 2606 1537 natus
2640 1468 2679 1535 P

647 1603 774 1650 nec
808 1580 1208 1662 aeternitate,
1252 1604 1378 1649 nec
1412 1583 1657 1672 spati0.
1697 1579 1834 1648 Sed
1863 1601 2038 1670 cum·
2093 1573 2200 1644 di-'
2331 1628 2336 1640 .

648 1687 846 1771 citur,
887 1688 1118 1756 Filius
1169 1698 1541 1780 qeneratur
1587 1712 1629 1755 a
1661 1690 1890 1766 Patre,
1935 1684 2201 1777 signifi·
2327 1675 2330 1678 “

647 1799 837 1878 catur
863 1791 1109 1860 modus
1149 1814 1286 1884 quo
1315 1792 1529 1860 Filius
1559 1799 1663 1860 est
1708 1814 1747 1859 a
1773 1790 1998 1859 Patre.
2024 1788 2198 1856 Cum

648 1907 877 1968 autem
906 1898 1152 1968 dicitur
1159 1900 1552 1991 qenerati0,
1577 1875 1998 1989 significatur
2026 1896 2197 1982 ratio

648 2006 829 2092 illius
859 2008 1237 2108 existentiae
1293 2030 1428 2098 qua
1485 2014 1587 2076 est
1643 2029 1682 2074 a
1736 2005 1962 2073 Patre.
2024 2002 2196 2072 Cum

648 2113 917 2216 dicitur,
958 2114 1190 2206 Filius
1222 2115 1522 2205 qenituS,
1583 2095 2004 2210 significatur
2041 2134 2200 2179 mo-

649 2220 775 2314 dus
815 2212 951 2313 quo
990 2222 1191 2290 estin
1229 2220 1402 2290 Fiiio
1435 2222 1504 2289 id
1537 2219 1720 2312 quod
1776 2219 2045 2310 Patris
2065 2225 2191 2289 551.

648 2328 823 2397 Cum
880 2327 1151 2412 dicitur,
1208 2328 1464 2408 Filius,
1516 2327 1937 2419 significatur
1981 2311 2197 2420 deter-

646 2438 932 2506 minatio
963 2409 1279 2522 habentis
1317 2436 1726 2528 principium
1785 2434 1854 2502 in
1909 2457 2197 2525 compa-

645 2546 911 2614 ratione
985 2539 1335 2637 respectus
1392 2544 1479 2613 ad
1534 2542 1944 2636 principium
1991 2533 2194 2610 'illud.=

642 2651 731 2720 Et
763 2651 924 2744 quia
964 2650 1206 2748 omnes
1256 2651 1366 2721 isti
1423 2650 1613 2720 modi
1675 2658 1836 2719 sunt
1890 2649 2195 2740 ejusdem

653 2759 729 2826 in
796 2758 1245 2851 significando
1297 2759 1524 2851 ipsum
1564 2755 2047 2844 diversimode,
2112 2780 2195 2825 ex

645 2864 799 2935 ideo
839 2865 1005 2935 fides
1042 2866 1320 2936 admisit
1354 2867 1592 2952 omnia
1622 2864 1832 2954 verba
1869 2865 2195 2955 temporis

651 2975 1097 3066 exprimentis
1134 2974 1417 3043 modum
1449 2974 1602 3043 talis
1660 2973 2036 3043 existentiae
2071 2995 2087 3040 ε
2128 2980 2194 3041 51

646 3104 771 3173 per
798 3079 930 3150 hoc
982 3088 1172 3173 patet
1234 3078 1489 3150 solutio
1546 3080 1632 3150 ad
1686 3088 1906 3150 totum
1958 3098 1977 3151 ε
2053 3102 2194 3149 555

642 3189 827 3258 enim
893 3211 1077 3280 pono
1137 3186 1230 3256 ibi
1287 3178 1627 3267 lieri,'vel
1700 3193 1952 3268 actum,
2021 3188 2196 3255 inter

641 3295 915 3364 Patrem
946 3303 1014 3365 et
1043 3294 1295 3364 Filium
1337 3318 1354 3363 ε
1406 3295 1525 3365 sed
1590 3295 1875 3365 verbum
1938 3297 2192 3386 impor-

639 3411 795 3473 tans
851 3411 1078 3473 actum
1137 3404 1602 3496 generationis
1675 3404 1745 3472 in
1845 3401 2191 3485 humanis,

644 3508 921 3603 quando
976 3510 1379 3579 transfertur
1442 3511 1513 3578 in
1587 3510 1844 3589 divina,
1940 3507 2197 3578 abstra-

638 3618 829 3688 hitur
855 3618 941 3687 ab
979 3642 1183 3711 agere
1236 3620 1344 3688 vel
1406 3620 1545 3710 pati
1586 3626 1654 3713 51
1726 3629 2057 3710 155ιροι·5,
2127 3626 2194 3687 51

641 3730 885 3797 ι·51ἰ551
925 3736 1187 3798 tantum
1229 3730 1560 3798 rationem
1602 3735 1789 3797 actus
1842 3728 1973 3807 sui,
2035 3749 2189 3821 qua?-

642 3840 815 3909 ratio
855 3841 924 3908 in
957 3840 1209 3909 divinis
1253 3840 1412 3909 dicit
1486 3842 1837 3909 notionem
1894 3838 2024 3909 hoc
2079 3837 2190 3909 vel

639 3945 759 4016 iilo
792 3945 998 4015 modo
1054 3947 1555 4041 significatam:
1626 3954 1692 4016 et
1748 3947 1902 4016 ideo
1968 3953 2188 4016 totum

642 4054 827 4146 quod
867 4051 959 4122 ibi
980 4062 1107 4135 est
1150 4053 1526 4147 perfectum
1559 4063 1686 4134 est,
1719 4052 1886 4123 nihil
1911 4054 1982 4121 in
2011 4054 2185 4130 fieri,

640 4158 870 4228 nihil'
853 4184 922 4228 ιιι
987 4160 1239 4229 sactum
1287 4184 1493 4230 esse:
1527 4161 1648 4230 sed
1701 4160 1852 4229 Filii
1899 4161 2191 4231 demon-

640 4270 878 4336 stratio
946 4289 985 4335 a
1052 4266 1279 4346 Patre,
1350 4268 1622 4386 perfecti
1681 4291 1722 4335 a
1772 4268 2090 4361 perfecto,
2123 4276 2190 4337 51

639 4377 847 4443 unius
877 4373 962 4443 ab
1002 4398 1168 4444 uno.

2391 1791 2655 1859 Deinde
2713 1789 3045 1881 quaeritur
3109 1786 3193 1856 de
3251 1785 3385 1855 hoc
3441 1784 3627 1877 quod
3701 1783 3860 1852 dicit

2305 1901 2453 1969 ibi:
2517 1928 2553 1964 α
2599 1901 2929 1967 Dicamus
2992 1897 3242 1976 verim,
3290 1918 3555 1986 semper
3626 1904 3851 1971 natm,

2305 2017 2434 2077 etc.
2482 2034 2516 2072 n

2394 2119 2473 2186 In
2512 2088 2762 2185 talibus
2806 2114 2992 2183 enim
3032 2081 3498 2182 locutionibus
3553 2109 3668 2178 ubi
3717 2107 3850 2177 duo

2301 2233 2617 2316 tempora
2704 2220 3200 2312 significantur,
3287 2241 3503 2286 unum
3591 2221 3851 2287 tantum

2299 2331 2713 2400 determinat
2758 2328 3345 2418 comparationem
3381 2348 3396 2391 ε
3433 2334 3500 2393 51
3564 2320 3851 2392 alterum

2302 2446 2406 2507 est
2445 2444 2755 2528 respectu
2784 2435 2978 2525 cujus
3015 2431 3306 2502 alterum
3368 2431 3692 2522 accipitur
3732 2453 3748 2498 z
3780 2437 3856 2495 ut

2298 2543 2458 2616 cum
2526 2546 2819 2628 diciturs
2866 2543 2981 2613 ille
3038 2550 3306 2612 amatus
3391 2549 3519 2627 est,
3586 2531 3854 2631 tempus

2296 2675 2599 2747 praesens
2628 2652 2814 2746 quod
2862 2651 3192 2742 accipitur
3234 2671 3358 2742 per
3399 2647 3468 2741 ly
3525 2660 3645 2726 est,
3716 2668 3852 2715 non

2296 2771 2401 2832 est
2436 2784 2761 2831 mensura
2792 2768 2985 2829 actus
3011 2755 3123 2828 vel
3150 2757 3492 2850 passionis
3549 2757 3664 2847 qui
3723 2756 3854 2823 im-

2295 2881 2611 2966 portatur
2638 2895 2760 2966 per
2786 2871 2858 2964 ly
2897 2880 3203 2953 amalus,
3235 2869 3357 2938 sed
3392 2870 3624 2960 potius
3675 2890 3853 2959 pra·-

2293 2974 2576 3051 teritum
2607 2989 2880 3071 tempus
2919 2977 3102 3071 quod
3167 2975 3724 3067 consignificatur
3785 2975 3853 3041 in

2292 3085 2428 3156 hoo
2458 3084 2641 3178 quod
2671 3085 2852 3166 dico,
2888 3093 3166 3153 amatus
3196 3107 3221 3152 .·
3288 3090 3356 3152 51
3386 3090 3656 3173 tempus
3684 3081 3853 3148 acci·

2290 3196 2480 3288 pitur
2545 3192 2636 3262 ibi
2714 3201 3021 3285 respectu
3086 3190 3443 3283 praesentis
3521 3187 3604 3258 ad
3670 3184 3852 3281 quod

2290 3304 2742 3373 terminatum
2786 3311 2889 3373 est
2948 3300 3117 3371 illud
3170 3301 3594 3392 praeteritum
3640 3320 3850 3390 :ergo

2289 3409 2589 3491 videtur,
2659 3409 2844 3502 quod
2928 3407 3235 3478 similiter
3330 3430 3489 3476 cum
3582 3404 3848 3486 dicitur,

2292 3514 2528 3584 Filius
2553 3536 2820 3607 semper
2855 3523 3066 3582 natus
3100 3522 3227 3594 est,
3286 3510 3467 3603 quod
3545 3511 3850 3602 praeteri-

2296 3632 2445 3692 tum
2478 3622 2812 3694 referatur
2848 3621 2934 3691 ad
2964 3624 3508 3715 generationem,
3569 3628 3636 3688 et
3676 3642 3852 3712 prae-

2294 3756 2455 3802 sens
2493 3734 2584 3802 sit
2622 3731 2805 3802 5555
2841 3731 2926 3801 ad
2959 3731 3143 3824 quod
3211 3731 3619 3800 terminatur
3678 3751 3850 3820 pra*-

2291 3843 2523 3911 teritio
2563 3842 2925 3935 praeterita.

2387 4049 2792 4130 Prummu,
2835 4048 3008 4119 Cum
3065 4048 3336 4131 dicitur,
3394 4051 3679 4140 Semper
3728 4074 3850 4118 na·
3907 4086 4082 4141 w,
4118 4084 4161 4130 ι,

2291 4170 2407 4230 lus
2479 4171 2601 4243 est,
2656 4162 2786 4229 tria
2843 4168 3157 4251 tempora
3211 4160 3724 4251 importantur:
3782 4168 3848 4228 et

2290 4268 2647 4363 quaeritur,
2682 4265 2862 4349 Quid
2901 4273 3140 4336 notent
3190 4264 3305 4333 illa
3333 4266 3461 4335 tria
3527 4269 3702 4335 circa
3728 4291 3845 4359 ge-

2289 4374 2724 4495 nerationem
2758 4373 3062 4443 divinam
3101 4373 3139 4443 ⁴?

2381 4483 2784 4564 Famam,
2877 4485 3231 4575 quaeritur,
3330 4481 3530 4564 Quod
3562 4485 3842 4552 istorum
3898 4512 4148 4567 omnm.

2288 4599 2688 4684 temporum
2727 4593 2948 4683 magis
2984 4591 3312 4684 competit
3348 4590 3596 4661 divinae
3650 4615 3847 4684 gene-

2293 4698 2608 4768 rationi?

2384 4909 2704 4979 Somno.
2756 4909 3162 4990 Dicendum,
3214 4911 3401 5002 quod
3455 4910 3844 5001 hujusmodi
3927 4926 4011 4973 sot
4015 4926 4126 4971 uuo·

2294 5019 2679 5110 participia,
2706 5028 2937 5101 natus,
2971 5028 3037 5087 et
3066 5020 3364 5108 95ηἰίη5,
3399 5017 3848 5090 abstrahenda

2296 5137 2461 5195 5551
2504 5149 2545 5193 5
2592 5128 3109 5218 consignificato
3175 5134 3510 5219 tempore,
3561 5137 3627 5197 et
3668 5131 3850 5198 simi-

2298 5232 2455 5302 liter
2517 5232 2789 5302 verba:
2848 5241 2913 5302 et
2974 5241 3242 5302 tantum
3302 5233 3504 5305 debet
3567 5237 3848 5329 intelligi

2300 5343 2595 5412 retinere
2625 5340 2694 5409 id
2733 5339 2917 5432 quod
2955 5340 3331 5410 nobilitatis
3384 5352 3487 5413 est
3559 5345 3627 5413 in
3696 5348 3854 5437 ipsis

2302 5456 2643 5541 quantum
2676 5446 2761 5515 ad
2790 5446 3207 5517 differentias
3230 5453 3562 5542 temporis
3626 5456 3854 5522 consi-

2305 5554 2667 5649 gnificatas
2709 5556 2932 5624 :sicut
2957 5557 3375 5649 praeteritum
3450 5581 3493 5628 5
3546 5563 3855 5652 praeteri-

2305 5665 2494 5733 tione
2523 5672 2628 5733 est
2655 5663 3213 5743 abstrahendum,
3247 5675 3315 5734 51
3344 5668 3633 5737 retinere
3660 5667 3852 5739 debet
