4897 6388
829 1811 909 1856 Ad
943 1812 980 1858 Ι.

827 3856 977 3903 Adz.

830 4611 909 4657 ΑιΙ
941 4608 978 4658 ι.

812 4826 895 4873 Ad
930 4829 966 4870 Ι.

1779 379 1782 382 ,
1828 305 1921 374 ΙΝ
1970 307 1997 372 l
2052 305 2476 374 SENTENT.
2525 303 2754 412 DIST.
2807 306 3028 383 XVII,
3080 309 3163 385 A,
3209 309 3407 375 ΛΒΤ.
3455 311 3514 374 1.
3791 362 3821 381 ,.
3920 407 3931 417 ἦ

1100 495 1239 540 uon
1270 456 1549 564 proprie
1578 484 1680 542 est
1707 475 1996 543 charitas
2026 496 2162 563 qua
2191 473 2493 540 effective
2543 471 2650 538 di-
2682 457 2687 460 Ὺ

1099 577 1382 669 ligimus
1414 580 1638 648 Deum
1679 589 1744 647 et
1791 581 2177 670 proximum
2213 601 2226 645 :
2280 578 2411 645 hoc
2466 578 2647 644 enim

1097 686 1407 762 efficiunt
1464 690 1533 754 in
1592 687 1789 755 nobis
1837 688 2287 755 communiter
2325 686 2528 753 Pater
2584 692 2650 753 et

1099 793 1308 862 Filius
1364 804 1433 862 et
1492 795 1785 886 Spiritus
1832 805 2127 881 sanctus,
2177 796 2332 863 licet
2396 817 2652 885 appro-

1096 903 1314 991 priate
1403 903 1700 993 Spiritus
1756 913 2047 986 sanctus,
2111 905 2266 995 quia
2332 905 2474 993 ipse
2551 911 2652 969 est

1097 1013 1373 1101 proprie
1405 1011 1723 1093 charitas,
1757 1023 1823 1081 et
1851 1016 1947 1082 sic
1984 1023 2084 1082 est
2128 1013 2474 1102 exemplar
2520 1035 2652 1079 no-

1094 1126 1250 1184 strae
1298 1117 1678 1200 charitatis,
1734 1129 1800 1188 et
1847 1130 1947 1189 est
1985 1121 2378 1189 distributor
2427 1119 2651 1186 dono-

1095 1247 1248 1291 rum
1284 1227 1354 1292 in
1387 1249 1526 1318 quo
1566 1230 1796 1296 omnia
1836 1230 2176 1297 donantur
2216 1251 2231 1295 ε
2284 1252 2406 1319 per
2443 1250 2649 1318 quam

1033 1379 1041 1385 -
1097 1336 1436 1404 rationem
1504 1338 1575 1404 in
1624 1338 1794 1406 libro
1844 1338 1926 1407 de
1980 1341 2249 1431 Spiritu
2294 1349 2358 1406 el
2412 1339 2650 1405 ani-ma

1094 1447 1486 1536 proximior
1555 1449 1757 1516 nobis
1815 1472 1958 1517 esse
2033 1450 2295 1518 dicitur.
2355 1449 2439 1515 Et
2507 1446 2650 1515 haec

1095 1554 1299 1621 unica
1336 1555 1592 1624 solutio
1631 1564 1900 1648 aptatur
1936 1558 2251 1625 omnibus
2280 1556 2651 1624 auctorita-

1098 1661 1279 1730 libus
1313 1664 1382 1730 in
1423 1667 1689 1734 Littera
1727 1666 2053 1735 adductis.
2541 1676 2545 1680 ’

1186 1770 1296 1837 Ad
1361 1773 1661 1841 rationes
1701 1783 1925 1841 autem
1981 1797 2103 1864 per
2150 1774 2460 1842 ordinem
2537 1794 2649 1839 re-

1096 1879 1610 1968 spondendum,
1655 1882 1937 1950 dicendo
1982 1883 2068 1949 ad
2103 1884 2418 1972 primam,
2463 1879 2648 1972 quod

1095 1987 1462 2078 irzcliqteius
1490 1987 1853 2078 dupliciter
1881 1989 2146 2071 dicitur,
2187 1989 2438 2058 scilicet
2476 1986 2643 2055 indi-

1093 2096 1302 2184 gnius
1333 2097 1405 2163 in
1436 2119 1716 2188 genere,
1769 2106 1834 2164 et
1883 2097 2225 2189 indignius
2270 2096 2646 2166 secundum

1095 2206 1433 2275 rationem
1482 2204 1672 2275 boni.
1742 2206 2047 2276 Charitas
2095 2230 2215 2298 per
2267 2207 2397 2276 hoc
2463 2207 2649 2299 quod

1092 2313 1411 2383 accidens
1442 2322 1544 2384 est
1583 2324 1649 2383 et
1678 2316 1749 2382 in
1798 2338 2042 2407 genere
2091 2315 2487 2394 accidentis,
2538 2315 2646 2382 in-

1095 2420 1376 2511 dignius
1406 2421 1666 2511 aliquid
1693 2430 1796 2491 est
1848 2423 1919 2490 in
1967 2446 2211 2514 genere
2244 2446 2451 2513 quam
2489 2420 2649 2491 sub·

1094 2530 1374 2597 stantia.
1423 2528 1499 2597 Si
1549 2539 1779 2600 autem
1826 2530 2196 2599 attenditur
2223 2532 2392 2598 ratio
2451 2529 2642 2610 boni,

1096 2647 1256 2706 tunc
1299 2639 1447 2728 ipsa
1477 2648 1581 2708 est
1608 2639 1878 2731 dignior
1905 2641 2094 2709 omni
2131 2638 2313 2708 bono
2357 2648 2582 2708 creato
2624 2660 2640 2706 ε

1096 2744 1260 2833 quia
1295 2744 1470 2811 ratio
1512 2743 1674 2812 boni
1725 2747 1792 2812 in
1839 2746 1980 2836 ipsa
2027 2754 2150 2825 est,
2192 2744 2377 2837 quod
2415 2753 2516 2813 est
2555 2745 2646 2813 el'·

1093 2850 1312 2918 sectus
1359 2851 1754 2919 simillimus
1811 2852 2093 2921 bonitati
2143 2852 2291 2931 Dei,
2327 2854 2417 2930 ita
2459 2852 2648 2943 quod

1090 2959 1299 3026 etiam
1333 2960 1481 3049 ipse
1517 2959 1696 3028 Deus
1725 2959 1809 3027 ab
1839 2959 2079 3029 ess'ectu
2118 2959 2249 3029 hoc
2268 2983 2646 3050 numquam

1094 3076 1486 3158 separatur,
1518 3068 1635 3137 sed
1675 3091 1943 3160 semper
1977 3093 2132 3138 cum
2174 3072 2319 3160 ipso
2357 3069 2557 3137 datur
2582 3069 2643 3139 ei

1091 3175 1200 3245 cui
1224 3174 1432 3243 datur
1458 3174 1796 3244 charitas:
1829 3186 1893 3245 et
1925 3176 2076 3246 ideo
2097 3178 2299 3245 etiam
2331 3178 2400 3244 in
2429 3200 2646 3269 quan-

1088 3292 1236 3351 tum
1268 3292 1371 3351 est
1402 3282 1780 3352 similitudo
1811 3282 2130 3352 bonitatis
2160 3283 2312 3369 Dei,
2336 3293 2402 3353 et
2423 3283 2642 3352 Deum

1088 3390 1294 3460 habet
1335 3394 1408 3461 in
1438 3414 1513 3461 se
1542 3392 1629 3460 ad
1656 3390 1842 3460 aliud
1871 3415 2075 3482 quam
2105 3390 2254 3461 aliae
2287 3401 2639 3471 creaturae,

1088 3500 1273 3568 unde
1316 3501 1465 3591 ipse
1496 3499 1886 3568 inferiorem
1926 3502 1995 3568 in
2024 3500 2349 3569 bonitatis
2380 3502 2644 3569 ratione

1089 3616 1411 3676 naturam
1438 3618 1663 3700 potest
1692 3610 2103 3700 conjungere
2134 3619 2389 3678 naturae
2437 3632 2647 3702 supe-

1087 3718 1278 3785 riori.
2477 3790 2483 3796 .

1183 3825 1288 3891 An
1318 3847 1521 3892 Αιιυο
1550 3824 1910 3893 dicendum
1941 3825 2126 3915 quod
2161 3824 2453 3895 charitas
2485 3826 2551 3893 in
2574 3848 2646 3895 se

1092 3931 1525 4002 considerata
1556 3940 1655 3999 est
1713 3935 2021 4001 essentia·
2062 3942 2125 4002 et
2172 3934 2440 4002 virtutis
2489 3934 2646 4002 tini-

1094 4052 1220 4108 tw:
1280 4042 1350 4107 in
1421 4049 1754 4130 quantum
1806 4050 2030 4108 autem
2089 4042 2228 4133 agit
2280 4064 2399 4132 per
2446 4043 2650 4111 ratio·

1098 4172 1253 4215 nem
1290 4147 1452 4213 boni
1487 4146 1731 4214 similis
1761 4146 2043 4215 bonitati
2080 4147 2226 4228 nei,
2271 4147 2486 4215 Deum
2522 4146 2648 4215 ha-

1094 4257 1262 4323 bens
1297 4257 1365 4322 in
1398 4265 1913 4345 seoperantem,
1955 4257 2048 4323 sic
2098 4264 2314 4345 potest
2352 4258 2649 4347 conjun-

1093 4386 1252 4455 gere
1301 4361 1567 4429 infinite
1616 4361 1956 4429 distantia.
1992 4360 2119 4429 huc
2150 4370 2274 4442 est,
2308 4363 2452 4430 sine
2485 4386 2648 4453 pro-

1094 4474 1440 4563 portione.

1184 4581 1287 4647 Ao
1327 4602 1528 4646 Auri·
1575 4578 1935 4646 dicendum
1973 4580 2146 4647 sicut
2195 4581 2256 4646 in
2307 4580 2643 4650 solutione

1096 4689 1295 4779 primi
1338 4687 1598 4754 dictum
1642 4695 1763 4755 est.

1185 4798 1288 4863 An
1319 4819 1524 4864 Λιιυυ
1562 4794 1946 4872 dicendum,
1983 4796 2162 4886 quod
2202 4807 2360 4868 sunt
2406 4799 2641 4868 sormae

1094 4910 1160 4974 in
1194 4906 1485 4973 materia
1520 4928 1604 4972 ex
1634 4927 1769 4994 qua
1807 4903 1974 4971 fiunt
2018 4928 2146 4984 res,
2197 4914 2258 4975 et
2301 4906 2430 4976 illae
2469 4908 2643 4977 edu-

1088 5023 1341 5083 cuntur
1386 5014 1471 5081 de
1521 5013 1799 5080 materia
1842 5036 1961 5103 per
2002 5036 2209 5105 agens
2252 5014 2635 5107 physicum.

1091 5125 1268 5191 Sunt
1291 5123 1502 5190 etiam
1534 5120 1767 5189 formae
1797 5123 1863 5188 in
1893 5121 2262 5189 substantia
2294 5132 2360 5191 et
2392 5133 2642 5214 poten-

1087 5233 1198 5303 tiis
1228 5232 1481 5298 animae
1515 5252 1635 5320 per
1663 5228 1968 5297 ordinem
2001 5227 2086 5296 ad
2116 5227 2333 5298 Deum
2379 5239 2446 5299 et
2493 5241 2642 5300 sta-

1085 5352 1232 5410 tum
1265 5335 1737 5420 heatitudiniS,
1766 5344 1832 5404 et
1860 5336 1992 5404 itlae
2017 5358 2254 5407 omnes
2273 5346 2490 5406 sunta
2519 5338 2638 5407 da·

1083 5461 1229 5517 tore
1272 5445 1518 5515 talium
1547 5444 1920 5513 formarum
1953 5447 2066 5536 qui
2098 5455 2198 5515 est
2235 5445 2440 5533 DeuS‚
2483 5470 2644 5517 cor-

1084 5561 1170 5628 da
1203 5556 1465 5625 munda
1504 5578 1739 5623 creans
1808 5557 1875 5622 in
1936 5557 2156 5634 uobis,
2201 5567 2263 5626 et
2328 5559 2640 5649 spiritum

1086 5677 1350 5736 rectum
1385 5664 1723 5731 innovans
1763 5663 1829 5729 in
1869 5664 2235 5731 visceribus
2276 5670 2544 5734 nostris.

1351 5815 1466 5855 XXV

4178 311 4307 376 4⁶35

2851 477 2953 541 An
2983 500 3179 543 acmo
3214 477 3598 554 dicendum,
3636 478 3819 567 quod
3849 476 4140 544 charitas
4174 502 4309 545 non

2757 583 2986 673 jungit
3017 607 3139 652 nos
3171 607 3288 675 per
3318 584 3448 654 hoc
3475 585 3658 675 quod
3688 594 3789 653 est
3827 594 4156 664 creatura,
4192 587 4309 653 sed

2763 696 3136 762 secundum
3177 696 3365 787 *quod
3405 705 3504 764 est
3532 696 3904 763 similitudo
3937 706 4002 764 et
4032 720 4313 765 emana-

2764 804 2857 869 tio
2899 803 3214 892 quaedam
3268 804 3589 871 bonitatis
3628 803 3779 882 Dei,
3833 806 3948 894 qui
3990 805 4171 871 Deus
4230 827 4311 872 ex

2763 910 2996 977 eadem
3039 910 3342 978 bonitate
3394 913 3460 977 in
3500 912 3643 1002 ipsa
3674 912 3991 1001 jungitur
4038 911 4304 978 animae.

2855 1017 2958 1082 Ao
3015 1040 3211 1084 Amen
3253 1017 3636 1095 dicendum,
3699 1017 3884 1108 quod
3934 1018 4015 1085 de
4083 1018 4312 1084 anima

2765 1144 2902 1189 non
2944 1131 3043 1190 est
3074 1123 3293 1190 simile
3330 1146 3344 1192 ε
3382 1126 3539 1214 quia
3586 1126 3816 1191 anima
3863 1147 3934 1192 se
3975 1123 4176 1191 habet
4228 1124 4313 1190 ad

2764 1226 3010 1320 corpus
3039 1240 3115 1299 ut
3147 1240 3372 1299 motor
3401 1241 3468 1299 et
3499 1231 3737 1309 forma,
3785 1240 3851 1300 et
3877 1232 4028 1299 ideo
4063 1234 4313 1299 imme·-

2765 1338 2945 1405 diata
2984 1341 3201 1428 est‘ei
3244 1340 3418 1407 sicut
3479 1341 3701 1408 forma
3738 1342 4034 1408 materiae
4100 1363 4114 1407 :
4194 1342 4312 1408 sed

2765 1447 3059 1537 Spiritus
3098 1457 3371 1516 sanctus
3410 1447 3716 1517 sehabet
3753 1448 3838 1517 ad
3896 1451 4193 1517 animam
4238 1457 4313 1516 ut

2761 1563 2989 1622 motor
3028 1578 3164 1623 non
3203 1555 3608 1644 conjunctus
3655 1557 4026 1626 secundum
4076 1581 4313 1625 essen-

2758 1662 2948 1730 tiam.

2853 1770 3210 1850 Praeterea,
3247 1771 3607 1861 Proportio
3649 1780 3750 1839 est
3789 1772 3964 1841 inter
4008 1775 4307 1840 animam

2759 1886 2827 1945 et
2856 1901 3101 1969 corpus
3128 1902 3143 1947 ε
3179 1880 3356 1947 inter
3394 1881 3693 1947 animam
3723 1889 3951 1948 autem
3991 1889 4059 1949 et
4087 1882 4307 1949 Deum

2761 2011 2923 2064 non,
2960 1988 3077 2055 sed
3118 1988 3438 2056 distantia
3486 1988 3751 2057 infinita

2757 2118 2943 2165 cesse
2975 2105 3077 2164 est
3108 2095 3333 2164 medio
3374 2097 3723 2188 conjungi.

2845 2203 2932 2271 Et
2977 2203 3151 2271 forte
3206 2203 3414 2272 etiam
3473 2202 3603 2271 hoc
3651 2202 3896 2271 falsum
3944 2214 4070 2285 est,
4125 2204 4307 2294 quod

2758 2315 2989 2381 anima
3019 2338 3140 2405 per
3176 2336 3248 2382 se
3286 2315 3375 2381 sit
3403 2315 3542 2381 vita
3575 2316 3880 2405 corporis
3917 2337 3933 2381 ε
3977 2318 4079 2384 est
4123 2316 4306 2381 enim

2755 2418 3004 2509 duplex
3044 2421 3183 2487 vita
3241 2443 3376 2511 qua
3431 2419 3676 2487 dicitur
3729 2443 3976 2511 corpus
4041 2421 4302 2500 vivum,

2757 2551 3048 2618 quarum
3081 2552 3218 2596 una
3248 2536 3349 2596 est
3377 2530 3515 2596 vita
3552 2552 3675 2619 per
3698 2551 3974 2597 causam
4015 2529 4307 2597 cilicien-

2758 2644 2920 2715 tem,
2962 2645 3031 2705 et
3076 2636 3219 2704 haec
3259 2644 3358 2705 est
3396 2637 3625 2704 anima
3670 2660 3686 2704 :
3728 2636 3860 2704 alia
3900 2647 3999 2706 est
4049 2637 4305 2704 inlluxa

2756 2745 3020 2835 corpori
3063 2742 3148 2812 ab
3189 2744 3441 2822 anima,
3485 2753 3551 2812 et
3580 2743 3880 2813 adhaeret
3920 2746 4187 2835 corpori
4232 2752 4305 2812 ut

2756 2852 2999 2933 forma,
3033 2861 3096 2921 et
3127 2849 3278 2920 haec
3305 2851 3597 2920 secunda
3630 2851 3871 2918 similis
3921 2861 4023 2920 est
4078 2849 4308 2919 chari-

2756 2960 2879 3027 tati
2910 2957 3266 3036 habituali,
3302 2960 3519 3047 prima
3558 2967 3786 3026 autem
3829 2958 4111 3050 Spiritui
4144 2982 4302 3025 san-

2754 3076 2890 3135 cto,

2842 3176 2948 3243 An
2996 3198 3191 3243 amun
3230 3173 3617 3252 dicendum,
3654 3174 3834 3265 quod
3876 3174 4175 3243 medium
4220 3176 4305 3243 il-

2755 3283 2874 3352 lud
2931 3306 3065 3351 non
3108 3283 3475 3374 requiritur
3531 3291 3806 3374 propter
3843 3283 4305 3373 imperfectio-

2754 3412 2912 3459 nem
2952 3390 3299 3480 operantis
3339 3388 3657 3480 Spiritus,
3698 3389 3817 3457 sed
3845 3392 4072 3481 potius
4104 3414 4305 3482 prop-

2754 3505 2854 3565 ter
2908 3496 3489 3587 imperfectionem
3532 3504 3832 3564 nostram
3886 3517 3904 3566 ε
3966 3498 4124 3587 quia
4174 3521 4306 3565 no-

2751 3611 2890 3672 ster
2940 3604 3221 3673 allectus
3278 3626 3416 3671 non
3456 3610 3677 3693 potest
3736 3605 3802 3671 in
3861 3612 4087 3672 actum
4145 3628 4303 3672 cum

2756 3711 3013 3801 Spiritu
3055 3711 3396 3802 progredi,
3439 3712 3568 3779 nisi
3610 3711 3995 3802 perficiatur
4031 3735 4150 3802 per
4189 3711 4304 3779 ha·

2753 3818 2972 3887 bitum
3018 3817 3110 3886 illi
3142 3819 3324 3888 actui
3354 3842 3762 3911 congruum.

2844 3930 2946 3996 An
2996 3952 3191 3995 Auen
3223 3928 3611 4012 dicendum,
3653 3928 3837 4020 quod
3886 3928 4120 3997 lucens
4158 3930 4303 4020 pri-

2757 4060 2944 4104 mum
3006 4046 3231 4105 movet
3284 4059 3403 4128 per
3460 4038 3883 4105 influentiam
3926 4036 4094 4105 lucis
4154 4062 4304 4129 quae

2758 4169 2894 4213 non
2953 4155 3052 4212 est
3112 4147 3360 4237 ipsum,
3404 4147 3517 4213 sed
3550 4154 3649 4212 est
3691 4145 3922 4214 lurnen
3972 4148 4299 4216 ornuxum

2751 4255 2836 4320 ab
2879 4256 3025 4345 ipsu
3059 4255 3123 4321 in
3169 4254 3231 4321 id
3280 4254 3465 4345 quod
3520 4264 3834 4323 movetur
3878 4255 4141 4323 lucente
4173 4259 4306 4347 pri·

2754 4385 2894 4430 mo.
2959 4362 3053 4428 lta
3111 4370 3214 4429 est
3253 4359 3359 4428 hic
3418 4361 3597 4453 quod
3639 4361 3932 4431 charitas
3970 4376 4067 4432 est
4110 4366 4300 4455 quasi

2752 4471 2984 4541 lumen
3026 4474 3352 4541 eltluxum
3395 4496 3433 4539 a
3474 4472 3732 4565 Spiritu
3765 4484 4000 4543 sancto
4030 4477 4095 4543 iu
4129 4498 4298 4542 nos:

2752 4578 3047 4671 Spiritus
3088 4589 3314 4648 autem
3347 4589 3622 4647 sanctus
3652 4588 3750 4647 est
3784 4582 3976 4672 quasi
4008 4582 4109 4649 sol
4153 4583 4303 4649 lons

2752 4686 3034 4754 luminis
3074 4696 3135 4754 et
3179 4686 3424 4755 caloris
3475 4689 3542 4754 in
3584 4686 3802 4755 nobis.

2837 4803 2941 4868 An
2987 4822 3185 4868 amru
3223 4799 3610 4880 dicendum,
3655 4801 3836 4891 quod
3877 4802 4094 4871 virtus
4142 4827 4299 4870 mo-

2747 4911 2911 4979 toris
2950 4911 3146 5001 primi
3190 4910 3359 4978 adeo
3390 4911 3678 5002 simplex
3718 4921 3841 4989 est,
3896 4913 4077 5003 quod
4121 4914 4294 4982 sicut

2744 5021 2940 5088 estin
2985 5023 3131 5111 ipso
3174 5044 3310 5088 uon
3341 5028 3561 5110 potest
3611 5022 3813 5111 recipi
3862 5045 3900 5089 a
3943 5046 4287 5114 quoquam

2743 5137 2971 5198 creato
3008 5152 3023 5196 ε
3058 5128 3238 5196 unde
3293 5129 3466 5196 sicut
3504 5135 3606 5197 est
3662 5130 3729 5195 in
3773 5129 4006 5197 mobili
4041 5132 4288 5221 primo,

2746 5237 2927 5330 quod
2971 5238 3192 5328 ipsum
3226 5244 3493 5327 oportet
3519 5235 3768 5305 habere
3808 5239 4292 5330 proprietatem

2747 5342 3222 5434 disponentem
3253 5364 3323 5410 se
3354 5343 3438 5409 ad
3475 5340 3607 5410 hoe
3645 5342 3826 5432 quod
3870 5345 4147 5435 recipiat
4186 5347 4297 5415 in—

2748 5452 3097 5520 fluentiam
3156 5456 3382 5518 motus
3438 5451 3659 5540 primo
3728 5452 4037 5530 motoris,
4107 5477 4298 5545 quae-
4369 5460 4380 5469 “

2746 5582 3041 5649 cumque
3108 5561 3195 5626 sit
3253 5557 3365 5625 illa
3409 5557 3783 5649 proprietas
3843 5582 3857 5625 :
3906 5560 3995 5627 ita
4054 5569 4154 5631 est
4212 5585 4296 5631 ex

2749 5678 2939 5758 parte
2986 5668 3267 5740 allec-tus
3323 5668 3564 5749 nostri,
3625 5666 3809 5757 quod
3871 5670 4296 5739 influentiam

3964 5808 4034 5860 30

3804 2011 3820 2058 ε
3872 1998 3938 2059 et
3992 1990 4140 2057 ideo
4185 2014 4311 2058 ne·
4382 1989 4383 1992 '

4437 524 4517 568 Ad
4545 523 4593 571 5.

4425 1061 4504 1105 Ad
4529 1064 4574 1108 6.

4432 3212 4503 3258 Λᾶ
4530 3212 4574 3259 Y.

4415 3967 4484 4013 Ad
4514 3967 4557 4014 8.

4427 4829 4498 4873 ad
4520 4830 4564 4875 9.
