4897 6388
772 2853 973 2904 solutio.

1552 312 1605 390 ·.‘
1664 315 1761 387 {N
1808 316 1835 383 l
1889 316 2315 384 SENTENT.
2376 315 2597 384 DIST.
2651 317 2837 397 VIII,
2893 318 2967 410 β,
3019 316 3218 383 ART.
3273 317 3384 395 119,
3427 317 3511 383 20
3550 316 3659 382 ET
3697 319 3803 384 21.

1492 895 1998 965 ARTICULUS
2048 897 2209 965 XIX
2226 950 2240 966 .

1089 1072 1336 1173 Uti-uin
1373 1108 1565 1174 solus
1613 1111 1793 1177 Deus
1835 1110 2082 1178 habeat
2138 1113 2637 1181 immortalita-

1173 1226 1331 1300 tem,
1392 1218 1569 1306 quid
1619 1228 1715 1285 est
1762 1221 2283 1301 immortalitas,
2353 1231 2417 1288 et
2484 1246 2635 1312 quae

1070 1393 1105 1400 ,,
1172 1323 1500 1392 dicuntur
1526 1327 1745 1395 vivere
1773 1338 1838 1394 et
1875 1327 2113 1397 mori?

1167 1641 1430 1710 Deinde
1486 1646 1810 1733 quaeritur
1858 1645 1938 1713 de
1995 1645 2128 1715 hoc
2167 1648 2352 1737 quod
2400 1648 2560 1717 dicit
2608 1672 2623 1718 ε

1083 1775 1116 1809 α
1224 1748 1362 1831 Qui
1441 1749 1632 1818 solus
1705 1748 1912 1818 habet
2003 1753 2625 1835 immortalitatem,

1075 1864 1208 1924 etc.
1257 1882 1290 1921 ι
1861 1931 1869 1937 .

1166 1961 1345 2043 Quid
1373 1973 1656 2034 vocetur
1693 1955 2188 2037 immortalitas
2214 1966 2256 2036 Ρ
2294 1969 2413 2038 Est
2444 1971 2627 2040 enim

1060 2072 1557 2142 ,immortalitas
1614 2073 1940 2143 naturalis
1995 2078 2301 2166 potentia
2354 2077 2441 2145 ad
2489 2100 2628 2145 non

1060 2183 1277 2261 mori,
1313 2183 1424 2252 vel
1471 2185 1556 2252 ad
1599 2186 2045 2255 resistendum
2078 2186 2185 2255 his
2234 2210 2386 2279 quae
2423 2189 2632 2257 indu-

1074 2298 1238 2358 cunt
1270 2300 1558 2360 mortem
1595 2315 1612 2362 ε
1646 2303 1712 2362 et
1751 2294 1894 2364 haec
1924 2303 2189 2364 tantum
2219 2298 2291 2364 in
2330 2297 2630 2365 viventi-

1069 2395 1200 2464 bus
1229 2397 1499 2466 videtur
1554 2423 1699 2468 esse
1752 2423 1768 2468 τ
1820 2401 2176 2470 variabilia
2213 2413 2445 2473 autem
2487 2428 2626 2473 non

1070 2506 1304 2572 omnia
1366 2506 1609 2573 vivunt
1651 2530 1667 2576 τ
1710 2530 1872 2599 ergo
1915 2509 2207 2588 videtur,
2259 2510 2445 2601 quod
2486 2535 2625 2579 non

1072 2611 1481 2679 moriantur.

1160 2843 1264 2910 An
1303 2866 1433 2911 noc
1470 2844 1858 2925 dicendum,
1901 2847 2086 2938 quod
2115 2850 2345 2917 vivere
2372 2860 2439 2919 et
2471 2874 2621 2919 mo-

1067 2950 1121 3019 ri
1163 2960 1529 3019 sumuntur
1583 2951 1691 3021 hic
1730 2977 1771 3022 a
1816 2957 1957 3022 vita
1998 2959 2458 3028 communiter
2504 2983 2621 3028 ac-

1058 3067 1254 3148 cepta
1292 3081 1426 3149 qua
1456 3059 1746 3128 dicimus
1775 3084 2023 3153 aquam
2055 3066 2313 3145 vivam,
2346 3074 2414 3134 et.
2454 3066 2620 3157 lapi-

1052 3167 1212 3237 dem
1260 3170 1527 3248 vivum,
1573 3179 1643 3239 et
1674 3169 2067 3262 hujusmodi
2106 3183 2222 3244 :et
2265 3175 2398 3245 hoc
2448 3177 2627 3248 nihil

1056 3275 1243 3344 aliud
1271 3285 1372 3345 est
1402 3300 1610 3369 quam
1652 3288 1843 3347 actus
1871 3280 2255 3372 completus
2291 3288 2615 3376 potentiae

1054 3384 1169 3476 qui
1213 3393 1315 3453 est
1373 3385 1747 3454 secundum
1796 3389 1888 3456 rei
1930 3398 2245 3458 naturam
2284 3414 2300 3459 ε
2339 3394 2615 3483 quando

1053 3492 1239 3560 enim
1291 3492 1484 3562 illum
1526 3502 1751 3564 actum
1803 3496 2019 3566 lacere
2070 3508 2322 3590 potest,
2373 3501 2619 3572 dicitur

1051 3599 1307 3677 vivere,
1344 3608 1418 3667 ut
1462 3623 1640 3691 aqua
1678 3601 1837 3670 viva
1908 3605 2182 3695 quando
2221 3616 2323 3674 est
2372 3610 2438 3676 in
2483 3612 2617 3677 im-

1051 3716 1216 3797 petu
1255 3706 1726 3796 refrigerandi.
1768 3714 2006 3777 vinum
2052 3712 2287 3780 vivum
2338 3717 2614 3804 quando

1050 3812 1345 3903 perfecte
1373 3823 1683 3903 penetrat
1733 3815 1801 3882 in
1850 3826 2081 3906 gustu.
2125 3826 2314 3908 petra
2353 3824 2511 3889 viva
2546 3825 2611 3892 in

1051 3918 1391 3988 soliditate
1421 3921 1689 3989 duritiei
1737 3945 1752 3989 ε
1795 3932 1854 3990 et
1916 3924 2196 3993 ell'ectus
2232 3929 2608 3999 secundum

1056 4029 1355 4116 speciem
1423 4029 1930 4120 consequentis,
2000 4034 2169 4099 sicut
2249 4034 2611 4127 sapphirus

1051 4133 1253 4201 vivus
1290 4134 1563 4225 quando
1602 4135 1872 4226 expellit
1924 4160 2293 4209 venenum.
2337 4141 2608 4212 Etcum

1051 4238 1444 4328 hujusmodi
1504 4243 1644 4310 vita
1696 4244 1781 4311 sit
1819 4268 1859 4312 a
1912 4247 2443 4337 proprietatibus
2499 4274 2611 4317 re-

1053 4371 1234 4432 rum,
1268 4350 1543 4440 quando
1575 4360 1927 4422 mutantur
1958 4355 2025 4421 in
2059 4354 2214 4433 illis.
2254 4366 2610 4426 mutantur

1036 4446 1121 4522 in
1160 4453 1553 4545 hujusmodi
1614 4458 1875 4527 actibus
1909 4469 2016 4529 :et
2066 4461 2217 4530 ideo
2276 4466 2447 4532 mori
2497 4466 2606 4533 ‹li-

1052 4573 1322 4633 cuntur.

3164 905 3665 975 ARTICULUS
3720 904 3874 972 XX.

2748 1121 2937 1207 Quid
2979 1128 3251 1186 vocetur
3299 1114 3708 1183 obumbrata
3766 1109 4182 1189 vicissitud0‚
4225 1120 4287 1176 et

2893 1238 3127 1293 utrum
3157 1223 3510 1292 conveniat
3542 1222 3727 1287 omni
3755 1228 4078 1286 creaturae
4105 1215 4145 1283 ἶ)

2827 1562 3089 1631 Deinde
3138 1557 3463 1650 quaeritur
3503 1553 3583 1620 de
3635 1551 3762 1618 hoc
3822 1551 4004 1639 quod
4059 1551 4220 1618 dicit
4261 1573 4277 1619 z

2739 1698 2773 1738 α
2850 1672 2986 1739 Nee
3077 1677 3172 1735 est
3246 1661 3736 1731 vicissitudinis
3818 1657 4278 1739 obumbrati0‚

2853 1832 2867 1846 ,
2918 1808 2950 1839 ι»

2739 1789 3025 1966 etcQuid
3086 1884 3349 1952 dicatur
3399 1879 3509 1947 hic
3570 1876 3976 1945 obumbrata
4028 1877 4284 1943 vicissi-

2734 1994 2905 2062 tudo
2935 1991 2977 2060 P
3845 2039 3852 2045 .

2823 2099 2906 2167 Et
2937 2096 3324 2169 dicendum,
3360 2092 3545 2186 quod
3591 2089 3980 2159 vicissitudo
4019 2095 4120 2157 est
4149 2111 4278 2156 nu-

2732 2228 2960 2273 merus
2989 2206 3183 2287 viciS‚
3227 2212 3293 2271 et
3341 2201 3664 2290 competit
3711 2197 3896 2265 omni
3956 2205 4276 2264 creaturae

2731 2317 2939 2384 etiam
2970 2312 3304 2405 spirituali
3338 2314 3408 2379 in
3449 2310 3886 2377 renovatione
3933 2306 4277 2374 vicissitu-

2730 2421 2906 2489 dinis
2960 2421 3328 2489 asl'ectuum
3387 2425 3451 2484 et
3507 2413 4144 2506 apprehensionum.
4191 2411 4275 2479 Et

2730 2529 2976 2596 dicitur
3029 2524 3467 2606 obumbrata,
3536 2523 3693 2613 quia
3749 2544 3831 2588 ex
3897 2519 4271 2610 privatione

2729 2646 2854 2715 est,
2897 2658 2980 2704 eo
3035 2633 3218 2725 quod
3259 2639 3567 2701 creatura
3623 2637 3722 2696 est
3780 2636 3933 2718 post
3983 2625 4174 2706 nihil,
4210 2634 4276 2693 et

2728 2767 2812 2811 ex
2860 2742 2992 2810 hoc
3030 2741 3212 2833 quod
3262 2762 3399 2808 uon
3441 2746 3543 2806 est
3578 2734 3861 2825 simplex
3903 2743 4205 2802 creatura
4245 2755 4260 2802 :

2725 2852 2838 2920 illa
2869 2854 3051 2921 enim
3098 2851 3232 2918 duo
3274 2847 3551 2918 trahunt
3581 2846 3663 2914 ad
3702 2845 4037 2923 umbram,
4082 2842 4268 2935 quod

2724 2960 2792 3027 id
2832 2958 3014 3051 quod
3052 2967 3153 3025 est
3196 2958 3262 3025 in
3306 2954 3635 3047 spirituali
3688 2963 3948 3033 natura,
3992 2975 4127 3020 non
4167 2959 4268 3018 est

2721 3068 2890 3134 sicut
2936 3067 3001 3132 in
3034 3064 3180 3133 luce
3211 3064 3428 3155 prima
3461 3063 3799 3131 creatrice.

3111 3502 3612 3573 ARTlCliLUS
3663 3503 3847 3571 xxi.

2723 3713 2968 3780 Utrum
2977 3734 3109 3803 per
3154 3721 3460 3803 tempora
3492 3714 3767 3790 moveri,
3798 3713 3889 3778 sit
3925 3735 4050 3803 per
4094 3714 4257 3803 affe·

2802 3820 3078 3900 ctioneS,
3122 3818 3230 3886 vel
3248 3842 3377 3910 per
3423 3817 3805 3887 intellectus
3849 3818 4258 3910 speculativi

2802 3925 3369 4016 apprehensiones
3408 3928 3668 3993 iniciari
3691 3925 3732 3992 ?

2805 4247 3100 4316 Ulterius
3149 4247 3478 4337 quaeritur
3523 4245 3604 4315 de
3644 4245 3770 4315 hoc
3820 4245 3998 4339 quod
4039 4246 4199 4315 dicit
4234 4269 4250 4315 ε

2713 4382 2746 4416 α
2788 4357 2878 4421 1ιί
2928 4377 3057 4445 per
3119 4362 3428 4445 tempora
3477 4355 3728 4421 moveri
3772 4364 3867 4418 es!
3913 4377 4038 4444 per
4083 4356 4253 4444 affe-

2710 4462 2961 4527 ctiones
2997 4460 3442 4538 commutari,
3477 4468 3601 4527 ete.
3643 4488 3674 4522 a

2801 4568 3026 4646 Quare
3067 4592 3203 4636 non
3237 4569 3395 4638 dicit
3448 4593 3565 4661 per
3594 4569 3965 4637 intellectus
4008 4592 4253 4660 specu-

2710 4672 2897 4741 lativi
2931 4673 3508 4764 apprehensiones
3535 4677 3995 4745 commutari?

2801 4780 2956 4848 Ιτειιι
2991 4783 3340 4873 quaeritur,
3381 4784 3614 4853 Utrum
3647 4806 3764 4873 per
3789 4792 4093 4874 tempora
4125 4806 4250 4851 va-

2709 4890 2967 4956 rientur
2995 4890 3269 4981 quando
3310 4892 3694 4960 alliciuntur
3733 4893 3799 4958 in
3832 4890 3972 4958 Deo
4002 4914 4251 4960 seeun-

2713 4994 2874 5063 dum
2909 4995 3136 5087 plures
3167 4998 3490 5077 rationes,
3525 4999 3770 5068 scilieet
3802 5001 3969 5067 sic-ut
4002 5002 4069 5067 in
4099 5000 4256 5067 sub-

2707 5107 2957 5172 stantia
2988 5127 3284 5186 summa,
3320 5109 3492 5175 sieut
3526 5094 3946 5206 in‘bonitate,
3980 5109 4150 5175 sicut
4183 5110 4250 5175 in
4330 5096 4336 5102 ³

2711 5216 3051 5293 (tremore,
3095 5215 3268 5282 sicut
3309 5216 3377 5283 in
3416 5218 3764 5308 sapientia.
3797 5227 3857 5285 et
3890 5216 4249 5305 hujusmo-

2706 5321 2829 5389 di?
2860 5320 3168 5399 Videtur,
3204 5323 3388 5412 quod
3417 5326 3511 5392 sic
3549 5348 3565 5393 ε
3599 5326 3754 5416 quia
3785 5324 3944 5392 talia
3983 5347 4121 5392 non
4153 5326 4246 5391 si·

2706 5428 2849 5495 mul
2894 5428 3212 5496 videntur
3259 5429 3499 5498 cadere
3547 5432 3614 5498 in
3664 5431 3973 5499 affectum
4022 5454 4036 5498 ε
4081 5454 4243 5522 ergo

2703 5546 2863 5604 sunt
2897 5538 2964 5604 in
3001 5559 3139 5603 uno
3191 5546 3345 5627 post
3390 5539 3645 5630 aliquid
3681 5563 3695 5607 :
3730 5563 3891 5631 ergo
3922 5541 4248 5608 vicissitu-

2709 5646 2795 5714 do
2825 5653 2927 5713 est
2956 5646 3069 5711 ibi.
