4897 6388
1830 365 1924 430 IN
1972 364 1999 429 l
2051 361 2474 430 SENTENT.
2533 357 2751 427 ntS'r.
2807 360 2925 440 lv,
2979 365 3062 443 A,
3117 365 3315 431 ART.
3373 369 3433 434 1.

1056 558 1350 626 persona
1374 536 1523 602 ssuit
1552 556 1589 600 a
1628 554 1939 621 persona,
1976 555 2053 600 eo
2087 533 2270 623 quod
2309 539 2408 600 est
2447 553 2602 621 per-

1057 666 1228 710 sona
1259 666 1296 709 a
1338 664 1472 731 qua
1510 646 1610 706 est
1648 639 1872 706 fluxus
1903 639 2051 719 iste,
2088 648 2153 708 et
2185 651 2284 708 est
2317 661 2602 730 persona

1057 752 1302 827 ssuens,
1330 758 1397 815 et
1426 749 1669 814 iterum
1701 746 1834 816 alio
1866 749 2239 816 secundum
2273 750 2602 815 rationem

1061 856 1253 924 fluxu
1293 855 1442 921 ssuit
1478 877 1518 921 a
1554 853 1781 934 Patre,
1826 866 1890 922 et
1930 855 2062 923 alio
2116 856 2262 923 fluit
2315 854 2606 943 Spiritus

1067 972 1341 1031 sanctus
1373 961 1455 1028 ab
1486 970 1776 1052 utroque
1810 985 1826 1030 ε
1885 971 1949 1031 et
1988 965 2096 1032 isti
2147 963 2329 1030 modi
2385 962 2607 1028 fluxus

1068 1091 1376 1160 personae
1409 1092 1446 1136 a
1477 1091 1769 1158 persona
1806 1069 2339 1137 determinantur
2368 1069 2436 1134 in
2477 1068 2607 1158 pri·

1064 1199 1178 1244 ma
1206 1185 1420 1266 parte.
1467 1174 1857 1244 Secundum
1914 1176 2097 1267 quod
2134 1177 2448 1267 exigitur,
2503 1181 2603 1241 est

1063 1292 1137 1350 ut
1181 1289 1528 1351 remaneat
1554 1281 1905 1372 aequalitas
1934 1290 1999 1350 et
2026 1280 2607 1350 communicabili-

1066 1400 1169 1460 tas
1236 1393 1306 1459 in
1364 1399 1605 1458 natura
1665 1391 1855 1477 cujus
1923 1401 2080 1458 sunt
2141 1413 2474 1480 personae‚
2546 1398 2612 1455 et

1069 1498 1425 1591 aequalitas
1450 1497 1945 1589 praedicationis
1975 1501 2281 1566 omnium
2305 1519 2611 1566 commu-

1068 1608 1261 1673 nium
1313 1605 1396 1674 de
1439 1604 1600 1694 ipsis
1663 1629 1677 1672 ε
1721 1612 1789 1673 et
1832 1604 1964 1673 hoc
2009 1604 2496 1673 determinatur
2544 1605 2612 1670 in

1068 1713 1367 1782 secunda
1396 1722 1584 1804 parte
1628 1736 1779 1804 quae
1818 1713 2265 1803 incipitinfra‚
2308 1712 2463 1790 dist,
2505 1712 2608 1789 19,

1070 1822 1162 1890 ibi
1234 1821 1511 1899 scilicet,
1548 1849 1582 1885 «
1629 1823 1830 1889 Nunc
1859 1831 2229 1913 postquam
2266 1821 2617 1889 coaeterni-

1071 1937 1281 1996 tatem
1322 1929 1534 1995 trium
1557 1951 2033 2019 personarum,
2064 1937 2192 1997 etc.
2241 1954 2273 1992 n

1158 2032 1461 2100 Tertium
1493 2040 1720 2099 autem
1762 2040 1884 2109 est,
1924 2032 2101 2123 quod
2141 2033 2274 2098 sint
2304 2030 2618 2121 proprie-

1068 2146 1245 2208 tates
1283 2139 1656 2208 secundum
1695 2161 1863 2230 quas
1894 2162 2027 2206 una
2056 2162 2341 2229 persona
2370 2138 2454 2205 ab
2487 2137 2619 2205 alia

1072 2247 1562 2340 distinguitur:
1606 2256 1672 2315 et
1708 2245 1839 2316 hoc
1885 2247 2375 2316 determinatur
2414 2246 2612 2325 infra,

1076 2357 1233 2428 dist.
1277 2358 1388 2441 26,
1423 2357 1513 2424 ibi
1573 2357 1851 2436 scilicet,
1898 2385 1929 2419 ι
1964 2357 2162 2425 Nunc
2198 2356 2281 2424 de
2299 2357 2620 2448 proprie-

1078 2466 1364 2545 tatibus,
1398 2475 1525 2534 etc.
1563 2490 1597 2531 n

1167 2575 1400 2642 Prima
1457 2573 1697 2641 barum
1784 2575 2075 2664 partium
2142 2573 2467 2642 dividitur
2551 2573 2618 2638 in

1076 2681 1247 2750 duas
1279 2703 1297 2752 ε
1333 2682 1402 2749 in
1434 2704 1722 2772 quarum
1750 2684 1970 2771 prima
2001 2682 2217 2772 tangit
2243 2680 2622 2771 generatio-

939 2804 953 2818 ·
1078 2814 1236 2858 nem
1305 2790 1456 2857 Filii
1521 2813 1560 2858 a
1605 2789 1824 2859 Patre.
1890 2789 1964 2857 ln
2033 2790 2355 2871 secunda,
2403 2789 2622 2877 tangit

1075 2897 1583 2989 processionem
1618 2896 1910 2987 Spiritus
1936 2898 2146 2965 sancti
2178 2895 2261 2964 ab
2301 2906 2616 2985 utroque,

1076 3006 1407 3073 sciliceta
1449 3004 1646 3073 Patre
1678 3012 1744 3072 et
1800 3003 1970 3072 Filio
2015 3027 2031 3072 z
2092 3012 2157 3073 et
2196 3003 2337 3073 baec
2382 3004 2620 3093 incipit

1082 3111 1285 3193 infra,
1314 3111 1483 3188 dist.
1525 3114 1630 3192 ¹0.
1689 3110 1778 3179 ibi
1819 3111 2095 3196 scilicet,
2159 3141 2192 3175 a
2234 3111 2431 3180 Nunc
2461 3120 2618 3202 post

1078 3221 1256 3290 Filii
1281 3224 1755 3303 aetemitatem,
1781 3231 1905 3290 etc.

1169 3330 1404 3399 Prima
1440 3330 1682 3399 harum
1713 3329 2034 3398 dividitur
2061 3330 2129 3397 in
2152 3338 2444 3421 quatuor
2472 3352 2622 3421 qum

1081 3440 1519 3507 circumstant
1548 3446 1770 3507 actum
1802 3439 2277 3529 generationis,
2312 3437 2418 3505 Ad
2464 3461 2623 3505 om-

1080 3567 1240 3613 nem
1300 3548 1481 3614 enim
1540 3553 1763 3613 actum
1821 3546 2272 3635 generationis
2326 3553 2622 3635 quatuor

1072 3653 1469 3744 exiguntur,
1540 3652 1791 3721 scilicet
1865 3654 2132 3721 termini
2206 3661 2394 3720 actus
2441 3653 2620 3719 inter

1072 3784 1249 3852 quos
1280 3770 1408 3841 est,
1450 3770 1522 3828 ut
1562 3783 1602 3828 a
1645 3783 1781 3851 quo
1821 3769 1887 3829 et
1937 3761 2006 3828 in
2053 3783 2256 3850 quem
2295 3771 2393 3828 est
2447 3781 2464 3827 z
2517 3784 2619 3825 se·

1069 3867 1401 3946 cundum,
1432 3869 1736 3959 potentia
1774 3867 2104 3936 inclinans
2141 3867 2227 3935 ad
2282 3877 2505 3935 actum
2549 3869 2615 3933 in

1069 3982 1440 4064 generante
1477 3995 1494 4042 :
1528 3982 1591 4041 et
1621 3974 1920 4055 tertium,
1963 3981 2202 4041 natura
2230 3974 2620 4040 communi-

1069 4086 1219 4148 cata
1259 4104 1381 4171 per
1410 4090 1634 4150 actum
1667 4081 2146 4171 generationis,
2181 4103 2332 4171 quae
2378 4080 2488 4149 vel
2519 4080 2618 4148 di-

1070 4190 1248 4257 citur
1295 4190 1362 4257 in
1424 4198 1788 4280 generante
1826 4199 1893 4257 et
1940 4199 2286 4280 generato,
2337 4188 2446 4258 vel
2499 4212 2615 4256 se-

1069 4294 1373 4362 cundum
1406 4295 1584 4364 idem
1614 4295 2008 4386 simpliciter
2045 4306 2269 4364 manet
2301 4297 2369 4363 iu
2418 4306 2615 4363 utro-

1071 4425 1205 4493 que
1247 4423 1264 4471 :
1302 4412 1369 4471 et
1398 4413 1716 4494 quartum
1755 4412 1853 4471 est
1894 4403 1957 4470 id
1988 4403 2171 4495 quod
2210 4403 2447 4472 accidit
2495 4427 2610 4494 ge·

1072 4511 1408 4579 nerationi
1472 4510 1924 4601 per·modum
1981 4514 2432 4580 mensurantis
2487 4537 2616 4581 ex-

1072 4618 1432 4696 trinsecus,
1522 4618 1695 4685 sicut
1775 4625 2042 4709 tempus
2117 4628 2466 4688 mensurat
2547 4622 2615 4687 in

1078 4728 1518 4817 generatione
1613 4725 2182 4817 corruptibilium,
2280 4735 2355 4794 ut
2455 4728 2615 4797 dicit

1071 4834 1472 4926 Dionysius,
1531 4837 1869 4904 aeternitas
1925 4845 2152 4904 autem
2200 4838 2269 4904 in
2324 4861 2615 4928 genera-

1070 4944 1259 5011 tione
1292 4951 1599 5034 aeterna:
1644 4952 1706 5012 et
1763 4942 1846 5011 de
1886 4942 1991 5010 bis
2048 4954 2343 5034 quatuor
2391 4948 2618 5035 agitur

1071 5049 1183 5118 hic
1223 5050 1291 5117 in
1325 5059 1619 5141 quatuor
1670 5049 1974 5143 partibus
2020 5073 2091 5118 se
2131 5055 2617 5142 consequenti-

1073 5156 1202 5226 bus
1236 5180 1253 5225 :
1299 5157 1381 5226 de
1412 5160 1720 5227 terminis
1748 5160 1929 5228 enim
1969 5162 2423 5250 generationis
2463 5164 2613 5253 agi-

1071 5268 1285 5334 turin
1326 5267 1545 5356 prima
1589 5289 1604 5334 :
1647 5267 1729 5336 de
1778 5269 2079 5358 potentia
2121 5267 2483 5336 inclinante
2531 5269 2618 5338 ad

1076 5381 1305 5442 actum
1347 5394 1430 5441 ex
1478 5382 1667 5464 parte
1718 5376 2103 5465 generantis
2142 5375 2365 5465 agitur
2401 5376 2472 5441 in
2505 5398 2617 5444 se-

1072 5479 1323 5561 cunda,
1365 5479 1483 5547 ubi
1522 5482 1755 5571 incipit
1791 5481 1942 5550 dist.
1986 5483 2051 5560 6,
2084 5479 2204 5560 ibi,
2250 5509 2284 5545 α
2320 5483 2617 5550 Praeter-

1075 5612 1155 5657 ea
1202 5589 1421 5679 quaeri
1471 5587 1668 5667 solet,
1734 5591 1976 5659 Utrum
2045 5591 2253 5657 Pater
2305 5593 2619 5680 yenuerit

1076 5695 1371 5777 Filium,
1405 5704 1531 5764 etc.
1571 5724 1603 5758 ι»
1638 5694 1737 5765 De
1769 5695 2454 5768 communicabilitate
2492 5721 2618 5766 au-

4137 365 4261 431 155

2720 538 2853 597 tem
2887 540 3144 600 naturae
3184 556 3334 623 quae
3365 535 3759 625 simpliciter
3813 555 3971 600 vere
4001 536 4268 601 incom-

2718 637 3134 707 mutabiliter
3193 648 3426 707 manet
3477 645 3543 707 in
3604 647 3972 732 generante
4021 648 4088 706 et
4142 662 4266 729 ge-

2716 745 2885 828 nito,
2921 748 3146 836 agitur
3177 748 3243 814 in
3290 748 3487 814 tertia
3516 769 3665 836 quae
3715 749 3950 838 incipit
3980 747 4049 811 in
4102 745 4256 812 dist.

2718 852 2782 931 8,
2817 853 2936 931 ibi,
2967 881 3000 916 α
3023 856 3225 923 Nunc
3253 857 3336 923 de
3353 857 3633 923 veritate
3650 858 3790 922 sive
3813 856 4261 946 proprietate,

2717 967 2841 1027 etc.
2880 985 2912 1025 n
2959 959 3094 1029 Sed
3135 961 3217 1029 de
3269 985 3350 1031 eo
3406 964 3590 1052 quod
3645 971 3746 1029 est
3808 984 3931 1051 per
3982 959 4264 1027 modum

2719 1071 3173 1135 mensurantis
3212 1071 3658 1155 extrinsecuS,
3699 1067 3954 1135 scilicet
3988 1072 4269 1134 coaeter-

2717 1173 2916 1252 nitaS,
2987 1175 3212 1264 agitur
3265 1174 3336 1240 in
3395 1184 3631 1263 quarta
3690 1172 4144 1265 quae·incipit
4196 1173 4263 1238 in

2717 1281 2871 1348 dist.
2916 1283 2983 1365 9,
3019 1282 3135 1360 ibi,
3183 1307 3215 1347 α
3247 1284 3449 1350 Nunc
3492 1283 3992 1350 distinctionem
4017 1302 4267 1371 perso-

2716 1412 2991 1468 narum,
3028 1398 3154 1458 etc.
3193 1418 3226 1453 n

2809 1497 2946 1566 Sed
2993 1500 3152 1590 quia
3206 1499 3492 1567 ulterius
3548 1508 3650 1566 est
3703 1520 3996 1588 persona
4053 1518 4271 1588 gene-

2719 1629 2876 1674 rans
2915 1615 2983 1674 et
3019 1630 3311 1698 persona
3348 1610 3605 1698 genita,
3639 1630 3778 1674 non
3821 1603 4270 1683 dubitabitur,

2721 1715 2965 1784 Utrum
3017 1739 3309 1806 persona
3358 1716 3587 1806 aliquo
3633 1715 3841 1783 modo
3900 1722 4075 1782 esset
4135 1719 4280 1781 ter-

2723 1824 2949 1889 minus
3000 1823 3513 1912 generationis?
3569 1821 3686 1890 sed
3751 1821 4084 1888 dubitatio
4143 1826 4270 1897 est,

2723 1939 2951 1997 utrum
2983 1931 3275 1997 essentia
3304 1930 3445 1997 sit?
3476 1953 3627 2020 quae
3658 1928 4081 2021 significatur
4108 1925 4279 1992 duo-

2721 2037 2849 2104 bus
2880 2035 3297 2122 nominibus,
3341 2036 3597 2103 scilicet
3644 2043 3717 2102 ut
3756 2039 4035 2103 nomine
4099 2054 4274 2100 con-

2724 2153 2933 2222 creto,
2977 2153 3041 2211 et
3071 2143 3410 2213 abstracto
3447 2166 3462 2213 ι
3499 2154 3564 2212 et
3596 2144 3746 2212 ideo
3779 2143 4107 2212 dividitur
4134 2142 4278 2211 haec

2725 2277 2880 2344 pars
2920 2253 2988 2319 in
3020 2252 3189 2320 duas
3251 2252 3721 2320 distinctiones
3764 2274 3779 2317 :
3841 2252 3934 2319 ita
3986 2249 4174 2342 quod
4212 2251 4282 2318 in

2726 2363 2945 2451 prima
2993 2360 3345 2451 quaeritur,
3403 2358 3711 2439 Qualiter
3761 2382 3833 2427 se
3890 2357 4140 2427 habeat
4194 2359 4279 2426 ad

2723 2470 3262 2560 generationem,
3297 2467 3551 2536 scilicet
3588 2476 3911 2535 aeternam
3941 2466 4279 2556 significa-

2726 2588 2867 2646 tam
2906 2578 3032 2646 sub
3064 2576 3196 2646 hoc
3234 2578 3513 2645 nomine
3562 2580 3774 2655 DeuS,
3809 2599 3962 2644 cum
4005 2574 4275 2655 dicitur,

2726 2687 2945 2754 Deum
2979 2687 3161 2754 Deus
3183 2686 3468 2775 genuit?
3491 2682 3568 2751 lit
3596 2686 3660 2751 in
3683 2683 4002 2760 secunda,
4032 2682 4277 2752 Utrum

2724 2793 3057 2860 abstracte
3085 2793 3464 2881 signiticata
3504 2791 3717 2880 possit
3761 2812 3907 2856 esse
3950 2790 4284 2856 terminus

2725 2901 3183 2992 generationis
3202 2899 3237 2965 ¹?
3257 2908 3322 2966 et
3352 2896 3496 2966 haec
3522 2898 3753 2986 incipit
3784 2898 3852 2964 in
3873 2897 4031 2964 dist.
4059 2899 4127 2974 ὅ,
4156 2894 4276 2975 ibi,

2728 3039 2759 3070 «
2807 3011 2974 3076 I’ost
3001 3007 3139 3075 leaec
3195 3007 3555 3097 quaeritur,
3608 3006 3854 3073 L'trum
3907 3006 4281 3075 conceden-

2727 3115 2893 3182 dum
2931 3116 3046 3196 sit,
3089 3122 3218 3181 etc.
3255 3137 3289 3178 a

2818 3226 3050 3293 Prima
3070 3222 3413 3290 distinctio
3435 3223 3740 3289 continet
3759 3220 4278 3289 dissolutionem

2726 3332 3019 3400 duorum
3099 3337 3661 3420 argumentorum
3720 3325 4278 3418 sophisticorum.

2728 3439 2805 3506 In
2856 3439 3075 3530 primo
3142 3438 3328 3503 enim
3394 3433 3689 3526 capitulo
3758 3436 3814 3499 Α
3875 3433 4284 3502 determinat

2728 3547 3076 3638 Magister,
3110 3543 3355 3613 Utrum
3399 3542 3579 3611 Deus
3616 3550 3894 3633 generat
3926 3564 3998 3609 se
4034 3540 4277 3622 Deum,

2726 3654 2834 3723 vel
2867 3655 3075 3723 alium
3119 3653 3390 3721 Deum?
3420 3650 3496 3719 ln
3526 3649 3823 3719 secundo
3854 3658 4083 3717 autem
4126 3671 4279 3717 mo·

2723 3774 2834 3832 vet
2865 3762 3070 3831 aliam
3131 3761 3654 3836 dubitationem,
3719 3758 3962 3826 Utrum
3992 3765 4277 3849 generat

2722 3894 2792 3938 se
2839 3869 3056 3937 Deum
3086 3870 3203 3959 qui
3257 3875 3356 3935 est
3398 3866 3581 3936 Deus
3632 3864 3856 3948 Pater,
3889 3871 4005 3932 aut
4055 3864 4278 3932 Deum

2721 3980 2838 4071 qui
2880 4001 3018 4046 non
3058 3985 3160 4045 est
3199 3975 3386 4043 Deus
3425 3972 3680 4041 Pater?
3737 3971 3854 4049 ibi,
3921 3971 4000 4055 B,
4064 3996 4098 4037 ι
4140 3970 4283 4042 Sed

2719 4086 2948 4155 adlmc
2975 4093 3330 4177 opponunt
3353 4082 3660 4173 qai-ruli,
3702 4090 3831 4149 etc.
3873 4111 3906 4142 ›-

3183 4509 3689 4580 AR'l'lCULUS
3738 4510 3792 4578 1.

2718 4730 2826 4796 An
2884 4729 3069 4794 Deus
3120 4729 3361 4816 qenuit
3423 4750 3496 4794 se
3557 4731 3807 4806 Deum,
3867 4750 3967 4809 ,an
4043 4725 4269 4793 alium

3345 4833 3634 4902 Deum?

2811 5148 3038 5215 Prima
3071 5149 3572 5237 argumentatio
3604 5155 3704 5215 est
3735 5148 3859 5216 ista
3891 5170 3912 5213 .·
3945 5147 4130 5215 Deus
4158 5170 4270 5238 ge·

2721 5260 2869 5325 nuit
2927 5256 3146 5322 Deum
3183 5278 3199 5322 :
3245 5263 3363 5322 aut
3402 5274 3563 5346 ergo
3602 5258 3839 5346 genuit
3885 5278 3956 5323 se
4015 5254 4265 5333 Deum,

2721 5376 2839 5436 aut
2875 5366 3086 5434 alium
3144 5365 3366 5433 Deum
3424 5388 3440 5436 ε
3511 5368 3567 5434 si
3631 5390 3704 5436 se
3760 5367 4043 5435 Deum:
4103 5387 4268 5455 ergo

2724 5474 2902 5542 idem
2943 5475 3013 5541 in
3042 5496 3339 5565 persona
3385 5483 3686 5566 generat,
3731 5484 3797 5543 et
3832 5481 4198 5565 generatur
4246 5493 4263 5540 ε

2725 5583 2777 5649 si
2821 5582 3030 5650 alium
3100 5582 3320 5649 Deum
3374 5604 3390 5649 τ
3461 5607 3623 5675 ergo
3691 5590 3789 5651 est
3856 5581 4030 5650 alius
4086 5581 4271 5649 Deus

2728 5716 2934 5788 quam
2977 5692 3161 5761 Deus
3197 5715 3534 5786 generans
3566 5717 3777 5788 :ergo
3816 5715 4151 5788 generans
4207 5698 4276 5763 et
