4897 6388
1818 263 1931 329 .1N
1979 263 2020 327 1-
2059 259 2480 330 SENTENT.
2534 255 2761 326 msT.
2815 257 2872 374 ι.
2923 260 3005 345 Β,
3057 220 3261 332 Aur.
3318 264 3422 330 15.
4160 216 4319 342 35]

1033 431 1325 516 videtur,
1359 433 1542 522 quod
1570 433 1753 498 Deus
1784 431 1853 497 in
1881 453 1952 499 se
1981 454 2120 499 non
2175 430 2446 497 videtur
2502 436 2579 494 ut

1035 544 1157 616 est,
1193 538 1408 606 sedin
1440 537 1887 627 theophaniis,
1932 537 2001 604 id
2052 545 2174 615 est,
2238 536 2577 602 illumina·

1034 644 1364 722 tionibuS‚
1402 644 1470 710 in
1501 643 1747 733 quibus
1776 652 2053 735 apparet
2097 644 2304 711 Deus,

1127 750 1191 815 4.
1249 748 1462 829 Unde,
1506 749 1873 841 Dionysius
1913 751 1996 817 ad
2051 750 2294 817 Gaium
2343 771 2578 816 mona-

1038 853 1244 922 chum
1290 876 1306 922 t
1347 880 1379 920 α
1429 854 1503 923 Si
1534 856 1776 945 aliquis
1811 856 2049 924 videns
2107 856 2323 923 Deum
2372 853 2577 922 intel-

1037 988 1071 1024 «
1115 960 1281 1028 lexit
1319 962 1504 1052 quod
1534 962 1726 1047 vidit,
1768 985 1906 1030 non
1945 964 2167 1053 ipsum
2208 961 2397 1040 vidit,
2458 959 2576 1028 sed

1039 1092 1071 1132 α
1116 1066 1375 1158 aliquid
1440 1090 1678 1136 eorum
1744 1093 1893 1160 quae
1976 1078 2131 1137 sunt
2204 1070 2347 1158 ejus
2424 1090 2577 1157 quae

1046 1199 1079 1238 α
1132 1177 1432 1243 existunt
1460 1185 1526 1243 et
1564 1186 2085 1262 cognoscuntur.
2136 1206 2167 1237 »

1133 1285 1200 1351 5.
1236 1283 1485 1364 Etiam,
1522 1283 1598 1351 In
1629 1286 1961 1376 principio
1994 1284 2206 1374 quinti
2235 1285 2469 1373 capitis
2500 1282 2581 1349 de

1039 1394 1319 1461 Divinis
1344 1394 1737 1462 nominibus
1780 1416 1797 1463 ε
1835 1423 1868 1458 «
1913 1394 2262 1462 Sermonis
2293 1392 2578 1459 intentio

1043 1528 1075 1568 α
1111 1510 1235 1581 est,
1294 1524 1435 1570 non
1501 1502 2212 1593 supersubstantialem
2272 1501 2584 1569 substan·

1044 1638 1077 1672 «
1121 1613 1313 1690 tiam,
1373 1612 1488 1680 sed
1533 1612 1716 1702 quod
1768 1611 2433 1703 supersubstantialis
2482 1617 2584 1678 est

1044 1744 1078 1783 a
1123 1719 1556 1788 manifestare
1625 1742 1641 1791 z
1712 1719 2050 1789 ineffabile
2108 1721 2287 1787 enim
2328 1717 2483 1797 hoc,
2518 1725 2586 1785 et

1052 1854 1084 1888 «
1129 1826 1445 1917 ignotum
1474 1836 1598 1907 est,
1642 1836 1709 1895 et
1762 1827 2049 1918 perfecte
2087 1849 2225 1894 non
2295 1824 2587 1892 manife-

1055 1960 1088 1995 «
1129 1931 1394 2000 stabile.
1440 1959 1475 1996 n

1133 2040 1198 2106 6.
1231 2039 1502 2114 Adhuc.
1538 2040 1751 2121 Idem,
1774 2042 1843 2108 in
1875 2040 2145 2110 Coelesli
2171 2039 2583 2116 hierarchia,

1043 2172 1191 2237 cap.
1247 2171 1322 2215 ιιι
1365 2172 1382 2217 :
1435 2173 1470 2214 α
1520 2148 1905 2217 [lierarcbia
1971 2169 2133 2218 suos
2175 2147 2584 2229 laudatores,

1047 2281 1082 2322 α
1126 2256 1466 2347 agalmata
1506 2256 1735 2325 divina
1772 2257 1998 2339 efficit,
2032 2266 2097 2325 et
2134 2254 2404 2347 specula
2442 2253 2589 2323 cla·

1050 2393 1082 2427 a
1119 2364 1410 2444 rissima‚
1449 2373 1519 2433 et
1547 2364 1801 2432 munda
1833 2364 2166 2455 receptiva
2193 2361 2588 2454 principalis

1052 2498 1088 2534 α
1130 2471 1429 2539 luminis.
1483 2497 1515 2536 ι
1561 2470 1661 2539 Ex
1698 2470 1807 2539 his
1835 2471 2103 2540 videtur
2137 2470 2373 2560 accipi,
2407 2468 2593 2559 quod

1053 2587 1128 2646 ut
1166 2588 1267 2647 est
1306 2602 1443 2647 non
1490 2579 1779 2660 videtur,
1822 2579 1938 2649 sed
1981 2576 2591 2647 illuminationibus

1047 2686 1610 2758 descendentibus
1664 2687 1751 2758 ab
1795 2689 1942 2780 ipso
1989 2696 2056 2757 et
2110 2684 2587 2778 agalmatibus,

1053 2794 1462 2886 quibusdam
1519 2795 2077 2865 similitudinibus
2131 2797 2235 2864 sui
2283 2794 2590 2862 luminis.

1136 2904 1200 2969 7.
1249 2904 1349 2970 An
1408 2903 1584 2971 idem
1643 2902 1959 2991 objicitur
2020 2926 2139 2994 per
2194 2903 2524 2970 ratione-m
2571 2921 2589 2970 ε

1052 3010 1494 3080 perfectionis
1569 3012 1654 3079 ad
1711 3009 2120 3101 perfectibile
2177 3008 2373 3078 debet
2447 3032 2594 3079 esse

1054 3120 1404 3211 proportio
1467 3141 1483 3186 ε
1554 3119 1671 3187 sed
1721 3117 2140 3212 intelligibile
2183 3128 2283 3186 est
2322 3118 2508 3186 Deus
2536 3118 2592 3186 si

1049 3250 1173 3318 per
1228 3229 1593 3296 essentiam
1648 3225 1915 3294 videtur
1965 3248 1982 3293 t
2026 3248 2187 3317 ergo
2242 3225 2423 3293 Deus
2479 3247 2596 3315 per

1062 3334 1460 3414 essentiam,
1508 3343 1573 3403 et
1632 3333 2008 3403 intellectus
2042 3343 2306 3402 creatus
2342 3332 2598 3402 habent

1051 3442 1562 3534 proportionem
1606 3465 1623 3507 ε
1665 3464 1828 3532 ergo
1877 3451 1940 3510 et
1979 3441 2596 3509 commensuratio·

1055 3571 1238 3633 nem,
1265 3548 1448 3640 quod
1481 3546 1756 3617 baeresis
1785 3559 1881 3616 est
1917 3570 1933 3615 ε
1967 3571 2127 3638 ergo
2160 3546 2321 3615 illud
2343 3570 2426 3614 ex
2457 3569 2594 3639 quo

1057 3656 1389 3746 sequitur,
1434 3654 1680 3723 falsum
1720 3663 1845 3739 est,
1892 3654 2145 3723 scilicet
2190 3653 2370 3745 quod
2416 3653 2596 3723 Deus

1056 3760 1326 3830 videtur
1351 3783 1473 3852 per
1502 3762 1887 3831 essentiam.

1147 3873 1213 3939 8.
1261 3870 1453 3951 ltem,
1508 3869 1762 3938 Infiniti
1826 3870 1912 3940 ad
1978 3870 2241 3938 finitum
2292 3892 2428 3938 non
2495 3878 2598 3938 est

1057 3980 1408 4069 proportio
1444 4002 1459 4045 :
1510 3977 1688 4045 Deus
1720 3978 1788 4045 in
1819 3977 2192 4046 suhstantia
2223 3985 2321 4044 est
2362 3977 2598 4043 intini-

1053 4097 1162 4156 tus
1200 4088 1379 4168 loc0,
1443 4097 1771 4179 tempore,
1839 4096 1907 4157 et
1959 4088 2591 4180 comprehensione,

1054 4208 1127 4266 ut
1168 4197 1328 4266 dicit
1367 4197 1829 4267 Damascenus
1868 4199 1886 4236 ¹
1932 4217 1950 4267 2
1993 4220 2155 4289 ergo
2204 4221 2340 4265 non
2392 4196 2595 4266 habet

1055 4306 1567 4395 proportionem
1632 4301 1719 4371 'ad
1814 4301 2189 4372 intellectus
2256 4304 2592 4393 capacita-

1052 4420 1188 4480 tem
1260 4433 1277 4479 :
1346 4434 1510 4502 ergo
1578 4434 1702 4479 nec
1756 4411 2126 4482 secundum
2176 4411 2592 4479 intellectum

1054 4517 1349 4587 videtur.

1149 4633 1214 4692 tl.
1265 4625 1369 4693 Ad
1411 4624 1542 4695 hoe
1590 4626 1864 4719 quidam
1920 4626 2281 4695 voluerunt
2340 4627 2588 4705 dicere,

1054 4733 1235 4825 quod
1291 4733 1564 4800 videtur
1600 4733 1969 4802 secundum
2031 4757 2239 4802 unum
2299 4734 2594 4801 attribu-

1051 4850 1224 4921 tum,
1268 4839 1375 4908 vel
1412 4839 1573 4920 duo,
1607 4864 1759 4932 quae
1790 4851 1946 4910 sunt
1971 4843 2158 4934 quasi
2194 4852 2415 4933 partes·
2446 4843 2594 4931 ejus

1127 5145 1143 5181 ¹
1175 5147 1237 5203 S.
1267 5148 1317 5203 J.
1350 5145 1739 5219 Danasctxcs,
1766 5148 1849 5206 De
1873 5148 1987 5206 nde
2016 5149 2361 5218 orthodoxa,
2388 5150 2512 5208 Lib.
2550 5151 2595 5223 1,

1052 5239 1591 5395 οᾶξὲξῦιοκϊειυε,
1624 5328 1705 5383 De
1734 5327 1953 5386 coelesti
1986 5328 2344 5399 llierarchia‚
2377 5348 2507 5403 cap.
2539 5334 2593 5390 4.

1057 5414 1142 5473 Cf.
1175 5415 1505 5474 editionem
1534 5424 1818 5488 nostram,
1849 5420 2011 5476 Tem.
2043 5421 2167 5477 xlv
2197 5422 2442 5493 hujusce
2490 5438 2596 5478 no·

1056 5520 1139 5560 νο
1170 5505 1472 5575 editionis,
1532 5522 1662 5581 pag.
1724 5507 1845 5563 ¹16.
1897 5507 1982 5563 En
2040 5509 2348 5567 translatio
2405 5509 2595 5570 Balth.

1052 5593 1316 5653 Corderii
1350 5611 1531 5670 super
1558 5596 1719 5654 bunc
1744 5596 2019 5655 eumdem
2060 5597 2253 5657 locum
2288 5615 2303 5657 ι
2337 5622 2360 5651 ι
2389 5599 2597 5657 Sermo

2687 436 2994 517 respectu
3035 387 3250 497 nostri
3282 428 3663 497 intellectus
3715 448 3730 492 ε
3775 434 3843 514 et
3880 446 4019 492 non
4056 422 4244 491 vide·
4277 418 4282 421 ’

2685 542 2796 601 tur
2842 535 3217 603 secundum
3279 544 3523 605 totum.
3588 533 3724 601 Sed
3781 552 4091 600 comma:
4163 527 4240 594 ln

2687 639 2993 731 quolibet
3068 643 3395 711 attributo
3465 648 3565 710 est
3640 641 3785 729 ipse
3844 637 4147 706 infinitus
4217 657 4234 701 ε

2686 771 2848 839 ergo
2881 748 3060 818 idem
3093 759 3198 818 est
3227 750 3310 818 de
3359 772 3524 831 uno,
3559 756 3625 816 et
3665 747 3748 815 de
3785 744 4104 814 omnibus
4142 742 4241 809 si-
4315 762 4316 765 ’

2688 856 2962 925 militer.
3023 879 3032 886 ·

2781 965 2883 1031 10.
2938 963 3135 1044 Item,
3178 964 3363 1032 Deus
3420 963 3709 1053 simplex
3747 969 3849 1031 est
3900 984 3916 1028 ε
3962 982 4123 1049 ergo
4181 959 4238 1026 si

2688 1072 2978 1158 videtur,
3021 1081 3209 1141 totus
3255 1073 3559 1156 ¹videtur,
3628 1073 3790 1163 quia
3842 1093 3984 1139 non
4033 1068 4239 1147 habet

2688 1189 2949 1270 partem
3012 1202 3057 1247 ε·
3091 1181 3211 1250 sed
3267 1204 3406 1249 non
3465 1188 3648 1249 totus
3715 1178 3983 1247 videtur
4024 1200 4041 1245 ε
4076 1180 4239 1268 erg'o

2691 1288 2861 1356 nihil
2909 1291 3013 1357 sui
3072 1289 3368 1369 videtur,
3414 1298 3479 1358 et
3529 1292 3622 1357 ita
3688 1291 3862 1359 redit
3912 1290 4236 1381 primum,

2689 1395 2944 1465 scilicet
2992 1397 3178 1488 quod
3237 1398 3424 1466 Deus
3483 1397 3859 1466 secundum
3910 1397 4092 1489 quod
4141 1403 4244 1465 est

2688 1526 2831 1571 non
2858 1505 3153 1575 videtur.

2782 1610 3050 1681 CoNTaA
3093 1635 3111 1681 t

2783 1719 2845 1785 1.
2891 1716 2969 1785 In
3001 1715 3030 1785 Ι
3062 1720 3395 1786 canonica
3437 1716 3640 1785 Joan.
3686 1740 3781 1796 111,
3817 1719 3857 1785 2
3902 1737 3918 1787 :
3966 1718 4243 1787 Scimus

2692 1827 3023 1916 quoniam
3062 1849 3221 1893 cum
3260 1826 3688 1917 apparuerit,
3719 1825 3982 1893 similes
4017 1827 4082 1893 ei
4108 1828 4244 1895 eri-

2695 1953 2873 2010 mus,
2907 1934 3242 2023 quoniam
3282 1932 3663 2000 videbimus
3692 1954 3851 2000 eum
3876 1934 4082 2001 sicuti
4117 1944 4238 2002 est.

2783 2041 2851 2105 2.
2898 2037 3102 2123 Item,
3144 2036 3674 2129 Chrysostomus
3725 2039 3795 2106 in
3840 2037 4101 2108 Homil.
4154 2059 4246 2107 xv

2696 2168 2903 2235 super
2947 2148 3287 2214 Joannem
3355 2169 3378 2214 .·
3449 2171 3484 2212 α
3527 2145 3777 2237 Angeli
3816 2154 4092 2236 propter
4135 2147 4249 2214 in·-

2699 2281 2732 2318 α
2785 2276 3102 2323 somnem
3169 2263 3486 2323 naturam
3536 2277 3778 2323 eorum
3846 2264 3914 2323 et
3974 2277 4243 2346 puram,

2698 2391 2733 2428 α
2771 2363 2941 2432 nihil
2982 2386 3191 2455 quam
3238 2363 3462 2432 Deum
3503 2364 3989 2455 imaginantur.
4037 2394 4070 2429 >²

4277 1654 4376 1702 Sed
4401 1656 4587 1700 contra.

2789 2578 3121 2647 Uaramus
3176 2579 3530 2669 quaeritur,
3608 2577 3855 2649 Utrum
3913 2580 4119 2649 etiam
4177 2580 4247 2649 in
4294 2591 4561 2649 ouo-tinn-

2699 2684 3136 2777 theophaniis
3167 2684 3500 2763 videatur,
3536 2694 3603 2753 et
3639 2687 4009 2778 accipiatur
4036 2689 4251 2759 ratio-

2700 2816 2784 2862 ne
2854 2791 3298 2885 theophanioe
3368 2815 3574 2884 quam
3631 2795 3827 2885 ponit
3884 2794 4251 2887 Dionysius

2700 2901 2771 2969 in
2804 2901 3083 2971 Caelesti
3107 2901 3497 2969 hierarchia
3526 2902 3575 2982 ’,
3608 2901 3705 2969 sic
3747 2900 4017 2975 dicens:
4065 2931 4100 2968 a
4135 2902 4254 2995 {p-

2703 3038 2738 3073 a
2778 3032 2858 3078 sa
2900 3010 3111 3101 igitur
3164 3010 3667 3101 sapientissima
3730 3009 4106 3103 Theologia
4154 3013 4254 3080 vi-

2702 3142 2737 3179 «
2779 3115 3046 3185 sionem
3078 3114 3267 3184 illam
3300 3138 3451 3208 quae
3485 3117 3554 3183 in
3588 3118 3732 3208 ipsa
3761 3122 3867 3186 est
3891 3116 4253 3211 descripta,

2703 3250 2740 3288 α
2783 3222 3114 3292 revelavit
3196 3222 3528 3300 divinam,
3609 3225 3805 3315 quasi
3879 3225 3951 3294 in
4032 3224 4259 3295 forma

2706 3329 3179 3398 «informium
3255 3329 3802 3414 similitudinem,
3874 3354 3961 3401 ex
4022 3332 4256 3403 viden·

2704 3466 2737 3504 α
2783 3440 2958 3508 tium
3005 3441 3074 3507 in
3140 3438 3454 3508 divinum
3530 3440 3923 3510 reductione
3969 3439 4253 3533 pulchre

2707 3576 2741 3611 a
2784 3549 3011 3616 vocari
3085 3549 3602 3639 theophaniam.
3674 3575 3709 3612 n
3791 3548 4049 3620 Sensus
4121 3560 4249 3633 est,

2702 3654 2885 3746 quod
2913 3654 3291 3748 Theologia
3336 3655 3660 3725 revelavit
3707 3656 3907 3727 nobis
3958 3680 4082 3749 per
4125 3658 4257 3728 do-

2698 3761 2988 3829 ctrinam
3056 3762 3386 3852 primum,
3465 3761 3771 3853 pulchre,
3834 3764 3900 3832 id
3941 3773 4066 3850 est,
4097 3775 4254 3857 apte

2701 3869 2933 3936 vocari
2954 3866 3444 3958 theophaniam
3464 3868 3649 3938 illam
3681 3870 4253 3942 illuminationem

2702 3996 2855 4063 qum
2877 3983 2979 4041 est
3018 3973 3087 4041 in
3119 3973 3343 4042 forma
3377 3975 3669 4066 quadam
3703 3977 4056 4068 signorum
4097 4000 4252 4071 quae

2703 4080 3020 4148 informia
3085 4089 3247 4149 sunt
3293 4081 3579 4152 occultae
3626 4083 3787 4167 luci,
3840 4109 3988 4179 quae
4037 4096 4140 4156 est
4183 4087 4254 4157 in

2705 4186 2851 4255 Deo
2905 4207 2922 4256 ε
2981 4187 3141 4278 quia
3198 4197 3300 4256 est
3349 4187 3432 4257 de
3491 4188 3757 4261 occulto
3814 4193 4256 4284 progrediens

2702 4294 2788 4363 ad
2826 4304 3042 4374 extra,
3076 4295 3455 4365 secundum
3493 4319 3731 4388 quam,
3790 4300 4046 4369 scilicet
4091 4300 4257 4370 illu-

2700 4404 3181 4485 minationem,
3228 4404 3305 4472 tit
3335 4403 3638 4472 reductio
3670 4405 4049 4477 videntium
4097 4432 4255 4479 eum

2701 4511 2772 4579 in
2811 4509 3043 4579 divina
3088 4531 3106 4580 ε
3149 4533 3307 4579 cum
3332 4532 3497 4602 ergo
3527 4533 3769 4582 omnes
3802 4513 4260 4587 illuminatio-

2700 4641 2821 4686 nes
2856 4615 3234 4709 procedant
3270 4617 3355 4685 ab
3405 4617 3635 4687 oculto
3664 4620 3749 4688 ad
3805 4631 4114 4713 apertum
4153 4627 4257 4694 vi·

2702 4725 2914 4806 denti,
2974 4727 3249 4797 videtur
3312 4728 3501 4819 quod
3549 4753 3789 4801 omnes
3844 4731 4119 4803 videant
4184 4736 4256 4804 in

2700 4831 3134 4925 theophaniis
3171 4843 3467 4905 tantum.

2703 5176 2731 5202 a
2765 5159 2967 5209 autem
2999 5152 3257 5222 divinus,
3289 5154 3454 5210 omni
3477 5155 3685 5228 plenus
3713 5159 4030 5235 sapientia,
4059 5165 4250 5227 visum

2705 5265 2731 5290 «
2767 5241 2916 5297 illud
2938 5240 3100 5314 quod
3133 5241 3396 5298 divinam
3420 5242 3878 5307 similitudinem
3901 5252 3962 5308 in
3988 5254 4091 5313 illo
4121 5257 4251 5332 ipso

2708 5353 2736 5381 α
2769 5331 2889 5386 viso
2923 5330 3177 5402 figuram
3209 5336 3514 5403 tamquam
3556 5334 3618 5391 in
3658 5335 3861 5419 figura¹
3887 5359 4093 5402 eorum
4123 5364 4256 5420 quoe

2705 5445 2732 5472 κ
2762 5420 3005 5494 figurari
3027 5427 3361 5493 nequeunt,
3392 5425 3765 5497 ostendebat,
3786 5431 3862 5488 ab
3894 5433 4256 5498 intuentium

2707 5533 2735 5562 «
2767 5510 2843 5567 ad
2874 5512 3060 5568 Deum
3095 5509 3482 5581 adductione,
3512 5515 3653 5587 jure
3690 5522 3907 5581 merito
3941 5499 4261 5604 'Tneophaa

2708 5623 2738 5653 α
2771 5600 2935 5658 niam
2968 5617 3074 5658 seu
3114 5600 3220 5658 Dei
3260 5604 3698 5676 apparitionem
3725 5619 3912 5672 vocat.
3943 5638 3976 5672 ,ο

4380 2653 4509 2733 cula.
