4897 6388
1617 353 1648 370 ‘
1747 397 1752 404 -
2517 330 2805 427 iNn'Ex
2937 389 3016 452 ⁸..
4013 361 4022 372 ·
4134 330 4261 430 3249

1636 539 1769 586 Aur.
1813 532 1897 585 16.
1939 525 2091 592 Quid
2142 526 2218 581 sit
2265 525 2859 596 incommutabilitas,
2906 533 2967 582 et
3024 535 3224 584 utrum
3265 531 3468 601 aliqua
3518 529 3765 586 mutatio
3823 530 3997 587 cadat
4025 531 4087 585 in

1976 619 2159 671 Deum
2183 616 2209 670 ‘2
4161 623 4265 676 244

1808 709 1894 764 17.
1937 710 2025 762 An
2061 708 2211 761 Deus
2266 707 2497 761 moveat
2525 706 2637 761 se‘?
3421 735 3429 742 ·
4161 711 4261 764 246

1798 798 1884 853 18.
1924 799 2013 851 An
2045 794 2245 851 divina
2280 792 2640 861 substantia,
2671 800 2733 850 et
2765 794 3186 852 universaliter
3230 797 3426 852 omnis
3456 797 3647 853 forma
3677 796 3902 853 nullius
3932 798 4088 853 acci-

1974 884 2170 940 dentis
2223 883 2559 956 subjectum
2587 900 2717 940 esse
2748 884 2988 957 possit?
4157 886 4262 941 247

1795 977 1885 1032 19.
1927 977 2130 1032 Utrum
2164 975 2324 1030 solus
2355 975 2508 1030 Deus
2531 973 2752 1030 habeat
2773 975 3332 1033 immortalitatem?
3358 978 3507 1044 Quid
3536 983 3625 1034 est
3645 977 4085 1047 immortalitas,

1976 1071 2030 1121 et
2061 1081 2194 1136 quae
2223 1064 2507 1120 dicuntur
2536 1065 2729 1120 vivere
2760 1069 2820 1120 et
2851 1067 3003 1122 mori
3026 1067 3055 1122 ‘l
4157 1068 4263 1124 249

1789 1158 1876 1210 20.
1919 1154 2068 1221 Quid
2117 1159 2363 1210 vocetur
2409 1153 2767 1210 obumbrata
2816 1155 3185 1228 vicissitudo,
3219 1163 3278 1214 et
3324 1165 3525 1215 utrum
3569 1159 3882 1216 conveniat
3922 1160 4083 1215 omni
4129 1175 4137 1183 ·
4214 1209 4219 1213 ,

1970 1250 2258 1301 creaturoe
2281 1244 2309 1299 ‘l
4152 1249 4255 1302 249

1782 1338 1870 1391 21.
1913 1337 2116 1392 Utrum
2166 1352 2272 1408 per
2313 1341 2583 1409 tempora
2637 1336 2885 1403 moveri,
2918 1335 2999 1391 sit
3045 1353 3154 1410 per
3182 1338 3554 1405 affectiones,
3585 1337 3675 1394 vel
3704 1354 3812 1410 per
3841 1338 4080 1394 intelle-

1969 1431 2097 1480 ctus
2124 1423 2469 1496 speculativi
2511 1424 3025 1497 apprehensiones
3054 1426 3318 1481 mutari?
4154 1429 4259 1482 249

1202 1648 1283 1713 D.
1328 1648 1465 1712 Hic
1492 1651 1571 1714 de
1595 1651 2022 1735 simplicitate.
4150 1658 4268 1718 250

2080 1838 2297 1896 Divisio
2328 1842 2543 1895 textus.
4159 1841 4268 1897 250

1616 1930 1754 1986 Αιιτ.
1794 1929 1885 1986 22.
1932 1929 2137 1985 Utrum
2187 1926 2387 1985 divina
2415 1934 2637 1985 natura
2666 1928 2749 1984 sit
2787 1928 3064 2001 simplex,
3115 1929 3209 1986 vel
3248 1931 3579 2003 composita
3618 1948 3689 1987 ex
3730 1947 3849 2004 quo
3900 1936 3992 1987 est
4033 1936 4094 1989 et

1975 2016 2136 2089 quod
2160 2016 2299 2075 est‘l
4161 2020 4260 2075 251

1796 2111 1885 2166 23.
1930 2107 2244 2178 Quoeritur,
2274 2107 2421 2164 Cum
2465 2108 2545 2163 sit
2571 2108 2932 2181 compositio
2962 2107 3305 2181 multiplex.
3335 2125 3520 2181 quare
3570 2109 3843 2184 Magister
3888 2108 4083 2166 solum

1985 2197 2170 2269 tangit
2203 2195 2523 2269 triplicem,
2559 2195 2795 2253 scilicet
2826 2198 3110 2270 partium,
3142 2197 3564 2264 accidentium,
3600 2204 3659 2255 et
3706 2199 4036 2255 formarum
4057 2197 4087 2255 ‘l
4159 2201 4266 2253 252

1795 2288 1887 2342 24.
1927 2289 2015 2341 An
2047 2284 2233 2341 solius
2262 2285 2366 2342 Dei
2398 2291 2612 2341 natura
2644 2285 2907 2359 simplex
2938 2284 3079 2342 est?
3527 2347 3532 2352 ‚
4159 2290 4269 2343 252
4369 2270 4373 2274 ¹

1224 2515 1287 2578 Ε.
1334 2513 1471 2577 Hic
1498 2515 1577 2577 de
1602 2514 1936 2598 spirituali
1961 2521 2249 2576 creatura
2278 2514 2557 2577 ostendit
2581 2515 2896 2598 quomodo
2926 2516 3018 2577 sit
3043 2514 3398 2598 multiplex,
3429 2522 3489 2576 et
3518 2537 3640 2578 non
3671 2516 3954 2602 simplex.
4147 2519 4263 2580 255

1220 2758 1285 2820 1².
1339 2756 1643 2838 Qualiter
1667 2757 1845 2821 Deus
1871 2779 2010 2821 cum
2040 2760 2130 2819 sit
2155 2756 2441 2842 simplex,
2475 2758 2812 2842 multiplex
2840 2765 3046 2821 tamen
3078 2759 3387 2822 dicatur?
4143 2765 4260 2825 255

1618 2952 1753 3005 Αιιτ.
1793 2952 1882 3005 25.
1927 2949 2129 3005 Utrum
2161 2947 2363 3005 anima
2394 2946 2703 3004 rationalis
2732 2948 2811 3005 sit
2837 2948 3096 3021 simplex
3126 2947 3217 3004 vet
3236 2950 3613 3022 composita?
4155 2952 4261 3004 236

1792 3039 1882 3093 26.
1925 3038 2126 3092 Utrum
2158 3037 2359 3093 anima
2379 3037 2458 3092 sit
2489 3036 2550 3092 in
2577 3043 2703 3093 toto
2727 3054 2980 3111 corpore
3021 3044 3164 3105 tota,
3199 3043 3257 3093 et
3288 3038 3349 3093 in
3407 3037 3674 3110 qualibet
3722 3043 3887 3112 parte
3918 3039 4087 3094 tota?
4156 3040 4261 3093 2558

1695 3157 1720 3178 ,ν
1791 3128 1881 3182 2ῗ.
1920 3133 2007 3181 An
2039 3124 2237 3182 anima
2280 3131 2524 3199 propter
2547 3125 2885 3183 accidentia
2914 3143 3023 3183 sua
3048 3125 3199 3182 bene
3221 3127 3508 3199 probatur
3544 3143 3673 3184 esse
3715 3126 4087 3201 composita?
4156 3129 4254 3181 261

1788 3217 1878 3272 28.
1920 3220 2009 3272 An
2050 3217 2200 3273 bene
2230 3217 2522 3289 sequitur,
2554 3217 2763 3273 Divina
2792 3218 3057 3274 essentia
3081 3223 3174 3274 est
3200 3217 3455 3291 simplex
3490 3236 3504 3274 :
3536 3234 3674 3290 ergo
3695 3219 4086 3274 incommuta·

2015 3307 2071 3362 ili
3505 3355 3515 3364 .

1798 3402 1887 3456 29.
1917 3307 2222 3465 Οιῗοηῑέάο
2255 3400 2408 3456 Deus
2436 3400 2663 3473 aliquid
2692 3399 3022 3474 symbolice
3056 3400 3454 3458 nominatur?
4158 3312 4263 3459 {gg

1186 3630 1274 3694 G.
1334 3631 1531 3695 Tanta
1561 3637 1657 3695 est
1683 3631 1815 3696 Dei
1841 3631 2241 3716 simplicitas,
2273 3631 2444 3713 quod
2473 3630 2647 3693 nulli
2663 3630 3301 3715 predicamentarum
3331 3630 3698 3708 subjicitur.
4140 3633 4259 3694 202

1612 3821 1748 3876 Ast.
1787 3819 1876 3872 30.
1918 3818 2121 3874 [trum
2155 3818 2214 3873 in
2248 3818 2365 3873 Deo
2397 3823 2654 3890 possunt
2699 3832 2831 3873 esse
2862 3816 3304 3899 accidentiauet
3333 3824 3532 3874 utrum
3563 3824 3767 3875 causet
3794 3818 3913 3875 ea?
4151 3818 4256 3873 262

1793 3908 1883 3963 31.
1926 3907 2128 3962 Utrum
2162 3922 2372 3962 novem
2405 3904 2875 3980 predicamenta
2904 3905 3309 3963 accidentium
3343 3914 3463 3963 tam
3493 3907 3821 3964 secundum
3858 3923 4078 3981 genera

1965 4012 2144 4067 quam
2194 3994 2524 4051 secundum
2564 3996 2801 4068 species
2821 4001 3070 4069 possunt
3105 3996 3223 4052 Deo
3253 3995 3545 4053 attribui?
3572 4003 3654 4065 et,
3684 3997 3890 4055 Utrum
3924 3997 4077 4053 Deus

1967 4090 2167 4157 potest
2197 4083 2450 4154 intelligi
2480 4084 2612 4141 sine
2638 4083 2933 4157 qualitate
2965 4082 3161 4140 bonus
3181 4086 3210 4139 ·.'
4141 4088 4245 4142 263

1187 4314 1272 4377 Η.
1325 4315 1522 4396 Quod
1546 4315 1726 4379 Deus
1758 4337 1879 4377 non
1900 4316 2178 4400 proprie,
2213 4316 2326 4377 sed
2351 4313 2608 4378 abusive
2634 4315 2882 4378 dicitur
2910 4316 3296 4379 substantia.
4138 4316 4253 4379 265

1603 4505 1736 4560 Αιιτ.
1777 4504 1868 4559 32.
1908 4505 2112 4560 L'trum
2139 4502 2671 4577 proedicamentnm
2706 4501 3061 4559 substantia·
3092 4510 3290 4576 potest
3342 4505 3459 4561 Deo
3501 4505 3771 4574 attribui,
3802 4508 3884 4564 ita
3913 4506 4070 4579 quod

1959 4593 2111 4648 Deus
2142 4593 2213 4647 sit
2245 4593 2304 4648 in
2330 4590 2798 4666 prwdicamonto
2828 4592 3183 4649 substantiae
3208 4594 3237 4649 ⁸?
4144 4599 4247 4652 266

1230 4823 1279 4884 l.
1332 4820 1528 4902 Quod
1554 4841 1677 4884 non
1705 4825 1800 4883 est
1824 4819 2077 4903 aliquid
2105 4821 2172 4882 in
2201 4819 2339 4884 Deo
2366 4819 2539 4903 quad
2564 4842 2689 4884 nou
2715 4822 2807 4884 sit
2832 4825 3027 4885 Deus.
4136 4825 4254 4888 267

1598 5007 1727 5061 Ακτ.
1771 5004 1858 5060 33.
1900 5005 1985 5059 An
2010 5004 2050 5058 ll
2060 5002 2262 5059 ilarius
2283 5021 2522 5061 omnem
2549 5004 2797 5061 modum
2819 5005 3278 5079 compositionis
3298 5005 3450 5063 bene
3475 5013 3680 5079 tangat
3695 5026 3804 5082 per
3826 5016 4079 5082 quatuor

1936 5108 2066 5163 qun·
2095 5099 2402 5164 ponuntur
2431 5094 2490 5149 in
2526 5094 2747 5149 Littera
2766 5094 2795 5151 ’ἓ
3774 5124 3779 5130 ·
4152 5104 4255 5156 268

1773 5183 1861 5236 34.
1905 5181 2108 5236 Utrum
2142 5181 2353 5237 relatio
2383 5183 2572 5253 possit
2601 5199 2736 5239 esse
2768 5183 2830 5239 in
2865 5185 2984 5239 Deo
3030 5182 3192 5239 salva
3241 5185 3375 5255 eJus
3415 5185 3846 5260 simplicitate?
4150 5193 4252 5246 268

1766 5273 1854 5327 33.
1896 5273 2085 5337 θυεμ-ο
2117 5289 2252 5328 cum
2287 5271 2474 5329 multa
2524 5274 2644 5330 sint
2674 5275 2961 5330 attributa
2997 5273 3212 5330 divinae
3243 5277 3539 5341 essentiae,
3573 5276 3766 5334 solum
3808 5278 4079 5353 Magister

1938 5359 2300 5419 determinat
2321 5362 2393 5420 de
2426 5364 2642 5433 tribus,
2675 5364 3086 5439 simplicitate,
3118 5365 3453 5431 identitate.
3484 5373 3542 5426 et
3572 5368 3798 5425 unitate
3818 5369 3849 5425 t
4149 5374 4251 5427 269
