4897 6388
574 278 660 345 24
758 352 761 353 f
824 336 838 345 ,
1031 250 1039 255 ’
1184 238 1196 245 “’
1523 301 1529 305 -
1581 283 1661 348 υ.
1707 277 2184 355 ALRMAG.
2237 230 2796 383 onnrnffln.
2880 312 2886 317 -

572 451 764 531 reri-5,
796 432 1645 540 trahit.signilicationem,
1695 458 1762 516 et
1800 449 1891 514 ita
1933 447 2120 512 vide-

575 564 687 623 tur
724 556 943 625 dicere
998 555 1409 646 quandoque
1458 577 1577 622 ens
1626 556 1697 619 in
1745 553 2115 641 opinione:
2240 606 2246 612 .

577 672 643 731 et
678 663 826 731 haec
862 663 1008 729 Deo
1042 682 1181 728 non
1212 660 1655 727 conveniunt.

674 799 707 834 «
739 771 821 838 Si
859 777 1084 834 tamen
1140 777 1205 832 ec
1259 787 1565 844 causam,
1622 792 1655 827 »
1715 766 1872 855 quia
1918 788 2122 833 causa

578 886 678 946 est
708 864 913 966 quam
945 874 1024 942 de
1063 864 1461 942 necessitate
1497 876 1803 964 sequitur
1839 873 2118 964 aliquid,

580 993 647 1053 et
684 985 866 1051 Deus
898 1004 1034 1048 non
1065 989 1296 1048 causat
1325 980 1582 1072 aliquid
1630 982 1712 1050 de
1760 985 2132 1050 necessita-i

583 1100 667 1157 te.
727 1090 896 1157 Item
934 1112 948 1156 :
983 1090 1147 1178 quia
1202 1112 1409 1169 causa
1456 1090 1967 1180 proportionata
2022 1095 2122 1156 est

584 1206 857 1265 causato
896 1197 1127 1266 :Deus
1171 1204 1398 1263 autem
1443 1196 1611 1263 nulli
1663 1218 1788 1263 suo
1846 1201 2118 1262 causato

583 1308 1159 1398 proportionatur.
1806 1298 1809 1299 ἢ
2090 1314 2097 1319 ’

671 1439 706 1480 α
738 1416 893 1483 Non
939 1422 1228 1504 possunt
1268 1413 1559 1478 inveniri
1600 1434 1868 1493 nomen,
1911 1418 2036 1480 etc.
2084 1439 2116 1474 »

583 1521 805 1610 Hujus
843 1541 1118 1587 causam
1168 1517 1794 1586 reddit-Anselmus
1847 1518 1919 1585 in
1962 1520 2123 1585 Mo-

583 1625 890 1715 noloqio,
928 1618 1182 1707 dicens,
1227 1625 1411 1715 quod
1450 1654 1480 1687 «
1510 1623 1665 1692 lieet
1703 1648 1974 1692 summa
2009 1647 2125 1693 es—

579 1759 611 1798 «
652 1733 866 1801 sentia
898 1733 1288 1800 nominetur
1317 1755 1402 1799 ex
1440 1731 1759 1799 omnibus
1789 1753 1937 1820 quae
1973 1753 2124 1799 me-

583 1868 615 1903 «
652 1839 780 1906 lius
819 1846 921 1908 est
950 1861 1096 1907 esse
1142 1862 1353 1929 quam
1402 1861 1542 1906 non
1595 1860 1766 1921 esse,
1807 1846 2036 1906 tamen
2064 1839 2120 1906 si

590 1972 622 2012 α
659 1948 788 2014 ista
879 1949 1159 2014 nomina
1252 1946 1669 2035 accipiantur
1750 1945 2121 2014 secundum

591 2083 623 2114 a
655 2052 838 2144 quod
921 2060 1169 2120 sonant
1251 2052 1432 2142 apud
1512 2074 1663 2131 nOS,
1749 2052 2119 2120 secundum

582 2186 616 2223 α
652 2159 945 2227 rationes
1026 2159 1385 2226 nominum
1475 2180 1615 2225 non
1680 2160 2120 2227 conveniunt

584 2291 617 2330 α
651 2266 820 2344 Deo,
885 2265 1042 2334 licet
1087 2266 1461 2334 secundum
1519 2287 1663 2334 rem
1727 2267 1943 2357 ipsam
1998 2289 2122 2358 per

580 2399 612 2439 α
647 2374 834 2464 prius
898 2374 1310 2442 conveniant
1369 2372 1517 2441 Deo
1583 2397 1788 2465 quam
1834 2378 2120 2445 'creatu-

585 2508 615 2544 «
646 2503 733 2549 rae
795 2501 812 2550 ε
875 2504 911 2545 »
958 2480 1131 2548 sicut
1184 2503 1343 2549 cum
1381 2481 1651 2563 dicitur,
1698 2481 2110 2564 substantia,

572 2583 944 2652 secundum
1001 2606 1258 2652 nomen
1307 2594 1508 2653 sonat
1535 2586 1716 2675 apud
1764 2609 1889 2654 nos
1931 2587 2116 2678 quod

575 2700 676 2759 est
724 2690 1104 2781 subjectum
1161 2692 1648 2778 accidentibu3‚
1710 2703 1776 2762 et
1826 2696 1922 2763 sic
1974 2716 2115 2762 non

573 2798 892 2867 convenit
947 2798 1116 2867 Dee.
1173 2796 1506 2868 Similiter
1571 2803 1863 2869 essentia
1934 2802 2114 2893 apud

573 2929 700 2975 nos
744 2914 846 2974 est
891 2928 1040 2997 quae
1077 2906 1236 2974 facit
1281 2929 1429 2975 esse
1483 2908 1552 2975 in
1600 2911 2005 2999 composito,
2045 2920 2113 2980 et

574 3017 670 3085 sic
716 3017 959 3085 iterum
1010 3038 1149 3083 non
1205 3018 1525 3101 convenit
1582 3016 1751 3088 Deo,
1805 3018 1887 3085 Et
1935 3018 2111 3087 idem

573 3124 734 3192 dicit
778 3124 1172 3215 DionysiuS,
1216 3123 1402 3214 quod
1453 3149 1487 3189 κ
1520 3125 2004 3194 allirmationes
2043 3126 2114 3193 in

575 3259 608 3297 α
648 3232 787 3302 Deo
833 3243 990 3302 sunt
1039 3234 1505 3323 incompactae,
1553 3235 1946 3325 negationes
1992 3257 2112 3302 au·

527 3345 534 3351 ’
576 3367 609 3405 α
643 3349 774 3408 tem
806 3349 965 3409 sunt
991 3363 1193 3409 verte.
1222 3367 1255 3403 n

666 3475 697 3510 ι
749 3448 837 3516 Ut
876 3445 1257 3514 invisibilia
1294 3448 1430 3515 Dea·
1459 3471 1583 3539 per
1610 3473 1690 3516 ea
1735 3471 1889 3541 quae
1922 3451 2115 3540 sacta

572 3565 758 3634 sunt,
783 3552 1153 3630 intellecta,
1186 3555 1719 3646 conspiciantur,
1754 3581 1790 3619 n
1823 3555 2117 3648 duplici-

578 3667 702 3737 ter,
753 3657 1004 3727 scilieet
1060 3681 1181 3749 per
1225 3657 1648 3750 adspectum,
1679 3669 1746 3729 et
1794 3685 1914 3753 per
1950 3662 2117 3731 rela-

577 3766 831 3833 tionem
872 3765 1055 3832 utilis
1092 3763 1177 3832 ad
1216 3766 1360 3855 ipsa
1399 3768 1855 3858 acquirantur.

671 3871 746 3940 tit
794 3871 923 3940 lioc
965 3873 1185 3940 innuit
1215 3896 1335 3964 per
1372 3897 1664 3966 sequens
1708 3898 1862 3944 cum
1910 3877 2109 3957 dicit:

577 3983 665 4050 Id
713 3993 830 4062 est,
895 3994 971 4050 u!
1007 3985 1091 4051 de
1119 3985 1636 4076 temporalibus,
1677 3996 1804 4057 etc.
1846 4012 1863 4058 ι
1925 3992 2117 4081 frui-

579 4112 735 4156 mur
760 4094 1072 4179 nequitis,
1129 4094 1197 4159 in
1236 4092 1492 4183 quibus
1540 4097 1708 4186 ipsis
1746 4107 2026 4188 propter
2050 4123 2120 4167 se

578 4198 896 4263 rotrudem
940 4198 1274 4266 delectata
1320 4203 1752 4292 conquiescit,
1801 4229 1833 4268 ι
1879 4204 1940 4271 id
1989 4214 2113 4286 est,

578 4305 779 4371 simul
820 4330 972 4372 cnm
1028 4305 1177 4374 aliis
1228 4310 1544 4397 potentiis·
1593 4312 1872 4400 quiescit
1910 4334 1923 4376 :
1961 4316 2118 4404 quia

581 4412 832 4479 «lictum
864 4423 966 4481 ost
996 4413 1174 4504 qnod
1216 4416 1343 4482 [τιεί
1375 4424 1476 4483 est
1505 4427 1694 4484 actus
1725 4418 2115 4499 voluntatis,

581 4521 949 4587 secundnm
1000 4521 1183 4610 qnod
1238 4520 1555 4588 voluutas
1611 4525 1966 4613 conjuncta
2020 4537 2120 4595 est

583 4626 973 4706 intellectui,
1007 4639 1069 4696 et
1104 4629 1252 4696 aliis
1284 4633 1627 4719 potentiis.

2626 756 3132 826 ART1CULUS
3187 760 3375 828 VIII.

2224 976 2332 1042 An
2395 997 2502 1041 res
2551 973 2712 1042 bene
2749 949 3160 1042 dividantur
3206 976 3279 1042 in
3314 974 3668 1066 fruibilem,
3718 990 3782 1045 et

2827 1079 3107 1149 utibiles
3133 1080 3175 1147 P

2316 1399 2693 1491 Sequitur:
2732 1426 2766 1467 «
2823 1402 2905 1469 Id
2947 1426 3107 1493 erqo
3161 1404 3235 1470 in
3271 1403 3497 1489 rebus,
3559 1415 3684 1474 etc.
3742 1433 3774 1472 ι

2313 1506 2394 1574 In
2418 1506 2549 1576 hac
2575 1517 2763 1598 parte
2803 1509 3128 1600 Magister
3175 1510 3584 1582 determinat
3620 1514 3780 1605 quid

2226 1616 2296 1682 in
2325 1615 2529 1683 rebus
2560 1617 3001 1705 quaerendum
3034 1626 3162 1699 est,
3196 1641 3278 1686 eo
3310 1620 3497 1710 quod
3545 1643 3650 1688 res
3682 1644 3782 1689 se-

2223 1722 2525 1791 cundum
2556 1724 2662 1791 sui
2691 1722 3209 1815 generalitatem
3241 1727 3312 1793 in
3345 1748 3426 1794 eo
3459 1727 3644 1817 quod
3673 1750 3779 1796 res

2224 1850 2363 1896 non
2419 1830 2748 1918 quaeritur
2802 1828 2917 1898 hic
2950 1848 2967 1897 ε
3001 1838 3070 1897 et
3118 1824 3313 1921 ponit
3369 1832 3776 1901 divisionem

2223 1958 2448 2021 rerum
2492 1938 2869 2006 secundum
2918 1922 3106 2029 quod
3159 1939 3449 2007 veniunt
3496 1941 3567 2007 in
3606 1939 3781 2012 hanc

2221 2045 2789 2137 speculationem,
2831 2047 3113 2129 scilicet,
3170 2048 3358 2139 quod
3397 2057 3559 2118 sunt
3609 2051 3780 2119 frui-

2222 2153 2416 2236 biles,
2459 2154 2569 2224 vel
2623 2155 2923 2235 utibiles,
2973 2155 3085 2224 vel
3137 2156 3440 2226 fruentes
3469 2166 3537 2227 et
3581 2168 3774 2228 uten-

2220 2272 2346 2332 tes».

2296 2369 2396 2438 Et
2422 2368 2602 2439 hane
2631 2370 3039 2440 divisionem
3072 2373 3463 2442 manifestat
3491 2384 3783 2465 quatuor

2221 2477 2467 2557 modis,
2536 2476 2815 2557 seilicet,
2849 2478 2934 2547 ab
2993 2478 3264 2561 effectu,
3324 2502 3481 2549 cum
3539 2482 3702 2551 dicit
3759 2508 3776 2554 ε

2223 2609 2255 2649 α
2291 2584 2448 2652 Jllae
2485 2583 2738 2675 quibus
2790 2586 3174 2675 fruendum
3220 2598 3345 2668 est,
3387 2597 3518 2658 etc.
3564 2614 3600 2655 ιι
3645 2588 3777 2658 Se·

2217 2691 2471 2772 cundo,
2540 2691 2627 2760 ab
2675 2701 2831 2761 actu
2889 2693 3006 2785 qui
3073 2703 3177 2763 est
3230 2694 3515 2765 fruentis
3571 2718 3777 2788 super

2217 2798 2513 2885 fruibile,
2584 2807 2653 2868 et
2707 2801 2963 2869 utentis
3038 2824 3245 2892 super
3309 2802 3574 2883 utibile,
3653 2804 3771 2885 ibi,

2225 2934 2256 2967 a
2288 2906 2470 2973 Frui
2507 2916 2766 2986 autem,
2809 2916 2937 2975 etc.
2994 2932 3030 2973 ιι
3070 2907 3328 2991 Tertio,
3370 2931 3412 2979 a
3456 2913 3777 3004 supposi-

2216 3013 2329 3098 tis,
2376 3011 2495 3096 ibi,
2542 3041 2575 3077 «
2618 3016 2750 3082 Res
2796 3016 3022 3105 iqitur
3074 3014 3336 3108 quibus
3381 3020 3763 3109 fruendum

2216 3132 2338 3202 est,
2396 3130 2527 3192 etc.
2587 3149 2623 3186 ιι
2693 3120 2980 3205 Quart0,
3039 3147 3081 3192 a
3135 3126 3575 3218 proprietate,
3647 3129 3763 3210 ibi,

2220 3254 2255 3295 α
2284 3230 2369 3297 In
2415 3229 2649 3297 eodem
2683 3231 2754 3298 in
2802 3229 3122 3300 omnibus
3164 3231 3388 3314 rebus,
3431 3242 3562 3303 etc.
3598 3260 3632 3302 ι
3682 3236 3767 3304 Et

2218 3360 2340 3428 per
2373 3336 2522 3408 haee
2559 3346 2743 3430 patet
2771 3342 3109 3410 sententia
3142 3339 3350 3433 hujus
3378 3344 3614 3434 partis..

2309 3551 2554 3622 Incidit
2618 3561 2847 3622 autem
2885 3552 3174 3623 dubium
3239 3577 3446 3647 super
3500 3556 3778 3626 divisio·

2219 3681 2379 3728 uem
2425 3659 2721 3749 primam
2769 3681 2980 3750 quam
3027 3661 3227 3750 ponit
3279 3660 3536 3743 dicens,
3591 3662 3774 3755 quod

2223 3789 2452 3836 rerum
2525 3794 2562 3832 α
2629 3767 2795 3835 011·ae
2853 3776 3020 3835 sunt
3079 3767 3334 3859 quibus
3394 3771 3772 3858 fruendum

2225 3887 2347 3945 est.
2381 3901 2415 3940 ι

2322 3988 2385 4055 1.
2425 3984 2506 4053 In
2549 3985 2739 4054 omni
2787 3983 3125 4054 divisione
3174 3985 3472 4055 divisum
3522 3986 3780 4078 simpli-

2223 4094 2369 4162 cius
2405 4101 2507 4161 est
2546 4091 3035 4172 dividentibus,
3086 4100 3152 4161 et
3192 4102 3294 4161 est
3334 4115 3457 4186 per
3512 4095 3780 4184 partici-

2223 4201 2568 4292 pationem
2615 4200 2685 4266 in
2733 4220 3153 4289 unoquoque
3192 4197 3467 4268 illorum
3512 4221 3529 4269 :
3573 4200 3783 4291 igitur

2223 4317 2291 4377 et
2318 4308 2463 4377 haec
2501 4329 2608 4375 res
2637 4305 2853 4374 divisa
2892 4305 3272 4398 simplicior
3310 4316 3412 4377 est
3444 4308 3671 4388 rebus,
3713 4318 3779 4380 et

2223 4437 2345 4506 per
2393 4413 2981 4506 participationem
3015 4422 3116 4483 est
3147 4416 3216 4482 in
3248 4416 3436 4506 ipsis·
3481 4415 3680 4496 Quod
3720 4418 3778 4485 si

2224 4522 2444 4601 detur,
2492 4519 2759 4590 Conrna
2804 4542 2821 4590 ε
2863 4520 2997 4589 Res
3039 4520 3326 4590 fruibilis
3381 4522 3565 4592 Deus
3612 4534 3714 4591 est
3755 4547 3772 4591 ε

2225 4651 2389 4719 ergo
2433 4629 2620 4697 Deus
2657 4621 2926 4719 *aliquid
2962 4630 3343 4720 simplicius
3391 4653 3462 4698 se
3500 4633 3779 4721 partici-

2225 4742 2365 4826 pat,
2408 4744 2476 4803 et
2505 4735 2603 4803 sic
2624 4735 2753 4803 erit
2779 4736 3229 4826 compositus.

2314 4844 2379 4911 2.
2432 4842 2632 4922 Item,
2698 4841 2775 4909 ln
2829 4844 3019 4910 omni
3076 4840 3413 4911 divisione
3480 4842 3774 4913 divisum

2224 4971 2592 5017 commune
2656 4957 2757 5017 est
2840 4947 3354 5018 dividentibus:
3407 4949 3776 5019 dividentia

2222 5062 2447 5121 autem
2509 5061 2670 5122 sunt
2728 5052 3008 5122 Creator
3064 5062 3130 5122 et
3188 5061 3496 5124 creatura
3549 5078 3565 5125 ε
3614 5080 3776 5147 ergo

2222 5161 2478 5252 aliquid
2506 5169 2606 5229 est
2638 5163 3013 5228 univocum
3053 5159 3360 5231 Creatori
3405 5173 3473 5232 et
3507 5173 3778 5236 creatu-

2226 5292 2336 5351 rar,
2372 5268 2553 5359 quod
2585 5267 2831 5335 salsum
2861 5276 2986 5335 est.
3031 5268 3369 5338 Pnonmo
3399 5279 3665 5339 constat
3691 5292 3773 5338 ex

2222 5400 2304 5446 eo
2334 5376 2515 5466 qnod
2551 5373 2696 5442 lnaec
2725 5373 2972 5442 divisio
3017 5398 3159 5444 non
3189 5386 3293 5446 est
3328 5379 3659 5469 aequivoci
3705 5381 3773 5446 in
3854 5423 3868 5434 ·

2222 5484 2752 5574 significationes
2796 5502 2811 5547 ε
2858 5483 3018 5572 quia
3076 5506 3217 5552 non
3275 5485 3776 5574 permitteretur

2223 5587 2517 5657 divisum
2564 5583 2943 5678 pluraliter,
2994 5587 3171 5656 sicut
3223 5609 3366 5656 non
3422 5587 3710 5659 dicimus
3754 5612 3772 5661 t
