4897 6388
635 2204 947 2261 :mutunen-

648 4592 853 4640 solutio.

1688 185 1695 192 ’
1789 221 1885 287 IN
1932 221 1961 288 1
2011 223 2432 298 SENTENT.
2492 232 2716 303 DIST.
2769 238 2825 318 Ι,
2880 242 2963 328 Β,
3017 245 3219 317 ART.
3278 251 3381 316 14.
3483 354 3486 355 f

987 379 1401 468 particulari,
1428 395 1493 454 et
1519 379 1893 459 secundum
1933 417 2168 467 omnes
2196 394 2201 399 ’
2226 407 2538 497 proprie-

987 488 1155 552 tates
1188 488 1438 577 ipsius:
1473 513 1636 582 ergo
1676 494 1987 568 similiter
2014 512 2079 570 et
2127 507 2339 578 multo
2383 536 2538 582 ma-

984 592 1087 680 gis
1124 590 1354 662 hocin
1384 600 1602 685 patria
1634 602 1796 672 erit:
1844 631 2004 700 ergo
2061 615 2144 681 ad
2206 622 2537 708 cognitio-

983 719 1140 764 nem
1170 700 1409 789 gloriae
1452 725 1589 773 non
1623 711 1869 782 sufficit
1896 723 2194 810 cognitio
2225 725 2537 795 substan·

982 804 1113 887 tiae,
1151 806 1279 872 nisi
1321 807 1496 880 adsit
1534 816 1736 885 etiam
1768 822 2212 895 determinata
2233 835 2532 922 cognitio

977 930 1427 998 personarum
1460 928 1526 987 et
1590 929 2080 1015 proprietatum
2148 958 2404 1019 earum,
2470 952 2536 1011 et

978 1014 1070 1081 ibi
1106 1017 1400 1091 fruimur
1435 1031 1768 1118 cognitis:
1808 1056 1968 1125 ergo
2013 1038 2300 1112 fruimur
2376 1072 2534 1139 per-

1067 1234 1131 1299 2.
1185 1234 1379 1318 Item,
1441 1239 1687 1311 Nonne
1725 1249 2106 1321 amabimus
2181 1259 2531 1332 distinctas

977 1358 1327 1425 personaS,
1363 1353 1429 1411 et
1485 1345 1985 1426 distinctionem
2054 1369 2341 1433 earum?
2369 1392 2530 1437 con·

977 1455 1109 1514 stat
1137 1452 1324 1539 quod
1353 1457 1472 1523 sic.
1511 1459 1647 1528 Aut
1684 1487 1846 1556 ergo
1887 1490 2117 1540 amore
2165 1499 2349 1562 usuS,
2412 1490 2531 1549 aut

979 1576 1211 1624 amore
1269 1559 1570 1633 fructus:
1614 1569 1669 1635 si
1712 1592 1942 1643 amore
1980 1600 2184 1648 usus:
2229 1607 2391 1675 ergo
2441 1590 2530 1657 ad

979 1660 1164 1732 aliud
1206 1669 1393 1758 quod
1439 1674 1681 1743 melius
1728 1689 1828 1748 est
1894 1685 2279 1772 referemus,
2342 1697 2530 1786 quod

978 1768 1224 1840 falsum
1258 1786 1382 1857 est,
1427 1782 1587 1869 quia
1617 1789 1907 1856 essentia
1937 1813 2069 1860 non
2101 1808 2199 1865 est
2255 1799 2529 1891 dignior

978 1883 1330 1966 personis:
1374 1907 1536 1978 ergo
1568 1912 1801 1962 amore
1828 1896 2105 1980 fructuS‚
2142 1914 2207 1973 et
2245 1909 2342 1976 sic
2396 1909 2527 1978 ha-

977 1978 1177 2049 betur
1211 1991 1665 2076 propositum.
2093 2028 2096 2032 ’

1068 2191 1201 2261 San
1228 2219 1401 2267 'runc
1421 2224 1728 2274 emamus
1749 2212 2095 2298 quaeritur,
2122 2216 2362 2287 Utrum
2385 2244 2526 2292 una

978 2319 1273 2386 persona
1302 2307 1521 2396 magis
1549 2309 1854 2382 fruemur
1927 2340 2130 2409 quam
2188 2322 2373 2392 alia?
2436 2326 2525 2397 Et

973 2405 1268 2493 videtur,
1309 2413 1496 2502 quod
1549 2420 1689 2486 sic:
1760 2425 1920 2512 quia
1955 2428 2126 2496 sieut
2176 2430 2241 2497 in
2280 2433 2520 2504 ordine

971 2520 1279 2588 essentiae
1310 2520 1601 2595 habetur
1628 2552 1764 2599 una
1794 2557 1944 2625 quae
1986 2546 2085 2606 est
2156 2542 2375 2632 prima
2452 2555 2520 2615 et

969 2624 1378 2718 principium
1436 2632 1751 2718 aliarum,
1813 2651 1876 2709 et
1943 2648 2212 2735 quando
2279 2652 2521 2720 referi-

967 2753 1118 2799 mus
1155 2734 1243 2802 ad
1271 2735 1456 2806 aliud
1485 2749 1874 2827 essentiam,
1916 2760 2173 2823 stamus
2243 2759 2309 2824 in
2348 2759 2463 2829 illa
2493 2780 2513 2832 ε

964 2839 1055 2908 ita
1078 2843 1372 2927 videtur,
1396 2850 1580 2939 quod
1603 2855 1690 2922 sit
1719 2857 1788 2924 in
1817 2859 2052 2931 ordine
2076 2873 2331 2936 naturae
2361 2892 2514 2961 quae

958 3188 1142 3249 nem,
1207 3170 1507 3263 Spiritus
1567 3184 1779 3252 sancti
1846 3209 1968 3277 per
2020 3192 2503 3281 spirationem:

957 3297 1120 3366 ergo
1168 3279 1464 3364 videtur,
1524 3287 1706 3377 quod
1764 3292 2001 3365 relatio
2074 3303 2501 3374 statinilla.

957 3378 1104 3449 Hoc
1141 3385 1346 3453 etiam
1396 3389 1668 3461 videtur
1722 3419 1842 3487 per
1904 3398 2033 3470 hoc
2098 3407 2279 3496 quod
2343 3409 2506 3480 dicit

954 3488 1346 3579 Apostolus,
1398 3495 1541 3566 lad
1609 3501 1917 3575 Corinth.
1986 3534 2079 3592 xi,
2114 3515 2198 3583 3:
2264 3518 2506 3590 Omnis

954 3598 1089 3664 riri
1131 3613 1343 3692 caput
1408 3606 1717 3678 Christus
1763 3625 1863 3683 est
2083 3635 2292 3715 caput
2348 3652 2503 3698 vero

954 3703 1233 3791 Christi,
1264 3711 1476 3793 Deus,
1511 3714 1577 3782 id
1623 3729 1747 3798 est,
1802 3721 2026 3804 Pater,
2058 3739 2125 3797 et
2163 3732 2251 3800 ita
2317 3735 2507 3805 vide·

950 3817 1060 3878 tur
1088 3814 1271 3902 quod
1303 3815 1511 3888 Filius
1549 3823 1632 3892 sit
1667 3826 2049 3901 referendus
2088 3837 2171 3904 ad
2194 3837 2496 3912 Patrem.

955 3915 1035 3985 Et
1065 3916 1194 3989 hoc
1236 3923 1377 4013 ipse
1407 3927 1676 3998 videtur
1722 3934 1937 4006 facere
1971 3941 2036 4008 in
2099 3942 2495 4040 EvangeliO,

948 4023 1223 4095 dicens:
1255 4032 1413 4098 Mea
1441 4034 1755 4107 doctrina
1796 4066 1929 4111 uon
1986 4059 2082 4115 es!
2145 4076 2320 4132 mea,
2378 4058 2506 4125 sed

947 4129 1104 4218 ejus
1155 4137 1281 4226 qui
1316 4141 1503 4208 misi!
1553 4167 1661 4212 me
1701 4148 1744 4216 ¹.
1801 4152 1952 4219 Non
1990 4178 2219 4246 quaero
2259 4162 2501 4234 volun·

951 4245 1158 4307 tatem
1199 4266 1446 4327 meam,
1505 4252 1629 4318 sed
1689 4255 2105 4331 voluntalem
2165 4269 2319 4357 ejus
2373 4277 2500 4365 qm'

948 4348 1137 4415 misit
1175 4374 1283 4419 me
1307 4370 1354 4421 ⁸.

1037 4564 1349 4638 Somno.
1399 4571 1640 4644 Dicunt
1679 4580 1954 4668 quidam
2012 4587 2094 4654 ad
2163 4592 2489 4677 primum,

947 4672 1131 4761 quod
1187 4679 1316 4745 tria
1382 4691 1540 4750 sunt
1613 4684 1682 4753 in
1749 4687 2036 4761 divinis:
2081 4697 2485 4782 substantia,

946 4802 1262 4869 persona,
1303 4796 1365 4855 et
1400 4791 1611 4859 notio.
1650 4794 2042 4868 Substantia
2089 4815 2313 4874 autem
2385 4833 2490 4879 res

945 4898 1044 4957 est
1081 4890 1433 4965 absolute:
1476 4903 1663 4970 notio
1692 4915 1919 4975 autem
1954 4912 2163 4982 ratio:
2199 4939 2489 5005 persona

942 5005 1169 5066 autem
1212 5003 1512 5074 medium
1545 5010 1721 5079 inter
1747 5012 2192 5089 substantiam
2250 5032 2316 5093 et
2354 5049 2488 5094 no-

942 5103 1193 5174 tionem
1234 5113 1604 5183 secundum
1649 5122 2004 5210 rationem,
2041 5137 2106 5196 et
2146 5129 2295 5200 ideo
2338 5157 2485 5225 per·

1010 5378 1026 5411 ¹
1057 5379 1226 5436 lonii.
1260 5399 1355 5450 vn,
1383 5387 1467 5439 ¹6.

1010 5465 1035 5500 ¹
1061 5467 1227 5525 toan.
1274 5488 1327 5539 v,
1360 5475 1448 5529 30.
1481 5475 1565 5531 Cf.
1599 5477 1802 5551 etiam,
1851 5483 2043 5546 Joan..
2078 5505 2151 5561 ιν,
2184 5493 2251 5550 3⁴
2280 5510 2295 5550 ε
2330 5497 2481 5554 Menas

938 5556 1089 5613 cibus
1117 5568 1193 5616 cst
1225 5569 1285 5617 ut
1312 5567 1521 5634 sariam
1549 5568 1882 5630 voluntatem
1912 5577 2031 5646 ejtaes
2058 5583 2158 5650 qm·
2185 5584 2333 5641 misit
2370 5605 2474 5644 me.

1191 5697 1297 5735 XXV

2645 435 2816 481 sona
2855 425 2958 485 est
2999 441 3104 487 res
3147 424 3452 513 respectu
3487 429 3830 510 notioni&
3894 441 3961 499 et
4027 437 4199 504 ratio
4247 462 4250 465 ·

2647 533 2951 610 respectu
3013 532 3345 597 essentiae.
3406 532 3490 599 Et
3546 533 3677 603 hoc
3721 559 3924 605 sensu
3979 549 4202 630 potest

2643 625 2800 707 dici,
2861 632 3049 718 quod
3103 636 3251 703 'sint
3316 646 3450 706 tres
3493 644 3747 710 res2in
3803 645 3936 714 alio
3970 654 4197 717 autem

2641 755 2779 799 una
2834 735 2981 802 sola
3029 762 3160 808 res,
3225 741 3386 812 Haec
3441 756 3666 816 autem
3722 752 3971 821 solutio
4031 755 4198 822 mihi

2643 846 2788 907 tuta
2818 863 2958 909 non
2988 845 3300 915 videtur:
3372 854 3528 941 quia
3595 879 3885 946 persona
3942 861 4199 951 simpli-

2641 949 2808 1015 citer
2834 945 3100 1038 res'est,
3145 965 3211 1023 et
3238 980 3612 1050 numquam
3654 986 3760 1032 res
3789 965 3975 1034 sola:
4038 972 4199 1059 quia

2640 1056 2771 1125 hoc
2829 1069 3031 1127 sonat
3087 1062 3345 1154 aliquid
3411 1069 3712 1137 vicinum
3764 1071 4192 1144 Sabelliani&

2640 1162 2837 1233 Unde
2868 1166 3017 1234 sine
3048 1171 3438 1258 praejudicio
3467 1198 3470 1199 ⁷
3504 1176 3678 1255 dico,
3759 1180 3943 1269 quod
4000 1182 4200 1271 (sicut

2637 1268 2800 1336 dicit
2827 1270 3295 1365 Philosophus
3325 1281 3599 1369 quidam
3642 1284 3712 1351 in
3746 1288 3980 1376 prima
4016 1289 4228 1356 Phi--

2641 1376 3006 1469 losephia),
3068 1405 3189 1450 ens
3245 1394 3312 1453 et
3342 1410 3447 1456 res
3512 1400 3671 1459 sunt
3720 1393 3802 1461 de
3857 1403 4232 1466 transcen-·

2636 1485 2982 1570 dentibus,
3017 1500 3086 1560 et
3120 1495 3361 1584 primis
3417 1501 3792 1570 secundum
3850 1505 4193 1575 ambitum
4237 1520 4240 1521 ’

2635 1617 2777 1662 suae
2807 1598 3354 1687 significationis,
3389 1614 3454 1673 et
3491 1616 3651 1676 sunt
3677 1631 3758 1678 ea
3813 1612 3882 1679 in
3948 1612 4193 1704 quihus

2634 1710 2771 1770 stat
2826 1705 3185 1793 resolutio,
3245 1720 3314 1779 et
3378 1713 3528 1783 ideo
3588 1717 3880 1787 dicibilia
3920 1730 4080 1789 sunt
4123 1724 4192 1789 in

2635 1808 2885 1879 divinis
2918 1812 3001 1881 de
3033 1813 3365 1887 absolutis
3405 1830 3467 1889 et
3527 1822 3793 1893 relatis:
3829 1835 3895 1894 et
3957 1850 4192 1897 secuu-

2635 1916 2799 1986 dum
2841 1921 3029 2010 quod
3058 1923 3527 2017 adjunguntur
3563 1932 3648 2001 ad
3704 1932 3849 2004 haec
3900 1936 4010 2005 vel
4048 1936 4182 2016 illa,
4223 1956 4228 1961 ’

2631 2040 2923 2120 possunt
2959 2055 3109 2103 esse
3139 2036 3455 2126 pluralia,
3485 2043 3594 2111 vel
3633 2045 4043 2136 singularia:
4094 2055 4190 2117 ta·

2634 2158 2794 2204 men
2832 2148 3128 2231 propter
3171 2144 3455 2214 modum
3522 2150 3938 2242 intelligendi
3997 2153 4192 2223 abso-

2631 2241 2881 2332 lutum,
2944 2252 3169 2339 magis
3228 2260 3462 2323 tenent
3532 2278 3604 2325 se
3643 2280 3683 2326 a
3731 2269 3919 2351 parte
3967 2284 4191 2331 essen-

2629 2350 2764 2418 tiae.

2718 2457 2825 2526 An
2853 2482 3358 2535 auc-romum
3387 2476 3615 2538 autem
3644 2471 4044 2543 Damasceni
4089 2475 4189 2544 di-

2628 2567 2950 2655 cendum,
2985 2572 3175 2663 quod
3213 2598 3353 2644 nou
3382 2577 3527 2646 sola
3558 2581 3817 2651 ratione
3856 2583 3965 2651 vel
4003 2586 4186 2677 cogi·

2625 2673 2885 2745 tatione
2915 2699 3228 2768 personae
3257 2682 3806 2778 distinguuntur:
3851 2692 4010 2781 quia
4052 2689 4183 2761 hoc

2625 2789 2802 2849 esset
2870 2780 3368 2857 Sabelliunum.
3444 2792 3636 2862 Unde
3687 2806 3879 2865 caute
3926 2797 4182 2866 intelli-

2621 2887 2846 2978 genda
2904 2899 3008 2960 est
3066 2897 3462 2979 auctoritas,
3524 2901 3804 2988 scilicet,
3850 2911 3928 2972 ut
3980 2906 4182 2974 ratio·

2617 3210 2970 3283 tellectum
3035 3215 3572 3312 distinguentem
3660 3248 3983 3317 personas
4054 3251 4176 3320 per

2616 3317 3016 3410 hujusmodi
3049 3325 3413 3398 relationes
3442 3332 3852 3422 personales.

4119 263 4202 330 33
4347 214 4364 267 ⁵

4225 2476 4228 2479 Ι
4293 2516 4377 2562 Ad
4400 2517 4440 2566 l·

2707 3425 2793 3496 Et
2821 3428 2908 3497 ad
2937 3430 3127 3501 aliud
3164 3442 3351 3526 patet
3377 3436 3629 3507 solutio
3659 3464 3778 3532 per
3826 3442 4166 3533 praedicta.
4223 3480 4299 3528 Μ
4319 3480 4347 3526 2
4369 3486 4478 3532 ..3,

2706 3640 2811 3707 Ad
2845 3640 2910 3709 id
2943 3643 3132 3733 quod
3181 3646 3464 3717 ulterius
3522 3652 3888 3743 quaeritur:
3927 3655 4169 3726 Utrum
4226 3677 4305 3723 Ad
4332 3690 4478 3737 qua-

2615 3745 2919 3816 fruemur
2985 3756 3297 3842 personis
3374 3758 3439 3825 in
3506 3782 3588 3827 eo
3627 3761 3810 3851 quod
3866 3787 4170 3854 personae

2612 3858 2827 3924 sunt?
2855 3855 3264 3946 Dicendum,
3310 3865 3493 3955 quod
3539 3870 3593 3935 si
3627 3867 3693 3960 ly
3752 3871 3820 3937 ἰη
3877 3896 3952 3940 eo
4010 3872 4173 3944 dicit

2612 3963 2946 4032 rationem
3018 3966 3272 4058 obJ‘ecti
3338 3971 3620 4054 fructuS,
3673 4000 3812 4045 non
3869 3978 4173 4051 fruemur

2611 4072 2922 4160 personis
2952 4073 3022 4142 in
3054 4097 3137 4144 eo
3195 4080 3383 4168 quod
3456 4104 3763 4172 personae
3830 4096 4011 4155 sunt.
4093 4087 4168 4156 Si

2609 4183 2840 4245 autem
2863 4177 3027 4248 dicit
3058 4181 3586 4256 indifferentiam
3626 4198 3691 4258 et
3751 4192 4170 4265 identitatem

2607 4303 2916 4372 personae
2947 4285 3034 4354 ad
3075 4286 3422 4377 objectum
3462 4293 3742 4379 fructus,
3772 4306 3935 4368 tunc
3980 4300 4171 4369 frue-

2610 4409 2766 4457 mur
2803 4393 3117 4481 personis
3148 4396 3216 4462 in
3264 4420 3346 4467 eo
3397 4401 3580 4490 quod
3633 4426 3941 4494 personae
3980 4418 4163 4478 sunt.

2610 4494 2794 4565 Licet
2822 4500 3008 4567 enim
3041 4500 3302 4572 fructus
3330 4527 3451 4596 per
3477 4529 3549 4576 se
3574 4511 3663 4578 sit
3699 4511 3827 4580 Dei
3856 4515 3926 4580 in
3955 4537 4169 4604 quan-

2607 4616 2754 4675 tum
2784 4633 3139 4681 summum
3169 4613 3429 4685 bonum
3463 4630 3587 4700 est,
3639 4644 3776 4690 non
3808 4631 4035 4694 tamen
4064 4637 4166 4696 est

2607 4714 2730 4783 Dei
2762 4739 2883 4807 per
2910 4741 3366 4813 consequens,
3414 4736 3480 4794 et
3517 4750 3820 4818 personae
3874 4755 3995 4823 per
4048 4759 4166 4804 ac-

2602 4820 2875 4893 cidens:
2924 4828 3087 4916 quia
3144 4829 3217 4896 in
3257 4830 3401 4899 Deo
3433 4855 3573 4902 non
3611 4845 3712 4905 est
3742 4859 4163 4931 consequens

2601 4931 2991 5002 universale
3049 4935 3135 5004 ad
3165 4939 3597 5028 particulare,
3652 4945 3770 5013 sed
3808 4947 4010 5016 idem.
4048 4949 4165 5018 Si·-

2602 5036 2856 5107 militer
2896 5040 2966 5108 in
3024 5041 3171 5112 Deo
3232 5067 3370 5113 non
3422 5057 3523 5117 est
3578 5051 4010 5140 accidentale,
4044 5057 4160 5126 sed

2600 5142 2807 5214 idem.
2841 5145 2929 5216 Et
2969 5147 3124 5218 ideo
3165 5150 3469 5221 fruemur
3507 5155 3677 5238 Deo,
3719 5169 3784 5228 et
3823 5165 4151 5251 personis,

2597 5408 2667 5465 Et
2697 5409 2881 5484 idem,
2913 5431 2993 5484 vt,
3023 5417 3094 5472 38
3124 5434 3140 5474 ε
3165 5419 3427 5477 Descendi
3455 5424 3523 5479 de
3551 5425 3703 5494 coelo,
3725 5443 3832 5483 non
3861 5435 3922 5485 ut
3948 5434 4154 5502 seciam

2593 5502 2938 5563 veluntatem
2967 5525 3169 5580 meam,
3200 5512 3295 5569 sed
3327 5516 3664 5574 voluntatem
3703 5522 3824 5592 ejus
3859 5525 3958 5594 qui
4002 5527 4150 5583 misit

2591 5609 2695 5649 me.

3878 5734 3908 5786 3

4251 3733 4469 3835 sas-r
