4897 6388
715 362 847 428 504
1726 363 1804 430 D.
1858 363 2055 431 ALB.
2111 361 2325 430 MAG.
2376 360 2579 428 ORD.
2634 357 2927 425 PRAED.

721 530 1056 626 perfecta
1089 536 1103 569 ¹
1137 543 1279 627 est,
1328 512 1592 609 tenere
1625 543 2005 608 naturam.
2039 533 2209 607 Non
2244 531 2444 607 enim
2494 529 2699 604 atiud
2734 548 2963 625 quam
3014 527 3225 601 Deus
3303 524 3674 616 subsistit,
3724 522 3928 620 quod

720 689 876 739 non
907 667 1220 742 aliunde
1253 691 1485 765 quam
1524 668 1617 742 de
1658 669 1817 742 Deo
1859 669 2228 742 subsistit.
2275 669 2465 740 Ecce
2507 665 2626 738 his
2655 664 2911 738 verbis
2951 663 3319 761 aperitur,
3383 657 3765 757 quomodo
3809 656 3933 729 in-

710 801 1227 897 telligendum
1272 803 1369 876 sit
1401 802 1620 895 illud,
1657 803 1768 876 De
1794 803 2013 876 Patre
2046 801 2433 898 generatio
2469 809 2778 897 praestat
2803 800 3215 874 essentiam
3249 799 3469 888 Fitio,
3505 807 3579 871 et
3608 797 3700 870 de
3734 804 3932 868 utro-

716 958 867 1032 que
901 936 1294 1033 processio
1338 946 1656 1033 preestat
1686 935 2419 1034 essentiamSpiritui
2443 944 2732 1009 sancto.
2771 934 2941 1008 Non
2975 934 3157 1032 quia
3187 935 3314 1009 ille
3333 933 3669 1009 essentia
3687 933 3782 1006 sit
3815 931 3928 1005 Fi-

711 1070 888 1159 lius,
936 1079 1012 1144 et
1052 1070 1193 1146 iste
1227 1073 1566 1146 essentia
1616 1073 1713 1146 sit
1752 1072 2082 1170 Spiritus
2136 1082 2470 1164 sanctus,
2553 1071 2702 1145 imo
2772 1071 3234 1170 proprietate
3278 1072 3661 1169 personali
3701 1095 3715 1144 :
3789 1070 3922 1145 sed

710 1205 897 1301 quia
925 1216 1002 1280 et
1036 1205 1158 1280 ille
1205 1207 1623 1301 nascendO,
1662 1218 1735 1282 et
1765 1208 1904 1282 iste
1937 1207 2415 1304 procedendo
2458 1207 2866 1281 essentiam
2913 1207 3199 1282 habent
3254 1207 3635 1301 eamdem,
3673 1218 3747 1282 et
3806 1219 3925 1281 to-

706 1350 865 1414 tam
907 1362 1087 1437 quoe
1129 1340 1206 1412 in
1261 1340 1488 1415 Patre
1524 1352 1664 1416 est.

710 1880 804 1954 K.
856 1878 1083 1971 Quod
1127 1878 1472 1977 Spiritus
1510 1889 1817 1955 sanctus·
1856 1884 2141 1957 dicitur
2169 1884 2450 1958 donum
2484 1889 2557 1956 ct
2592 1882 2956 1957 donatum
2995 1883 3417 1958 secmedmn
3463 1882 3650 1956 (letos
3700 1907 3920 1982 prze-

1739 1999 1976 2074 diacos
2025 2001 2286 2075 modos
2334 2001 2881 2100 processionis.

808 2339 916 2412 Ex
950 2339 1342 2438 praedictis
1376 2348 1582 2437 patet
1627 2339 1827 2436 quod
1861 2339 2191 2439 Spiritus
2221 2353 2531 2417 sanctus
2570 2343 3033 2442 sempiterne
3067 2343 3357 2418 donum
3392 2353 3532 2430 est.
3606 2353 3677 2416 et
3722 2352 3921 2416 tem-

711 2476 1081 2576 poraliter
1110 2477 1374 2550 datum
1410 2476 1531 2550 vel
1567 2476 1963 2551 donatum.
2012 2480 2118 2552 Ex
2150 2501 2303 2577 quo
2360 2490 2675 2579 apparet
2713 2480 2840 2553 itta
2879 2480 3266 2555 distinctio
3335 2480 3668 2576 gentium
3737 2504 3917 2577 pro-

715 2611 1121 2704 cessioniS,
1166 2611 1258 2684 de
1301 2633 1455 2707 qua
1489 2635 1722 2709 supra
1755 2613 2082 2706 egimus.
2128 2615 2319 2688 Nam
2353 2617 2775 2690 seeundum
2818 2617 3133 2691 alteram
3178 2617 3745 2716 processionem
3799 2616 3919 2689 di-

709 2746 911 2822 citur
948 2746 1314 2820 donatum
1363 2746 1480 2819 vel
1527 2746 1819 2842 datum,
1864 2751 2287 2826 secundum
2332 2754 2644 2828 atteram
2679 2778 2860 2828 vero
2900 2752 3181 2827 dicitur
3219 2754 3539 2828 donum.

1155 3386 1658 3456 Att'l’iCt'td'S
1713 3390 1860 3458 x‘tt.

712 3598 819 3661 Αη
849 3594 991 3661 laeaec
1025 3597 1118 3660 sit
1141 3620 1320 3671 vetra,
1353 3599 1437 3664 122·
1443 3599 1582 3665 lius
1612 3604 1867 3692 accepit
1904 3606 2259 3677 nascendo,

801 3700 912 3767 vel
936 3702 1140 3769 habe!
1203 3708 1539 3771 nascendo
1578 3708 1767 3797 quod
1806 3711 1895 3775 si!
1920 3712 2127 3787 Deus,
2165 3714 2269 3780 rel

801 3808 1092 3873 esst-ulia
1124 3809 1361 3875 die-ina
1398 3812 1440 3876 :²

800 4085 1005 4152 (lnam
1038 4086 1221 4176 quod
1272 4086 1646 4163 dubitatur,
1697 4088 1931 4156 Utrum
1997 4090 2142 4159 inec
2182 4094 2259 4159 sit

711 4214 895 4267 vera.
987 4191 1194 4259 Filius
1244 4194 1583 4262 nascendo
1634 4197 1881 4285 aceepit
1943 4199 2120 4286 quod
2180 4201 2259 4265 sit

713 4297 919 4377 Deus,
955 4300 1061 4367 vel
1108 4301 1449 4367 nascendo
1493 4312 1591 4368 est
1632 4302 1835 4381 Deus,
1881 4305 1982 4370 ve!
2033 4330 2264 4373 essen-

708 4409 801 4472 tia
841 4405 1127 4473 divina?

800 4510 1109 4594 Videtur,
1156 4511 1336 4602 quod
1389 4535 1571 4579 non:
1618 4515 1774 4603 quia

805 4621 866 4685 1.
904 4617 1249 4710 Quidquid
1302 4629 1400 4686 est
1445 4621 1809 4704 nascendo,
1854 4621 1981 4688 lior
2019 4622 2263 4693 distin-

704 4728 847 4816 guit
885 4728 1107 4817 ipsum
1142 4752 1178 4794 a
1214 4739 1582 4818 generante
1615 4753 1627 4795 :
1668 4730 1720 4794 si
1751 4754 1912 4819 erge»
1956 4732 2133 4798 Deus
2162 4745 2258 4800 est

705 4833 1074 4916 nascendo,
1126 4833 1306 4900 Deus
1341 4835 1443 4901 vet
1490 4838 1780 4902 essentia
1838 4837 2063 4904 divina
2120 4840 2261 4906 dis-

703 4942 1039 5030 tinguitur
1086 4966 1123 5007 a
1163 4941 1388 5021 Patre,
1435 4943 1619 5033 quod
1664 4943 1904 5009 salsum
1940 4954 2061 5010 est.

790 5048 855 5111 2.
905 5044 1097 5125 item,
1137 5047 1489 5137 Quidquid
1529 5048 1735 5114 Filius
1765 5057 1858 5115 est
1895 5051 2256 5134 nascende,

701 5150 864 5217 illud
906 5163 1006 5221 est
1067 5163 1304 5221 natum
1343 5175 1358 5221 :
1408 5178 1570 5244 ergo
1607 5158 1657 5221 si
1724 5155 1927 5222 Filius
1969 5159 2255 5226 essentia

699 5268 798 5325 est
848 5260 1221 5341 nascende,
1279 5264 1420 5352 ipsa
1465 5271 1567 5329 est
1614 5273 1792 5332 nata.
1845 5263 2096 5331 Eadem
2145 5265 2258 5331 ob·

689 5366 897 5455 jectio
933 5393 1215 5458 prorsus
1246 5379 1347 5438 est
1387 5370 1468 5437 de
1501 5369 1653 5450 hac,
1692 5371 1982 5461 Spiritus
2023 5396 2258 5462 proce-

697 5472 922 5542 dendo
956 5486 1057 5543 est
1092 5478 1300 5556 Deus,
1335 5477 1441 5544 vel
1475 5479 1768 5545 essentia
1808 5479 2057 5545 divina.

767 5705 781 5739 ¹
817 5704 967 5759 Edit.
1002 5706 1162 5760 loan.
1203 5706 1529 5775 ‚tlte-wine,
1558 5690 1833 5777 prosecta.

2459 3103 2560 3168 An
2602 3125 2724 3168 noc
2751 3078 2977 3170 dicunt
3009 3101 3315 3193 quidam,
3349 3103 3532 3196 quod
3572 3102 3715 3170 lta-c
3747 3104 3916 3169 sim-

2371 3210 2629 3301 pliciter
2700 3221 2796 3278 est
2825 3213 3278 3289 concedenda,
3328 3212 3534 3279 Filius
3580 3213 3915 3280 nascendo

2373 3320 2635 3408 accipit,
2673 3319 2775 3387 vel
2834 3319 3040 3386 Filius
3090 3320 3429 3389 nascendo
3471 3320 3668 3388 hahet
3731 3320 3914 3411 quod

2374 3440 2472 3497 est
2523 3431 2700 3497 Deus
2730 3439 2794 3497 et
2841 3430 3071 3497 divina
3128 3432 3422 3498 essentia
3466 3453 3482 3499 :
3536 3434 3707 3499 sient
3766 3430 3915 3497 Ma-

2372 3539 2577 3627 gister
2636 3537 2740 3604 hie
2801 3540 2868 3604 in
2911 3539 3171 3605 Littera
3201 3537 3407 3605 dicit:
3446 3548 3510 3605 et
3560 3536 3687 3605 hoc
3737 3537 3909 3616 ideo,

2374 3647 2531 3736 quia
2580 3646 2644 3712 in
2690 3644 2803 3711 tali
2864 3643 3231 3721 locutione,
3279 3643 3344 3735 ty
3384 3646 3717 3711 nasce-ndo
3776 3668 3911 3713 non

2372 3755 2774 3822 determinat
2833 3755 2957 3820 nisi
3013 3756 3484 3844 suppositum:
3521 3764 3585 3821 et
3626 3764 3725 3821 est
3756 3778 3914 3821 sen-

2372 3888 2509 3945 sus,
2558 3864 2761 3930 Filius
2800 3866 2913 3954 qui
2956 3863 3298 3931 nascendo
3327 3875 3430 3932 est
3464 3863 3694 3941 Filius.
3730 3864 3911 3932 acci-

2374 3976 2468 4063 pit
2526 3972 2704 4062 quud
2764 3976 2846 4039 sit
2907 3972 3086 4039 Deus
3152 3971 3258 4039 vel
3319 3976 3614 4040 essentia
3652 3972 3905 4053 divina,

2373 4081 2475 4150 vel
2517 4081 2715 4148 habet
2749 4079 2899 4147 ltoc.

2458 4191 2627 4256 Cum
2696 4200 2920 4255 autem
2981 4188 3250 4263 dicitur.
3332 4187 3538 4255 Filius
3578 4189 3913 4256 nascendo

2371 4307 2468 4364 est
2520 4296 2724 4369 Deus,
2795 4295 2898 4361 vel
2959 4296 3251 4362 essentia
3300 4294 3574 4362 divina:
3655 4295 3910 4373 dicunt,

2370 4403 2548 4495 quod
2597 4403 3049 4493 gerundivum
3124 4411 3344 4493 potest
3388 4402 3607 4469 dicere
3638 4427 3911 4470 causam

2371 4522 2672 4602 respectu
2708 4510 3042 4600 praedicati
3081 4531 3095 4575 :
3132 4510 3322 4600 et‘sir
3355 4508 3520 4575 salsa
3577 4520 3672 4575 est
3739 4509 3916 4576 lon-u·

2367 4621 2490 4695 tiu,
2525 4620 2682 4709 quia
2729 4619 3043 4684 nativitas
3077 4640 3212 4683 non
3253 4618 3522 4705 attingit
3553 4618 3911 4684 essentiam

2369 4727 2693 4802 divinam,
2748 4734 2817 4791 ut
2850 4724 3208 4814 probatum
3242 4735 3339 4792 est
3372 4747 3573 4814 supra
3596 4727 3641 4790 ¹.

2459 4833 2577 4901 vet
2639 4841 2854 4922 potest
2931 4834 3179 4923 exponi
3261 4855 3378 4922 per
3447 4832 3654 4897 dum:
3701 4839 3770 4898 ut
3828 4832 3913 4899 sit

2367 4965 2626 5015 sensus,
2668 4941 2871 5007 Filius
2923 4942 3082 5008 dum
3126 4949 3326 5008 natus
3373 4948 3498 5018 est,
3542 4938 3743 5006 habet
3801 4964 3911 5007 es-

2366 5049 2677 5129 sentiam,
2714 5049 2803 5113 ita
2832 5047 3011 5137 quod
3036 5055 3225 5113 notet
3255 5046 3854 5114 concomitantiam
3884 5069 3899 5113 :

2366 5156 2563 5221 etsie
2628 5155 2857 5221 dieunt
2925 5178 3072 5221 eam
3116 5177 3262 5221 esse.
3330 5174 3586 5219 veram.
3641 5153 3720 5220 lit
3781 5153 3908 5221 hoc

2366 5286 2498 5329 non
2532 5262 2796 5329 videtur
2836 5286 2978 5328 esse
3028 5261 3109 5329 de
3144 5263 3519 5329 intentione
3577 5264 3849 5330 Littera·
3877 5286 3901 5330 .·

2364 5371 2520 5460 quia
2554 5373 2616 5436 in
2677 5373 2930 5436 Littera
2964 5369 3325 5448 habemuS,
3369 5370 3551 5460 quod
3593 5371 3906 5437 nativitas

2363 5488 2627 5568 praestat
2677 5480 3035 5545 essentiam
3116 5478 3310 5560 Filio,
3383 5479 3564 5568 quod
3642 5479 3906 5546 videtur

2432 5707 2455 5741 ¹
2485 5706 2568 5762 Cf.
2601 5709 2808 5779 Supra.
2837 5708 2976 5763 nist.
3010 5709 3074 5765 V.

4007 3134 4215 3182 Soiutio.
