4897 6388
1787 314 1885 380 IN
1932 315 1958 380 Ι
2011 312 2433 382 SENTENT.
2486 309 2711 404 DIST.
2763 308 3019 394 XVIII,
3071 310 3155 387 D,
3207 309 3407 376 ART.
3460 309 3526 375 2.
3632 343 3661 358 f

4094 297 4224 366 493

1214 838 1307 910 D.
1357 834 1785 933 Responsio
1818 853 2052 931 quare
2081 828 2346 904 datum
2382 826 2543 901 sive
2573 825 2940 901 donatum
2972 823 3278 898 dicatur
3317 823 3665 922 Spiritus
3681 832 4010 901 sancius.

1104 1175 1218 1249 Ad
1252 1173 1456 1272 quod
1503 1172 1858 1261 dicimus,
1903 1171 2086 1268 quia
2115 1167 2447 1267 Spiritus
2488 1175 2799 1240 sanctus
2829 1173 2905 1239 et
2942 1164 3233 1238 donum
3264 1162 3568 1256 dieitur,
3616 1172 3691 1237 et
3726 1164 3986 1238 datum
4058 1163 4221 1236 sive

1008 1311 1379 1386 donatum
1421 1333 1435 1383 :
1511 1309 1643 1384 sed
1705 1308 1963 1382 (latum
2034 1306 2194 1380 sive
2250 1305 2615 1378 donatum
2684 1325 2773 1376 ex
2814 1323 2903 1374 eo
2943 1309 3239 1375 tantum
3272 1298 3578 1394 dieitur,
3615 1299 3801 1397 quia
3833 1300 4058 1374 datur
4096 1299 4218 1372 vel

1005 1448 1367 1542 donatur,
1414 1445 1621 1542 quod
1664 1444 1896 1519 habet
1921 1450 2216 1518 tantum
2249 1462 2340 1515 ex
2370 1450 2740 1535 tempore.

1459 1975 1963 2046 ARTICULUS
2012 1975 2099 2042 11.

1129 2202 1378 2270 Utrum
1419 2222 1560 2266 una
1585 2200 1679 2267 sil
1709 2198 1886 2264 ratio
1916 2197 2080 2264 doni
2116 2207 2179 2264 el
2218 2196 2370 2265 dati
2400 2195 2440 2263 P

1081 2517 1349 2587 Deinde
1381 2520 1714 2609 quaeritur
1751 2541 1955 2609 supra
2009 2516 2384 2586 secundum
2438 2540 2545 2585 ca·

998 2624 1296 2716 pitulum
1361 2625 1438 2707 Β,
1485 2656 1520 2688 «
1554 2628 1891 2695 I’raelerea
1921 2625 2287 2716 diliqenter
2321 2623 2547 2693 coresi-

998 2734 1416 2816 ιΙεναιιιΙιιηι,
1452 2743 1579 2804 etc.
1619 2761 1654 2798 n

1096 2837 1344 2907 Utrum
1375 2861 1512 2906 una
1546 2839 1716 2908 ratio
1755 2841 1842 2907 sit
1873 2839 2059 2918 doni,
2092 2846 2156 2908 et
2195 2836 2387 2906 dati?

1098 2941 1388 3012 Videtur
1424 2950 1681 3020 autem,
1717 2943 1899 3035 quod
1928 2944 2023 3012 sic
2054 2966 2071 3010 :
2106 2943 2269 3035 quia

1099 3052 1159 3120 l.
1194 3049 1470 3120 Mobilis
1510 3061 1577 3120 et
1633 3053 1799 3120 moti
1841 3076 1975 3121 una
2033 3052 2202 3121 ratio
2242 3049 2553 3120 substan-

1000 3157 1112 3228 tiae
1151 3166 1278 3239 est,
1324 3181 1465 3229 non
1502 3159 1822 3231 disserens
1852 3161 1981 3231 nisi
2008 3183 2129 3253 per
2190 3167 2419 3229 aetum
2486 3167 2552 3228 et

1000 3269 1382 3357 potentiam
1417 3290 1436 3343 ε
1469 3269 1587 3340 sed
1618 3270 1875 3339 donum
1911 3270 2158 3340 dicitur
2212 3293 2294 3340 eo
2369 3267 2553 3363 quod

999 3375 1201 3445 datur
1241 3398 1259 3447 z
1304 3401 1469 3470 ergo
1510 3378 1624 3447 illa
1680 3377 2025 3448 habebunt
2078 3402 2286 3448 unam
2345 3378 2557 3447 ratio·

1006 3506 1191 3553 nem.

1094 3597 1162 3663 2.
1207 3592 1575 3680 Praeterea,
1620 3593 1697 3664 ln
1726 3596 2045 3664 omnibus
2094 3604 2283 3667 actus
2347 3594 2553 3664 nobi·

1001 3699 1132 3770 lior
1189 3710 1292 3769 est
1357 3710 1426 3771 et
1495 3688 2091 3793 melior'potentia
2136 3726 2152 3773 :
2200 3726 2357 3772 cum
2386 3724 2551 3795 ergo

1001 3809 1238 3878 datum
1265 3811 1629 3878 conveniat
1658 3809 2032 3879 secundum
2062 3817 2289 3880 aetum
2318 3810 2549 3891 dandi.

1002 3916 1261 3986 donum
1302 3926 1533 3985 autem
1572 3939 1612 3984 a
1658 3918 1981 4009 potentia,
2033 3918 2300 3989 videtur
2355 3917 2558 3989 nobi-

1003 4024 1137 4093 lius
1175 4025 1546 4094 convenire
1593 4024 1873 4116 Spiritui
1912 4034 2172 4105 sancto,
2234 4035 2300 4097 et
2366 4026 2551 4119 prius

1003 4133 1240 4202 datum
1273 4156 1483 4225 quam
1514 4132 1796 4203 donum.

1095 4242 1163 4308 3.
1199 4239 1564 4320 Praeterea,
1592 4240 1831 4310 Jacob.
1866 4265 1913 4322 ι,
1960 4244 2062 4317 17.
2107 4242 2444 4312 distinctio
2487 4241 2559 4311 fit

1006 4350 1183 4418 inter
1212 4347 1393 4417 dona
1424 4357 1489 4417 et
1519 4348 1702 4429 data,
1734 4372 1891 4419 cum
1930 4350 2130 4420 dicit:
2176 4350 2390 4420 Omne
2425 4350 2559 4418 da-

1006 4467 1156 4525 tum
1197 4458 1537 4549 optimum
1570 4469 1634 4526 e!
1662 4481 1860 4527 omne
1894 4458 2151 4527 donum
2173 4460 2558 4552 perlectum

1008 4565 1367 4633 desursum
1408 4575 1530 4650 est,
1565 4574 1695 4636 etc.
1757 4566 2144 4635 Secundum
2214 4566 2555 4647 Glossam,

1009 4676 1289 4755 ibidem,
1325 4676 1559 4745 datum
1593 4676 1877 4746 refertur
1914 4677 2000 4747 ad
2027 4676 2386 4757 naturalia,
2426 4677 2559 4749 do·

1010 4809 1176 4854 num
1210 4794 1441 4854 autem
1471 4785 1557 4854 ud
1585 4788 1880 4878 gratuita
1918 4810 1935 4858 2
1980 4795 2244 4858 constat
2299 4797 2555 4869 autem,

1009 4892 1196 4985 quod
1224 4902 1512 4986 utraque
1551 4893 1800 4963 dantur
1835 4917 1875 4962 a
1916 4892 2171 4986 Spiritu
2197 4904 2460 4974 sancte,
2494 4901 2562 4963 et

1009 5000 1079 5067 in
1110 5003 1419 5092 utrisque
1447 5000 1691 5070 dividit
1722 5002 2013 5093 Spiritus
2039 5000 2325 5094 singulis
2362 5010 2563 5095 prout

1007 5106 1194 5173 vult·
1245 5129 1259 5173 :
1307 5093 1471 5198 ergo
1502 5107 1795 5189 videtur,
1825 5109 2006 5201 quod
2063 5108 2346 5200 Spiritui
2405 5132 2562 5179 san-

1009 5223 1120 5284 cto
1163 5216 1256 5283 ita
1294 5218 1659 5286 conveniat
1689 5241 1833 5289 esse
1873 5217 2131 5298 datum,
2189 5220 2363 5288 sicut
2415 5242 2562 5288 esse

1013 5320 1302 5390 donum.

1090 5578 1105 5615 ¹
1139 5578 1160 5632 1
1190 5575 1267 5633 ad
1297 5576 1565 5634 Corinth.
1599 5594 1700 5645 ιιι,
1736 5582 1795 5634 tt
1834 5594 1849 5633 τ
1879 5580 2013 5638 Haec
2062 5580 2248 5637 omnia
2302 5586 2566 5652 operatur

1014 5684 1158 5725 nnus
1185 5671 1356 5739 alque
1383 5666 1527 5723 idem
1556 5667 1820 5739 Spiritum,
1850 5668 2099 5727 dividens
2125 5666 2360 5740 tinnulis
2398 5678 2566 5743 prout

2756 1752 2819 1819 4.
2853 1751 3051 1834 Item,
3096 1751 3557 1843 Philosophus
3595 1751 3780 1833 dicit,
3853 1753 4036 1843 quod
4091 1755 4211 1823 do-

2665 1882 2832 1926 num
2862 1859 3176 1929 estdatio
3217 1859 3621 1930 irreddibilis
3655 1883 3670 1927 ε
3706 1884 3868 1952 ergo
3914 1861 4099 1931 datio
4138 1886 4211 1933 se

2664 1960 2867 2031 habet
2903 1970 2981 2032 ut
3017 1963 3329 2054 superius
3387 1963 3473 2033 ad
3537 1964 3841 2036 donum:
3904 1989 4068 2058 ergo
4110 1976 4212 2036 est

2661 2073 2849 2162 prius
2877 2071 3252 2140 secundum
3283 2071 3706 2142 intellectum
3741 2097 3757 2142 :
3802 2098 3965 2166 ergo
4009 2098 4214 2167 gene-

2664 2180 2784 2248 rali
2826 2181 3007 2250 dono
3066 2184 3135 2250 in
3175 2205 3311 2274 quo
3377 2184 3612 2252 omnia
3677 2184 3926 2253 dantur
3988 2187 4210 2277 magis

2662 2292 3035 2379 competit:
3097 2313 3263 2382 ergo
3323 2289 3618 2382 Spiritus
3673 2301 3947 2362 sanetus
3987 2294 4207 2385 magis

2660 2397 2905 2466 dicitur
2933 2399 3114 2467 datio
3147 2397 3254 2468 vel
3294 2398 3557 2484 datum,
3618 2423 3824 2493 quam
3890 2401 4152 2470 donum
4186 2422 4202 2467 ε

2657 2505 2850 2596 cujus
2886 2506 3303 2574 eontrarium
3345 2506 3835 2576 determinatur
3908 2509 3977 2575 in
4055 2511 4212 2577 Lil-

2657 2622 2833 2681 tera.

2751 2823 3055 2892 Somno.
3093 2823 3496 2911 Dicendum,
3528 2824 3711 2915 quod
3740 2825 3997 2895 donum
4047 2852 4200 2919 pro·
4288 2847 4489 2898 soi-ao.

2659 2933 2801 3023 prie
2830 2934 3148 3002 convenit
3188 2932 3469 3025 Spiritui
3500 2942 3759 3015 sancte,
3802 2943 3869 3002 et
3908 2959 4045 3005 non
4075 2937 4203 3006 da-

2659 3049 2834 3123 tum,
2890 3040 3000 3110 vel
3038 3040 3246 3124 datie,
3317 3040 3423 3111 vel
3464 3043 3669 3110 etiam
3710 3042 3988 3113 donatio
4052 3066 4069 3116 2
4138 3055 4206 3116 et

2659 3171 2861 3219 causa
2901 3148 3106 3240 hujus
3144 3149 3389 3243 triplex
3445 3159 3569 3221 est.
3633 3150 3784 3223 Una
3841 3162 3966 3233 est,
4047 3155 4208 3246 quia

2661 3257 2919 3326 donum
2949 3281 3203 3328 nomen
3233 3268 3357 3339 est,
3391 3270 3458 3329 et
3512 3260 3848 3353 signifieat
3898 3262 4211 3332 substan-

2663 3368 2827 3436 tiam
2857 3391 3015 3437 cum
3042 3367 3369 3460 qualitate
3401 3391 3420 3439 ε
3467 3368 3760 3461 qualitas
3784 3381 4012 3441 autem
4042 3372 4203 3441 doni

2661 3474 3070 3545 donabilitas
3095 3485 3196 3545 est
3225 3499 3377 3569 quae
3408 3477 3681 3569 ponitur
3716 3480 3890 3549 circa
3922 3479 3989 3548 id
4019 3481 4204 3573 quod

2662 3596 2761 3654 est
2789 3585 3077 3666 donum,
3109 3584 3240 3657 hoc
3267 3595 3396 3672 est,
3474 3587 3770 3679 Spiritus
3836 3589 4210 3680 procedens

2662 3703 2736 3763 ut
2764 3717 3007 3763 amor:
3042 3695 3224 3763 unde
3251 3719 3408 3765 cum
3447 3696 3853 3766 donabilitas
3918 3722 4069 3790 quae
4108 3707 4210 3769 est

2664 3798 2953 3891 qualitas
2991 3822 3145 3892 quae
3182 3810 3283 3869 est
3322 3801 3728 3894 principium
3786 3802 4205 3896 intelligendi

2663 3906 2948 3991 donum,
2983 3929 3122 3976 non
3150 3911 3341 4000 ponit
3381 3908 3507 3977 nisi
3550 3909 3857 3979 ordinem
3917 3910 3997 3977 ad
4040 3910 4209 3980 dan·

2664 4014 2854 4095 dum,
2896 4015 3120 4106 ipsum
3162 4017 3379 4108 magis
3442 4019 3764 4107 competit
3820 4019 4209 4097 aeternitati,

2666 4146 2871 4214 quam
2939 4122 3172 4193 datum
3239 4124 3419 4216 quud
3490 4133 3591 4194 est
3643 4128 4070 4219 participium
4146 4135 4214 4196 et

2666 4225 3136 4324 consignificat
3176 4243 3466 4325 tempus.
3530 4233 3860 4304 Similiter
3907 4236 4089 4306 datio
4147 4246 4213 4304 et

2668 4340 2945 4410 donatio
3003 4342 3285 4411 nomina
3351 4352 3508 4411 sunt
3586 4345 3909 4429 verbalia,
3979 4357 4043 4416 et
4124 4350 4214 4417 ita

2668 4457 2858 4517 actus
2895 4448 3306 4541 temporales
3381 4452 3990 4544 consignificantia,
4060 4454 4216 4523 licet

2670 4579 2809 4626 non
2848 4557 3369 4650 consignificant
3412 4566 3744 4652 tempora.
3803 4561 3957 4630 Alia
4011 4585 4216 4632 eausa

2671 4671 2796 4743 est,
2831 4663 3015 4756 quod
3044 4663 3305 4733 donum
3342 4674 3441 4734 est
3473 4664 3657 4736 datio
3680 4667 4110 4754 irreddibilis,
4141 4677 4216 4738 ut

2671 4770 2832 4840 dicit
2862 4770 3348 4864 Philosophus,
3381 4782 3446 4843 et
3477 4774 3665 4844 solus
3714 4775 4008 4867 Spiritus
4063 4801 4217 4846 san·

2669 4889 2817 4949 ctus
2845 4882 2944 4950 sie
2983 4881 3181 4951 datur
3208 4892 3277 4951 ut
3323 4906 3695 4976 numquam
3737 4887 4015 4955 retribui
4057 4910 4215 4979 pos·

2671 4989 2757 5055 sit
2785 4998 3064 5081 propter
3092 4991 3197 5057 sui
3244 4998 3673 5080 potestatem.
3748 4992 3965 5074 Unde,
4029 4993 4210 5063 I‘sal.

2670 5120 2823 5183 cxv,
2871 5100 2950 5165 12
2993 5119 3009 5167 ε
3060 5096 3250 5183 Quid
3286 5099 3661 5169 retribuam
3717 5102 4041 5183 Domino,
4080 5126 4217 5195 pro

2671 5204 2988 5273 omnibus
3041 5228 3194 5296 quae
3250 5205 3567 5276 retribuit
3658 5208 3895 5278 milei?
3990 5210 4217 5279 Tertia

2672 5326 2885 5383 causa·
2904 5322 3031 5392 est,
3067 5315 3226 5406 quia
3264 5314 3524 5384 donum
3555 5317 3838 5386 refertur
3902 5318 3987 5386 ad
4052 5342 4216 5411 gra-

2672 5570 2807 5627 rull.
