4897 6388
704 297 835 363 488
1676 290 1760 358 n.
1815 288 2011 393 ΑΕΒ.
2064 269 2298 357 MAG.
2337 289 2542 360 ono.
2596 293 2896 362 PRAED.

707 453 1199 540 catut-motus
1232 463 1555 537 mentis:
1586 484 1759 536 cum
1778 439 2005 535 etiam
2053 462 2123 562 in
2174 462 2365 537 libro
2409 462 2829 562 Sapientiae
2856 464 3163 540 dicatur
3200 467 3600 568 despiritu
3628 474 3928 572 sapien-

706 600 855 687 tire,
887 600 1021 698 qui
1054 598 1355 697 attingit
1392 623 1439 674 a
1479 599 1630 674 line
1677 621 1920 697 usque
1961 600 2050 672 ad
2100 598 2333 675 finem
2377 599 2423 695 ¹,
2461 602 2593 699 qui
2635 612 2752 677 est
2790 613 3009 678 actus
3042 605 3381 702 mobilis,
3446 620 3727 704 certus,
3800 612 3924 684 in-

705 735 1276 833 coinquinatus.
1345 735 1562 823 Quod
1601 758 1756 808 non
1800 733 1971 808 ideo
2005 733 2312 828 dicitur,
2348 736 2557 831 quod
2590 735 2973 833 sapientia
3004 738 3104 814 sit
3145 740 3752 840 mobilealiquid
3796 746 3916 820 vel

709 881 924 947 actus
956 872 1262 969 aliquis,
1308 871 1440 945 sed
1483 869 1668 968 quia
1696 869 1816 944 sui
1858 868 2391 944 immobilitate
2431 871 2696 945 omnia
2753 872 3087 971 attingit,
3161 897 3319 948 non
3378 877 3600 951 locali
3680 890 3916 974 motu,

709 1007 842 1080 sed
888 1017 969 1080 ut
1002 1006 1285 1102 ubique
1327 1027 1631 1102 semper
1669 1003 1790 1092 sit,
1835 1012 1907 1077 et
1949 1026 2331 1100 nusquam
2375 1004 2678 1080 inclusa
2709 1015 3089 1083 teneatur.
3157 1008 3286 1085 Sic
3344 1034 3529 1108 ergo
3590 1015 3921 1089 charitas

710 1140 989 1214 dicitur
1030 1150 1280 1213 motus
1312 1138 1573 1226 animi,
1613 1161 1768 1211 non
1810 1138 2014 1235 quod
2048 1138 2216 1237 ipsa
2254 1139 2352 1214 sit
2385 1149 2638 1215 motus
2668 1143 2789 1216 vel
2832 1141 3135 1218 affectio
3165 1146 3296 1221 vel
3347 1146 3596 1222 virtus
3654 1148 3918 1242 animi,

709 1277 843 1351 sed
885 1276 1069 1374 quia
1107 1297 1444 1373 peream
1514 1274 1733 1372 quasi
1811 1283 2013 1348 esset
2076 1273 2347 1367 virtus,
2418 1272 2753 1350 afficitur
2793 1299 3016 1352 mens
3083 1289 3159 1354 et
3236 1291 3618 1356 movetur.
3665 1281 3812 1356 Sed
3857 1283 3923 1356 si

708 1409 1043 1485 charitas
1074 1409 1405 1507 Spiritus
1446 1418 1756 1483 sanctus
1797 1417 1936 1502 est,
1973 1408 2104 1505 qui
2144 1418 2511 1506 operatur
2543 1409 2619 1482 in
2662 1410 2994 1508 singulis
3035 1421 3269 1511 prout
3295 1415 3466 1488 vult
3492 1412 3542 1501 ²,
3578 1438 3752 1489 cum
3787 1438 3927 1514 per

714 1569 890 1621 eum
938 1569 1154 1620 mens
1195 1544 1533 1618 hominis
1564 1544 1943 1619 alliciatur
1981 1554 2056 1618 et
2098 1554 2503 1620 moveatur
2531 1545 2629 1619 ad
2656 1545 3163 1643 credendum,
3226 1550 3352 1624 vel
3419 1551 3921 1649 sperandum,

713 1686 788 1752 et
827 1677 1297 1775 hujusmodi,
1334 1679 1532 1752 sicut
1570 1678 1662 1753 ad
1703 1677 2179 1773 diligendum
2217 1676 2512 1778 :Jqu'are
2545 1703 2699 1753 non
2743 1680 2855 1755 sic
2920 1680 3210 1756 dicitur
3283 1681 3619 1758 charitas
3673 1693 3926 1758 motus

710 1813 829 1887 vcl
873 1810 1168 1888 affectio
1205 1811 1480 1886 mentis
1519 1813 1610 1885 ad
1644 1810 2141 1907 credendum,
2176 1814 2298 1886 vel
2341 1813 2839 1912 sperandum,
2874 1814 3077 1890 sicut
3101 1814 3198 1889 ad
3230 1814 3773 1914 diligendum?
3808 1817 3923 1891 Ad

711 1947 915 2044 quod
956 1969 1139 2022 sane
1173 1947 1318 2021 dici
1363 1956 1636 2045 potest,
1682 1948 1865 2045 quia
1902 1948 2204 2045 aliquos
2244 1958 2462 2023 actus
2502 1958 2730 2046 atque
2773 1958 3031 2024 motus
3105 1949 3485 2025 virtutum
3562 1961 3924 2049 operatur

710 2080 1070 2175 charitas,
1106 2080 1178 2154 id
1221 2092 1362 2168 est,
1394 2079 1725 2179 Spiritus
1763 2072 2075 2156 sanctus
2106 2078 2626 2157 mediantibus
2657 2081 3073 2158 virtutibus
3098 2106 3434 2182 quarum
3463 2094 3681 2159 actus
3710 2095 3917 2179 sunt,

715 2225 972 2313 utpote
1004 2226 1253 2290 actum
1290 2215 1495 2311 fidei,
1524 2216 1595 2289 id
1628 2225 1768 2304 est,
1799 2216 2108 2294 credere
2140 2216 2289 2293 lide
2324 2218 2602 2312 media,
2629 2229 2704 2294 et
2726 2229 2749 2266 ⁸
2779 2227 3038 2294 actum
3078 2217 3277 2318 spei,
3316 2218 3388 2292 id
3421 2230 3565 2314 est,
3608 2242 3918 2318 sperare

717 2352 968 2428 media
1007 2376 1166 2452 spe.
1215 2353 1363 2425 Per
1411 2351 1637 2428 fidem
1701 2352 1905 2428 enim
1957 2361 2032 2426 ct
2092 2376 2306 2451 spem
2368 2353 2778 2450 praedictos
2839 2361 3209 2453 operatur
3247 2362 3468 2428 actus
3501 2377 3518 2428 ε
3555 2352 3921 2451 diligendi

713 2513 896 2564 vero
926 2499 1177 2563 actum
1222 2513 1360 2586 per
1389 2513 1470 2564 sc
1513 2498 1838 2584 tantum,
1873 2488 2042 2565 sine
2081 2487 2413 2586 alicujus
2454 2488 2764 2564 virtutis
2804 2487 3060 2564 medio
3102 2497 3499 2588 operatur,
3537 2487 3608 2561 id
3650 2496 3790 2582 est,
3826 2486 3931 2560 di-

714 2624 977 2720 ligere.
1008 2622 1249 2698 Aliter
1286 2646 1469 2720 ergo
1512 2626 1716 2698 hunc
1748 2633 2000 2697 actum
2045 2632 2409 2720 operatur
2438 2645 2673 2720 quam
2722 2622 2918 2698 alios
2956 2622 3332 2697 virtutum
3400 2629 3646 2697 actus.
3720 2621 3926 2697 Ideo·

715 2782 866 2857 que
906 2757 1344 2834 differenter
1370 2758 1463 2834 de
1510 2759 1650 2832 hoc
1681 2769 1753 2833 et
1792 2758 1884 2833 de
1925 2757 2098 2833 aliis
2127 2756 2472 2856 loquitur
2528 2757 2949 2857 Scriptura,
2981 2781 3163 2857 quae
3221 2757 3455 2833 istum
3488 2755 3922 2857 specialiter

718 2892 1068 2968 charitati
1114 2893 1399 2968 tribuit.
1449 2896 1572 2968 Est
1605 2916 1788 2990 ergo
1819 2892 2152 2967 charitas
2179 2916 2362 2968 vere
2394 2893 2729 2992 Spiritus
2759 2903 3101 2968 sanctus.
3167 2890 3389 2968 Unde
3444 2890 3929 2989 Augustinus

719 3028 1202 3128 pi·oeinissu111
1234 3029 1552 3103 verbum
1586 3027 1924 3127 Apostoli
1972 3037 2305 3103 tractans
2344 3026 2419 3101 in
2464 3028 2736 3103 eodem
2764 3026 2963 3103 libro
2991 3029 3039 3115 ⁴,
3070 3025 3528 3102 charitatem
3553 3023 3737 3100 dicit
3761 3047 3927 3100 esse

719 3164 1037 3258 bouum,
1080 3188 1234 3264 quo
1277 3164 1381 3239 nil
1427 3163 1703 3239 melius
1740 3174 1903 3240 est:
1948 3172 2022 3239 et
2065 3186 2199 3263 per
2240 3165 2383 3238 hoc
2416 3162 2659 3263 ipsam
2694 3185 2866 3240 esse
2897 3162 3150 3239 Deum
3183 3157 3572 3260 significat
3609 3159 3919 3237 dicens:

720 3298 800 3372 si
870 3299 1083 3374 nulla
1118 3323 1237 3374 res
1276 3300 1373 3373 ab
1399 3300 1567 3397 ejus
1596 3297 1963 3374 charitate
2005 3322 2146 3373 nos
2211 3309 2519 3399 separat
2546 3291 2597 3392 ⁵,
2632 3298 2820 3397 quid
2888 3320 3059 3374 esse
3093 3320 3252 3373 non
3284 3296 3537 3371 solum
3619 3295 3919 3388 meliuS,

717 3434 849 3509 sed
882 3417 1108 3509 etiam
1141 3433 1425 3509 certius
1457 3435 1599 3509 hoc
1638 3433 1841 3509 bono
1867 3432 2180 3533 potest?
2208 3435 2398 3509 Ecce
2452 3432 2660 3528 dicit,
2719 3431 2907 3532 quia
2945 3429 3324 3507 charitate
3390 3428 3584 3504 nihil
3648 3429 3925 3505 melius

719 3579 859 3642 est.
894 3569 1242 3643 Charitas
1280 3593 1465 3665 ergo
1504 3568 1836 3668 Spiritus
1863 3578 1980 3644 est
2016 3567 2146 3668 qui
2192 3567 2403 3645 Deus
2432 3578 2576 3659 est,
2620 3578 2697 3643 et
2724 3566 3018 3642 donum
3049 3565 3190 3642 Dei
3234 3564 3400 3640 sive
3451 3564 3757 3640 datum:
3794 3564 3923 3664 qui

720 3703 989 3778 dividit
1032 3703 1358 3796 singulis
1393 3703 1748 3778 ticlelihus
1780 3702 2007 3791 dona,
2042 3725 2183 3778 ner.
2229 3701 2387 3803 ipse
2447 3701 2845 3796 dividitur,
2925 3699 3059 3776 sed
3142 3698 3528 3775 indivisus
3601 3697 3930 3794 singulis

717 3840 967 3915 «latur.
1003 3840 1218 3913 Unde
1261 3840 1737 3934 Augustinus
1781 3840 1907 3914 ubi
1946 3840 2288 3915 Jounnes
2320 3839 2530 3932 dicit,
2568 3861 2719 3911 nou
2754 3836 2847 3911 ad
2896 3858 3341 3910 mensuram
3395 3833 3699 3908 Christo
3762 3832 3921 3906 «lari

717 3974 1100 4075 spiritum,
1143 3974 1239 4048 ait
1281 3975 1646 4049 :thu-teris
1686 3999 1867 4048 vero
1897 3973 2286 4057 dividitur,
2322 3997 2472 4047 non
2517 3970 2828 4070 quidem
2868 3968 3030 4068 ipse
3091 3968 3458 4068 Spiritum,
3519 3968 3651 4040 sod
3721 3967 3919 4041 duria

716 4112 886 4209 ejus
914 4137 963 4184 ο.

784 4449 800 4484 ¹
831 4448 1094 4521 sapient.
1130 4464 1243 4511 vm.
1284 4454 1299 4502 l
1339 4464 1352 4501 :
1394 4451 1633 4517 Attinqit
1661 4465 1695 4502 α
1723 4452 1832 4516 line
1870 4462 2038 4516 usque
2066 4446 2139 4500 aei
2159 4450 2319 4514 linem
2348 4447 2600 4515 sortiter.
2630 4453 2743 4502 etr.

782 4541 804 4575 ¹
835 4539 853 4595 l
884 4538 958 4594 ud
988 4538 1392 4611 Corinthffixu,
1431 4543 1483 4593 lt
1518 4556 1531 4593 ε
1568 4540 1691 4593 lla-c
1709 4539 1897 4592 omnia
1926 4543 2186 4607 operatur
2215 4552 2357 4591 unus
2376 4545 2545 4607 atquc·
2575 4535 2715 4591 iate-m
2749 4536 3013 4609 Spiritus,
3043 4535 3301 4592 ‹iit-idem
3329 4533 3567 4601 xinyutis
3592 4536 3761 4603 prout
3790 4529 3924 4585 ruit.

786 4628 810 4663 ³
841 4628 992 4685 Edit.
1022 4628 1188 4684 ioan.
1220 4627 1547 4693 Alleaumc.
1579 4634 1638 4683 ut

784 4719 808 4754 ⁴
836 4719 893 4772 S.
937 4720 1308 4786 Accessum-s,
1345 4718 1464 4772 l.ih.
1496 4716 1570 4772 d··
1598 4715 1852 4771 Moribus
1883 4714 2158 4771 Ecclesia!
2190 4714 2682 4788 catliolieoe.1rap.
2715 4716 2771 4770 8.

783 4811 806 4846 ⁸
837 4808 921 4866 Ad
956 4810 1200 4865 Roman.
1234 4826 1348 4875 vm,
1381 4810 1482 4862 3:52
1523 4806 1812 4881 Quisjeryo
1840 4822 1938 4861 nos
1966 4805 2307 4881 separabit-'a
2335 4807 2611 4864 charitate
2637 4806 2844 4862 Christi
2873 4806 2902 4862 ‘t

776 4899 801 4934 ⁸
839 4901 894 4955 S.
929 4903 1298 4964 Acucsruscs‚
1331 4902 1518 4971 Super
1546 4899 1853 4965 Joaiuwm,
1885 4899 2076 4953 Tract.
2115 4899 2198 4952 14.
