4897 6388
645 360 654 368 ’
719 365 846 472 15²0

466 5169 542 5216 Ad
558 5172 734 5228 quent.

1708 410 1794 478 D.
1841 411 2042 520 9123.
2093 408 2308 476 MAG.

719 559 1051 645 stantona
1087 550 1323 648 'mente
1362 580 1672 672 habetur,
1728 548 1849 646 dat'
1879 541 2257 646 facultatem

722 686 1050 773 operandi
1106 709 1398 776 semper,
1470 694 1536 754 et
1629 685 1780 752 talis
1843 683 2109 753 habitus
2164 692 2263 751 est

717 815 914 861 mens
939 794 1064 861 sibi
1086 816 1409 883 praesenS,
1436 801 1510 859 ut
1531 815 1823 882 praesens
1850 816 1865 861 ε
1900 793 2059 861 dicit
2080 794 2259 860 euim

716 901 1166 992 Augustinus,
1230 901 1414 991 quod
1460 900 1727 968 habitus
1779 911 1881 969 est
1936 925 2065 992 quo
2114 900 2263 990 quis

724 1015 868 1102 agit
896 1034 1051 1078 cum
1084 1010 1376 1078 voluerit
1403 1034 1417 1077 :
1454 1018 1519 1078 et
1540 1010 1670 1079 hoc
1701 1013 1905 1079 modo
1935 1010 2262 1078 sumendo

721 1118 836 1187 hic
866 1119 1199 1200 habitum,
1227 1122 1354 1186 erit
1384 1118 1494 1187 hic
1520 1119 1790 1188 habitus
1820 1120 2057 1186 notitia
2083 1143 2270 1186 menu

723 1231 812 1295 tis
846 1249 983 1317 qua
1010 1235 1173 1295 nota
1203 1236 1305 1295 est
1333 1228 1461 1295 sibi
1495 1249 1512 1296 ε
1546 1228 1677 1296 hoc
1714 1235 1943 1296 autem
1992 1250 2128 1294 non
2170 1234 2270 1294 est

727 1335 912 1402 aliud
961 1359 1165 1427 quam
1216 1339 1575 1427 praesentia
1621 1338 1726 1404 sui
1773 1337 1901 1405 sibi
1938 1361 1953 1404 ε
1997 1346 2063 1405 et
2110 1345 2272 1404 tunc

728 1445 971 1511 notitia
1025 1443 1468 1511 materialiter
1522 1454 1820 1533 accepta,
1898 1444 2072 1511 idem
2148 1448 2274 1511 erit

733 1554 919 1644 quod
949 1576 1139 1622 mens
1178 1563 1366 1622 nota.
1404 1553 1589 1621 Idem
1621 1562 1847 1622 autem
1882 1557 1951 1622 in
1971 1555 2276 1622 substan-

732 1662 829 1728 tia
853 1671 1012 1729 sunt
1042 1684 1232 1729 mens
1253 1670 1441 1742 nota,
1477 1671 1543 1730 et
1594 1685 1787 1730 mens
1826 1686 2133 1741 noscenS‚
2178 1684 2277 1730 re-

732 1769 872 1837 lata
925 1769 1008 1836 ad
1082 1771 1375 1838 invicem
1435 1771 1807 1838 secundum
1885 1770 2278 1838 relationem

735 1877 1078 1945 noscentis
1108 1886 1174 1944 et
1202 1878 1373 1943 noti.
1404 1876 1634 1944 Talem
1686 1884 1913 1945 autem
1969 1878 2278 1944 notitiam

738 2006 890 2075 quae
948 1993 1047 2052 est
1095 2007 1286 2052 mens
1335 1991 1495 2052 nota
1549 1985 1851 2075 sequitur
1906 1983 2275 2052 secundum

737 2100 1047 2160 naturam
1092 2114 1308 2177 amor,
1365 2100 1433 2159 et
1470 2092 1793 2181 accipitur
1820 2091 2275 2168 materialiter,

740 2199 811 2266 id
848 2206 973 2276 est,
1006 2221 1199 2267 mens
1248 2207 1475 2266 amata
1517 2221 1532 2265 :
1568 2207 1636 2266 et
1681 2197 1825 2267 haec
1871 2199 2110 2267 iterum
2160 2198 2286 2265 erit

741 2304 926 2373 idem
957 2304 1427 2374 insubstantia
1483 2328 1638 2375 cum
1688 2313 1913 2373 mente
1969 2311 2284 2373 noscente

745 2423 815 2482 et
853 2422 1147 2494 amante,
1191 2412 1399 2482 relata
1419 2422 1648 2482 tamen
1681 2435 1799 2504 per
1826 2412 1955 2482 hoc
1984 2412 2162 2505 quod
2187 2421 2287 2480 est

746 2530 973 2590 amata
1001 2529 1069 2589 et
1105 2543 1366 2589 amans.
1411 2519 1611 2600 Quod
1647 2530 1875 2589 autem
1914 2520 2066 2590 talis
2104 2521 2289 2588 noti-

747 2633 868 2710 tia,
911 2639 978 2698 et
1023 2651 1241 2707 amor,
1294 2627 1568 2696 babitus
1613 2629 1927 2698 dicuntur
1982 2652 2020 2696 a
2078 2627 2289 2720 Magi-

749 2739 930 2815 striS‚
956 2735 1086 2805 hoc
1114 2759 1254 2804 non
1284 2745 1411 2818 est,
1445 2736 1604 2825 quia
1632 2738 1718 2803 sit
1747 2735 2034 2827 qualitas
2065 2734 2291 2825 aliqua

750 2844 1047 2914 mediata
1077 2844 1147 2911 in
1178 2865 1311 2934 qua
1344 2841 1655 2910 videatur
1681 2853 1747 2911 et
1790 2851 2056 2911 ametur
2100 2863 2291 2909 mens

753 2957 942 3033 nota,
975 2949 1093 3018 sed
1122 2957 1387 3017 tantum
1419 2957 1693 3039 propter
1738 2947 2019 3017 modum
2075 2947 2294 3038 signi-

755 3060 1003 3129 ficandi
1059 3082 1261 3150 quern
1342 3058 1704 3127 relationes
1756 3059 2126 3150 important
2179 3079 2296 3123 no·

756 3168 1007 3237 scentis
1042 3175 1110 3236 et
1140 3167 1310 3251 noti,
1344 3175 1409 3235 et
1442 3166 1733 3235 amantis
1772 3173 1838 3235 et
1874 3166 2080 3234 amati
2115 3187 2130 3231 ε
2165 3162 2296 3231 illae

759 3276 943 3345 enim
973 3283 1366 3367 supponunt
1395 3275 1589 3367 quasi
1629 3273 1959 3365 quosdam
2001 3271 2295 3351 habitus,

759 3385 1100 3464 notitiam,
1130 3393 1197 3451 et
1225 3405 1570 3451 amorem:
1614 3406 1695 3451 eo
1726 3381 1909 3474 quod
1959 3382 2195 3449 notitia
2236 3389 2302 3449 et

761 3515 960 3562 amor
986 3514 1123 3560 non
1154 3501 1314 3560 sunt
1343 3489 1626 3559 relativa
1654 3493 1952 3584 proprie,
2003 3489 2118 3557 sed
2150 3497 2306 3557 tan-

758 3610 908 3669 tum
940 3598 1072 3668 hoc
1102 3598 1284 3690 quod
1331 3598 1716 3689 significant
1760 3599 2129 3668 secundum
2182 3621 2305 3666 no-

760 3732 951 3793 men,
983 3708 1048 3776 id
1086 3718 1211 3785 est,
1243 3707 1514 3776 babitus
1543 3708 1900 3800 quosdam,
1935 3707 2025 3775 illi
2059 3707 2308 3776 liabent

763 3818 1204 3907 conjunctum
1237 3826 1614 3906 respectum
1663 3817 1746 3884 ad
1778 3816 1960 3885 aliud
1994 3838 2010 3885 ε
2045 3818 2215 3884 sicut
2244 3822 2310 3882 et

765 3925 1045 3993 scientia
1086 3932 1465 4014 respectum
1524 3921 1684 3989 dicit
1726 3919 1814 3988 ad
1869 3921 2125 4004 scibile,
2191 3922 2310 4011 qui

766 4016 1172 4122 conjunctus
1219 4039 1320 4100 est
1384 4028 1643 4098 habitui
1721 4051 1927 4120 quem
1983 4028 2314 4120 significat

770 4140 1145 4210 secundum
1177 4163 1317 4209 rem
1349 4162 1365 4208 ε
1409 4138 1525 4207 sed
1558 4139 1624 4207 in
1666 4137 1796 4206 hoc
1825 4147 1925 4206 est
1961 4136 2309 4220 dissimile,

774 4250 959 4342 quod
996 4249 1239 4318 notitia
1279 4250 1528 4316 mentis
1559 4245 1727 4316 nihil
1770 4246 1954 4315 aliud
1984 4255 2080 4315 est
2108 4269 2312 4338 quam

776 4379 975 4426 mens
1004 4365 1189 4434 nota,
1222 4354 1378 4425 licet
1425 4355 1608 4423 aliud
1654 4356 1741 4422 sit
1788 4353 2158 4423 secundum
2206 4377 2319 4421 ra-

780 4466 1064 4534 tionem.
1100 4463 1181 4531 Et
1230 4464 1324 4530 sic
1373 4471 1557 4555 patet
1605 4460 1898 4554 qualiter
1952 4462 2037 4529 sit
2082 4462 2317 4528 notitia

779 4579 1076 4661 accepta,
1120 4579 1185 4638 et
1239 4593 1457 4647 amor,
1508 4591 1662 4636 cum
1720 4567 1964 4636 dicitur
2009 4566 2191 4658 quod
2235 4568 2322 4634 sit

780 4677 964 4747 idem
1004 4678 1073 4744 in
1102 4675 1479 4744 substantia
1529 4698 1686 4743 cum
1717 4682 1944 4743 mente
1976 4683 2316 4742 noscente.

782 4786 868 4855 Et
898 4788 991 4855 ita
1040 4784 1356 4877 intelligit
1411 4785 1859 4874 Augustinus.
1913 4782 1991 4850 Et
2044 4805 2159 4874 per
2195 4781 2322 4849 boc

785 4903 973 4985 patet
1007 4894 1252 4962 solutio
1282 4892 1366 4961 ad
1396 4894 1719 4984 primum.

884 5091 991 5160 Ad
1020 5091 1204 5160 aliud
1264 5090 1648 5170 dicendum,
1706 5087 1890 5179 quod
1947 5088 2014 5155 in
2050 5088 2329 5155 veritate

797 5202 928 5271 ista
956 5201 1084 5267 tria
1114 5209 1180 5269 et
1208 5198 1648 5289 pra‘cedentia
1704 5197 1832 5263 tria
1882 5203 2038 5263 sunt
2068 5217 2203 5261 una
2234 5218 2333 5262 es·

795 5310 1037 5389 sentia,
1081 5331 1216 5377 una
1252 5310 1416 5381 vita.
1445 5331 1576 5375 una
1606 5328 1823 5384 menS,
1866 5302 2160 5395 quodam
2191 5326 2335 5371 mo·

799 5419 886 5488 do
919 5417 1292 5509 loquendi:
1370 5439 1452 5484 eo
1511 5413 1719 5505 quod,
1790 5413 1962 5481 sicut
2017 5409 2335 5500 Magister

797 5528 981 5606 dicit,
1035 5524 1565 5594 substantialiter
1613 5524 1680 5590 in
1736 5522 1903 5603 vita,
1955 5526 2201 5599 mento,
2270 5530 2334 5587 et

795 5637 1088 5705 essentia
1127 5635 1529 5702 consistunt.
1567 5633 1648 5699 Et
1677 5632 1762 5698 ad
1793 5630 1925 5698 lioc
1954 5629 2338 5718 intelligen-

795 5749 958 5819 dum
998 5744 1373 5815 notandum
1404 5753 1529 5822 est,
1558 5742 1741 5834 quod
1771 5740 2141 5810 secundum
2180 5738 2340 5806 Ari-

2361 408 2570 480 ORD.
2621 407 2934 488 PRAED,

2340 580 2678 646 ⁴stoteleni
2738 589 2805 647 et
2861 579 3032 646 alios
3071 522 3558 663 Pliilosophos,
3612 565 3922 660 quaedam

2363 690 2662 778 potentia
2696 695 2979 755 estante
3009 709 3154 754 esse
3197 686 3314 761 rei,
3360 691 3427 750 et
3466 678 3780 771 quaedam
3823 680 3917 742 est

2364 805 2517 887 post
2550 797 2795 886 ipsum.
2821 793 3002 860 Dicit
3024 795 3227 859 etiam
3276 787 3705 865 Aristoteles,
3740 780 3926 873 quod

2364 904 2829 995 vegetativum
2876 908 2978 968 est
3016 900 3088 966 in
3136 898 3490 974 sensitivo,
3530 904 3596 963 et
3650 890 3930 961 sensiti-

2368 1036 2531 1079 vum
2580 1013 2649 1078 in
2710 1008 3048 1087 rationali,
3104 1009 3278 1074 sicut
3339 1007 3686 1094 trigonum
3722 1001 3792 1066 in
3830 1007 3928 1065 te-

2373 1128 2683 1210 tragono.
2740 1118 3118 1209 Trigonum
3168 1122 3397 1180 autem
3443 1108 3796 1198 componit
3825 1113 3933 1172 te-

2374 1234 2734 1316 tragonum
2773 1248 2787 1291 :
2859 1225 3020 1315 quia
3088 1222 3288 1311 (sicut
3365 1217 3527 1284 dicit
3600 1211 3933 1298 Boetius.)

2374 1334 2510 1402 duo
2583 1333 2831 1424 trigoni
2893 1330 3255 1421 compositi
3319 1335 3754 1416 tetragonum
3830 1319 3940 1387 fa·—

2376 1439 2586 1519 ciunt,
2620 1447 2758 1505 tres
2786 1444 3017 1503 autem
3073 1443 3571 1523 pentagonum,
3621 1435 3691 1496 et
3728 1427 3825 1494 sic
3855 1423 3941 1492 de

2377 1544 2528 1614 aliis
2563 1546 2812 1634 :igitur
2851 1545 3202 1633 trigonum
3262 1547 3364 1606 est
3420 1539 3493 1604 in
3549 1545 3939 1625 tetragonO,

2379 1655 2552 1720 sicut
2583 1650 2884 1742 potentia
2932 1650 3001 1715 in
3045 1656 3198 1716 actu
3235 1669 3251 1713 z
3287 1655 3355 1713 et
3402 1652 3838 1733 tetragonum
3869 1639 3940 1705 in

2382 1759 2678 1849 trigono,
2705 1757 2877 1824 sicut
2909 1764 3099 1823 actus
3131 1751 3527 1842 inpotentia
3561 1770 3577 1815 :
3624 1768 3786 1838 ergo
3823 1766 3943 1813 ve-

2382 1864 2759 1957 getativum
2792 1869 2894 1929 est
2931 1863 3001 1928 in
3033 1859 3394 1942 sensitivo,
3435 1858 3613 1924 sicut
3639 1851 3950 1945 potentia

2385 1974 2740 2042 anterioris
2770 1969 3169 2039 differentiae
3201 1967 3450 2034 dicitur
3490 1986 3638 2033 esse
3678 1964 3750 2029 in
3788 1970 3942 2029 actu

2385 2079 2731 2171 sequentis
2764 2100 2780 2146 ε
2817 2077 3123 2169 potentia
3163 2084 3392 2143 autem
3424 2070 3784 2141 anterioris
3830 2068 3953 2135 dis-

2383 2188 2684 2257 serentiae
2736 2208 2874 2254 non
2931 2185 3301 2252 destruitur
3358 2203 3476 2271 per
3549 2187 3777 2247 actum
3836 2199 3949 2243 se-

2388 2296 2682 2387 quentiS,
2716 2292 2836 2361 sed
2871 2293 3102 2383 potius
3160 2289 3506 2381 perficitur
3535 2286 3620 2355 ad
3653 2281 3949 2375 amplius

2388 2426 2587 2493 posse
2639 2426 2655 2470 ε
2736 2399 2887 2492 plus
2971 2400 3155 2467 enim
3234 2404 3455 2487 potest
3540 2395 3944 2464 sensitivum

2390 2534 2597 2603 quam
2626 2509 3119 2599 vegetativum,
3164 2515 3231 2574 et
3268 2504 3421 2595 plus
3482 2499 3810 2571 rationale
3838 2497 3947 2566 his

2390 2614 2679 2687 duobus,
2733 2613 2806 2682 Si
2848 2635 3012 2705 ergo
3062 2611 3530 2680 consideretur
3567 2607 3946 2676 substantia

2390 2728 2635 2796 animae
2666 2731 2867 2816 prout
2897 2724 3042 2813 ipsa
3081 2728 3183 2789 est
3208 2719 3566 2809 perficiens
3590 2737 3838 2807 corpus
3876 2715 3946 2781 in

2392 2856 2465 2902 se
2493 2841 2561 2900 et
2616 2833 2685 2899 in
2729 2828 3057 2923 partibus,
3102 2848 3378 2895 necesse
3426 2832 3527 2892 est
3593 2821 3782 2914 quod
3818 2818 3950 2887 ha-

2390 2940 2549 3009 beat
2579 2941 2645 3007 in
2693 2960 2764 3004 se
2817 2958 3016 3028 posse
3082 2934 3393 3003 omnium
3454 2931 3946 3024 potentiarum,

2394 3056 2743 3138 tamquam
2774 3043 3335 3113 constituentium
3369 3038 3537 3108 illud
3562 3034 3949 3106 universale

2395 3177 2594 3249 posse
2670 3155 2941 3233 animae,
2994 3150 3369 3221 secundum
3441 3147 3627 3240 quod
3694 3143 3955 3215 confert

2398 3262 2667 3354 corpori
2695 3283 2842 3330 esse
2880 3261 3258 3328 animatum
3300 3266 3367 3325 et
3398 3259 3464 3325 in
3506 3279 3577 3324 se
3608 3263 3674 3324 et
3706 3255 3773 3321 in
3808 3274 3958 3343 par·

2401 3369 2585 3440 tibus
2627 3391 2644 3437 ε
2679 3390 2841 3460 ergo
2881 3366 3012 3434 boc
3053 3364 3258 3433 modo
3290 3364 3612 3454 potentiae
3636 3384 3776 3429 suoe
3799 3368 3958 3428 sunt

2404 3487 2558 3547 ante
2607 3479 2827 3568 ipsam
2885 3474 3261 3542 secundum
3323 3472 3684 3547 rationem,
3753 3476 3821 3535 et
3876 3464 3958 3534 de

2406 3582 2786 3651 substantia
2841 3581 3014 3671 ejuS,
3074 3587 3139 3645 et
3199 3576 3557 3645 conserunt
3631 3573 3757 3664 ipsi
3815 3593 3960 3638 esse

2409 3690 2985 3781 complementum
3022 3687 3088 3752 in
3128 3685 3245 3753 tali
3305 3705 3531 3774 posse.
3568 3679 3716 3748 Hoc
3754 3677 3961 3746 modo

2410 3800 2571 3867 dicit
2604 3796 2945 3887 Magister,
2981 3793 3168 3885 quod
3232 3800 3393 3858 sunt
3432 3785 3967 3857 substantialiter

2411 3909 2482 3976 in
2537 3907 2816 3975 anima:
2879 3904 3041 3994 quia
3114 3900 3287 3967 sicut
3368 3893 3815 3965 substantiale
3866 3902 3968 3960 est

2410 4038 2568 4108 pars
2623 4035 2794 4096 csse,
2855 4013 2946 4078 ita
3013 4018 3174 4077 sunt
3231 4007 3552 4098 potentiae
3610 4026 3766 4094 pars
3822 4023 3969 4069 esse

2415 4124 2660 4191 animae
2685 4143 2701 4188 ε
2728 4119 2905 4188 etsie
2937 4138 3076 4184 non
3099 4124 3201 4183 est
3222 4110 3762 4187 concedendum,
3789 4106 3969 4200 quod

2417 4234 2554 4300 sint
2575 4228 2934 4321 qualitates
2963 4226 3107 4291 sive
3150 4222 3443 4313 propriae
3481 4219 3835 4310 passiones
3866 4218 3976 4307 ip-

2418 4340 2584 4415 sius,
2638 4335 2767 4404 nisi
2817 4331 3193 4402 secundum
3245 4329 3439 4397 illum
3500 4325 3786 4394 modum
3836 4346 3974 4416 quo

2421 4446 2646 4515 omnis
2675 4443 2889 4510 forma
2929 4438 3131 4531 quale
3160 4437 3350 4515 dicit,
3385 4435 3540 4504 licet
3576 4456 3717 4502 non
3748 4431 3974 4524 quale,

2420 4553 2537 4622 sed
2569 4550 2731 4643 quid
2772 4550 2998 4618 dicant
3030 4548 3099 4613 in
3139 4569 3221 4614 eo
3261 4545 3457 4635 cujus
3505 4551 3666 4610 sunt
3713 4541 3973 4616 formas,

2423 4663 2596 4728 sicut
2625 4659 2859 4726 foruna·
2889 4664 2955 4723 et
3003 4652 3407 4722 differentiae
3447 4646 3976 4718 substantiales:

2426 4767 2615 4837 etsie
2644 4765 2760 4835 tali
2815 4762 3300 4855 praedicatione
3342 4758 3663 4826 dicuntur
3718 4778 3855 4823 una
3882 4777 3985 4823 es-

2429 4877 2671 4956 sentia,
2740 4896 2874 4941 una
2946 4872 3116 4949 vita,
3192 4879 3257 4937 et
3310 4891 3449 4935 una
3508 4887 3728 4933 mens.
3792 4862 3982 4931 Sicut

2431 4986 2612 5053 enim
2666 4980 2919 5049 dictum
2999 4986 3101 5045 est
3162 4998 3394 5064 supra,
3468 4973 3696 5039 anima
3766 4977 3990 5062 potest

2430 5091 2642 5181 accipi
2682 5088 2897 5156 autin
2930 5107 3104 5167 esse,
3140 5092 3256 5150 aut
3299 5083 3368 5147 in
3407 5101 3609 5171 posse
3643 5101 3661 5147 t
3705 5100 3990 5168 compa-

2433 5208 2619 5267 ratur
2641 5197 2823 5266 enim
2855 5192 2940 5262 ad
2978 5212 3253 5281 corpuS,
3296 5190 3472 5256 sicut
3509 5186 3592 5253 ad
3633 5186 3986 5254 materiam

2434 5330 2629 5376 suam
2670 5300 3093 5395 simpliciter,
3144 5294 3524 5363 secundum
3590 5316 3739 5362 esse
3806 5289 3991 5383 quod

2434 5414 2692 5484 confert
2747 5408 3012 5501 corpori
3062 5413 3177 5472 :et
3225 5404 3322 5471 sic
3358 5403 3503 5491 ipsa
3550 5410 3650 5469 est
3698 5402 3991 5468 essentia

2436 5522 2739 5615 corporis
2776 5542 2790 5587 :
2826 5526 2891 5585 et
2924 5510 3389 5602 Philosophus
3424 5516 3627 5576 vocat
3655 5530 3805 5576 eam
3837 5506 3995 5575 sub-

2437 5632 2755 5699 stantiam
2796 5623 3169 5693 secundum
3226 5620 3560 5687 rationem
3602 5615 3808 5704 hujus
3836 5637 3993 5683 cor-

2436 5736 2649 5827 poris,
2702 5731 2764 5800 id
2800 5739 2927 5809 est,
2982 5724 3437 5796 substantiam
3496 5722 3732 5790 sormae
3772 5744 3812 5789 a
3861 5743 3996 5812 qua
