4897 6388
684 381 813 447 (300

1108 859 1615 930 ARTICULUS
1664 859 1819 928 Vll.

687 1086 796 1151 An
837 1084 909 1147 in
947 1081 1199 1147 divinis
1235 1080 1376 1145 sint
1404 1089 1536 1144 tres
1564 1076 1959 1165 hypostases
2006 1083 2069 1140 et
2100 1094 2240 1139 una

1391 1209 1570 1252 usta.

776 1512 1039 1583 Deinde
1087 1512 1414 1604 quaeritur
1451 1510 1535 1577 de
1583 1509 1716 1577 hoc
1780 1509 1961 1600 quod
2009 1510 2170 1577 dicit
2226 1531 2241 1576 :

694 1651 728 1686 ιι
777 1626 931 1691 Tres
955 1623 1353 1713 hypostases
1384 1641 1602 1687 unam
1640 1622 1893 1700 usiam,
1938 1629 2065 1688 etc.
2103 1645 2137 1684 n

787 1733 847 1797 1.
883 1729 1289 1820 Hypostasis
1319 1728 1504 1795 enim
1536 1726 1717 1794 idem
1750 1736 1851 1794 est
1880 1726 2063 1816 quod
2086 1726 2250 1793 sub-

694 1839 943 1906 stantia
1015 1861 1030 1904 :
1100 1836 1498 1904 substantiae
1556 1842 1786 1902 autem
1881 1857 2020 1902 non
2095 1842 2254 1901 sunt

697 1957 859 2015 treS.

788 2058 854 2125 2.
919 2056 1278 2133 Praeterea,
1340 2053 1800 2123 Contrarietas
1871 2052 2141 2120 videtur
2183 2052 2255 2118 in

701 2165 961 2232 Littera
989 2158 1351 2242 insra⁸‚ubi
1376 2159 1840 2250 Hieronymus
1871 2158 2057 2244 dicit,
2076 2157 2259 2248 quod

703 2289 840 2335 non
869 2265 1072 2335 bonae
1112 2264 1526 2356 suspicionis
1555 2275 1662 2331 est
1679 2262 1814 2332 hoc
1847 2285 2102 2331 nomen
2139 2262 2260 2352 lay-

698 2375 1022 2465 postasiS.

799 2485 863 2553 3.
897 2483 1260 2563 Praeterea,
1299 2481 1379 2548 In
1425 2502 1566 2571 quo
1606 2479 1832 2548 diss'ert
1882 2479 2263 2572 hypostasis

708 2616 747 2659 a
777 2593 1124 2682 persona?
1156 2589 1230 2657 Si
1262 2589 1447 2658 enim
1474 2588 1686 2672 dicaS,
1729 2589 1914 2680 quod
1951 2587 2267 2679 hyposta-

712 2701 805 2767 sis
833 2698 998 2766 dicit
1063 2694 1532 2786 distinguibile
1593 2718 1735 2763 non
1793 2695 2182 2762 distinctum
2246 2716 2262 2761 ε

713 2806 844 2874 hoc
890 2804 1063 2872 nihil
1110 2812 1237 2882 est,
1293 2804 1456 2894 quia
1513 2804 1581 2870 in
1636 2802 1886 2869 divinis
1925 2802 2102 2869 idem
2169 2808 2268 2868 est

715 2936 860 2982 esse
892 2921 959 2980 et
987 2935 1211 3002 posse.
1248 2910 1611 2987 Primores,
1656 2909 1733 2977 ln
1757 2910 2004 2978 divinis
2034 2917 2269 2999 poten-

716 3024 809 3089 tia
849 3021 1029 3090 idem
1095 3028 1200 3088 est
1254 3018 1442 3110 quod
1488 3027 1704 3087 actus,
1768 3018 1964 3098 Item,
1992 3015 2268 3084 Boetius

713 3151 1029 3221 expresse
1086 3127 1270 3204 dicit,
1313 3125 1502 3218 quod
1558 3126 1778 3196 Graeci
1828 3148 1968 3193 nou
2023 3130 2270 3192 vocant

718 3253 1048 3320 ὑπόστασιν,
1080 3237 1209 3304 nisi
1244 3233 1676 3302 individuum
1738 3230 2087 3301 rationalis
2142 3254 2271 3299 na-

714 3355 886 3412 turae
922 3366 938 3411 ε
973 3366 1138 3435 ergo
1180 3342 1369 3411 nulla
1421 3350 1525 3410 est
1567 3341 1976 3418 differentia.
2031 3350 2107 3406 ut
2161 3339 2270 3405 vi-

716 3451 936 3519 detur.

805 3559 872 3627 4.
915 3558 1114 3639 Item,
1177 3556 1350 3625 Cum
1401 3554 1791 3648 hypostasis
1830 3552 2009 3621 idem
2075 3560 2268 3620 sonet

720 3667 901 3758 quod
932 3665 1315 3733 substantia
1354 3662 1540 3755 apud
1568 3685 1722 3740 nos,
1766 3670 1831 3730 et
1872 3660 2055 3729 Deus
2095 3660 2271 3728 dicat

719 3787 1035 3846 naturam
1057 3782 1123 3842 et
1161 3773 1618 3841 substantiam
1649 3780 1717 3839 et
1748 3793 1883 3839 non
1935 3778 2006 3836 ut
2036 3792 2272 3837 essen-

721 3886 912 3961 tiam,
957 3880 1118 3947 dicit
1148 3881 1331 3947 enim
1381 3878 1875 3955 llamascenus‚
1938 3875 2117 3968 quod
2166 3875 2273 3941 di-

721 3994 809 4061 cit
841 3990 1206 4059 habentem
1239 3988 1560 4057 deitatem
1599 4009 1616 4057 :
1651 4009 1861 4078 quare
1910 4009 2047 4054 non
2103 3985 2274 4053 dici-

725 4122 875 4166 mus
913 4108 1051 4165 tres
1105 4096 1293 4172 deoS‚
1328 4096 1502 4163 sicut
1561 4103 1697 4163 tres
1747 4093 2146 4184 hypostases
2208 4103 2270 4160 et

724 4217 859 4272 tres
890 4203 1358 4270 substantias?
1391 4200 1760 4269 Anselmus
1812 4203 1992 4267 enim
2053 4202 2117 4267 iu
2159 4223 2271 4267 ca-

724 4313 860 4403 pite
894 4308 1271 4399 penultimo
1308 4305 1714 4397 Monoloqii,
1746 4316 1812 4373 et
1852 4307 2274 4395 Augustinus

724 4421 793 4485 in
835 4419 968 4485 tine
1008 4413 1159 4481 libri
1194 4412 1351 4481 vm
1386 4413 1468 4480 de
1496 4414 1853 4493 vinitam,
1895 4422 1960 4480 et
1990 4411 2275 4479 habetur

725 4529 791 4595 in
827 4528 1110 4599 Littera,
1144 4522 1453 4590 concedit
1501 4532 1640 4590 tres
1699 4545 1896 4614 posse
1929 4520 2056 4588 dici
2117 4518 2276 4587 sub-

722 4634 1030 4710 stantias,
1099 4630 1477 4697 dummodo
1562 4652 1725 4698 sane
1832 4626 2268 4719 intelligatur.

727 4740 906 4828 Ergo
965 4737 1256 4820 videtur,
1308 4735 1494 4827 quod
1600 4735 1819 4824 magis
1914 4756 2273 4825 possumus

724 4850 944 4917 dicere
1000 4858 1136 4918 tres
1173 4849 1365 4928 deos,
1425 4870 1581 4915 cum
1642 4847 1824 4913 Dens
1881 4846 1963 4911 sit
2021 4868 2269 4911 nomen

798 5094 814 5128 ¹
846 5094 932 5149 Ct'.
966 5092 1433 5160 Sententiarum,
1467 5090 1612 5147 Dis-t.
1645 5091 1836 5159 xxm,
1868 5097 2069 5163 cap.A.
2094 5091 2270 5146 Tomo

725 5183 898 5239 xxvl
930 5182 1174 5254 hujusce
1203 5181 1509 5246 editionis.

1671 375 1758 444 D.
1810 376 2009 445 ΑΕΒ.
2061 372 2276 492 Μᾼῦ.
2330 371 2534 440 ORD.
2590 371 2882 440 PRAED.

2344 543 2782 633 operationiS,
2871 561 2946 614 ut
3036 549 3221 617 dicit¹
3270 541 3759 627 DamascenuS,
3822 559 3888 618 et

2346 651 2646 740 operatio
2683 652 2810 720 Dei
2851 677 2986 721 non
3027 665 3357 746 repugnet
3400 657 3791 748 pluralitati.

2438 881 2741 950 Somno.
2796 884 3199 966 Dicendum,
3259 888 3442 976 quod
3489 889 3560 955 in
3598 893 3885 958 veritate
3985 929 4182 976 sogum,

2347 988 2527 1080 apud
2556 988 2828 1059 Graecos
2880 990 3010 1059 hoc
3040 1015 3293 1060 nomen
3360 1009 3654 1074 ὑπόστασις
3704 998 3888 1064 aliud
3997 1030 4076 1078 Ad
4111 1034 4146 1076 ι,

2349 1095 2550 1164 habet
2595 1119 2635 1163 a
2684 1098 2885 1165 modo
2934 1098 3384 1188 significandi,
3437 1109 3501 1167 et
3563 1102 3748 1170 aliud
3803 1104 3887 1171 ab

2354 1224 2480 1268 usu
2542 1225 2557 1269 ε
2611 1225 2649 1269 a
2705 1202 2908 1272 modo
2965 1206 3145 1272 enim
3214 1206 3642 1296 significandi
3708 1210 3890 1299 (quia

2354 1312 2724 1401 imponitur
2752 1312 2835 1380 ab
2866 1322 3020 1381 actu
3057 1314 3432 1402 substandi)
3466 1315 3674 1385 habet
3714 1318 3896 1408 quod

2350 1422 2473 1509 pro
2522 1417 2898 1487 substantia
2954 1422 3172 1511 prima
3209 1423 3517 1512 ponitur,
3580 1423 3711 1493 hoc
3766 1413 3891 1503 est,

2351 1551 2474 1618 pro
2512 1529 2863 1598 individuo
2895 1533 3094 1622 primi
3132 1532 3661 1622 praedicamenti.
3696 1534 3894 1624 Apud

2356 1656 2483 1703 nos
2523 1644 2747 1703 autem
2778 1644 2880 1704 est
2916 1636 3135 1705 dubiae
3163 1639 3678 1729 significationis
3728 1640 3898 1706 suh-

2357 1744 2630 1826 stanssa,
2672 1753 2748 1811 ut
2795 1745 2979 1834 prius
3045 1744 3351 1813 habitum
3412 1756 3512 1815 est
3572 1770 3588 1815 :
3642 1757 3708 1816 et
3747 1747 3898 1815 ideo

2360 1873 2495 1918 non
2529 1852 2783 1919 utimur
2816 1851 3232 1934 substantio,
3293 1857 3467 1922 sicut
3541 1854 3638 1922 illi
3693 1856 3906 1946 hypo·

2355 1960 2547 2026 slosi.
2580 1957 2685 2025 Ab
2745 1982 2872 2026 usu
2939 1969 3164 2028 autem
3222 1961 3612 2030 Graecorum
3672 1961 3900 2044 habet,

2363 2066 2544 2157 quod
2574 2089 2712 2134 non
2751 2069 3027 2157 ponitur
3064 2070 3190 2136 nisi
3232 2093 3356 2161 pro
3408 2068 3732 2162 singulari
3780 2091 3909 2137 na-

2363 2183 2528 2242 turae
2560 2174 2905 2242 rationalis
2946 2199 2962 2244 :
2997 2185 3064 2244 et
3092 2176 3223 2245 hoc
3253 2177 3462 2246 modo
3494 2179 3739 2245 iterum
3765 2198 3906 2244 nou

2365 2281 2567 2350 hahet
2619 2304 2786 2351 usus
2838 2295 3114 2355 noster:
3175 2284 3377 2375 hujus
3440 2293 3673 2353 tamen
3747 2307 3909 2353 usus

2369 2392 2541 2458 ratio
2579 2413 2782 2481 supra
2822 2393 3160 2483 assignata
3193 2404 3294 2460 est
3328 2414 3343 2461 ε
3390 2401 3456 2460 et
3488 2415 3609 2483 per
3637 2392 3768 2461 hoc
3795 2414 3912 2482 pa-

2370 2505 2465 2565 tet
2493 2495 2737 2566 solutio
2767 2499 2856 2567 ad
2891 2500 3214 2589 primum.

2457 2605 2559 2672 An
2590 2629 2784 2673 Auen
2825 2606 3210 2688 dicendum,
3294 2607 3476 2698 quod
3533 2609 3600 2673 in
3677 2606 3915 2697 primis

2371 2710 2791 2801 temporibus
2877 2722 3240 2802 antequam
3352 2711 3917 2779 determinaretur

2371 2816 2773 2907 significatio
2839 2818 2985 2906 ejus
3047 2841 3085 2884 a
3160 2818 3470 2885 Patribus
3520 2816 3913 2894 Catholicis,

2371 2947 2511 2990 non
2552 2934 2692 2991 erat
2759 2923 2956 2991 bonae
3006 2927 3464 3016 suspicionis:
3506 2924 3625 2992 sed
3681 2932 3917 3015 postea

2372 3029 2902 3100 determinatum
2934 3041 3060 3102 est.

2462 3139 2565 3208 An
2601 3162 2797 3208 Λιιυυ
2861 3139 3245 3218 dicendum,
3314 3140 3497 3232 quod
3536 3139 3918 3232 hypostasis

2375 3251 2496 3317 etsi
2553 3248 2727 3316 (licat
2795 3249 3212 3334 distinctum,
3281 3249 3654 3318 secundum
3717 3272 3913 3316 usum

2376 3359 2790 3436 (lurcorum,
2840 3382 2978 3426 nun
3055 3370 3283 3427 tamen
3343 3360 3502 3428 dicit
3585 3361 3915 3427 rationem

2376 3467 2828 3536 distinctionis
2861 3470 2925 3535 in
2959 3469 3104 3559 ipso
3137 3470 3441 3545 nomine,
3486 3478 3550 3536 et
3581 3467 3754 3535 hanc
3804 3491 3920 3535 ra-

2377 3578 2631 3644 tionem
2672 3577 2987 3666 exprimit
3016 3600 3329 3667 persona.

2465 3684 2568 3751 Au
2597 3706 2793 3751 Auro
2827 3683 3211 3761 dicendum,
3278 3683 3459 3774 quod
3521 3683 3700 3750 Deus
3763 3683 3919 3752 licet

2378 3793 2767 3883 imponatur
2793 3792 2879 3860 ab
2909 3794 3329 3881 operatione.
3364 3814 3500 3859 nou
3536 3800 3763 3860 tamen
3796 3794 3921 3860 im-

2381 3901 2654 3991 ponitur
2717 3901 3124 3991 operntioni,
3186 3899 3300 3967 sed
3363 3908 3621 3967 naturae
3701 3922 3719 3969 ε
3803 3900 3917 3968 sed

2380 4009 2583 4075 etiam
2660 4011 2964 4098 operatio
3036 4008 3146 4075 illa
3222 4033 3257 4074 a
3318 4031 3451 4098 qua
3522 4010 3921 4098 imponitur,

2380 4138 2515 4182 non
2562 4124 2659 4182 est
2707 4115 3298 4183 communicabilis
3340 4137 3356 4182 t
3392 4140 3427 4181 a
3484 4114 3699 4181 tribus
3739 4117 3921 4184 enim

2381 4226 2820 4316 operantibus
2877 4229 3121 4293 virtute
3176 4228 3378 4291 unius
3409 4227 3716 4293 essentia!
3755 4251 3926 4317 ope-

2383 4336 2553 4401 ratio
2625 4357 2760 4401 non
2834 4335 3065 4423 recipit
3118 4332 3574 4423 pluralitatem
3642 4336 3707 4400 in
3756 4333 3926 4401 suh-

2381 4443 2627 4510 stantia
2679 4444 3118 4532 operationis,
3173 4441 3290 4509 sed
3359 4442 3527 4507 {orte
3595 4443 3661 4509 iu
3717 4442 3921 4509 modo

2382 4551 2963 4641 consignilicaudi,
3022 4560 3094 4617 ut
3159 4574 3314 4619 cum
3356 4549 3599 4617 «licitur
3631 4567 3649 4618 :
3682 4553 3927 4618 Facia-

2387 4683 2539 4727 mus
2608 4662 2943 4727 loomim-m
3011 4661 3109 4726 ml
3171 4663 3535 4748 imuyineeu
3578 4672 3640 4725 e!
3666 4659 3929 4728 sienile‘-

2384 4769 2684 4836 tudinem
2716 4778 3016 4835 nostram
3042 4770 3086 4837 ’.

2455 5096 2476 5131 ¹
2504 5098 2711 5152 Geues.
2746 5114 2781 5158 ι,
2814 5100 2900 5152 26.

4020 2582 4091 2626 Ad
4120 2581 4164 2627 2.

4026 3137 4105 3183 Ad
4137 3140 4182 3187 3’.

4026 3681 4105 3728 Ad
4132 3686 4174 3726 4.
