4897 6388
710 348 837 417 588
1687 349 1771 417 D.
1823 348 2021 416 ALB.
2074 346 2286 414 MAG.
2345 346 2551 416 ORD.
2605 347 2915 416 PRAED.

709 534 978 592 sonam
1014 514 1373 614 dicimus,
1429 520 1626 595 sieut
1670 543 1898 596 unam
1966 518 2404 613 essentiam,
2439 528 2516 594 et
2546 525 2801 594 ‘unum
2853 519 3130 607 Deum,
3167 514 3303 590 sed
3346 511 3693 588 dicimus
3767 521 3921 586 tres

710 676 1078 752 personas
1114 676 1130 727 :
1160 676 1334 729 cum
1382 665 1634 733 tamen
1670 656 2061 744 tresdeOS,
2106 664 2238 729 aut
2288 665 2440 730 tres
2472 633 2849 730 essentias
2881 677 3037 728 non
3080 650 3494 726 dicamus?
3615 713 3623 719 .

811 787 1006 875 Quia
1041 787 1300 861 volum
1317 816 1404 865 us
1443 793 1564 866 vel
1601 815 1839 866 unum
1875 790 2184 887 aliquod
2244 789 2710 863 vocabulum
2745 811 3056 863 servare
3090 787 3273 861 huie
3341 781 3919 883 significationi,

713 947 867 1020 qua
897 921 1349 1017 intelligitur
1385 926 1736 1012 Trinitas,
1780 948 1874 1000 ne
1915 924 2229 999 omnino
2272 933 2667 999 taceamus
2707 923 3155 1020 interrogati
3200 922 3387 1019 quid
3441 930 3596 995 tres
3635 927 3920 1011 essent,

712 1079 889 1131 cum
927 1064 1082 1129 tres
1113 1077 1282 1129 esse
1307 1058 1680 1133 fateamur
1721 1060 1766 1130 ¹.
1814 1058 2002 1131 Cum
2036 1080 2216 1154 ergo
2250 1056 2651 1154 quaeritur,
2688 1056 2876 1154 quid
2908 1066 3063 1130 tres
3105 1029 3225 1152 (ut
3271 1054 3379 1128 ait
3438 1050 3924 1148 August-inus

716 1191 793 1263 in
826 1190 1022 1264 libro
1062 1188 1130 1261 V
1160 1188 1253 1264 de
1292 1191 1691 1288 Trinitate)
1724 1215 2003 1289 magna
2033 1215 2349 1289 prorsus
2381 1191 2643 1290 inopia
2669 1193 3101 1266 humanum
3137 1189 3437 1263 laborat
3467 1180 3865 1283 eloquium
3899 1208 3915 1258 ε

716 1327 1000 1401 dictum
1045 1335 1159 1400 est
1198 1335 1452 1405 tamen
1493 1339 1650 1404 tres
1689 1351 2070 1428 personae,
2106 1351 2259 1401 non
2332 1337 2414 1401 ut
2465 1327 2655 1401 illud
2733 1327 3145 1413 diceretur,
3219 1323 3356 1400 sed
3397 1347 3496 1398 ne
3539 1330 3923 1397 taceretur

710 1459 1055 1536 omnino.
1092 1459 1264 1533 Non
1295 1463 1504 1537 enim
1537 1463 1645 1537 rei
1679 1460 2091 1537 ineffabilis
2140 1460 2562 1536 eminentia
2617 1464 2767 1536 hoc
2815 1462 3197 1536 vocabulo
3231 1456 3600 1556 explicari
3633 1456 3838 1529 valet
3865 1469 3913 1525 ².

712 1598 906 1671 Ecce
946 1594 1278 1669 ostendit
1313 1621 1470 1695 qua
1501 1598 1954 1673 necessitate
1997 1596 2294 1670 dicatur
2329 1596 2732 1694 pluraliter
2770 1619 3130 1694 personoe
3187 1618 3204 1669 :
3250 1592 3612 1667 videlicet
3651 1599 3737 1664 ut
3775 1590 3921 1662 hoc

716 1753 869 1805 uno
911 1728 1221 1803 nomine
1261 1733 1789 1827 quaerentibus
1821 1731 1913 1806 de
1941 1729 2183 1804 tribus
2212 1731 2846 1828 respondeamus

1193 2352 1432 2399 Divisio
1478 2354 1752 2400 TBXTUS.

804 2649 1064 2721 Deinde
1142 2652 1470 2721 sumenda
1543 2661 1645 2720 est
1719 2651 2015 2719 secunda
2103 2670 2258 2740 pars

711 2760 908 2828 istius
936 2755 1387 2827 distinctionis
1409 2758 1527 2827 ubi
1561 2759 1758 2827 dicit:
1788 2787 1821 2820 κ
1851 2759 2010 2826 Ideo
2038 2756 2260 2825 oritur

713 2866 823 2933 Ιιίσ
850 2865 1156 2955 quaestiO.
1196 2890 1228 2925 υ
2112 2875 2121 2885 ’

804 2973 882 3041 ln
959 2970 1104 3054 hac
1143 2971 1327 3039 enim
1392 2976 1718 3067 quaeritur
1799 2972 2259 3042 communitas

721 3079 925 3169 hujus
953 3079 1252 3147 nominis
1280 3080 1461 3170 quod
1483 3090 1586 3150 est
1623 3103 1936 3173 persona.

805 3188 890 3257 Et
925 3186 1251 3257 dividitur
1296 3187 1364 3257 in
1403 3199 1539 3260 tres
1592 3200 1843 3283 partes.
1904 3190 1982 3257 In
2036 3189 2259 3280 prima

721 3294 1042 3388 quaeritur
1081 3295 1250 3361 ratio
1279 3298 1812 3366 communitatis.
1876 3296 1953 3364 ln
2010 3317 2257 3365 secun-

720 3402 830 3482 da,
863 3404 1150 3471 solvitur
1206 3406 1519 3492 quaestio,
1579 3427 1786 3497 quare
1855 3403 2087 3472 eadem
2147 3424 2258 3470 ra-

723 3509 908 3578 tione
963 3507 1471 3579 communitatis
1538 3534 1678 3579 non
1743 3512 2062 3579 dicuntur
2122 3518 2257 3579 tres

720 3618 839 3698 dii,
919 3617 1036 3701 ibi,
1087 3616 1164 3698 F,
1236 3643 1269 3681 α
1333 3620 1471 3688 Sed
1511 3621 1866 3712 quaeritur,
1927 3620 2101 3689 Cum
2157 3617 2261 3685 da·-

722 3749 959 3794 camus
988 3728 1265 3794 Patrem
1294 3738 1357 3793 e!
1386 3730 1674 3808 Filium,
1716 3737 1843 3797 etc.
1881 3754 1914 3792 ι
1960 3726 2036 3795 ln
2068 3729 2261 3797 tertia

621 3838 626 3843 ”
726 3834 1076 3925 quaeritur,
1120 3831 1342 3912 Quare
1374 3859 1511 3906 non
1540 3836 1829 3907 dicimus
1868 3845 2003 3905 tres
2041 3859 2259 3905 essen·

722 3942 878 4019 tias,
908 3939 1000 4007 ibi
1033 3938 1115 4020 G,
1153 3968 1186 4001 a
1235 3941 1466 4013 Verum
1506 3957 1570 4013 e!
1628 3946 1740 4012 hic
1775 3945 1924 4012 alia
1980 3945 2262 4036 emer-qi!

726 4047 1190 4137 qua-stimetc.
1237 4070 1271 4112 n
1462 4048 1471 4057 ”

815 4154 1042 4222 l’rima
1064 4176 1219 4245 pars
1242 4152 1441 4226 babet
1477 4160 1606 4227 tria
1635 4158 1929 4251 capitula
1966 4159 2077 4227 :in
2096 4182 2262 4251 quo·

726 4284 874 4328 rum
918 4261 1138 4353 primo
1209 4268 1608 4355 proponitur
1656 4270 1966 4359 qumstiO.
2022 4266 2093 4335 ln
2152 4289 2260 4335 se-

725 4369 971 4445 cundo,
1035 4368 1344 4450 solvitur,
1406 4374 1523 4453 ibi,
1583 4401 1617 4442 ι
1677 4377 1857 4461 Quia
1914 4377 2254 4453 volumus,

728 4483 855 4543 etc.
888 4501 921 4539 n
958 4475 1033 4542 ln
1080 4478 1304 4560 tertie,
1360 4483 1528 4550 ratio
1579 4484 1992 4552 necessitatis
2059 4482 2260 4571 hujus

727 4580 1089 4649 locutionis
1117 4583 1517 4673 explanatur
1546 4589 1970 4668 universalis,
1990 4599 2056 4657 et
2082 4589 2257 4680 apud

730 4712 854 4756 nos
875 4697 939 4756 et
968 4690 1145 4779 apud
1168 4690 1463 4774 Graecos„
1497 4695 1616 4774 ibi,
1656 4696 1738 4776 1),
1773 4722 1804 4761 α
1845 4697 1997 4781 Qua
2039 4720 2258 4764 ueces-

724 4797 928 4863 simle
973 4817 1105 4863 non
1143 4796 1368 4865 solum
1398 4805 1712 4887 Latinus,
1746 4813 1871 4871 etc.
1912 4827 1945 4866 ι

817 4898 915 4965 Ex
945 4897 1075 4966 boc
1112 4908 1295 4990 patet
1323 4909 1655 4975 sententia
1686 4909 1978 4975 Litterae.

812 5586 827 5619 ¹
871 5581 955 5639 Cf.
994 5585 1012 5638 l
1043 5583 1210 5640 Joan.
1243 5602 1295 5655 v,
1324 5586 1380 5645 7.

808 5671 830 5708 ²
862 5672 916 5729 S.
941 5674 1315 5731 Arcusrtsts.
1336 5677 1458 5739 Lib.
1487 5684 1531 5737 V
1550 5682 1624 5739 de
1652 5683 1958 5752 Trinitate,
1989 5699 2116 5755 cap.
2138 5685 2192 5743 9.

2793 2229 3303 2301 ARTICULUS
3352 2229 3477 2300 111.

2367 2447 2513 2516 Cur
2540 2446 2613 2513 in
2634 2444 2891 2512 divinis
2918 2442 3218 2511 dicimus
3239 2451 3373 2509 tres
3393 2463 3751 2533 personas,
3780 2465 3919 2509 non

2812 2559 2946 2616 tres
2981 2547 3412 2617 substantias
3436 2547 3478 2615 ?

2459 2866 2706 2938 Incidit
2741 2875 2971 2936 autem
3004 2866 3297 2957 quaestio
3329 2888 3538 2956 super
3574 2864 3707 2935 boc
3745 2867 3930 2956 quod

2369 2977 2533 3045 dicit
2567 2977 3023 3068 Augustinus,
3057 2976 3129 3043 in
3173 2974 3400 3065 primo
3439 2972 3770 3064 capitu10‚
3808 2971 3928 3050 ibi.

2368 3083 2445 3163 C,
2484 3109 2518 3150 ι
2556 3084 2699 3154 Cur
2723 3106 2860 3151 non
2891 3083 3175 3151 leaectria
3210 3080 3433 3151 simul
3459 3103 3674 3150 unam
3694 3102 3938 3170 perso·

2369 3215 2533 3261 nam
2564 3191 2885 3270 dicimus.
2925 3191 3106 3259 sicut
3151 3213 3366 3259 unam
3428 3189 3824 3268 essentiam,
3868 3200 3938 3258 et

2370 3320 2589 3367 unum
2616 3301 2844 3368 Deum
2872 3295 2914 3363 ?
2951 3324 2987 3361 ι
3259 3361 3270 3371 ,

2465 3408 2526 3473 1.
2552 3405 2683 3475 llic
2736 3406 2919 3474 enim
2979 3404 3144 3474 dicit
3179 3404 3609 3496 Augustinus
3640 3405 3779 3472 tria
3822 3425 3839 3471 ε
3874 3412 3940 3472 et

2370 3536 2528 3582 cum
2568 3514 2709 3582 tria
2765 3513 2839 3580 in
2894 3520 3141 3580 neutro
3212 3510 3396 3579 dicat
3449 3510 3934 3591 substantiam,

2369 3619 2644 3689 videtur
2679 3618 3061 3688 substantia
3118 3620 3466 3687 numerari
3497 3625 3565 3685 et
3593 3616 3937 3708 plurifica-

2370 3729 2453 3807 ri,
2497 3750 2654 3797 cum
2687 3727 2959 3808 dicitur,
3027 3736 3163 3793 tres
3192 3747 3527 3816 personae.

2461 3839 2529 3908 2.
2572 3836 2772 3912 ltem,
2813 3833 3187 3903 Anselmus
3224 3833 3297 3901 in
3361 3834 3769 3924 Monoloqe‘o
3835 3833 3935 3901 di·

2372 3945 2487 4024 cit,
2510 3943 2694 4034 quod
2712 3943 2940 4035 aptius
2960 3940 3274 4008 dicantur
3292 3949 3432 4009 tres
3452 3964 3600 4009 esse
3622 3939 3935 4009 substan·

2371 4055 2483 4122 tiae
2525 4052 2547 4089 ⁸
2591 4074 2609 4122 z
2651 4073 2817 4144 ergo
2848 4050 3230 4119 substantia
3266 4058 3693 4118 numeratur.
3733 4048 3930 4128 Item,

2368 4160 2800 4251 Augustinus
2833 4162 2899 4227 in
2943 4159 3075 4226 line
3117 4156 3270 4225 libri
3307 4156 3435 4223 vt!
3489 4156 3571 4225 de
3610 4158 3936 4224 Trinilale

2369 4269 2555 4352 dicit,
2616 4267 2803 4359 quod
2878 4267 3201 4334 dicuntur
3256 4275 3392 4332 tres
3475 4263 3872 4331 substantia·
3911 4285 3928 4330 ε

2370 4398 2532 4467 ergo
2573 4383 2645 4443 ut
2687 4376 2899 4467 prius.
2947 4373 3092 4442 lloc
3126 4373 3302 4440 idem
3354 4370 3647 4440 habetur
3692 4368 3803 4438 hic
3862 4371 3928 4438 in

2368 4486 2651 4560 Littera,
2683 4491 2750 4551 et
2791 4481 3262 4550 Damascenus
3293 4487 3359 4548 et
3389 4478 3927 4571 Chrysostomus

2367 4592 2598 4660 dicunt
2629 4593 2904 4683 saepiuS.
2941 4590 3138 4672 ltem,
3175 4587 3478 4656 Hilarius
3521 4589 3588 4654 in
3628 4585 3804 4654 libro
3842 4584 3925 4652 de

2364 4699 2646 4789 Synodo
2688 4723 2712 4768 .·
2754 4724 2788 4765 ι
2827 4696 3001 4767 Sunt
3034 4697 3311 4789 quidem
3329 4720 3453 4788 per
3471 4694 3924 4763 substantiam

2370 4808 2519 4883 tria,
2599 4830 2720 4897 per
2783 4805 3306 4875 consonantiam
3372 4810 3602 4870 autem
3655 4824 3867 4869 uuum
3905 4825 3922 4869 z

2364 4937 2530 5004 ergo
2586 4914 2860 4982 videtur
2909 4934 3250 5003 expresse,
3304 4909 3492 5001 quod
3548 4909 3928 4978 substantia

2366 5030 2764 5089 numeretur
2801 5045 2923 5112 per
2978 5021 3135 5100 tria,
3169 5029 3235 5087 et
3277 5016 3464 5109 quod
3514 5040 3729 5085 unum
3797 5018 3929 5084 sint

2365 5153 2724 5198 consensu.
2754 5155 2788 5195 ν
2818 5130 3014 5212 Item,
3040 5124 3292 5195 ibidem
3321 5148 3336 5192 :
3363 5151 3394 5190 α
3419 5126 3582 5193 Tres
3620 5123 3931 5193 substan·

2364 5238 2496 5305 tias
2539 5259 2684 5304 esse
2724 5236 3063 5312 dixerunt,
3114 5255 3438 5324 personas
3466 5255 3588 5323 per
3608 5230 3931 5299 substan-

2370 5346 2496 5411 tias
2534 5343 2922 5424 edocentes,
2991 5363 3132 5410 non
3183 5339 3640 5408 substantiam
3712 5338 3927 5407 Patris

2442 5595 2465 5632 ⁸
2494 5596 2550 5650 S.
2585 5587 2903 5661 Asianus,
2936 5594 3001 5649 ln
3031 5590 3383 5663 monologio,
3408 5607 3539 5663 cap.
3573 5589 3926 5663 penultimo.
