4897 6388
2001 267 2091 391 IN
2134 324 2157 389 1
2202 318 2625 390 SENTENT.
2677 306 2906 384 Dts'r.
2961 315 3080 392 111,
3136 316 3214 395 P,
3260 313 3343 392 Q.

1077 502 1239 569 dum
1269 501 1450 590 quod
1481 499 1737 565 fuciunt
1786 495 2140 564 materiam
2179 496 2422 561 animae
2487 515 2621 585 qua

985 666 996 675 .
1077 609 1337 677 moveri
1368 621 1433 674 et
1455 605 1680 694 perlici
1716 615 2026 695 possunt,
2061 614 2217 672 sunt
2240 613 2393 671 ante
2426 622 2612 668 esse:

1070 715 1446 798 secundum
1490 722 1717 778 autem
1744 714 1925 804 quod
1964 722 2119 780 sunt
2158 712 2241 778 ad
2278 711 2616 799 operatio-

1073 847 1191 891 nes
1232 829 1593 910 sequentes
1639 824 1706 888 in
1738 823 1985 912 quihus
2026 820 2341 910 potentiae
2373 818 2618 882 animm

1071 936 1465 1018 operantur,
1516 938 1670 994 sunt
1721 936 2074 1018 postesse.
2128 924 2210 990 Et
2279 925 2367 988 ita
2407 930 2613 1011 patet,

1073 1035 1258 1126 quod
1290 1036 1444 1102 licet
1474 1036 1843 1103 secundum
1881 1033 2158 1100 modum
2210 1029 2615 1122 praedicandi

1072 1146 1209 1213 sint
1247 1147 1316 1212 in
1341 1145 1665 1236 qualitate
1706 1142 2096 1231 hujusmodi
2126 1141 2445 1231 potentiae
2477 1140 2617 1205 ani·

1073 1276 1236 1321 mae:
1273 1262 1503 1320 tamen
1538 1255 1604 1318 in
1646 1259 1976 1341 quantum
2009 1272 2244 1317 omnes
2274 1248 2615 1338 complent

1068 1361 1199 1429 hoc
1240 1369 1457 1427 totuin
1512 1360 1695 1448 quod
1743 1367 1845 1426 est
1910 1359 2136 1424 anima
2202 1356 2489 1447 perfecta
2541 1341 2615 1420 in

1064 1490 1262 1558 posse
1295 1466 1379 1533 ud
1422 1465 1910 1555 perficiendum
1950 1488 2193 1555 corpus
2238 1473 2301 1531 et
2335 1486 2615 1530 moven-

996 1599 1001 1604 ’
1064 1578 1226 1644 dum
1262 1577 1331 1643 in
1373 1586 1515 1644 toto
1556 1587 1614 1643 et
1679 1579 1744 1643 in
1797 1575 2122 1666 partihuS,
2184 1578 2279 1642 sic
2327 1583 2480 1640 sunt
2532 1573 2613 1640 de

1063 1688 1208 1776 ipsa
1247 1685 1650 1764 substantia,
1707 1685 1788 1751 Et
1852 1684 1981 1752 hoc
2021 1684 2310 1750 trahitur
2375 1707 2456 1751 ex
2506 1705 2616 1749 se-

1060 1793 1284 1861 cundo
1318 1793 1398 1861 de
1431 1794 1714 1870 Anima,
1776 1792 1886 1858 uhi
1924 1791 2082 1859 dicit
2156 1789 2612 1879 Philosophus

1061 1904 1199 1970 sic:
1245 1901 1693 1969 Considerare
1723 1910 1952 1968 autem
1978 1902 2045 1968 in
2076 1900 2376 1991 partibus
2406 1921 2612 1989 opor·

1061 2019 1151 2077 tet
1197 2009 1382 2101 quod
1413 2007 1670 2076 dictum
1711 2018 1836 2089 est,
1871 2009 2146 2089 scilicet,
2181 2007 2362 2098 quod
2383 2007 2611 2074 anima

1059 2129 1161 2186 est
1192 2119 1512 2209 perfectio
1547 2118 1808 2211 physici
1849 2118 2147 2210 corporis
2185 2117 2486 2208 potentia
2518 2117 2612 2181 vi-

1066 2232 1205 2290 tam
1229 2222 1567 2300 habentis,
1602 2223 1856 2290 sienim
1876 2232 2047 2291 esset
2070 2221 2304 2290 oculus
2327 2219 2605 2301 animal,

1053 2330 1292 2397 anima
1330 2339 1502 2398 esset
1536 2332 1766 2421 utique
1798 2331 2006 2420 ipsius
2054 2332 2261 2408 visus,
2311 2329 2440 2396 hoc
2481 2336 2604 2405 est,

1059 2437 1441 2505 substantia
1465 2437 1638 2505 oculi
1662 2436 2035 2506 secundum
2061 2437 2423 2505 rationem:
2450 2459 2605 2503 ocu·

1068 2542 1174 2609 lus
1231 2555 1460 2611 autem
1520 2557 1615 2612 est
1695 2546 2002 2623 materia,
2062 2567 2195 2634 quo
2257 2543 2606 2611 delicieute

1051 2674 1187 2718 non
1243 2663 1346 2719 est
1392 2654 1677 2743 quidem
1756 2651 1991 2720 oculus
2052 2653 2177 2718 nisi
2232 2652 2601 2741 aequivoce,

4161 308 4279 373 141

2729 487 2902 554 sicut
2941 484 3275 576 lapideu5‚
3315 481 3425 549 vel
3455 479 3780 570 depictus.
3826 475 4111 566 Oportet
4154 479 4284 565 igi-

2730 604 2839 661 tur
2870 593 3171 683 accipere
3202 614 3352 680 quae
3392 597 3490 657 est
3539 590 3606 654 in
3639 595 3851 676 parte,
3889 583 3958 650 in
4001 584 4282 649 toto-vi-

2728 711 2928 770 vente
2969 723 3254 790 corpore
3339 695 3877 772 similitudinem,
3938 695 4032 759 ita
4091 692 4280 781 quod

2727 814 2900 881 sicut
2929 836 3000 880 se
3022 811 3222 878 habet
3257 833 3410 900 pars
3433 809 3516 875 ad
3547 815 3833 897 partem,
3869 807 3966 873 sic
3995 812 4061 872 et
4088 811 4275 870 totus

2726 943 2963 988 sensus
3004 920 3088 986 ad
3130 928 3348 985 totum
3393 938 3637 1006 corpus
3678 913 3859 1005 quod
3908 921 4008 980 est
4050 911 4274 979 sensi-

2724 1029 2940 1095 tivum
2981 1026 3356 1095 secundum
3405 1022 3584 1113 quod
3630 1020 4048 1111 hujusmodi.

2816 1256 2940 1322 llic
2965 1274 3317 1321 sommum
3350 1247 3534 1340 quod
3575 1268 3759 1312 mens
3816 1245 4061 1312 dicitur
4114 1263 4280 1332 qua·
4359 1318 4364 1323 .

2727 1373 2881 1431 tuor
2920 1359 3165 1439 modiS,
3191 1358 3445 1425 scilicet
3468 1354 3800 1422 memoria
3822 1350 4270 1443 quandoque:

2725 1475 2899 1540 sicut
2932 1470 3358 1561 Augustinus
3391 1466 3574 1546 dicit,
3611 1463 3793 1553 quod
3825 1483 4018 1529 mens
4040 1462 4279 1526 memi-

2725 1583 2823 1649 nit
2883 1581 2987 1648 sui
3025 1601 3038 1645 :
3112 1575 3524 1669 quandoque
3587 1572 3830 1639 dicitur
3890 1568 4274 1637 intellectus

2730 1712 2870 1757 rem
2903 1687 3329 1759 examinans,
3366 1691 3433 1750 et
3462 1684 3552 1748 ita
3582 1680 3909 1769 accipitur
3937 1700 3973 1744 a
4001 1676 4275 1743 ,Ioanne

2731 1797 3178 1873 l)an1ascen0‚
3223 1801 3290 1859 et
3329 1793 3425 1858 sic
3480 1790 3727 1856 dicitur
3773 1810 3811 1854 a
3840 1787 4085 1853 melior
4140 1806 4278 1851 me-

2722 1906 2899 1981 tiris,
2945 1906 3106 1993 quia
3135 1899 3478 1969 metiendo
3508 1898 3802 1965 rationes
3850 1895 3969 1973 rei,
4003 1892 4274 1960 exami-

2723 2021 2833 2080 nat
2897 2019 3181 2079 remzet
3203 2006 3612 2099 quandoque
3664 2004 3907 2072 dicitur
3961 2000 4273 2092 superior

2721 2141 2875 2209 pars
2906 2114 3255 2185 rationalis
3301 2115 3571 2195 animae,
3616 2112 3688 2179 in
3731 2133 3864 2199 qua
3926 2116 4085 2177 sunt
4134 2115 4270 2175 tres

2719 2229 2898 2295 vires
2936 2227 3181 2293 animae
3231 2222 3589 2314 imaginis:
3627 2219 4037 2310 quandoque
4095 2215 4270 2283 dici-

2700 2335 2827 2405 'tur
2855 2343 2998 2402 tota
3029 2329 3375 2401 rationalis
3402 2333 3653 2411 anima,
3695 2326 3802 2395 vel
3848 2325 4269 2394 intellectua-

2717 2449 2801 2523 lis
2841 2453 3108 2522 natura,
3160 2444 3329 2510 sicut
3377 2441 3615 2508 beatus
3671 2437 4038 2528 Dionysius
4087 2458 4262 2525 saepe

2715 2561 2916 2622 vocat
2945 2550 3247 2643 Angelos
3306 2549 3572 2616 divinas
3614 2555 3901 2614 mentes.

1697 3118 1777 3190 l‘.
1829 3115 2048 3208 Quod
2073 3117 2150 3189 in
2195 3115 2332 3189 illa
2368 3115 2880 3191 similitudine
2910 3123 3019 3190 est
3046 3115 3620 3190 dissimilitudo,

1154 3467 1697 3542 Verumtamen
1742 3475 2031 3556 caveat,
2080 3488 2170 3537 ue
2216 3464 2411 3537 haur
2465 3461 2878 3557 iuuigimuu
2913 3462 3009 3534 uh
3050 3463 3315 3536 eadem
3356 3461 3719 3535 Trinium·
3756 3463 4022 3536 luctam
4061 3462 4165 3538 ita
4195 3462 4263 3538 ei

1055 3615 1475 3702 ‹wuiipuri-t,
1524 3612 1603 3674 ut
1641 3600 1958 3673 ‹unuiuo
1990 3598 2361 3673 existimet
2424 3597 2753 3672 similem
2803 3621 2818 3671 :
2885 3596 3014 3670 scil
3089 3597 3344 3695 potius
3387 3597 3458 3670 iu
3523 3597 4074 3695 qualicumque
4118 3597 4262 3673 ista

1058 3740 1562 3813 similitudine
1602 3762 1954 3831 iinziguauu
1991 3760 2295 3834 quoque
2337 3733 3045 3809 (lissimilitudiiwm
3077 3747 3366 3809 cernat.

2137 4221 2222 4310 Q.
2260 4220 2539 4294 Prima
2590 4220 3169 4295 dissimilitudo,

1156 4573 1376 4663 Quod
1421 4573 1752 4647 brevitor
1792 4572 2085 4645 ostendi
2123 4583 2393 4670 potest.
2439 4573 2684 4645 llnmu
2722 4597 2922 4646 uuus
2984 4595 3117 4670 per
3186 4573 3324 4645 istu
3384 4572 3522 4645 tria
3583 4573 3954 4666 meminit,
3995 4573 4270 4650 intelli·

1057 4714 1193 4808 μὴ,
1239 4711 1513 4805 diligit,
1559 4710 1688 4807 qui
1728 4733 1866 4783 uec
1913 4708 2272 4783 meumrin
2316 4721 2457 4795 est,
2508 4735 2645 4784 uec
2710 4709 3243 4802 intelligentia,
3293 4735 3431 4783 uec
3479 4709 3812 4802 dilectio,
3898 4710 4029 4783 sed
4097 4712 4266 4786 hmo

1062 4850 1314 4922 hahet.
1357 4847 1573 4921 Uuus
1613 4870 1795 4941 ergo
1842 4847 2067 4918 humo
2107 4857 2248 4937 cst,
2293 4847 2421 4943 qui
2466 4846 2682 4921 hahet
2744 4848 2906 4919 lia-c
2953 4845 3140 4919 triu:
3193 4871 3343 4919 unu
3392 4857 3643 4919 tumen
3717 4845 3876 4944 ipse
3934 4856 4046 4920 est
4099 4848 4267 4922 hwc

1063 4984 1228 5057 triu.
1280 4984 1359 5056 lu
1408 4981 1612 5056 illius
1651 5004 1832 5055 veru
1891 4984 2234 5054 sumum'
2306 4981 2792 5078 simplicitate
2838 4993 3135 5055 namra*
3177 5004 3354 5079 quw
3412 4982 3619 5055 Deus
3685 4992 3826 5073 ost,
3906 4982 4268 5080 quamvis

1061 5140 1264 5189 uuus
1304 5114 1396 5187 sit
1449 5115 1677 5207 Deus,
1719 5126 1965 5188 tamen
2015 5124 2165 5189 tres
2208 5139 2559 5212 persium·
2627 5124 2836 5207 suut,
2876 5115 3129 5207 Pater,
3175 5128 3244 5187 ct
3293 5116 3558 5205 Filius,
3595 5125 3666 5190 ot
3720 5115 4052 5215 Spiritus
4096 5141 4269 5192 suu·

1059 5262 1235 5326 ctus
1283 5274 1298 5325 z
1348 5262 1419 5324 et
1467 5252 1583 5326 Ιιεῐ.ἱ
1657 5262 1806 5324 tres
1849 5275 2197 5347 persuum
2239 5262 2417 5324 suut
2482 5275 2684 5325 uuus
2726 5252 2960 5326 Deus.
3006 5252 3231 5326 Aliud
3293 5263 3403 5325 est
3452 5252 3704 5351 itaque
3753 5253 4086 5328 Trinitas
4140 5277 4264 5329 res

1059 5388 1251 5486 ipsa,
1296 5385 1506 5459 aliud
1553 5386 1807 5483 imago
1846 5386 2232 5460 Trinitatis
2276 5386 2347 5459 iu
2388 5388 2683 5463 realia:
2716 5399 3029 5487 propter
3067 5410 3300 5486 quam
3339 5388 3752 5486 imaginem
3798 5389 4025 5465 etiam
4072 5389 4261 5464 illud

1132 5673 1145 5709 ⁸
1182 5668 1313 5726 Edit
1342 5668 1513 5724 Joau.
1550 5666 1873 5734 ‚tile-nume,
1904 5684 2141 5723 summm.
