4897 6388
650 345 798 423 '1'10

666 508 884 594 licatae
908 513 987 594 ⁴in
1027 549 1204 606 esse,
1250 528 1509 615 specics
1539 513 1861 618 supponit
1890 505 2166 595 modum
2200 547 2216 594 ε

668 657 823 703 cum
858 637 1064 725 igitur
1101 657 1245 702 non
1286 635 1375 700 sit
1402 633 1566 700 ordo
1600 637 1725 700 nisi
1760 633 2221 701 collocationis

668 752 734 811 et
766 745 1009 834 quietis
1051 743 1121 807 in
1160 762 1308 807 esse
1340 740 1523 830 quod
1557 750 1654 806 est
1686 764 1723 806 a
1764 743 2007 828 specie,
2054 739 2217 805 ordo

665 852 991 941 supponit
1020 849 1345 937 speciem.
1408 847 1492 914 Et
1549 870 1630 914 ex
1697 849 1955 914 Lillera
2012 854 2215 935 patet,

666 959 853 1051 quod
884 958 1142 1025 inutilis
1183 966 1288 1027 est
1315 955 1511 1024 labor
1559 955 2036 1046 quorumdam,
2107 955 2218 1046 qui

667 1057 902 1134 omnia
930 1063 1080 1132 haec
1099 1063 1347 1131 volunt
1378 1063 1692 1131 reducere
1714 1063 1795 1130 ad
1816 1085 2172 1130 numerum
2198 1084 2212 1129 :

668 1174 828 1265 quia
857 1173 914 1239 si
946 1179 1290 1263 quaeratur
1318 1170 1402 1237 ab
1432 1171 1551 1250 eis,
1583 1193 1790 1260 quare
1821 1171 1911 1236 ita
1941 1169 2219 1236 diversis

671 1281 894 1349 modis
940 1286 1347 1348 enumerant
1404 1277 1659 1356 Sancti,
1741 1300 1876 1343 non
1939 1285 2218 1366 possunt

672 1390 1020 1488 assignare
1060 1388 1425 1454 rationem.

758 1497 1004 1563 Tnario
1064 1515 1226 1560 vero
1299 1493 1425 1560 tria
1490 1500 1903 1568 enumerata,
1976 1490 2222 1559 scilicet

669 1626 916 1685 unum,
947 1624 1217 1680 verum,
1253 1601 1540 1678 bonum,
1584 1601 2004 1690 accipiuntur
2054 1601 2121 1665 in
2152 1621 2220 1665 re

666 1710 1044 1779 secundum
1088 1709 1270 1799 quod
1312 1707 1606 1798 perfecta
1654 1718 1753 1774 est
1817 1706 2218 1796 perfectione

664 1818 907 1885 ultima
941 1840 955 1884 ε
993 1816 1179 1908 quod
1208 1799 1311 1882 sic
1345 1822 1577 1905 pat'et:
1626 1815 1853 1882 Unum
1904 1817 2004 1900 (ut
2067 1813 2223 1878 dicit

661 1923 1160 2014 Philosophus)
1193 1932 1299 1990 est
1341 1921 1708 1988 indivisum
1752 1922 1821 1987 in
1883 1943 1978 1998 se,
2013 1927 2076 1986 et
2114 1919 2222 1985 di-

660 2034 888 2100 visum
920 2032 1005 2100 ab
1047 2031 1198 2098 aliis
1242 2053 1259 2098 ε
1319 2029 1488 2097 nihil
1542 2039 1769 2096 autem
1825 2038 1925 2097 est
1973 2027 2223 2095 indivi-

663 2163 818 2208 sum
859 2141 929 2207 in
961 2160 1058 2216 se,
1115 2137 1247 2204 nisi
1298 2130 1483 2225 quod
1530 2136 1668 2203 suis
1716 2135 1963 2202 finibus
2017 2135 2225 2202 conti-

663 2257 866 2318 netur
892 2248 1072 2316 intra
1102 2269 1175 2315 se
1211 2268 1227 2313 ε
1264 2254 1332 2313 et
1360 2243 1493 2313 hoc
1530 2252 1630 2312 est
1666 2242 1850 2335 quod
1896 2242 2224 2311 clauditur

663 2357 753 2426 ad
790 2364 1011 2425 metas
1041 2377 1329 2422 suorum
1370 2352 1849 2420 diffinientinm
1895 2374 1909 2418 ε
1954 2349 2084 2418 boc
2113 2372 2220 2417 an·

662 2473 800 2534 tem
834 2473 938 2534 est
1003 2461 1187 2553 quod
1238 2463 1310 2530 in
1351 2469 1594 2529 natura
1650 2468 1749 2528 est
1800 2458 2096 2527 locatum
2151 2459 2217 2524 in

664 2595 812 2640 esse
844 2571 1159 2640 ordinato
1195 2591 1212 2636 :
1247 2568 1430 2636 unde
1495 2576 1699 2658 patet,
1769 2566 1952 2658 quod
2007 2588 2220 2634 unum

662 2679 871 2749 babet
914 2681 1099 2748 in'se
1124 2677 1466 2755 ordinem,
1499 2686 1565 2745 et
1629 2699 1749 2767 per
1802 2696 2225 2765 consequens

661 2787 871 2858 habet
928 2787 1167 2857 omnia
1250 2785 1754 2878 praecendentia
1855 2783 2158 2854 ordinem
2210 2793 2224 2837 :

661 2919 825 2965 cum
859 2903 1094 2963 autem
1129 2917 1370 2961 verum
1420 2893 1507 2960 sit
1556 2892 1622 2959 id
1673 2889 1857 2983 quod
1919 2898 2043 2968 est,
2110 2911 2228 2978 per

659 3024 900 3071 verum
933 3002 1345 3093 supponitur
1376 2999 1647 3089 propria
1676 2996 2049 3065 substantia
2080 2997 2170 3063 rei
2205 3016 2220 3061 :

665 3122 732 3181 et
762 3111 896 3181 boc
924 3112 1256 3202 accipitur
1284 3133 1367 3178 ex
1419 3116 1665 3176 natura
1714 3105 2135 3198 pronominis
2161 3113 2227 3173 et

675 3218 941 3288 articuli
973 3216 1420 3309 subjunctivi,
1482 3216 1596 3307 qui
1654 3225 1752 3282 est
1801 3214 1870 3281 in
1927 3214 2224 3293 nomine,

669 3348 822 3419 quae
876 3324 1081 3393 ambo
1136 3331 1378 3393 notant
1434 3321 1763 3412 suppositi
1821 3319 2227 3388 determina-

665 3435 928 3505 tionem
965 3454 982 3503 :
1018 3454 1142 3523 per
1170 3430 1458 3499 verbum
1492 3439 1748 3506 autem,
1779 3436 1899 3507 est,
1966 3427 2227 3517 impor-

558 3554 569 3565 ’
663 3550 850 3611 tatur
886 3538 1271 3607 substantia
1299 3545 1375 3604 ut
1425 3543 1642 3611 actus,
1703 3557 1852 3625 quze
1906 3531 2225 3600 substan-

668 3650 763 3718 tia
822 3671 964 3717 non
1019 3646 1348 3716 convenit
1424 3644 1554 3712 nisi
1628 3645 1719 3711 rei
1776 3645 1919 3734 jam
2011 3643 2223 3734 perle-

665 3765 793 3826 ctoe
880 3763 947 3824 et
1016 3754 1168 3823 ideo
1236 3774 1479 3821 verum
1557 3751 1876 3841 supponit
1951 3772 2219 3817 unum:

667 3863 929 3932 bonum
978 3869 1210 3930 autem
1260 3859 1421 3928 dicit
1470 3857 1946 3926 indivisionem
1986 3880 2023 3925 a
2063 3860 2218 3939 line,

663 3982 734 4041 et
771 3973 927 4040 linis
994 3978 1094 4039 est
1143 3969 1462 4038 ultimum
1511 3965 2109 4059 complementum,
2160 3976 2225 4036 et

667 4080 819 4149 ideo
850 4078 1110 4148 bonum
1172 4077 1500 4169 supponit
1555 4098 1791 4143 verum
1857 4085 1920 4143 et
1982 4098 2216 4144 unum.

666 4188 750 4256 131
778 4188 874 4257 sic
908 4194 1114 4278 patet,
1149 4185 1337 4278 quod
1366 4184 1781 4254 conveniunt
1813 4183 1903 4250 rei
1938 4185 2061 4251 ista
2101 4187 2219 4252 tria

664 4294 1042 4364 secundum
1073 4292 1261 4387 quod
1300 4301 1402 4361 est
1454 4294 1523 4360 in
1574 4288 2068 4380 complemento
2116 4292 2219 4359 ul·

665 4403 863 4472 timo.

757 4614 1067 4681 Smenos
1135 4611 1591 4680 consideratio
1676 4612 1767 4678 rei
1829 4619 1926 4680 est
1991 4634 2222 4679 secun·

665 4721 832 4789 dum
874 4718 1059 4810 quod
1091 4728 1192 4787 est
1234 4717 1303 4786 in
1344 4719 1738 4809 operatione
1772 4741 1787 4786 :
1840 4728 1904 4788 et
1960 4720 2053 4787 sic
2098 4720 2223 4786 ite-

670 4850 819 4895 rum
858 4827 1074 4895 tribus
1117 4825 1344 4894 modis
1396 4825 1887 4902 consideratur,
1947 4824 2216 4901 scilicet,

671 4932 1048 5001 secundum
1104 4932 1535 5023 disponentia
1592 4930 1673 4998 ad
1722 4955 1916 5022 opus,
1985 4932 2088 4999 vel
2156 4935 2220 5000 in

674 5050 830 5110 actu
864 5043 1119 5132 operiS,
1152 5040 1261 5109 vel
1306 5041 1374 5109 in
1408 5041 1541 5108 line
1583 5042 1841 5108 intento
1881 5064 1998 5131 per
2027 5065 2217 5132 opus.

773 5146 1168 5216 Secundum
1234 5147 1528 5238 primam
1577 5156 1803 5214 autem
1853 5146 2227 5215 considera-

673 5259 935 5327 tionem
969 5258 1400 5349 accipiuntur
1422 5258 1550 5325 tria
1582 5264 1822 5348 quarto
1868 5279 2227 5325 enumera-

670 5378 738 5435 ta
776 5366 845 5434 in
885 5365 1127 5434 Glossa
1155 5388 1362 5456 super
1391 5364 1769 5450 Psalmum,
1800 5365 2047 5434 scilicet
2077 5365 2230 5434 sub-

672 5474 949 5552 stantia,
1024 5474 1309 5564 species,
1390 5481 1456 5541 et
1530 5472 1748 5540 virtus
1782 5495 1797 5540 ε
1860 5472 2228 5541 substantia

676 5583 860 5651 enim
902 5582 1095 5673 ponit
1135 5603 1257 5649 ens
1288 5582 1357 5647 in
1396 5603 1467 5648 se
1523 5581 1917 5671 perfectum,
1966 5591 2027 5649 et
2079 5582 2227 5651 ideo

676 5686 1002 5778 supponit
1027 5686 1317 5770 bonum,
1350 5694 1417 5754 et
1451 5710 1575 5777 per
1601 5710 2021 5779 consequens
2074 5712 2229 5757 om-

1666 356 1749 423 D.
1799 356 1996 427 ALB.
2050 355 2261 424 MAG.
2315 354 2521 424 ORl).
2575 355 2869 423 PRAED.

2328 529 2437 592 nia
2460 528 2901 616 praecedentia
2931 507 3227 595 bonum:
3264 524 3642 593 substantia
3673 523 3874 589 etiam

2325 641 2425 698 est
2490 655 2528 698 a
2602 656 2733 721 qua
2790 635 3136 723 egreditur
3200 642 3388 701 actus
3438 640 3504 700 et
3542 632 3871 721 operatio,

2326 739 2482 826 quia
2523 748 2705 805 actus
2744 739 3254 827 particularium
3294 748 3449 808 sunt
3486 747 3550 807 et
3600 758 3878 825 compo-

2324 848 2661 914 sitorum:
2707 850 2929 913 omnis
2997 856 3223 914 autem
3293 850 3671 917 substantia
3736 846 3876 937 agit

2325 978 2443 1046 per
2479 955 2793 1034 formam,
2828 966 2893 1023 et
2960 956 3112 1023 ideo
3172 958 3427 1045 species
3483 958 3678 1046 ponit
3733 957 3878 1046 pri·

2325 1086 2513 1130 mum
2554 1063 2916 1153 disponens
2949 1064 3032 1131 ad
3063 1086 3234 1153 opus
3269 1086 3284 1127 z
3339 1064 3596 1152 species
3646 1073 3873 1130 autem

2326 1193 2462 1238 non
2492 1171 2671 1239 elicit
2701 1194 2903 1261 opera
2931 1173 3057 1238 nisi
3091 1194 3210 1262 per
3247 1173 3592 1252 virtutem,
3628 1179 3694 1240 et
3725 1169 3874 1236 ideo

2324 1278 2536 1344 virtus
2567 1285 2669 1344 est
2709 1278 3094 1344 immediate
3126 1279 3491 1367 disponens
3532 1277 3616 1344 ad
3675 1298 3870 1366 opus,

2326 1393 2391 1451 et
2427 1385 2580 1452 ideo
2613 1387 2681 1451 in
2714 1388 2857 1475 ipso
2899 1395 2996 1452 est
3029 1388 3285 1475 species
3319 1394 3383 1453 et
3431 1385 3810 1453 substantia
3854 1406 3868 1451 ε

2325 1493 2502 1560 unde
2573 1493 2700 1560 illis
2766 1495 2979 1560 tribus
3083 1493 3496 1561 sufficienter
3561 1493 3646 1560 ad
3703 1515 3875 1582 opus

2325 1602 2751 1692 disponitur:
2804 1602 3184 1669 substantia
3237 1624 3275 1668 a
3323 1624 3456 1692 qua
3533 1600 3878 1690 egreditur

2325 1717 2537 1787 actus,
2599 1709 2855 1797 species
2929 1718 3155 1775 autem
3234 1708 3608 1775 secundum
3668 1729 3870 1797 quam

2325 1824 2421 1883 est
2465 1817 2791 1905 operatio,
2836 1825 2894 1881 et
2942 1817 3157 1883 virtus
3201 1816 3420 1883 activa
3479 1838 3632 1906 quae
3688 1815 3875 1905 prin-

2324 1923 2574 2012 cipium
2624 1932 2720 1990 est
2760 1924 2981 2013 operis
3032 1924 3523 1990 immediatum.

2414 2029 2673 2109 meu
2739 2040 2966 2098 autem
3052 2033 3180 2099 tria
3241 2041 3395 2097 sunt
3453 2032 3520 2097 in
3571 2029 3742 2099 libro
3794 2031 3877 2099 de

2330 2137 2599 2207 Coelesli
2624 2137 3032 2216 hierarchia,
3077 2137 3217 2205 baec
3246 2138 3525 2215 scilicet,
3560 2139 3875 2217 essentia,

2327 2246 2564 2323 virtus,
2606 2247 2935 2336 operatio,
2970 2254 3036 2314 et
3067 2254 3225 2313 sunt
3258 2249 3323 2313 in
3367 2269 3436 2313 re
3503 2247 3880 2315 seeundum

2278 2361 2287 2372 '
2328 2352 2514 2444 quod
2541 2354 2735 2420 estin
2767 2376 2969 2444 opere
3014 2376 3029 2420 ε
3068 2357 3353 2422 essentia
3406 2355 3590 2421 enim
3662 2356 3883 2445 posita

2329 2461 2568 2531 estltie
2595 2486 2716 2553 pro
2753 2473 3021 2545 natura,
3079 2464 3449 2532 secundum
3502 2465 3685 2556 quod
3737 2465 3884 2554 ipsa

2329 2578 2428 2638 est
2460 2572 2866 2662 principium
2907 2582 3135 2639 motus
3183 2581 3248 2639 et
3306 2582 3569 2638 status:
3626 2580 3693 2639 et
3737 2572 3882 2637 vir-

2332 2689 2439 2746 tus
2488 2687 2586 2747 est
2654 2677 2935 2746 ultimus
2994 2678 3350 2768 prolapsus
3427 2682 3744 2769 potentiae
3813 2679 3880 2746 in

2331 2809 2503 2878 opus
2539 2809 2553 2853 :
2599 2789 2899 2876 operatio
2929 2796 3157 2854 autem
3208 2789 3397 2876 ponit
3447 2795 3672 2855 actum
3714 2810 3884 2878 ope-

2334 2895 2447 2963 ris.
2483 2894 2567 2962 Et
2603 2894 2843 2962 iterum
2877 2894 3070 2962 facilc
3101 2904 3280 2984 patet
3313 2896 3607 2985 qualiter
3637 2897 3703 2962 in
3739 2897 3882 2962 istis

2330 3001 2557 3070 omnia
2599 3001 3045 3091 praecedentia
3092 3001 3520 3070 clauduntur.

2419 3108 2639 3175 Sexto
2746 3129 2908 3174 vero
3004 3107 3153 3175 loco
3251 3117 3649 3176 enumerata
3723 3118 3880 3176 snnt

2330 3215 2726 3291 substantia,
2771 3216 3052 3306 specieS,
3096 3225 3161 3283 et
3191 3217 3388 3292 ratio,
3417 3225 3482 3284 et
3512 3227 3668 3284 sunt
3713 3218 3778 3285 in
3814 3242 3881 3286 re

2330 3323 2702 3392 secundum
2750 3324 2934 3414 quod
2990 3334 3089 3390 est
3145 3327 3209 3391 in
3264 3325 3394 3392 tine
3451 3326 3707 3393 intento
3765 3348 3884 3416 per

2330 3452 2502 3520 opus
2537 3452 2552 3497 ε
2587 3439 2651 3497 et
2690 3430 3063 3497 secundum
3121 3428 3248 3497 boc
3296 3430 3676 3499 substantia
3717 3455 3884 3522 sup-

2329 3539 2520 3629 ponit
2572 3538 3019 3605 substantiam
3066 3547 3377 3629 agentem
3440 3541 3505 3606 in
3566 3548 3717 3608 actu
3762 3563 3779 3608 ε
3817 3548 3877 3608 et

2328 3646 2584 3737 species
2617 3649 2799 3737 ponit
2831 3646 3465 3714 determinationem
3496 3649 3598 3715 sui
3628 3648 3693 3714 in
3725 3658 3877 3716 actu

2329 3752 2456 3823 boc
2497 3753 2602 3821 vel
2644 3755 2710 3822 in
2751 3754 2888 3832 illo,
2931 3755 3047 3845 qui
3099 3765 3198 3822 est
3253 3754 3625 3823 secundum
3678 3766 3882 3824 natu-

2329 3885 2470 3929 ram
2502 3886 2641 3929 suae
2675 3862 2931 3943 l'ormze,
2985 3861 3089 3930 vel
3149 3886 3293 3931 esse
3339 3885 3354 3931 ε
3409 3863 3580 3930 ratio
3647 3875 3876 3932 autem

2326 3970 2483 4038 dicit
2519 3971 2847 4037 intentum
2887 3993 2903 4038 ε
2945 3978 3009 4038 et
3063 3978 3220 4039 tunc
3297 3971 3541 4038 iterum
3607 3994 3880 4061 semper

2326 4081 2661 4169 posterius
2690 4081 2877 4169 ponit
2917 4090 3074 4147 ante
3133 4080 3600 4170 pra‘cedentia.

2416 4186 2565 4254 ΙιιΑ
2636 4209 2797 4255 vcro
2865 4211 3016 4278 qua*
3094 4188 3381 4276 septimo
3465 4209 3872 4256 enumeran-

2325 4304 2457 4371 tur,
2485 4316 2622 4361 non
2654 4293 2886 4362 dicunt
2934 4294 3190 4385 aliquid
3253 4295 3319 4362 in
3370 4301 3707 4375 creatura,
3751 4296 3870 4365 sed

2328 4404 2550 4492 potius
2581 4402 2647 4468 in
2675 4402 2817 4469 Deo
2839 4400 3214 4469 secundum
3239 4401 3644 4470 divisionem
3670 4404 3872 4471 trium

2325 4507 2782 4584 scientiarum,
2823 4516 2893 4575 ut
2923 4506 3077 4575 dicit
3109 4510 3558 4598 Augustinus,
3594 4509 3874 4590 ibidem,

2326 4615 2576 4683 scilicet
2619 4614 2967 4693 naturalis,
3015 4616 3385 4693 rationalis,
3429 4627 3490 4683 et
3546 4617 3820 4685 inoralis
3857 4639 3872 4685 ε

2328 4721 2664 4814 quialtaec
2720 4725 2784 4791 in
2841 4723 2979 4792 Deo
3039 4726 3429 4803 ostendunt,
3495 4725 3679 4816 quod
3740 4727 3879 4817 ipse

2328 4842 2427 4899 est
2465 4853 2668 4900 causa
2706 4833 3114 4900 subsistendi
3159 4833 3605 4913 naturalibus,
3658 4844 3718 4901 et
3770 4857 3883 4902 ra-

2330 4939 2423 5005 tio
2465 4937 2879 5029 intelligendi
2913 4937 3336 5005 rationabilia
3370 4962 3522 5030 qna:
3567 4942 3633 5007 in
3697 4941 3882 5032 puris

2330 5054 2393 5112 et
2432 5044 2631 5112 nudis
2665 5045 3116 5113 intellectibus
3158 5048 3560 5127 consistunt,
3594 5058 3658 5115 et
3715 5047 3883 5116 ordo

2333 5151 2600 5220 vivendi
2644 5153 2755 5244 qui
2789 5153 3120 5244 quaeritur
3155 5155 3220 5220 in
3299 5154 3672 5223 moralibus
3731 5179 3884 5246 qua}

2335 5286 2470 5331 non
2512 5274 2668 5330 sunt
2699 5263 3295 5353 contemplationis
3324 5266 3569 5357 gratia,
3631 5266 3747 5333 sed
3809 5274 3884 5334 ut

2335 5371 2494 5439 boni
2538 5372 2800 5439 fiamus.

2420 5585 2664 5651 'st-:nrm
2713 5584 2807 5651 rei
2865 5584 3316 5652 consideratio
3363 5592 3462 5650 est
3513 5584 3886 5653 seeundum

2334 5693 2519 5783 quod
2560 5693 2909 5761 ordinatur
2938 5693 3020 5759 ad
3057 5692 3467 5760 intellectum
3502 5700 3564 5760 et
3605 5692 3690 5760 ad
3730 5691 3889 5761 afl’e-
