4897 6388
799 868 871 914 Ad
901 868 948 915 5.

1821 243 1913 310 ΙΝ
1962 242 1989 309 Ι
2039 240 2464 345 SENTENT.
2518 239 2742 349 DlST.
2796 239 2985 325 xvi,
3037 238 3122 316 A,
3175 235 3377 303 ART.
3431 233 3498 302 3.

1060 414 1417 482 meliorem
1445 401 1779 482 in'donis:
1814 414 1987 481 sicut
2015 413 2194 480 enim
2227 411 2389 478 dicit
2415 399 2610 498 Apo-'-

1004 526 1014 530 ”
1058 522 1304 603 stolus,
1348 522 1432 590 ad
1470 522 1759 589 Roman.
1809 544 1949 599 vm,
2001 520 2082 587 18
2125 541 2139 587 ε
2185 520 2339 609 Ipse
2376 517 2610 606 Spiri-

1065 640 1174 697 tus
1221 632 1686 698 testimonium
1732 628 1959 697 reddit
2009 629 2294 719 spiritui
2348 635 2602 706 nostre,

1066 740 1519 831 quodsumus
1549 740 1694 827 filii
1718 741 1873 808 Dei.
2417 811 2425 818 ,

1152 849 1276 915 An'
1305 871 1502 916 amun
1533 848 1918 928 dicendum,
1963 848 2145 940 quod
2192 848 2349 915 licet
2386 844 2609 912 omnis

1058 956 1270 1026 homo
1314 957 1553 1026 debeat
1597 958 1807 1026 alium
1847 981 2088 1028 vocare
2134 958 2220 1026 ad
2275 956 2509 1034 fidem,
2547 961 2614 1020 et

1054 1067 1574 1135 conversionem
1608 1090 1902 1147 morum,
1956 1090 2094 1137 non
2123 1076 2355 1135 tamen
2398 1084 2610 1152 opor—

947 1175 952 1180 ’
1055 1182 1149 1242 tet
1177 1174 1363 1264 quod
1420 1183 1616 1243 vocet
1669 1198 1790 1265 per
1834 1174 2159 1243 miracula
2205 1197 2221 1242 :
2264 1172 2422 1262 quia
2463 1170 2608 1259 jam

1053 1280 1202 1371 ipsa
1232 1280 1701 1371 multiplicatio
1726 1282 1879 1351 fidei
1921 1282 2106 1350 testis
2159 1289 2261 1348 est
2302 1275 2609 1347 veritatis

1053 1387 1254 1456 fidei:
1303 1397 1366 1457 et
1409 1391 1567 1480 quia
1620 1390 1869 1459 sufficit
1916 1391 2002 1459 ad
2057 1391 2412 1458 veritatem
2455 1384 2610 1453 fidei

1053 1496 1542 1565 ostendendam
1602 1499 1672 1565 in
1732 1521 1871 1567 uno
1918 1508 2222 1589 tempore
2279 1493 2610 1564 miracula

1052 1605 1455 1689 ostendisse,
1507 1616 1574 1675 et
1621 1607 1920 1676 visibilia
1974 1609 2168 1700 signa
2210 1633 2226 1676 ε
2299 1610 2355 1676 si
2423 1605 2608 1680 enim

1050 1715 1242 1805 prius
1264 1716 1430 1785 sides
1450 1740 1569 1808 per
1588 1716 1730 1786 haec
1749 1719 2030 1810 probata
2050 1727 2175 1803 est,
2191 1720 2263 1787 in
2278 1730 2607 1790 aeternurn

1049 1822 1342 1913 probata
1378 1825 1526 1902 erit,
1570 1833 1638 1893 et
1674 1848 1857 1895 vera.
1900 1826 2093 1896 Unde
2132 1850 2211 1895 ea
2239 1850 2396 1920 quae
2447 1837 2611 1898 tunc

1052 1931 1231 2000 facta
1283 1940 1466 2015 sunt,
1524 1934 1728 2002 modo
1790 1943 1949 2003 sunt
2004 1937 2152 2004 aliis
2232 1938 2605 2019 reserenda,

1051 2061 1194 2107 non
1234 2039 1481 2108 iterum
1521 2039 1926 2121 exhibenda,
1979 2044 2150 2112 sicut
2186 2043 2349 2114 dicit
2391 2046 2595 2115 Joan.

1051 2148 1127 2215 in
1148 2148 1476 2217 canonica
1495 2172 1614 2217 sua
1645 2152 1891 2240 prima,
1921 2157 1986 2228 ᾗ.
2018 2152 2046 2217 1
2081 2159 2149 2219 et
2175 2174 2319 2244 seq.
2346 2177 2363 2221 ε
2403 2153 2607 2238 Quod

1007 2290 1011 2294 ·
1050 2254 1199 2345 suit
1229 2253 1317 2323 ab
1349 2256 1575 2335 initia,
1607 2255 1798 2350 qued
1831 2256 2253 2338 αἰιᾰίὺίηιω,
2289 2258 2480 2350 quod
2503 2261 2612 2327 υἰ-

1052 2361 1287 2430 dimus
1315 2363 1533 2430 oculis
1570 2364 1843 2443 nostris,
1896 2363 2085 2455 quod
2103 2365 2604 2456 perspeximus,

1054 2477 1120 2535 el
1147 2490 1397 2537 manus
1420 2478 1666 2537 nostras
1698 2479 2241 2539 eorrectaverunt
2270 2470 2355 2538 de
2401 2470 2605 2539 Verbo

1053 2579 1326 2667 vicae,‚..
1372 2580 1871 2649 annuntiamus
1901 2578 2111 2648 vobis.

1507 3008 2007 3080 ARTlCULUS
2038 3010 2159 3081 ΙΙΙ.

1063 3219 1313 3288 Utrum
1334 3221 1567 3289 missio
1583 3223 1679 3290 sit
1693 3224 1941 3314 qrau‘ae
1963 3233 2243 3315 ytalum
2257 3225 2604 3316 jacientis,

1362 3329 1470 3398 vel
1509 3331 1757 3420 qratia!
1781 3333 2004 3423 φατὶ-ς
2055 3332 2234 3403 date.-
2267 3333 2309 3400 ?

1149 3649 1377 3722 Tertio
1406 3649 1755 3744 quaeritur,
1799 3649 2040 3721 Utrum
2076 3652 2208 3721 ista
2242 3652 2329 3720 sit
2372 3653 2607 3722 missio

1062 3763 1300 3854 gratiae
1327 3770 1599 3854 gratum
1636 3761 1942 3831 facientis
1971 3761 2079 3830 vel
2123 3764 2335 3855 gratis
2382 3761 2611 3833 datae?

1159 3873 1220 3939 ¹.
1257 3866 1544 3939 Videtur
1589 3877 1845 3952 autem,
1903 3869 2081 3962 quod
2134 3871 2346 3962 gratis
2401 3870 2607 3959 datae,

1064 3982 1228 4072 quia
1253 3979 1591 4048 exterius:
1628 3976 1800 4047 nihil
1830 3988 2056 4048 autem
2093 3980 2390 4050 exterius
2418 3991 2610 4050 extra

1065 4087 1422 4157 hominem
1450 4096 1552 4156 est
1580 4086 1798 4179 gratia
1827 4095 2096 4178 gratum
2123 4085 2377 4156 faciens
2400 4110 2418 4156 ε
2443 4112 2609 4180 ergo

1064 4195 1363 4279 videtur,
1405 4194 1589 4288 quod
1621 4193 1772 4265 haec
1807 4194 2043 4264 missio
2082 4218 2222 4263 non
2249 4196 2337 4264 sit
2373 4196 2611 4288 gratim

1063 4314 1337 4397 gratum
1376 4304 1711 4372 facientis-

1157 4414 1224 4480 2.
1267 4409 1465 4489 Item.
1505 4409 1684 4479 Dicit
1708 4409 2108 4481 Aristoteles
2138 4411 2206 4480 in
2238 4408 2333 4479 lv
2360 4414 2617 4482 Meteo-

1064 4541 1329 4603 rorum,
1359 4519 1546 4612 quod
1563 4541 1685 4611 per
1720 4540 1866 4589 esse
1897 4527 2205 4610 apertum
2225 4518 2616 4611 judicamus

1065 4626 1149 4697 de
1177 4626 1471 4697 occulto.
1504 4626 1686 4720 Ergo
1715 4650 1835 4719 per
1862 4635 2086 4696 actum
2118 4629 2312 4697 istius
2342 4630 2611 4699 missio·

1067 4737 1173 4805 nis
1204 4736 1592 4827 judicamus
1618 4735 1812 4826 cujus
1840 4736 2069 4828 gratiae
2098 4758 2303 4806 causa
2329 4736 2416 4805 sit
2444 4761 2460 4807 :
2496 4722 2615 4807 sed

1067 4854 1259 4915 actus
1298 4847 1445 4937 ejus
1499 4854 1599 4914 est
1638 4844 1915 4938 linguae,
1960 4844 2330 4939 prophetiza
2361 4855 2429 4915 et
2478 4845 2615 4915 bu-

1057 4951 1391 5042 jusmodi,
1470 4975 1620 5044 quae
1667 4953 1904 5022 omnia
1974 4974 2113 5021 non
2184 4952 2416 5022 dicunt
2486 4955 2617 5023 nisi

1065 5069 1295 5131 actum
1335 5062 1572 5153 gratiae
1601 5061 1813 5154 gratis
1845 5059 2021 5130 datae
2056 5082 2073 5129 ε
2103 5083 2268 5153 ergo
2299 5060 2419 5129 illa
2446 5062 2619 5131 mis-

1065 5169 1170 5239 sio
1210 5176 1316 5238 est
1349 5168 1437 5236 ad
1470 5176 1698 5237 actum
1737 5169 1971 5261 gratiae
1998 5169 2206 5260 gratis
2232 5167 2433 5237 datae.

1156 5278 1223 5347 3.
1266 5275 1464 5357 Item,
1493 5276 1724 5346 Missio
1757 5274 2111 5346 invisibilis
2141 5285 2243 5347 est
2270 5274 2355 5345 ad
2388 5286 2617 5348 actum

1065 5383 1306 5477 gratiae
1332 5394 1602 5477 gratum
1646 5385 1978 5474 facientis,
2018 5394 2095 5455 ut
2130 5408 2334 5478 supra
2366 5385 2620 5479 proba-

1149 5618 1165 5653 ¹
1204 5616 1292 5675 ct.
1323 5615 1400 5675 ad
1431 5618 1677 5675 Roman.
1699 5633 1821 5689 vm,
1854 5619 1940 5675 Η.

4142 224 4270 292 447

2723 416 2869 474 tum
2907 415 3007 473 est
3041 428 3055 472 :
3100 428 3257 473 cum
3315 426 3479 494 ergo
3511 400 3931 491 superfluum
3976 399 4063 465 sit
4101 398 4273 466 duos

2721 517 2969 585 habere
3002 515 3245 583 modos
3262 515 3346 583 ad
3369 514 3546 581 idem
3570 509 4083 601 perficiendum,
4108 530 4274 598 prae-

2723 626 2916 714 cipue
2946 623 3123 712 apud
3163 622 3536 711 perfectum
3569 626 3990 708 operantem,
4037 616 4271 681 missio

2721 731 3010 799 visibilis
3051 752 3193 812 non
3252 730 3378 797 erit
3416 729 3501 795 ad
3556 726 3867 794 eamdem
3925 724 4211 814 gratiam
4251 745 4265 788 :

2724 840 2929 929 igitur
2958 838 3085 905 erit
3115 836 3200 903 ad
3230 836 3520 927 gratiam
3552 833 3759 924 gratis
3791 833 4044 899 datam.

2811 947 2875 1012 4.
2930 945 3124 1022 Item,
3186 943 3421 1010 Missio
3491 940 3644 1008 Filii
3702 947 3802 1006 est
3858 939 3942 1007 ad
3982 940 4270 1029 gratiam

2721 1055 2931 1145 gratis
2962 1053 3215 1139 datam,
3272 1055 3434 1143 quia
3454 1050 3541 1118 ad
3570 1049 4139 1117 illuminationem
4171 1047 4275 1114 in-

2723 1164 3028 1233 tellectus
3103 1163 3174 1230 in
3242 1161 3680 1240 revelatione,
3762 1166 3828 1227 et
3884 1155 4267 1246 prophetia,

2721 1272 3026 1351 scientia,
3070 1279 3136 1337 et
3175 1267 3569 1360 hujusmodi
3606 1289 3623 1337 ε
3660 1289 3821 1358 ergo
3854 1266 4071 1356 magis
4098 1266 4273 1332 mis-

2720 1380 2821 1448 sio
2863 1377 3159 1469 Spiritus
3189 1377 3404 1446 sancti
3433 1384 3656 1466 potest
3685 1396 3832 1442 esse
3865 1374 3950 1441 ad
3980 1371 4270 1464 gratiam

2719 1486 2929 1577 gratis
2994 1485 3220 1554 datam
3276 1506 3292 1551 τ
3373 1491 3442 1550 et
3495 1504 3636 1550 non
3695 1489 3795 1549 est
3859 1480 4140 1549 interior
4185 1477 4271 1544 ad

2721 1595 2900 1662 illam
2934 1617 2949 1662 ε
2984 1616 3146 1685 ergo
3180 1592 3504 1662 exterior.

2810 1702 2944 1770 San
2972 1724 3223 1771 com-aa
3256 1723 3274 1769 ε

2813 1814 2873 1879 1.
2915 1813 2978 1902 Α
3032 1809 3340 1903 partibus
3397 1809 3810 1878 sufficienter
3856 1807 4271 1876 enumeratis

2717 1918 3070 2010 probatur,
3100 1918 3289 2010 quod
3316 1915 3461 1986 haec
3490 1916 3724 1984 missio
3749 1937 4127 2006 numquam
4158 1936 4272 1983 ex·

2720 2025 2934 2096 hibita
2981 2034 3084 2095 est
3139 2027 3269 2093 nisi
3327 2025 3413 2094 ad
3478 2023 3971 2115 plenitudinem
4014 2021 4270 2091 redun-

2720 2134 2965 2203 dantiae
3008 2137 3078 2203 in
3107 2135 3327 2225 gratia
3356 2139 3627 2225 gratum
3668 2133 3950 2201 faciente
3981 2131 4274 2199 demon-

2718 2243 3111 2311 strandam:
3179 2243 3342 2333 quia
3380 2239 3681 2310 exhibita
3721 2247 3821 2308 est
3859 2236 4073 2307 tribus
4114 2263 4273 2308 mo·-

2718 2351 2845 2430 dis,
2882 2351 3072 2435 ssatu,
3104 2348 3667 2441 igne,columba:
3704 2357 3772 2417 et
3800 2355 3982 2438 patet
4020 2348 4088 2415 in
4138 2349 4273 2415 sin·

2716 2458 2921 2550 gulis,
2955 2459 3251 2550 qualiter
3269 2456 3672 2526 ostendebat
3693 2456 3988 2546 Spiritus
4027 2456 4273 2524 redun-

2718 2568 3020 2636 dantiam
3075 2568 3335 2655 gratim,
3386 2568 3561 2636 sicut
3617 2566 3790 2634 infra
3850 2564 4268 2645 ostendetur,

2719 2674 2992 2768 quando
3074 2674 3470 2743 ostendetur
3543 2673 3945 2742 sufficientia
4005 2671 4270 2741 numeri

2718 2781 3002 2848 istarum
3068 2781 3531 2849 missionum:
3609 2801 3773 2867 ergo
3832 2777 4271 2845 manifestum

2714 2897 2840 2969 est,
2901 2887 3088 2980 quod
3141 2912 3283 2957 non
3339 2885 3636 2957 ostendit
3701 2887 3992 2978 gratiam
4058 2889 4271 2978 gratis

2716 2995 2972 3065 datam.

2803 3105 2869 3170 2.
2908 3102 3106 3186 Item,
3161 3101 3316 3172 Non
3373 3102 3711 3172 diceretur
3771 3103 4065 3193 Spiritus
4105 3102 4269 3171 mis·

2715 3237 2855 3294 sus,
2898 3214 2953 3282 si
2986 3223 3252 3283 tantum
3283 3213 3558 3283 daretur
3574 3214 3835 3282 donum
3865 3216 4035 3304 ejus,
4071 3224 4143 3282 ut
4164 3237 4275 3282 su-

2715 3346 2836 3413 pra
2873 3322 3187 3393 habitum
3212 3332 3316 3393 est
3352 3345 3370 3395 ς
3398 3348 3562 3416 ergo
3603 3323 3898 3415 Spiritus
3920 3335 4082 3392 tuuc
4110 3323 4274 3392 dici-

2715 3442 2828 3500 tur
2845 3432 3121 3511 missus,
3149 3432 3427 3525 quando
3456 3433 3837 3502 ostenditur
3861 3456 3985 3525 per
4009 3433 4271 3502 donum

2713 3540 3093 3610 inhabitare
3114 3564 3235 3633 per
3256 3540 3547 3633 gratiam
3573 3563 3591 3608 t
3623 3541 3743 3611 sed
3774 3565 3910 3610 non
3941 3540 4275 3610 inhabitat

2715 3674 2838 3742 per
2862 3650 3122 3720 donum
3154 3652 3388 3742 gratie
3409 3652 3621 3741 gratis
3649 3651 3824 3718 datae
3859 3670 3877 3719 ε
3905 3651 4063 3720 dicit
4085 3652 4271 3720 enim

2717 3760 3110 3841 auctoritas,
3144 3759 3327 3853 quod
3370 3762 3438 3828 in
3468 3759 3635 3828 solis
3688 3761 3956 3829 Sanctis
4003 3770 4105 3829 est
4154 3784 4275 3853 per

2718 3867 3138 3938 habitantem
3179 3869 3469 3961 gratiam
3503 3878 3522 3914 ⁸
3557 3891 3574 3936 ε
3644 3870 3710 3937 in
3754 3869 3987 3937 multis
4041 3877 4271 3938 autem

2721 3985 2821 4045 est
2853 4000 2970 4068 per
3007 3985 3234 4045 actum
3265 3979 3500 4067 gratim
3539 3978 3749 4067 gratis
3781 3977 3952 4045 data?
3982 3978 4097 4069 qui
4133 4000 4271 4046 non

2721 4095 2880 4154 sunt
2925 4087 3139 4154 sancti
3177 4107 3194 4153 :
3236 4109 3404 4176 ergo
3445 4087 3586 4179 ipse
3620 4110 3758 4155 non
3798 4087 4111 4164 mittitur,
4147 4110 4272 4155 nec

2719 4193 3103 4278 visibiliter,
3144 4217 3270 4263 nec
3299 4194 3750 4278 invisibiliter,
3788 4196 3915 4262 nisi
3948 4219 4071 4286 per
4112 4220 4275 4287 gra·

2723 4303 2889 4371 tiam
2917 4312 3192 4394 gratum
3223 4303 3609 4372 facientem.

2813 4413 2879 4479 3.
2916 4410 3112 4490 Item,
3150 4409 3225 4479 ln
3260 4412 3521 4480 Littera
3550 4409 3884 4480 habemus
3912 4412 3998 4480 ab
4029 4415 4278 4505 Augu-

2720 4520 2925 4601 stino,
2957 4518 3143 4611 quod
3201 4543 3322 4611 per
3383 4518 3534 4588 illas
3575 4530 3920 4589 creaturas
3972 4519 4277 4589 visibiles

2721 4626 3234 4710 ostendebatur,
3302 4628 3487 4721 quod
3530 4629 3824 4720 Spiritus
3875 4638 4149 4699 sanetus
4206 4633 4274 4699 in

2722 4735 2857 4804 illis
2885 4745 3029 4806 erat
3083 4737 3170 4806 ad
3228 4761 3405 4830 quos
3459 4739 3904 4808 mittebantur
3950 4749 4275 4808 creaturae

2722 4843 2852 4913 inae
2887 4869 2903 4914 ε
2964 4854 3028 4914 et
3067 4868 3198 4914 nos
3237 4846 3575 4925 videmus,
3623 4847 3807 4939 quod
3847 4848 3915 4916 in
3956 4847 4278 4916 omnibus

2724 4952 2855 5022 illis
2917 4951 3338 5023 abundantia
3396 4953 3864 5023 redundantiae
3913 4954 4139 5034 fuerit,
4190 4955 4277 5023 ad

2722 5087 2895 5155 quos
2925 5062 3080 5134 talis
3120 5065 3357 5134 missio
3386 5066 3564 5134 sacta
3592 5075 3720 5136 est.

2812 5280 3125 5349 Somno.
3182 5279 3589 5389 Dicendum,
3640 5285 3826 5376 quod
3878 5285 3951 5352 in
3987 5286 4273 5355 veritate

2724 5390 2849 5459 ista
2878 5390 3113 5459 missio
3155 5390 3601 5462 redundantis
3630 5394 3864 5484 gratiae
3904 5401 4004 5463 est
4036 5401 4275 5464 osten-

4298 1741 4396 1790 Sed
4423 1746 4608 1789 contra.

4354 5333 4561 5383 solutio.
