4897 6388
799 332 929 447 ’636
1640 455 1651 466 ,
1800 374 1885 441 n.
1936 373 2133 439 ALB.
2187 371 2401 438 MAG.
2459 369 2664 438 onn.
2722 371 3013 439 PRAED.

995 882 1053 956 Ι.
1112 882 1249 954 Ex
1278 903 1425 980 quo
1464 903 1693 953 sensu
1742 878 2065 971 dicatur,
2101 879 2288 954 Alia
2337 887 2450 956 est
2473 903 2810 979 persona
2855 880 3141 967 Patris,
3182 881 3343 957 alia
3365 882 3588 978 Filii,
3647 882 3807 957 alla

2069 1012 2411 1116 Spiritus
2442 1015 2741 1089 sancti?

895 1343 1126 1419 Nunc
1166 1344 1699 1443 inspiciamuS,
1746 1343 2018 1418 Utrum
2059 1345 2487 1419 secundum
2521 1345 2866 1420 eamdem
2912 1345 3283 1420 rationem
3333 1353 3409 1419 et
3437 1367 3750 1450 causam
3789 1342 4005 1416 dica-

805 1489 955 1573 tur,
1013 1479 1186 1554 Alia
1244 1489 1360 1555 est
1413 1501 1746 1579 persona
1807 1479 2082 1572 Patris,
2127 1480 2275 1554 alia
2315 1480 2514 1573 Filii,
2557 1480 2708 1554 alia
2764 1478 3095 1578 Spiritus
3134 1480 3420 1555 sancti?
3450 1479 3669 1567 Quod
3730 1477 3994 1578 utique

800 1637 987 1690 sane
1019 1614 1343 1712 intelligi
1398 1623 1648 1713 potest
1689 1638 1705 1690 ε
1748 1623 1829 1688 ut
1858 1614 1956 1690 sit
1993 1637 2266 1690 sensus
2311 1615 2509 1709 talis,
2551 1615 2722 1690 Alia
2765 1626 2880 1690 est
2922 1614 3422 1691 subsistentia
3460 1616 3583 1690 vel
3624 1616 4002 1713 hyposta-

803 1750 910 1826 sis
960 1749 1239 1844 Patris,
1296 1748 1446 1842 alia
1486 1748 1986 1824 subsistentia
2022 1749 2219 1843 Filii,
2269 1749 2418 1824 alia
2475 1749 2968 1825 subsistentia
3023 1750 3357 1849 Spiritus
3405 1750 3675 1827 sancti.
3715 1751 3806 1824 Et
3850 1749 4000 1823 alia

803 1882 1306 1962 subsistentia
1337 1883 1589 1971 Pater,
1626 1884 1780 1958 alia
1809 1883 2073 1978 Filius,
2109 1884 2260 1959 alia
2297 1884 2628 1982 Spiritus
2658 1895 2994 1960 sanctus.

806 2354 901 2427 K.
952 2350 1347 2443 Quomodo
1387 2350 1554 2426 lzaec
1596 2350 2146 2448 intelliqantur,
2175 2350 2404 2426 Alius
2455 2349 2539 2425 in
2556 2373 2892 2449 persona
2928 2349 3196 2446 Pater,
3240 2351 3443 2427 alius
3477 2351 3760 2442 Filius,
3795 2351 4000 2428 alius

2037 2484 2382 2585 Spiritus
2416 2482 2780 2560 sanctus?

886 2842 1189 2920 Deinde
1230 2843 1639 2943 quoeritur,
1686 2816 1959 2919 Utrum
2021 2842 2446 2919 secundum
2496 2841 2843 2919 eamdem
2897 2843 3275 2920 rationem
3324 2843 3776 2944 accipiatur,
3818 2828 4002 2919 cum'

795 2977 1099 3064 dicitur,
1127 2977 1349 3054 Alius
1379 2988 1497 3054 est
1527 2978 1755 3053 Pater
1784 2978 1861 3052 in
1898 3000 2253 3078 persona,
2286 2977 2487 3053 alius
2517 2977 2595 3052 in
2624 3000 2958 3077 persona
2994 2978 3264 3075 Filius,
3298 2980 3502 3054 alius
3542 2978 3620 3053 in
3662 3000 3998 3078 persona

789 3112 1128 3213 Spiritus
1179 3123 1500 3189 sanctus
1544 3134 1561 3188 ε
1606 3111 1799 3208 sive,
1833 3112 2049 3188 Alius
2077 3111 2583 3213 personaliter
2630 3112 2882 3210 Pater,
2925 3112 3127 3191 alius
3175 3113 3684 3216 personaliter
3722 3112 3992 3209 Filius,

787 3248 988 3324 alius
1019 3248 1534 3348 personaliter
1580 3248 1916 3348 Spiritus
1965 3247 2328 3324 sanctus?
2357 3248 2468 3324 Ad
2501 3248 2705 3347 quod
2744 3247 3101 3343 dicimus,
3144 3248 3331 3347 quia
3367 3249 3508 3325 etsi
3569 3248 3809 3349 possit
3858 3272 3999 3326 eo-

786 3384 962 3460 dem
1011 3383 1238 3458 modo
1269 3382 1539 3483 accipi,
1580 3382 2135 3480 congruentius
2165 3392 2416 3458 tamen
2459 3406 2553 3458 ex
2593 3381 2885 3458 ratione
2914 3381 3095 3457 dicti
3127 3382 3280 3458 alia
3323 3383 3668 3460 variatur
3707 3383 3998 3460 intelli-

788 3518 1077 3617 gentia,
1110 3529 1192 3593 ut
1233 3517 1358 3594 hic
1389 3540 1746 3617 perseum
1776 3517 2113 3613 nomine,
2143 3516 2569 3618 proprietas
2597 3540 2949 3618 personoe
2994 3516 3473 3618 intelligatur
3508 3545 3525 3593 :
3559 3529 3641 3596 ut
3679 3519 3776 3595 sit
3813 3543 3999 3596 sen-

788 3676 925 3729 sus
957 3652 1160 3746 talis,
1202 3650 1425 3728 Alius
1454 3660 1569 3728 est
1609 3650 1685 3725 in
1720 3672 2051 3751 persona
2088 3653 2207 3728 vel
2241 3650 2746 3751 personaliter
2776 3652 3026 3746 Pater,
3062 3652 3138 3727 id
3180 3663 3322 3749 est,
3359 3653 3823 3753 proprietate
3853 3676 3999 3730 sua

791 3788 1021 3863 Pater
1076 3786 1280 3861 alius
1324 3794 1440 3862 est
1496 3808 1728 3883 quam
1774 3784 2011 3860 Filius
2054 3809 2072 3861 :
2116 3794 2191 3861 et
2236 3785 2476 3861 Filius
2523 3785 2983 3885 proprietate
3039 3811 3181 3863 sua
3219 3787 3423 3864 alius
3461 3811 3693 3887 quam
3738 3788 3992 3864 Pater.

795 3921 1179 3999 Paternali
1210 3920 1418 3997 enim
1448 3921 1910 4020 proprietate
1938 3921 2436 4020 distinguitur
2476 3922 2907 4021 hypostasis
2938 3923 3187 3999 Patris
3216 3925 3313 4000 ab
3349 3926 3736 4025 hypostasi
3773 3924 3942 3999 Filii
3976 3950 3993 4001 :

790 4065 864 4129 et
906 4051 1348 4152 hypostasis
1394 4051 1561 4126 Filii
1612 4051 1825 4127 filiali
1875 4053 2330 4152 proprietate
2385 4052 2848 4160 discernitur
2884 4078 2928 4129 a
2983 4055 3207 4131 Patre
3253 4080 3269 4132 ε
3316 4067 3387 4132 et
3448 4057 3782 4157 Spiritus
3829 4085 4007 4139 san·

782 4202 953 4265 ctus
983 4190 1080 4264 ab
1118 4198 1444 4285 utroque
1480 4188 1952 4287 processibili
1991 4190 2453 4289 proprietate
2495 4189 3018 4286 distinguitur.

2441 4497 2734 4602 qualiter
2769 4506 3054 4594 dicatur,
3093 4516 3243 4585 Alia
3282 4527 3384 4586 est
3422 4537 3713 4608 persona
3754 4515 4000 4596 Patris,

2444 4623 2603 4698 etc„
2636 4619 2830 4688 aliter
2858 4642 3062 4710 quam
3103 4622 3349 4692 lecerat
3380 4626 3449 4691 in
3498 4623 3720 4715 primo
3749 4629 4009 4716 capitu·

1195 4743 1594 4826 Expogfflo
1633 4744 1937 4807 τοχως,
2450 4725 2543 4805 lo,
2604 4726 2720 4805 ibi,
2760 4728 2831 4805 1,,
2870 4757 2903 4792 α
2940 4731 3081 4797 Iloc
3103 4732 3310 4798 etiam
3345 4732 3545 4800 modo
3572 4756 3760 4812 sane.
3793 4745 3920 4803 etc.
3967 4760 4001 4800 n

2546 4943 2783 5013 lncidit
2812 4955 3038 5013 autem
3063 4944 3173 5015 hic
3200 4950 3518 5038 quaestio,
3568 4948 3809 5018 Utrum
3845 4975 4012 5043 pos-

888 5087 924 5123 «
966 5059 1169 5127 Nunc
1199 5056 1673 5147 inspiciamus,
1717 5061 1845 5121 etc.
1884 5077 1918 5117 n
2457 5056 2669 5121 simus
2707 5053 2955 5135 dicere,
3015 5062 3150 5121 tres
3224 5064 3383 5122 sunt
3442 5055 3839 5123 substantiae
3898 5058 4005 5127 vel

886 5167 1047 5235 llaec
1078 5163 1380 5234 secunda
1409 5186 1567 5254 pars
1596 5161 1923 5229 dividitur
1962 5162 2028 5226 in
2070 5161 2192 5227 tria
2233 5182 2349 5227 ca·
2459 5172 2593 5231 tres
2634 5161 3056 5255 hypostases»,
3107 5163 3281 5232 sicut
3326 5164 3645 5243 dicimus,
3688 5172 3822 5232 tras
3853 5189 4003 5256 per·

800 5274 1037 5369 pilula.
1093 5273 1171 5342 ln
1212 5276 1435 5364 primo
1494 5270 1812 5345 ostendit.
1858 5268 2145 5359 qualiter
2174 5268 2355 5336 dici-
2461 5278 2717 5341 sonas?

804 5393 940 5462 tur,
965 5382 1097 5449 alia
1120 5389 1225 5449 est
1253 5400 1547 5470 persona
1580 5377 1826 5456 Patris,
1859 5376 1990 5443 alia
2024 5374 2198 5451 Filii,
2223 5383 2350 5443 etc.
2558 5363 2637 5430 El
2666 5363 2956 5447 videtur,
2991 5362 3175 5455 quod
3206 5386 3346 5431 non
3381 5385 3397 5430 ε
3434 5364 3596 5455 quia
3624 5363 4012 5434 substantia

804 5490 883 5558 ln
939 5487 1242 5556 secundo
1301 5485 1622 5569 ostendit,
1700 5482 1991 5575 qualiter
2070 5481 2354 5559 dicatur,
2468 5472 2802 5561 significat
2823 5480 3162 5549 naturam,
3186 5469 3658 5561 &hypostasis
3679 5479 3780 5540 881
3800 5472 4008 5541 idem.

804 5595 1000 5665 Alius
1025 5602 1127 5662 est
1151 5594 1352 5663 l‘ater
1376 5594 1442 5660 in
1473 5613 1788 5683 persona,
1823 5589 2078 5670 ibi,K‚«
2110 5587 2364 5657 Deinde
2470 5580 2666 5663 Item,
2702 5602 2836 5646 una
2877 5586 2974 5645 cst
3004 5577 3383 5645 substantia
3406 5578 3650 5645 trium:
3679 5600 3841 5669 ergo
3872 5602 4013 5648 non

805 5703 1165 5795 quaeritur,
1249 5708 1380 5767 etc.
1474 5725 1505 5764 ιο
1585 5698 1661 5766 ln
1737 5698 1937 5766 tertio
2017 5695 2358 5786 explanat,
2472 5704 2633 5763 tres.
