4897 6388
766 1772 967 1821 sot-auo.

805 1826 878 1871 Ad
909 1831 945 1871 Ι.

1811 394 1901 459 IN
1951 394 1975 458 1
2019 347 2451 460 samam.
2506 391 2731 459 ms‘r.
2785 353 3297 471 1x=,·1)‚⁸-An‘r.
3353 397 3417 462 8.

1052 563 1132 630 do
1166 565 1459 632 essentia
1515 563 1719 653 igniS,
1758 564 1847 628 ita
1895 562 2070 652 quod
2115 565 2198 629 sit
2266 563 2442 630 idem
2476 587 2610 630 nu-

1054 695 1243 740 mero
1310 694 1543 739 secum
1596 671 1666 737 in
1723 672 2036 748 essentia,
2106 671 2172 738 id
2228 680 2352 752 est,
2425 672 2609 761 quod

1054 780 1363 848 eamdem
1397 799 1682 845 numero
1701 816 1705 819 >
1723 779 2082 846 essentiam
2114 779 2380 847 habeat.

1148 891 1211 957 3.
1262 887 1599 954 Praeterea
1649 888 1996 977 quaeritur,
2062 897 2284 956 utrum
2344 897 2611 978 poterat

1057 997 1347 1064 inveniri
1419 996 1803 1086 exemplum
1855 999 2076 1087 magis
2140 997 2612 1065 conveniens?

1059 1104 1400 1195 Splendor
1429 1108 1612 1172 enim
1646 1107 1713 1171 in
1764 1105 1895 1172 alia
1935 1108 2213 1173 materia
2244 1114 2309 1172 et
2368 1113 2613 1172 natura

1055 1221 1158 1280 est
1196 1235 1401 1303 quam
1436 1213 1652 1303 ignis:
1688 1212 1965 1279 materia
2022 1222 2246 1280 autem
2304 1235 2455 1303 quae
2488 1212 2611 1279 ha-

1058 1320 1171 1387 bet
1236 1319 1711 1409 proprietate5‚
1782 1328 1881 1386 est
1946 1342 2081 1387 una
2123 1322 2189 1386 in
2247 1320 2343 1387 eis
2381 1342 2396 1387 :
2432 1320 2612 1387 unde

1063 1429 1282 1517 magis
1348 1425 1585 1493 fuisset
1650 1425 2036 1517 exemplum
2085 1427 2496 1495 conveniens
2544 1427 2613 1494 in

1069 1533 1377 1611 materia,
1419 1540 1498 1600 ut
1532 1531 1823 1600 videtur.

1163 1753 1479 1821 Somno.
1532 1751 1639 1819 Ad
1664 1753 1958 1842 primum
1988 1751 2344 1820 dic-endum
2365 1774 2616 1820 sec-un-

1069 1861 1231 1929 dum
1302 1861 1802 1929 Damascenum
1839 1869 1907 1929 et
1951 1862 2392 1938 Avicennam,
2429 1860 2617 1951 quod

1069 1969 1416 2037 luminare
1469 1977 1572 2037 est
1627 1991 1869 2059 corpus
1924 1968 2153 2037 lucens
2200 1967 2456 2036 habens
2505 1968 2617 2034 lu·-

1064 2098 1212 2144 cem
1243 2076 1315 2143 in
1341 2075 1837 2166 compositione
1876 2076 2020 2144 sui:
2063 2077 2235 2143 sicut
2281 2074 2615 2142 luminare

1065 2184 1286 2272 majus
1349 2182 1594 2251 dicitur
1647 2182 1774 2261 sol,
1810 2191 1874 2250 et
1912 2181 2072 2249 luna
2137 2180 2618 2284 diciturlumj-

1065 2312 1226 2358 nare
1285 2290 1512 2358 minus
1543 2292 1588 2358 ¹.
1673 2292 1929 2358 Lumen
2016 2297 2241 2357 autem
2329 2288 2490 2357 dicit
2551 2287 2617 2355 id

1065 2398 1250 2489 quod
1292 2397 1561 2468 effluxit
1592 2398 1737 2486 jam
1795 2421 1833 2465 a
1865 2398 2231 2479 luminoso,
2267 2405 2335 2465 et
2380 2399 2618 2486 recep-

1068 2513 1213 2572 tum
1243 2505 1448 2573 estin
1478 2501 1702 2572 medio
1761 2506 2230 2595 transparenti,
2267 2503 2448 2594 quod
2507 2524 2618 2570 re-

1068 2613 1245 2703 cepit
1275 2613 1503 2703 ipsum
1534 2613 1603 2680 in
1660 2611 2069 2702 profundum
2119 2613 2249 2693 sui,
2283 2633 2422 2678 non
2460 2620 2619 2678 tan·-

1070 2730 1217 2789 tum
1300 2723 1370 2789 in
1428 2721 1823 2812 superlicio:
1885 2721 2056 2790 sicut
2120 2744 2235 2789 aer
2297 2720 2451 2812 plus
2516 2727 2618 2788 ost

1064 2841 1501 2922 transparens
1567 2840 1635 2900 et
1700 2832 1901 2922 ignis,
1934 2840 2001 2899 et
2053 2854 2228 2922 aqua
2269 2832 2518 2909 minus,
2553 2836 2619 2897 et

1066 2942 1270 3008 etiam
1305 2963 1555 3030 corpus
1584 2940 1901 3030 quintum
1922 2950 2252 3030 quantum
2284 2947 2385 3006 est
2422 2937 2505 3007 do
2536 2959 2617 3005 eo

1067 3057 1316 3139 praeter
1351 3046 1582 3116 stellas
1612 3055 2040 3137 transparens
2069 3057 2189 3115 est.
2219 3046 2394 3114 Dicit
2433 3047 2616 3114 enim

1072 3155 1561 3247 Philosophus,
1614 3155 1796 3247 quod
1861 3178 1976 3224 aer
2013 3166 2442 3246 transparens
2518 3161 2622 3221 est

1068 3266 1212 3334 sive
1253 3264 1585 3347 lucidum,
1618 3262 1988 3332 secundum
2021 3263 2200 3354 quod
2240 3263 2622 3331 commuui-

1066 3382 1178 3441 cat
1213 3394 1371 3440 cum
1411 3380 1737 3463 perpetuo
1776 3372 2084 3461 superius
2122 3393 2427 3462 corpore.
2476 3372 2621 3438 lta-

1068 3479 1229 3549 de‘us
1275 3490 1504 3549 autem
1568 3487 1664 3546 est
1716 3479 1892 3546 linea
1956 3478 2293 3547 luminosa
2337 3478 2620 3546 visualis

1069 3587 1426 3678 egrediens
1493 3586 1574 3654 de
1641 3586 1982 3653 luminoso
2030 3610 2311 3677 corpore
2368 3586 2453 3654 ad
2521 3610 2619 3655 re-

1068 3705 1246 3765 ctam
1278 3695 1802 3786 oppositionem.
1835 3695 2178 3786 Splendor
2205 3704 2429 3763 autern
2455 3718 2621 3786 pro·-

1069 3805 1214 3893 prie
1272 3812 1371 3871 est
1436 3802 1708 3871 diss'usio
1769 3801 2111 3871 radiorum
2153 3827 2271 3895 per
2317 3804 2622 3872 rellexio·

1070 3937 1228 3981 nem
1281 3911 1366 3982 ad
1430 3911 1718 4002 politum
1777 3909 2078 4001 planum,
2121 3914 2293 3981 sicut
2346 3913 2427 3980 ad
2481 3937 2620 3981 me·

1073 4018 1310 4087 tallum
1343 4018 1449 4086 vel
1492 4017 1781 4108 lapidem
1814 4017 2046 4108 polita,
2086 4018 2195 4087 vel
2241 4018 2323 4086 ad
2371 4044 2619 4111 specu·-

1070 4127 1241 4210 lum,
1281 4125 1386 4194 vel
1446 4125 1527 4193 ad
1588 4146 1874 4216 aquam:
1931 4127 2001 4193 lit
2055 4133 2280 4193 tamen
2342 4128 2615 4196 relloxio

1070 4235 1277 4303 etiam
1335 4233 1419 4301 ad
1484 4233 1616 4301 alia
1671 4254 1950 4324 corpora
2019 4233 2171 4302 licet
2228 4257 2365 4302 non
2406 4244 2617 4303 tanta.

1074 4344 1381 4432 Helle-xiv
1436 4353 1667 4411 autem
1734 4343 1920 4410 radii
1971 4353 2070 4412 est
2112 4343 2419 4412 retractio
2453 4344 2620 4412 radii

1072 4452 1427 4520 incidentis
1456 4451 1524 4518 in
1554 4473 1798 4541 corpus
1828 4452 2170 4520 rellecteus
2207 4453 2290 4520 ad
2330 4454 2623 4544 angulos

1072 4580 1312 4648 pares:
1358 4557 1721 4648 probatum
1761 4567 1861 4625 est
1891 4558 2161 4625 enimin
2194 4561 2623 4651 perspectiva

1073 4666 1258 4759 quod
1290 4665 1569 4753 rellexio
1603 4663 1765 4730 radii
1799 4687 2063 4755 semper
2091 4667 2162 4732 lit
2191 4668 2259 4733 in
2292 4666 2623 4758 angulum

1068 4773 1402 4866 :equalem
1435 4771 1688 4863 angulo
1723 4770 1885 4840 radii
1918 4772 2268 4841 incidentis
2300 4797 2318 4843 :
2354 4784 2417 4842 et
2463 4775 2622 4843 ideo

1072 4882 1348 4975 quando
1389 4879 2034 4972 perpendiculariter
2074 4881 2305 4949 incidit
2364 4882 2620 4963 radiuS,

1072 4992 1438 5060 reflectitur
1467 4991 1535 5056 in
1575 4989 1871 5079 seipsum
1903 5011 1917 5055 :
1953 4991 2112 5079 quia
2161 4990 2353 5058 aliter
2388 5015 2626 5083 seque-

1077 5110 1281 5176 retur,
1343 5097 1527 5188 quod
1597 5120 1733 5164 non
1773 5119 2008 5164 omnes
2057 5098 2287 5189 anguli
2324 5100 2483 5167 recti
2518 5123 2624 5167 es·

1072 5215 1221 5275 sent
1280 5204 1600 5296 aequales.
1674 5206 1978 5293 Ile-flexio
2035 5214 2258 5274 autem
2339 5208 2626 5276 luminis

1073 5323 1172 5383 est
1207 5314 1591 5381 immutatio
1626 5312 2107 5402 transparentis
2144 5314 2249 5380 vel
2281 5317 2624 5383 terminati

1073 5418 1378 5509 corporis
1436 5418 1520 5484 ad
1565 5418 1854 5507 amplius
1893 5417 2120 5487 lumen
2162 5442 2244 5487 ex
2275 5420 2477 5488 radiis
2518 5444 2629 5489 rc-

1078 5528 1295 5604 nexis,
1338 5526 1513 5595 sieut
1542 5525 1850 5594 videmus
1878 5526 2063 5617 quod
2102 5528 2324 5596 vicina
2367 5527 2517 5597 loca
2555 5530 2627 5596 in

1151 5766 1165 5801 ¹
1200 5763 1282 5818 (Is.
1317 5764 1522 5816 tiones.
1558 5775 1596 5829 1,
1637 5760 1696 5813 ¹4
1723 5763 1779 5814 et
1811 5774 1933 5830 seq.

4143 400 4274 467 285

2712 564 2968 655 quibus
3021 587 3155 632 non
3216 565 3522 635 incidunt
3597 569 3765 636 radii
3817 567 4074 649 reflexi,
4129 593 4274 638 am-

2714 671 2890 760 plius
2941 671 3413 741 illuminantur
3452 697 3534 741 ex
3583 676 3946 744 diffusione
3988 677 4269 745 luminis

2717 802 2800 846 ex
2828 780 3035 846 radiis
3076 781 3345 848 reflexis
3376 783 3747 851 accidente.

2808 887 2909 952 Ao
2957 910 3155 954 Αιιυο
3185 887 3573 973 dicendum,
3599 891 3782 980 quod
3814 900 4264 969 terrenorum,

2717 1002 2791 1061 ut
2838 994 2997 1061 dicit
3052 995 3375 1075 Hilarius,
3412 1001 3830 1088 comparatio
3895 1000 3979 1067 ad
4046 1001 4268 1068 Deum

2718 1101 2906 1168 nulla
2968 1110 3068 1169 est
3104 1125 3118 1167 ε
3183 1114 3250 1171 et
3307 1106 3363 1171 si
3438 1115 3671 1173 contra
3738 1129 3862 1173 nos
3928 1107 4270 1175 interdum

2717 1207 3029 1299 exempla
3077 1213 3602 1301 comparationis
3663 1214 4035 1296 afferimm,
4069 1237 4272 1282 nemo

2718 1325 2910 1407 putet
2935 1341 3014 1385 ea
3053 1321 3120 1386 in
3152 1343 3224 1388 se
3264 1321 3695 1410 perfectionis
3737 1324 4069 1391 rationem
4102 1346 4284 1392 con*

2721 1426 2956 1492 tinere.
3022 1425 3362 1516 Splendor
3401 1429 3582 1495 enim
3632 1452 3756 1497 nec
3803 1453 4092 1520 persona
4150 1439 4276 1510 est,

2718 1556 2844 1600 nec
2890 1534 3072 1602 idem
3123 1536 3193 1601 in
3243 1538 3533 1604 essentia
3583 1545 3684 1605 est
3737 1561 3893 1606 cum
3933 1538 4277 1607 luminoso

2718 1639 2827 1708 vel
2859 1640 3007 1709 luce
3043 1664 3057 1710 :
3094 1643 3213 1710 sed
3245 1646 3313 1710 in
3346 1643 3477 1713 hoc
3505 1646 3829 1735 accipitur
3875 1637 4273 1722 similitudo,

2721 1748 2906 1838 quod
2936 1772 3211 1818 coaevus
3244 1761 3367 1821 est.

2808 1852 2912 1921 An
2959 1877 3158 1923 Anum
3199 1856 3586 1935 dicendum,
3655 1858 3837 1948 quod
3894 1860 4067 1926 sicut
4119 1858 4281 1928 dicit

2719 1960 2959 2029 beatus
2989 1962 3380 2033 Ber-nardus
3420 1967 3489 2033 in
3531 1965 3703 2033 libro
3734 1966 3797 2033 V
3827 1966 3908 2035 de
3951 1967 4280 2037 Conside-

2721 2072 3008 2151 ratione,
3079 2073 3266 2141 nulla
3296 2077 3523 2170 unitas
3587 2084 3710 2158 est,
3754 2099 3905 2166 quae
3952 2084 4142 2144 tanta
4178 2084 4280 2145 est

2720 2177 2908 2249 sicut*
2935 2184 3160 2251 unitas
3189 2207 3636 2276 personarum
3667 2175 3876 2254 trium¹
3930 2188 4001 2254 in
4044 2209 4283 2257 essen-

2718 2286 2813 2355 tia
2854 2310 2989 2356 una
3025 2311 3041 2358 :
3076 2290 3261 2381 quod
3301 2280 3398 2360 sic
3426 2291 3774 2382 probatur.
3810 2292 3929 2360 Est
3957 2293 4141 2362 enim
4172 2294 4284 2360 in-

2717 2402 2822 2463 ter
2848 2397 3143 2466 unitates
3172 2421 3398 2467 rerum
3425 2400 3838 2468 naturalium
3862 2400 4108 2492 triplex
4136 2400 4286 2469 uni·

2717 2509 2846 2580 tas,
2882 2502 3137 2573 scilicet
3166 2505 3440 2587 sormae,
3471 2508 3800 2588 materia»,
3844 2517 3910 2576 et
3968 2506 4279 2597 subjecti.

2721 2611 2987 2682 Formae
3045 2624 3276 2683 autem
3329 2617 3605 2707 triplex,
3665 2617 3920 2686 scilicet
3984 2617 4280 2709 generis,

2720 2721 2995 2810 speciei,
3038 2730 3104 2790 et
3129 2722 3449 2792 indivisio
3479 2724 3715 2793 formae
3747 2726 3816 2793 in
3861 2747 3942 2793 eo
3975 2724 4157 2816 quod
4186 2732 4288 2793 est

2721 2824 2854 2895 hoc
2884 2826 3145 2918 aliquid
3174 2835 3243 2896 et
3272 2829 3452 2898 idem
3474 2853 3793 2900 numero.
3839 2831 4138 2901 Materia}
4168 2854 4289 2900 au-

2721 2941 2857 3002 tem
2891 2935 3069 3004 sicut
3110 2938 3407 3027 partium
3460 2940 3529 3006 in
3574 2947 3719 3008 toto
3753 2962 3769 3007 ε
3808 2941 3968 3030 quia
4005 2947 4166 3007 sunt
4201 2962 4289 3009 ex

2722 3042 2961 3112 eadem
2995 3046 3308 3128 materia,
3329 3048 3667 3137 praecipue
3697 3048 3754 3114 si
3773 3045 4284 3139 homogeneum
4310 3136 4316 3141 ἱ

2722 3157 2847 3219 est.
2886 3150 3189 3242 Subjecti
3229 3163 3460 3223 autem
3493 3157 3713 3247 magis
3754 3156 3977 3225 unitas
4007 3165 4109 3226 est
4139 3156 4284 3240 illa,

2724 3280 2873 3347 quae
2904 3267 3006 3327 est
3035 3259 3321 3350 subjecti
3383 3271 3451 3331 et
3492 3264 3857 3355 passionis.
3903 3263 4086 3334 lnter
4122 3267 4289 3334 istas

2721 3374 2950 3435 autem
3006 3369 3303 3438 unitates
3374 3373 3594 3462 maJ‘or
3632 3380 3736 3440 est
3800 3375 4048 3463 speciei
4079 3395 4287 3464 quam

2723 3477 3017 3567 generis‘,
3051 3486 3117 3545 et
3169 3478 3390 3567 major
3443 3487 3544 3547 est
3584 3479 4016 3549 indivisionis
4045 3480 4285 3550 formae

2722 3584 2790 3650 in
2824 3582 3177 3653 individuo
3210 3608 3418 3676 quam
3449 3588 3699 3677 speciei
3727 3610 3743 3655 ε
3783 3596 3848 3656 et
3872 3587 4018 3658 liaec
4047 3587 4287 3658 eadem

2722 3690 2943 3780 major
2996 3700 3098 3760 est
3144 3714 3353 3782 quam
3398 3694 3743 3763 maten-im:
3803 3696 3962 3786 quia
4006 3695 4290 3764 materia

2723 3797 2893 3894 licet·
2947 3799 3037 3868 sit
3100 3822 3319 3868 unum
3387 3824 3510 3892 per
3571 3800 3981 3891 subjectum,
4052 3812 4285 3874 tamen

2725 3907 2975 3976 multas
3006 3906 3683 4001 habetproprietates
3732 3934 3882 4003 quae
3942 3936 4079 3981 non
4128 3922 4288 3983 sunt

2728 4016 2898 4106 ipsa,
2967 4015 3218 4106 quibus
3284 4028 3513 4086 tamen
3553 4042 3692 4086 non
3754 4029 4176 4101 numeratur,
4220 4029 4289 4092 et

2726 4123 2881 4192 ideo
2940 4124 3166 4192 unitas
3204 4126 3352 4213 ejus
3382 4127 3678 4196 admittit
3727 4128 4020 4198 alienam
4078 4137 4289 4199 natu-

2728 4250 2911 4297 ram:
2972 4231 3155 4321 quod
3212 4255 3349 4300 non
3392 4233 3549 4301 facit
3589 4234 3906 4305 indivisio
3944 4237 4184 4307 formoe
4217 4239 4288 4306 in

2727 4359 2863 4427 quo
2910 4347 3011 4406 est
3065 4337 3198 4407 hoc
3263 4339 3545 4430 aliquid.
3583 4340 3743 4410 lIaec
3808 4346 4012 4413 etiam
4073 4346 4302 4436 major.

2726 4455 2829 4513 est
2868 4469 3076 4536 quam
3133 4446 3417 4536 subjecti
3478 4458 3542 4516 et
3604 4452 4079 4542 proprietatis:
4125 4454 4289 4546 quia

2727 4555 3105 4643 proprietas
3147 4577 3286 4622 non
3316 4564 3418 4624 est
3457 4556 3761 4644 ejusdem
3802 4561 4110 4629 essentiae
4130 4582 4288 4630 cum

2728 4659 3080 4747 subjecto:
3154 4660 3273 4728 sed
3334 4661 3652 4732 indivisio
3711 4665 3947 4734 sormae
3978 4689 4116 4735 non
4166 4667 4294 4737 ad-

2729 4767 2934 4834 mittit
2992 4768 3287 4836 alienam
3338 4773 3754 4841 essentiam:
3812 4782 3877 4842 et
3929 4775 4109 4843 illius
4141 4799 4294 4868 quae

2730 4876 3030 4942 maxima
3089 4885 3216 4954 est,
3280 4877 3572 4947 multum
3620 4880 3843 4948 dill'ort
3908 4880 3992 4949 ab
4033 4885 4292 4952 unitate

2728 5009 3204 5075 personarum,
3268 4990 3336 5057 in
3396 5013 3531 5081 qua
3570 5014 3691 5061 nec
3748 4992 3967 5061 aliena
3999 4997 4291 5064 essentia

2730 5094 3134 5174 admittitur,
3182 5120 3306 5165 nec
3335 5107 3435 5167 est
3468 5100 3556 5167 ibi
3605 5100 3981 5170 dill'erentia
4010 5105 4293 5173 univer-

2730 5201 2891 5271 salis
2931 5212 2999 5272 et
3028 5205 3482 5294 particularis,
3525 5230 3648 5276 nec
3694 5208 4077 5279 differentia
4106 5211 4293 5303 quod

2730 5318 2832 5379 est
2883 5318 2951 5379 et
3006 5334 3192 5380 esse:
3236 5335 3388 5404 quae
3441 5318 3674 5383 omnia
3723 5316 3790 5383 in
3844 5339 3924 5386 eo
3977 5318 4161 5410 quod
4193 5328 4296 5388 est

2731 5417 2863 5488 hoc
2893 5419 3153 5511 aliquid
3181 5423 3645 5493 inveniuntur.
3690 5424 3775 5493 Et
3806 5425 3955 5494 ideo
3987 5450 4072 5495 ex
4105 5438 4295 5520 parte

2734 5530 3038 5598 materiae
3069 5552 3205 5597 non
3238 5542 3506 5620 poterat
3523 5534 3686 5623 poni
3718 5533 4138 5626 exemplum,
4170 5558 4293 5606 nec

4385 912 4529 958 Adz.

4390 1902 4525 1950 ada.
