4897 6388
322 2640 520 2692 Sotuuo.

512 514 521 517 ί
585 408 711 477 350

926 745 932 750 ’
985 771 1484 846 ARTlcULUS
1540 769 1722 836 vm.

592 996 700 1062 An
733 992 912 1060 idem
948 989 1038 1055 sit
1068 986 1286 1052 dicere
1304 980 1645 1071 Spiritum
1673 996 1808 1041 esse
1829 971 2025 1055 Filii,
2060 977 2122 1034 et

928 1095 1268 1186 Spiritum
1307 1109 1441 1155 esse
1471 1109 1510 1151 α
1541 1084 1723 1152 Filio
1749 1079 1789 1148 ξ)

686 1415 947 1486 Deinde
1003 1411 1324 1504 quaeritur
1360 1407 1443 1475 de
1497 1404 1628 1473 hoc
1665 1401 1846 1494 quod
1900 1400 2061 1468 dicit
2108 1419 2124 1464 ε

601 1553 635 1595 α
673 1527 845 1596 Cum
885 1545 1023 1590 non
1049 1521 1139 1587 sit
1199 1516 1403 1584 aliud
1436 1514 1776 1606 Spiritum
1819 1516 2133 1578 sanctum

597 1656 731 1703 esse
767 1631 1003 1699 Patris
1032 1637 1096 1695 et
1124 1625 1320 1704 Filii,
1352 1643 1563 1714 quam
1591 1642 1724 1688 esse
1761 1642 1803 1685 a
1840 1619 2049 1685 Patre
2072 1621 2134 1680 el

592 1741 803 1812 Filio.
840 1763 873 1804 »
922 1737 1107 1804 Licet
1136 1733 1320 1803 enim
1375 1730 1455 1798 ad
1498 1730 1629 1797 hoc
1661 1727 1873 1818 possit
1900 1719 2134 1790 haberi

597 1852 768 1920 ratio
829 1871 913 1918 ex
969 1854 1209 1913 natura
1261 1837 1542 1932 genitivi
1590 1835 1707 1926 qui
1763 1830 2134 1901 secundum

600 1982 800 2029 suum
824 1976 1075 2024 nomen
1107 1951 1439 2041 originem
1462 1952 1692 2013 notat:
1727 1949 1951 2010 tamen
1981 1942 2140 2003 sunt

602 2063 750 2134 aliae
782 2058 1219 2153 quamplures
1258 2049 1685 2122 habitudines
1715 2066 1881 2138 quas
1920 2045 2134 2122 notat,

601 2173 776 2243 sicut
814 2192 968 2238 cum
1009 2168 1184 2247 dico,
1218 2184 1430 2254 cappa
1482 2154 1802 2233 Socratis,
1844 2149 1952 2220 vel
1999 2148 2142 2217 for-

603 2302 716 2348 ma
781 2275 1121 2367 imaginiS,
1180 2268 1290 2338 vel
1354 2273 1596 2335 natura
1651 2257 1947 2330 hominis
1987 2278 2004 2324 ε
2071 2255 2143 2321 in

605 2408 895 2480 quorum
936 2381 1123 2451 nullo
1173 2384 1366 2447 notat
1416 2373 1745 2465 originem
1802 2362 2139 2458 principii.

705 2601 1009 2669 sonu-rto.
1068 2589 1473 2674 Dicendum,
1516 2583 1699 2676 quod
1751 2583 1821 2648 in
1868 2577 2147 2646 veritate

615 2712 686 2780 in
714 2708 962 2778 divinis
999 2727 1134 2773 non
1176 2705 1396 2793 potest
1446 2717 1591 2764 esse
1639 2687 1819 2761 aliud
1863 2710 1876 2753 ε
1922 2684 2039 2754 sed
2077 2684 2149 2751 in

614 2819 937 2890 creaturis
966 2837 1103 2883 non
1143 2813 1405 2901 oportet
1435 2802 1618 2895 quod
1647 2797 1982 2892 genitivus
2020 2814 2153 2861 no-

617 2937 710 2998 tet
749 2946 1015 3015 semper
1052 2914 1517 2988 habitudinem
1546 2906 1850 2999 originis,
1882 2901 2039 2970 licet
2066 2898 2152 2966 il-

615 3036 753 3105 lam
790 3026 1248 3125 principaliter
1301 3026 1492 3091 notet
1547 3040 1563 3084 ε
1624 3022 1690 3083 et
1742 3011 1891 3080 ideo
1948 3007 2034 3077 ab
2074 3028 2153 3075 ea

618 3142 1113 3235 denominatur.
1147 3133 1346 3203 Ratio
1385 3134 1612 3198 autem
1642 3142 1848 3215 quare
1876 3118 1944 3185 in
1974 3114 2152 3183 divi-

616 3253 721 3322 nis
746 3254 1010 3343 oportet
1032 3242 1215 3336 quod
1241 3241 1327 3308 sit
1347 3237 1553 3314 idem,
1587 3231 1760 3300 dicta
1779 3234 1879 3297 est
1906 3244 2147 3316 supra:

617 3362 775 3455 quia
813 3358 1036 3427 divina
1089 3374 1227 3421 non
1273 3350 1554 3439 possunt
1585 3338 1828 3408 habere
1867 3330 2154 3403 diversi-

619 3478 825 3539 tatem
857 3474 923 3535 et
951 3459 1454 3532 distinctionem
1495 3472 1697 3543 quam
1729 3450 1963 3514 notant
1994 3462 2155 3509 con-

619 3579 1022 3650 structiones
1078 3568 1538 3659 obliquorum,
1573 3560 1697 3627 nisi
1735 3560 1995 3625 tantum
2043 3571 2154 3618 se-

619 3686 915 3758 cundum
972 3680 1329 3750 relationes
1386 3670 1689 3762 originis.
1754 3664 1825 3733 Si
1883 3682 2044 3751 ergo
2085 3658 2154 3724 iu

620 3801 746 3867 ista
784 3793 1150 3867 locutione,
1221 3785 1525 3877 Spiritus
1585 3776 1778 3854 Filii,
1838 3770 2156 3860 obliquus

622 3911 808 3973 notet
877 3896 1377 3968 distinctionem
1454 3888 1630 3954 inter
1699 3880 2027 3972 Spiritum
2091 3880 2159 3942 et

621 4010 892 4087 Filium,
938 4005 1051 4073 illa
1090 4003 1217 4071 erit
1253 3993 1624 4066 secundum
1665 3987 1943 4080 originis
1981 3981 2159 4050 rela-

618 4121 875 4187 tionem
930 4136 945 4181 :
989 4112 1184 4181 etita
1241 4104 1566 4197 sequitur,
1620 4095 1799 4191 quod
1849 4094 2024 4162 idem
2075 4091 2160 4157 sit

624 4223 953 4315 Spiritum
977 4241 1121 4288 esse
1165 4214 1338 4293 Filii,
1374 4218 1436 4279 et
1468 4232 1507 4277 a
1547 4206 1738 4275 Filio.

1056 4537 1556 4615 Alt'rlct'Lt‘s
1607 4533 1726 4603 lx.

628 4773 855 4855 Quare
890 4762 1126 4834 Latini
1154 4759 1308 4826 atesi
1326 4754 1588 4846 suerint
1617 4746 1862 4816 addere
1885 4739 2165 4832 symbo-

716 4875 782 4942 lo
813 4870 993 4940 edito
1052 4868 1118 4934 in
1159 4860 1470 4935 concilia,
1515 4854 1646 4936 Qui
1677 4875 1758 4921 ex
1805 4849 2004 4916 Patre
2056 4844 2168 4912 1³1-

717 4982 948 5072 lioque
972 4972 1459 5068 procedit,cum
1494 4961 1725 5034 Graeci
1763 4956 1858 5026 ad
1881 4956 2005 5024 Ιιοε
2034 4975 2168 5021 non

718 5087 983 5180 suerint
1039 5079 1282 5156 vocati,
1370 5096 1487 5141 nec
1566 5066 1926 5139 concilium
1999 5059 2172 5128 indi·

722 5206 907 5265 ctum
925 5198 962 5262 ?

729 5526 867 5597 Sed
896 5519 1211 5616 quaerunt
1251 5514 1488 5593 Graeci,
1523 5508 1824 5591 Qualiter
1851 5504 1993 5572 ausi
2034 5499 2175 5566 fue-

1583 390 1660 460 D.
1714 389 1909 502 A1513.
1959 383 2177 454 MAG.
2229 381 2435 450 om).
2488 372 2787 445 PRAED.

2237 557 2447 622 rimus
2496 529 3191 641 apponere‘symbolo
3233 533 3416 603 edito
3449 530 3521 596 in
3560 524 3793 594 conci-

2235 663 2455 741 li0,·et
2486 678 2692 748 quare
2723 656 2794 720 in
2826 648 3171 719 additione
3202 636 3521 733 Episcopi
3553 653 3805 701 eorum«

2238 793 2376 838 non
2406 771 2542 835 sint
2568 762 2817 841 vocati,
2860 759 2972 827 vel
3011 769 3223 846 quare
3254 745 3620 818 concilium
3652 760 3791 807 non

2235 877 2434 945 fuerit
2470 870 2849 942 indictum?

2326 1092 2429 1159 An
2479 1109 2690 1157 omma
2744 1084 2888 1152 haec
2941 1073 3310 1167 respondet
3365 1064 3790 1157 Augustinus
3870 1062 4069 1113 solaco.

2239 1201 2422 1292 quod
2453 1220 2593 1265 non
2633 1201 2731 1263 est
2790 1190 3099 1260 additum
3148 1180 3335 1275 quod
3373 1178 3445 1245 in
3494 1173 3610 1241 illo
3651 1175 3795 1238 erat

2242 1306 2657 1376 intellectum
2693 1323 2707 1368 :
2746 1299 2906 1390 quia
2936 1292 3122 1386 quod
3165 1290 3238 1358 in
3278 1286 3413 1355 alio
3454 1289 3556 1350 est
3595 1274 3798 1346 intel-

2240 1414 2490 1481 lectum
2532 1416 2599 1476 et
2648 1403 3011 1480 inclusum,
3066 1398 3125 1465 si
3170 1395 3304 1463 hoc
3351 1387 3794 1480 exprimatur,

2242 1544 2382 1589 non
2421 1517 2621 1587 debet
2645 1515 2775 1582 dici
2809 1509 3118 1580 additum
3160 1529 3177 1571 t
3216 1499 3337 1570 'sed
3386 1493 3569 1589 quod
3605 1485 3803 1559 latuit

2243 1631 2610 1706 inclusum,
2643 1623 2730 1692 sit
2767 1618 3281 1688 manifestatum
3316 1627 3334 1678 ε
3378 1607 3553 1676 sicut
3597 1600 3803 1669 etiam

2246 1737 2327 1805 de
2357 1736 2688 1803 descensu
2747 1726 2832 1796 ad
2884 1724 3139 1793 inferos
3179 1715 3354 1785 nibil
3391 1715 3464 1781 in
3506 1704 3801 1779 secundo

2247 1843 2559 1938 symbolo
2619 1838 3038 1912 continetur,
3100 1838 3168 1899 et
3220 1827 3378 1896 licet
3446 1819 3691 1891 addere
3740 1822 3806 1884 et

2249 1955 2445 2024 nobis
2477 1961 2542 2021 et
2581 1952 2702 2020 eis.
2736 1942 3215 2015 Necessarium
3255 1943 3486 2005 autem
3516 1930 3644 1998 fuit
3681 1925 3806 1995 ad-

2251 2063 2408 2131 dere
2445 2057 2952 2152 processionem
2997 2048 3295 2140 Spiritus
3353 2038 3566 2111 sancti
3605 2059 3646 2105 a
3702 2032 3809 2100 Fi-

2249 2170 2340 2238 lio
2378 2192 2392 2236 ε
2438 2169 2613 2236 sicut
2667 2160 3001 2231 dubitatio
3060 2155 3454 2223 Graecorum
3502 2147 3807 2237 ipsorum

2253 2277 2471 2347 adhuc
2501 2272 2769 2366 probat.

2340 2385 2698 2458 Proeterea,
2733 2378 2891 2447 Nou
2921 2372 3228 2466 oportuit
3257 2367 3343 2436 ad
3372 2365 3506 2435 hoc
3538 2383 3656 2430 eos
3691 2380 3813 2426 vo·

2253 2516 2431 2572 care,
2491 2512 2644 2559 cum
2705 2483 3070 2555 auctoritas
3142 2477 3348 2546 suerit
3420 2463 3809 2562 publicandi

2254 2598 2434 2691 apud
2489 2594 2861 2665 Ecclesiam
2919 2589 3308 2657 Romanam
3382 2603 3398 2649 ε
3472 2574 3809 2669 praecipue

2255 2732 2411 2777 cum
2442 2703 2809 2794 unicuique
2848 2700 3053 2768 etiam
3075 2687 3468 2786 particulari
3497 2681 3811 2753 Ecclesiae

2254 2819 2452 2885 liceat
2492 2814 2560 2882 id
2589 2809 2775 2903 quod
2804 2804 3238 2877 Catholicum
3278 2805 3381 2868 est
3421 2789 3813 2886 promulga-

2259 2951 2353 3004 re,
2425 2929 2702 3015 propter
2768 2916 3070 3007 aliquam
3136 2907 3611 2979 necessitatem
3694 2919 3814 2989 per

2257 3043 2532 3105 cantum
2562 3039 2629 3100 et
2657 3026 2983 3120 legendas
3022 3020 3354 3115 publicas.

2347 3255 2442 3323 Er
2488 3274 2683 3329 son,
2727 3245 2912 3339 quod
2941 3251 3097 3313 octo
3148 3235 3438 3308 concilia
3476 3225 3819 3324 generalia

2262 3366 2331 3432 in
2351 3360 2698 3455 primitiva
2729 3353 3028 3423 Ecclesia
3053 3346 3394 3418 celebrata
3423 3347 3584 3410 sunt
3614 3359 3630 3406 ε
3659 3356 3822 3427 qua·

2259 3485 2416 3543 tuor
2453 3469 2538 3540 ab
2577 3463 2952 3560 Apostolis‚
2987 3469 3056 3530 et
3085 3466 3382 3551 quatuor
3409 3476 3450 3522 a
3476 3445 3817 3519 Patribus.

2260 3582 2367 3651 Ab
2409 3576 2756 3672 Apostolis
2795 3575 3096 3666 primum
3129 3592 3252 3660 pro
3313 3563 3643 3635 electione
3682 3555 3822 3624 Ma·

2261 3691 2418 3760 thim
2460 3689 2610 3757 loco
2639 3683 2863 3753 Judae.
2900 3676 3324 3751 Secundum,
3369 3672 3453 3741 de
3492 3662 3819 3737 election'e

2260 3807 2517 3890 septem
2550 3782 3371 3864 diaconorum.Tertium,
3404 3777 3487 3847 de
3527 3777 3822 3844 circum-

2259 3905 2513 3973 cisione
2545 3922 2684 3968 non
2726 3890 3144 3987 imponenda
3173 3887 3308 3957 illis
3353 3883 3469 3976 qui
3510 3877 3819 3950 credide-

2263 4020 2442 4080 runt.
2485 4007 2847 4088 Quartum,
2881 4000 2964 4069 de
2993 4020 3138 4066 non
3167 3988 3611 4087 prohibendis
3630 3985 3823 4076 lega-

2262 4120 2436 4188 libus
2489 4116 2603 4185 illo
2645 4122 2949 4202 tempore
2992 4105 3250 4174 Judaeis
3297 4106 3577 4193 propter
3622 4115 3824 4163 scan-

2262 4229 2519 4304 dalum,
2563 4247 2650 4293 ne
2712 4219 3101 4291 crederetur
3155 4212 3374 4281 Vetus
3418 4209 3823 4276 Testamen-

2263 4344 2407 4404 tum
2468 4345 2817 4423 tamquam
2878 4325 3288 4414 sacrilegum
3367 4312 3823 4408 abjiciendum

2265 4470 2434 4515 csse.
2498 4443 2580 4511 Et
2637 4440 2781 4509 haec
2837 4444 3136 4530 quatuor
3193 4433 3684 4500 enumerantur
3756 4421 3823 4486 in

2269 4552 2563 4646 quadam
2594 4548 2835 4616 (nossa
2866 4565 3073 4635 super
3110 4541 3323 4608 Actus
3353 4537 3604 4628 primo.
3647 4530 3825 4610 Qua·

2266 4671 2422 4730 tuor
2469 4658 2674 4728 etiam
2723 4654 2998 4722 fuerunt
3041 4650 3353 4725 Patrum,
3397 4642 3650 4715 scilicet
3701 4637 3827 4706 Ni-

2269 4791 2558 4847 ca=uum‚
2604 4763 3054 4855 lipliesinum,
3110 4752 3693 4827 Chalcedonense,
3763 4754 3831 4814 et

2271 4870 3130 4964 Constantinopolitanum.
