4897 6388
1713 299 1724 311 ·
1827 294 1920 361 1N
1969 291 1993 358 1
2049 291 2474 361 SENTENT.
2526 285 2902 382 nisus&
2956 287 3290 370 G32ART.
3344 291 3384 356 8
3424 291 3532 357 ET
3570 293 3633 358 9.

4178 289 4342 376 ‚1327
4411 284 4419 293 ·

1136 450 1344 537 Deus
1375 463 1804 538 substantia
1845 471 1986 555 est,
2032 470 2107 535 et
2136 463 2345 536 Deus
2377 459 2713 535 charitas
2763 470 2902 535 est.
2961 460 3138 533 Tria
3176 483 3358 557 ergo
3392 469 3599 553 sunt,
3645 469 3715 533 et
3758 481 3910 531 non
3951 454 4283 553 amplius
4319 480 4333 530 :
4382 524 4445 542 f„

1138 589 1340 672 unus
1369 599 1697 694 diligens
1737 621 1916 672 eum
1960 599 2090 695 qui
2137 597 2228 671 de
2265 598 2392 670 illo
2436 605 2575 690 est,
2612 607 2689 671 et
2732 585 2934 670 unus
2976 595 3309 692 diligens
3350 620 3526 669 eum
3570 595 3661 669 de
3702 587 3854 691 quo
3886 575 4027 684 est,
4063 566 4137 667 et
4174 577 4343 690 ipsa

1133 734 1439 808 dilectio
1476 757 1492 808 :
1541 757 1717 831 quae
1758 735 1821 808 si
1883 734 2076 807 nihil
2118 743 2258 826 est,
2306 733 2694 830 quomodo
2727 732 3446 822 Deusdilectio'est
3482 731 3520 801 ἱ)
3560 729 3638 804 Si
3674 753 3823 801 non
3859 728 4342 834 estsubstan-

1133 870 1261 957 tia,
1299 871 1686 965 quomodo
1717 870 1927 944 Deus
1959 868 2386 943 substantia
2418 877 2532 943 est
2567 866 2607 938 ἱ)

1538 1420 2041 1491 ARTICULUS
2084 1420 2173 1486 vt
2187 1419 2268 1486 ll.

1140 1519 1202 1530 ->
1219 1521 1256 1526 ¹·-

1135 1644 1379 1710 Utrum
1421 1641 1727 1732 Spiritus
1761 1649 2039 1706 sanctus
2072 1639 2164 1703 sit
2231 1639 2463 1703 unitas
2525 1636 2678 1701 Pa-

1221 1752 1346 1818 tris
1412 1759 1475 1815 et
1536 1748 1733 1827 Filii,
1814 1757 1878 1814 et
1957 1745 2259 1837 qualiter
2346 1744 2679 1811 sanctitas

1221 1859 1577 1948 utriusque
1596 1854 1636 1922 Ρ

1216 2172 1474 2242 Deinde
1505 2172 1833 2262 quaeritnr
1878 2169 1960 2236 de
2024 2167 2154 2236 hoc
2221 2166 2406 2258 quod
2468 2166 2670 2235 dicit:

1127 2311 1160 2349 «
1197 2285 1357 2353 Sive
1420 2282 1598 2347 enim
1644 2279 1734 2345 sit
1802 2279 2031 2344 unitas
2087 2276 2476 2354 amborum,
2534 2275 2677 2342 sive

1119 2390 1472 2465 sanctitas,
1500 2386 1639 2453 sive
1675 2383 1999 2460 charitas,
2042 2392 2169 2450 etc.
2209 2408 2240 2446 »
2297 2429 2303 2436 .

1210 2497 1348 2562 Aut
1388 2494 1569 2561 enim
1619 2489 2021 2580 intelligitur
2084 2489 2167 2556 de
2233 2489 2493 2554 unitate
2560 2509 2675 2554 es-

1119 2604 1377 2686 sentiae,
1421 2609 1539 2669 aut
1577 2621 1907 2690 pet-sonte.
1941 2597 2247 2674 Constat,
2303 2596 2488 2686 quod
2530 2619 2668 2664 non

1117 2713 1468 2779 essentiae:
1506 2711 1666 2801 quia
1705 2707 1863 2776 licet
1902 2706 2195 2797 Spiritus
2235 2716 2509 2775 sanctus
2582 2709 2670 2775 sit

1116 2821 1436 2899 essentia,
1485 2828 1713 2885 tamen
1744 2817 1885 2905 ipse
1919 2838 2055 2884 non
2087 2824 2187 2882 est
2217 2815 2463 2906 aliquis
2503 2816 2669 2884 duo-

1113 2950 1294 3001 rum,
1337 2933 1414 2992 ut
1439 2924 1551 2992 hic
1579 2923 1740 2993 dicit
1768 2923 2237 3013 Augustinus:
2274 2924 2387 2990 sed
2440 2924 2667 2992 unitas

1114 3038 1419 3104 essentiae
1479 3043 1579 3102 est
1651 3042 1934 3124 uterque
2003 3055 2264 3101 eorum.
2331 3033 2402 3098 Si
2435 3044 2664 3101 autem

1115 3146 1336 3211 unitas
1368 3165 1696 3235 personae.
1733 3141 2040 3210 Coxrns:
2081 3141 2279 3207 Pater
2333 3149 2398 3210 et
2459 3140 2664 3208 Filius

1112 3277 1251 3321 non
1280 3260 1439 3320 sunt
1471 3274 1611 3319 una
1635 3272 1965 3342 persona:
1995 3244 2157 3341 ergo
2183 3249 2481 3339 Spiritus
2511 3272 2664 3317 san·

1110 3369 1259 3431 ctus
1287 3382 1424 3430 non
1465 3369 1562 3429 est
1596 3359 1818 3427 unitas
1848 3380 2157 3448 personae
2198 3380 2460 3426 eorum.

1201 3472 1274 3538 Si
1342 3471 1511 3539 forte
1571 3470 1854 3547 dicatur,
1916 3468 2095 3559 quod
2129 3476 2228 3536 est
2269 3470 2494 3536 unitas
2532 3490 2664 3535 no-

1110 3585 1339 3650 tionis,
1375 3582 1681 3650 Conna:
1717 3580 1839 3648 llla
1884 3582 2077 3647 notio
2144 3600 2282 3645 non
2339 3579 2469 3645 erit
2534 3578 2661 3645 nisi

1104 3695 1492 3763 communis
1520 3693 1797 3784 spiratio
1820 3691 2036 3758 activa
2064 3714 2078 3756 :
2107 3688 2398 3778 Spiritus
2432 3696 2660 3757 autem

1106 3807 1379 3868 sanctus
1419 3820 1557 3867 non
1595 3807 1695 3865 est
1727 3800 1918 3864 notio
1959 3795 2114 3864 illa:
2150 3817 2313 3887 ergo
2362 3794 2658 3878 videtur,

1109 3906 1288 3998 quod
1345 3905 1539 3974 nullo
1596 3904 1800 3973 modo
1851 3905 1934 3971 sit
1992 3906 2219 3971 unitas
2306 3902 2526 3970 Patris
2593 3910 2661 3970 et

1113 4013 1285 4081 Filii.

1205 4230 1528 4299 [limenius
1597 4228 1943 4318 quaeritur,
2015 4226 2324 4306 Qualiter
2415 4228 2663 4294 ‹lit-itur

1106 4342 1425 4408 sanctitas
1464 4340 1754 4407 «luorum
1775 4340 1810 4405 ἱ)
1839 4338 2144 4417 Qualiter
2173 4340 2351 4405 enim
2385 4339 2469 4404 sit
2502 4334 2660 4405 elta·

1107 4454 1292 4529 ritas,
1328 4452 1473 4538 jam
1504 4450 1809 4519 habitum
1841 4458 1963 4516 est.

1198 4666 1507 4732 Senum).
1581 4662 1818 4731 Unitas
1882 4673 1983 4730 est
2048 4663 2443 4753 personalis,
2499 4686 2656 4754 quae

1102 4797 1394 4867 persona
1422 4781 1523 4842 est
1564 4772 1855 4862 Spiritus
1884 4780 2181 4853 sanctus,
2215 4794 2354 4839 non
2398 4781 2473 4841 ut
2505 4773 2659 4865 Spi-

1104 4886 1269 4952 ritus
1307 4891 1602 4963 sanctus,
1646 4880 1762 4947 sed
1799 4887 1870 4946 ut
1899 4900 2130 4946 amor:
2179 4890 2243 4947 et
2309 4879 2655 4971 intelliga-

1098 4998 1209 5058 tur
1271 4990 1495 5054 unitas
1560 4985 1749 5075 quasi
1836 4983 2070 5051 sormae
2156 4985 2382 5075 quoad
2469 4985 2651 5054 hunc

1098 5106 1326 5166 actum
1367 5095 1481 5185 qui
1514 5099 1613 5161 est
1643 5093 1708 5159 in
1774 5114 2208 5182 quocumque
2269 5094 2474 5161 modo
2541 5095 2652 5161 vi-

1097 5227 1255 5274 vere
1326 5203 1574 5270 unione
1633 5222 2003 5269 consensus
2067 5211 2133 5268 et
2173 5205 2453 5283 amoris,
2498 5226 2650 5294 quae

1096 5315 1262 5382 unio
1292 5308 1594 5402 procedit
1622 5308 1706 5376 ab
1739 5309 1971 5389 unitis,
2023 5317 2089 5376 et
2135 5320 2372 5377 neuter
2414 5312 2650 5380 unito-

1099 5445 1250 5490 rum
1311 5428 1436 5498 est,
1507 5420 1679 5486 sieut
1744 5417 1878 5484 duo
1938 5417 2194 5508 lapides
2233 5419 2649 5512 quandoque

1096 5530 1427 5598 uniuntur
1446 5526 1675 5616 aliquo
1706 5524 1994 5592 humore
2026 5549 2107 5594 ex
2140 5535 2428 5618 utroque
2461 5551 2650 5620 egre-

1098 5639 1363 5707 diente:
1406 5634 1557 5705 licet
1609 5630 1772 5699 illud
1828 5632 2216 5724 exemplum
2273 5642 2480 5704 tantae
2550 5640 2646 5706 rei

2790 1220 2930 1265 non
2960 1206 3331 1287 competat.
3369 1196 3563 1265 Unde
3595 1196 3797 1264 etiam
3838 1195 4009 1261 sicut
4055 1195 4123 1260 in
4161 1193 4342 1284 phy-

2791 1307 2946 1374 sicis
2980 1329 3119 1374 non
3150 1308 3483 1397 sequitur,
3510 1297 3911 1396 quodomne
3932 1301 4113 1393 quod
4136 1300 4340 1370 habet

2791 1423 3017 1482 actum
3059 1415 3264 1482 unius
3329 1411 3949 1503 faciat-simpliciter
4002 1432 4240 1488 unum,
4275 1418 4342 1477 et

2790 1549 2997 1595 omne
3024 1517 3210 1617 qu'od
3238 1524 3446 1593 habet
3474 1531 3696 1591 actum
3721 1522 3956 1589 formae
3986 1521 4069 1588 sit
4086 1519 4343 1610 simpli·

2789 1638 2958 1703 citer
2975 1634 3197 1702 forma
3210 1633 3355 1722 ejus
3377 1634 3449 1698 in
3466 1654 3600 1721 quo
3624 1639 3759 1699 est:
3785 1629 4154 1697 itavidetur
4168 1627 4337 1696 mihi

2786 1764 2949 1811 vere
2980 1739 3344 1810 dicendum
3376 1741 3458 1808 de
3489 1739 3748 1830 Spiritu
3769 1736 4332 1827 sanctoproutsi-

2789 1851 3157 1943 gnificatur
3185 1870 3420 1916 amore
3449 1844 3785 1938 personali
3813 1868 3829 1911 :
3856 1845 3997 1934 ipse
4014 1844 4201 1912 ‘enim
4232 1851 4334 1911 est

2775 1961 3017 2028 unitas
3044 1958 3266 2026 Patris
3299 1965 3365 2026 et
3394 1957 3573 2036 Filii,
3617 1950 3755 2023 non
3786 1954 3967 2046 quod
4002 1954 4091 2021 sit
4115 1952 4333 2021 indis-

2785 2067 3040 2135 tinctus
3070 2073 3136 2134 et
3164 2087 3341 2132 unus
3372 2087 3526 2132 cum
3559 2064 3759 2131 Patre
3782 2069 3861 2129 ‘et
3888 2059 4059 2129 Filio
4094 2081 4335 2151 perso-

2787 2175 3069 2243 naliter:
3104 2172 3223 2242 sed
3256 2175 3417 2263 quia
3446 2179 3546 2239 est
3596 2171 3838 2238 uniens
3896 2191 4011 2236 eos
4069 2169 4140 2235 in
4203 2165 4336 2235 hoc

2787 2282 2975 2375 quod
3006 2302 3314 2372 persona:
3342 2280 3673 2347 distinctae
3693 2286 3876 2363 sunt,
3901 2277 3970 2344 in
4000 2298 4332 2344 consensu

2785 2390 3085 2459 amoris:
3122 2400 3189 2457 et
3225 2388 3323 2455 sic
3352 2387 3556 2454 etiam
3614 2406 3767 2454 cum
3806 2374 4073 2469 dicitur,
4134 2383 4336 2450 Pater

2785 2508 2851 2568 et
2891 2497 3104 2565 Filius
3134 2495 3430 2587 diligunt
3459 2516 3529 2562 se
3555 2493 3809 2584 Spiritu
3841 2499 4097 2573 sancto,
4131 2489 4333 2558 habet

2782 2603 3400 2694 actum·cujusdam
3453 2601 3729 2671 sormoe:
3770 2615 3773 2618 ’
3811 2601 3983 2668 sicut
4039 2599 4332 2667 amicitia

2778 2713 2889 2800 vel
2931 2734 3129 2780 amor
3156 2717 3258 2778 est
3295 2710 3557 2777 forma:
3591 2731 3729 2776 non
3759 2716 3986 2776 tamen
4016 2707 4107 2775 ita
4147 2706 4330 2797 quod

2780 2825 2924 2916 ipse
2999 2822 3319 2913 disponat
3374 2819 3644 2887 Patrem
3714 2826 3778 2886 et
3846 2816 4088 2885 Filium
4155 2817 4329 2885 sicut

2777 2932 2999 3000 forma
3030 2931 3425 3012 formatum,
3459 2928 3575 2996 sed
3608 2928 3766 3018 quia
3807 2927 3979 3006 unit,
4020 2931 4087 2992 et
4131 2924 4324 2992 unire

2777 3048 2970 3107 actus
3001 3037 3237 3106 formae
3270 3044 3410 3104 est:
3446 3045 3512 3104 et
3555 3035 3650 3102 sic
3704 3041 3907 3124 patet,
3959 3029 4139 3122 quod
4189 3053 4323 3097 non

2775 3149 3110 3240 sequitur,
3144 3145 3326 3238 quod
3362 3143 3561 3212 Pater
3597 3150 3662 3210 et
3702 3141 3908 3209 Filius
3954 3138 4326 3208 efficiantur

2776 3280 2912 3325 una
2942 3278 3236 3347 persona
3270 3257 3336 3323 in
3369 3255 3553 3344 ipso:
3588 3250 3701 3319 sed
3771 3251 4076 3340 sequitur
4137 3247 4316 3339 quod

2774 3365 3219 3445 concordant,
3263 3372 3329 3433 et
3369 3366 3509 3454 ipse
3540 3370 3641 3431 est
3660 3359 4016 3429 concordia
4047 3380 4311 3427 eorum.

2863 3598 2969 3664 An
3000 3618 3127 3663 noc
3163 3591 3349 3684 quod
3388 3592 3731 3682 quaeritur,
3773 3588 4076 3671 Qualiter
4126 3587 4314 3657 dica-

2772 3713 2885 3771 tur
2914 3700 3289 3770 sanctitas?
3328 3697 3704 3766 Dicendum
3735 3695 3915 3787 quod
3955 3694 4083 3763 hoc
4108 3692 4315 3762 habet

2773 3809 3154 3880 secundum
3183 3807 3368 3876 aliud
3408 3829 3658 3874 nomen
3697 3827 3893 3872 suum
3960 3800 4141 3895 quod
4217 3810 4319 3870 est

2772 3919 3096 4015 spiritus:
3141 3920 3301 4010 quia
3351 3916 3627 4008 spiritus
3672 3924 3772 3983 est
3812 3913 3985 3982 liber
4012 3936 4050 3981 a
4104 3919 4321 3981 mate-

2775 4028 3057 4098 rialibus
3125 4026 3712 4097 immundantibus
3767 4035 3832 4093 et
3894 4022 4319 4091 obscuranti-

2771 4141 2943 4209 bus:
3007 4148 3073 4207 et
3139 4139 3290 4206 ideo
3358 4138 3499 4229 ipse
3569 4137 3682 4228 qui
3717 4135 3989 4226 spiritus
4028 4132 4317 4201 aliorum

2770 4256 2869 4316 est
2904 4272 3023 4340 per
3068 4246 3716 4339 appropriationem,
3766 4242 4008 4310 dicitur
4060 4242 4318 4331 puritas

2770 4356 3133 4426 amborum
3175 4363 3240 4425 et
3270 4355 3611 4422 sanctitas.

3204 4785 3704 4856 Antht'Lt’s
3752 4785 3870 4854 lx.

2761 5004 2868 5068 An
2899 4999 3210 5090 Spiritus
3236 5008 3512 5065 sanctus
3549 5006 3766 5088 potes!
3823 4996 3959 5062 dici
4015 5014 4306 5086 persona

3391 5106 3615 5174 media
3642 5105 3683 5173 ?

2851 5421 3112 5491 Deinde
3185 5424 3510 5513 quaeritur
3574 5422 3654 5490 de
3692 5422 3821 5492 hoc
3887 5422 4065 5513 quod
4097 5422 4299 5490 dicit:

2763 5555 2797 5596 ι
2831 5532 3285 5621 Manifestum
3319 5543 3415 5598 est
3451 5531 3639 5621 quod
3663 5554 3795 5598 non
3826 5530 4083 5620 aliquis
4136 5530 4301 5597 dua-

2759 5661 2916 5706 rum
2948 5648 3046 5706 est
3084 5660 3219 5730 quo
3261 5648 3542 5730 uterque
3577 5638 4046 5728 conjunqitur.
4085 5662 4118 5700 »

4368 3611 4446 3658 Ad
4473 3617 4643 3669 quent.
