4897 6388
670 319 792 386 136
1665 311 1747 378 D.
1803 311 1996 378 ALB.
2051 297 2530 376 MAG..0RD.'
2580 308 2878 377 PRAED.

841 827 923 901 O.
966 824 1119 898 Hic
1151 822 1497 921 aperitur
1521 820 1727 919 quod
1749 844 1984 917 supra
2022 818 2530 917 quaerebatur,
2564 816 2896 910 scilicet,
2935 819 3311 915 quomodo
3351 819 3516 894 lzaec
3556 819 3706 893 tria

1942 959 2297 1034 dicantur
2335 981 2602 1031 unum.

765 1307 913 1381 Sed
938 1304 1099 1404 jam
1133 1305 1553 1381 videndum
1587 1317 1701 1380 est
1746 1307 2128 1403 quomodo
2190 1308 2355 1380 brec
2418 1306 2560 1378 tria
2600 1305 2959 1381 dicantur
2994 1332 3149 1381 una
3198 1302 3654 1380 substantia.
3695 1300 3872 1374 Ideo

668 1443 850 1540 quia
889 1441 1179 1517 scilicet
1220 1442 1298 1514 in
1332 1442 1500 1540 ipsa
1539 1443 1799 1516 anima
1830 1443 1951 1517 vel
1986 1454 2236 1516 mente
2278 1441 2892 1517 substantialiter
2919 1443 3286 1535 existunt,
3322 1464 3478 1513 non
3512 1439 3714 1514 sicut
3743 1460 3874 1511 ac-

664 1576 997 1652 cidentia
1025 1576 1104 1648 in
1145 1575 1542 1672 subjectiS,
1591 1599 1767 1673 quoe
1809 1584 2130 1672 possunt
2167 1575 2433 1650 adesse
2477 1577 2600 1652 vel
2640 1576 2942 1651 abesse.
2991 1575 3214 1650 Unde
3266 1571 3751 1670 Augustinus
3793 1568 3870 1641 in

662 1711 857 1785 libro
899 1712 1002 1785 IX
1043 1711 1136 1786 de
1197 1711 1571 1784 Trinitate
1616 1710 1662 1803 ¹,
1722 1709 1878 1785 ait:
1942 1711 2492 1805 Admonemur,
2520 1711 2585 1786 si
2624 1721 3044 1809 utcumque
3107 1709 3369 1784 videre
3423 1728 3867 1806 possumuS,

664 1847 834 1922 hoec
875 1846 950 1920 in
985 1846 1293 1921 anima'
1334 1845 1661 1920 existere
1704 1845 2332 1940 substantialiter,
2371 1871 2525 1921 non
2560 1856 2958 1944 tamquam
2991 1846 3070 1919 in
3111 1844 3484 1942 subjecte,
3523 1852 3608 1918 ut
3655 1842 3867 1916 color

663 1982 740 2054 in
783 2002 1147 2078 corpore:
1198 1977 1384 2075 quia
1423 1977 1562 2052 etsi
1609 1977 1921 2053 relative
1953 1977 2315 2054 dicuntur
2341 1980 2434 2054 ad
2467 1980 2831 2074 invicem,
2877 1979 3189 2076 singula
3220 1988 3474 2053 tamen
3510 1975 3876 2051 substan-

660 2114 941 2191 tialiter
967 2123 1149 2189 sunt
1191 2107 1268 2185 in
1312 2111 1746 2188 substantia
1803 2137 1968 2188 sua.
2016 2115 2207 2189 Ecce
2275 2138 2367 2189 cx
2396 2111 2580 2212 ‘quo
2648 2137 2883 2189 sensu
2944 2114 3075 2189 illa
3120 2114 3262 2188 tria
3310 2113 3668 2187 dicantur
3706 2133 3874 2186 esse

664 2271 937 2342 unum,
972 2248 1097 2323 vel
1143 2270 1299 2322 una
1356 2247 1817 2322 substantia.
1865 2247 2052 2336 Qua}
2120 2248 2284 2338 tria,
2333 2261 2413 2323 ut
2487 2249 2973 2347 Augustinus
3051 2249 3157 2324 ait
3206 2248 3280 2322 in
3344 2248 3539 2322 libro
3592 2245 3727 2320 XV
3779 2244 3874 2320 ‹le

669 2384 1041 2461 Trinitale
1069 2378 1117 2477 ⁸,
1163 2383 1240 2456 in
1281 2393 1535 2458 mente
1577 2383 2028 2459 naturaliter
2067 2384 2434 2460 divinitus
2504 2384 2853 2460 instituta
2893 2384 3251 2484 quisquis
3293 2382 3664 2458 vivaciter
3705 2404 3868 2480 per-

667 2520 916 2618 spicit,
961 2529 1037 2596 et
1077 2543 1310 2619 quam
1346 2542 1711 2616 magnum
1749 2519 1844 2595 sit
1887 2520 1961 2593 in
2006 2544 2095 2596 ea
2131 2544 2146 2595 :
2198 2521 2397 2596 unde
2432 2532 2683 2619 potest
2712 2522 2945 2596 etiam
2999 2520 3470 2619 sempiterna
3513 2519 3879 2593 immuta-

665 2655 995 2754 bilisque
1050 2665 1327 2730 natura
1396 2653 1658 2751 recoli,
1716 2654 2083 2753 conspici,
2145 2655 2640 2754 concupisci:
2697 2655 3224 2731 reminiscitur
3269 2654 3472 2731 enim
3546 2677 3681 2752 per
3721 2676 3871 2726 me·

666 2789 1014 2877 moriam,
1062 2788 1405 2865 intuetur
1435 2812 1574 2887 per
1617 2787 2235 2885 intelligentiam,
2298 2789 2786 2888 amplectitur
2828 2812 2963 2888 per
3002 2789 3486 2863 dilectionem
3546 2812 3564 2862 ε
3624 2787 3873 2885 prose-

666 2933 784 2998 cto
819 2921 1100 3022 reperit
1139 2920 1350 2995 illius
1385 2945 1718 2996 summm
1777 2920 2162 2996 Trinitatis
2194 2921 2635 3018 imaginem.

2320 3315 2349 3343 ιι
2392 3287 2485 3352 ΕΙ
2510 3285 2651 3350 leaec
2679 3286 2817 3351 Iria
2843 3286 3050 3351 eliam
3084 3284 3181 3350 cul
3203 3284 3425 3373 seipsa
3450 3282 3865 3371 reseruntur,

2318 3404 2445 3461 ete.
2490 3420 2521 3457 ιι

1164 3514 1403 3559 mvnsto
1449 3514 1718 3558 rents.
2417 3496 2547 3565 l'ei·
2606 3497 2780 3566 lianc
2840 3498 3250 3568 divisionem
3298 3507 3483 3589 patet
3537 3497 3868 3565 sententia

1621 3602 1627 3606 ’
2319 3606 2610 3672 Litterae.

747 3741 781 3771 «ι
846 3711 979 3778 Ile’c
1059 3708 1545 3776 allmedeudmn
1642 3720 1738 3776 es!
1814 3708 2200 3795 eliliyeuhw,

656 3826 780 3885 cte.
826 3842 862 3881 ι

743 3922 815 3990 ln
848 3919 972 3991 hac
1014 3932 1205 4015 parte
1266 3922 1674 3990 determinat
1716 3920 2033 4009 Magister
2070 3921 2198 3987 ‹lu-

622 4030 953 4120 ‚bitabitin
994 4040 1231 4100 exorta
1283 4053 1364 4098 ex
1407 4031 1971 4098 determinatione
2022 4054 2198 4120 prae-
2645 4034 3151 4103 All'l'lCl'LUS
3205 4036 3527 4105 xxxin.

651 4138 939 4207 cedenti.
968 4138 1049 4206 Et
1081 4137 1284 4207 habet
1314 4138 1482 4205 (luas
1514 4147 1738 4229 partes
1761 4138 2193 4228 principales:

651 4251 718 4318 in
775 4273 1062 4341 quarum
1155 4251 1374 4340 prima
1433 4249 1680 4317 format
1746 4249 2195 4336 objectionem
2396 4255 2502 4318 Au
2535 4253 2773 4318 anima
2801 4253 3661 4321 secuudumsubstantiam
3701 4257 3790 4321 sil

642 4365 881 4425 contra
909 4356 1383 4438 determinata,
1435 4364 1501 4423 et
1556 4357 1621 4422 in
1665 4354 1958 4422 secunda
2012 4355 2198 4422 aellii-
2864 4360 3307 4451 composita?

642 4463 753 4531 bet
774 4461 1213 4542 solutionem,
1240 4463 1358 4540 ibi,
1388 4466 1472 4540 Ο,
1520 4490 1550 4525 α
1584 4463 1725 4531 sed
1745 4462 1907 4551 jam
1956 4462 2196 4529 viden-

641 4568 808 4636 dum
836 4579 933 4634 es!
972 4568 1312 4660 quomodo
1352 4567 1492 4635 laeaec
1531 4570 1693 4646 Iria,
1738 4577 1863 4635 etc.
1894 4595 1924 4633 ιι

740 4676 1098 4743 Fon-matur
1125 4685 1354 4744 autem
1388 4674 1683 4764 objectio
1734 4676 1999 4744 duobus
2041 4699 2195 4744 mo-
2394 4671 2517 4739 llic
2549 4672 2783 4740 incidit
2823 4677 3137 4764 quaestiO,
3204 4675 3441 4744 Utrum
3491 4678 3718 4745 anima
3766 4680 3851 4746 sit

645 4784 772 4863 dis,
813 4782 1068 4852 scilicet
1096 4806 1179 4852 ex
1210 4783 1390 4852 «licto
1434 4784 1797 4875 Augustini
1840 4786 1952 4874 qui
1995 4784 2185 4859 dixit,
2303 4802 2443 4846 suae
2477 4782 2854 4870 potentiae?

641 4890 822 4983 quod
861 4893 998 4959 sint
1064 4892 1356 4960 essentia
1422 4893 1693 4976 animae,
1748 4916 1903 4960 cum
1965 4901 2189 4959 tamen
2395 4886 2472 4952 El
2504 4888 2662 4977 quia
2695 4888 2839 4957 ltoec
2869 4893 3158 4981 quaestio
3202 4893 3686 4977 convenienter
3740 4918 3851 4962 se-

638 5001 769 5067 sint
812 5001 1256 5090 proprietates
1292 5022 1306 5067 :
1345 5009 1409 5068 et
1447 4998 1576 5067 hoc
1619 5000 1687 5067 in
1740 5002 1948 5091 priori
2015 5001 2192 5089 capi..
2300 4996 2597 5063 cundum
2624 4998 3043 5067 intellectum
3077 5000 3513 5069 determinari
3545 5024 3681 5069 non
3709 5015 3853 5093 pot-

639 5106 783 5175 tulo
808 5105 869 5173 Μ
918 5128 933 5173 :
978 5116 1042 5174 et
1085 5130 1163 5175 ex
1207 5108 1387 5175 «licto
1438 5109 1832 5197 Augustini,
1887 5132 2021 5199 quo
2080 5108 2188 5173 ‹li-
2300 5113 2424 5186 est,
2471 5105 2597 5171 nisi
2640 5107 2828 5196 prius
2858 5108 3134 5185 sciatur,
3181 5131 3266 5174 an
3315 5109 3462 5199 ipsa
3520 5111 3749 5177 anima
3784 5113 3849 5177 in

641 5215 756 5297 cit,
797 5214 981 5305 quod
1014 5215 1187 5282 miro
1242 5216 1445 5282 modo
1486 5226 1646 5283 sunt
1685 5215 2182 5306 inseparabilia,
2295 5231 2416 5275 sua
2448 5208 2830 5279 substantia
2858 5213 2946 5280 sit
2984 5214 3368 5303 composita
3409 5235 3425 5282 ε
3464 5214 3618 5283 ideo
3665 5218 3850 5306 prius

640 5345 797 5392 cum
848 5320 1221 5389 referantur
1278 5322 1363 5389 ad
1437 5346 1508 5391 se
1565 5323 1882 5402 invicem,
1943 5323 2057 5398 ibi,
2097 5321 2180 5403 N,
2295 5330 2556 5409 oportet
2600 5345 2928 5412 quaerere,
2967 5326 3073 5390 An
3118 5326 3258 5414 ipsa
3291 5327 3520 5393 anima
3551 5328 3637 5395 sit
3667 5313 3852 5395 com-

590 5574 602 5586 ‘
714 5578 811 5634 ¹8.
843 5579 1212 5645 Acersrtch,
1247 5576 1365 5634 Lib.
1411 5578 1485 5635 IX
1523 5577 1596 5635 de
1625 5578 1933 5647 Trinitate‚
1964 5593 2092 5652 cap.
2125 5578 2155 5632 t
2359 5572 2382 5609 ⁸
2407 5573 2463 5629 S.
2500 5577 2879 5643 Arcusrier,
2935 5571 3058 5630 Lib.
3111 5573 3213 5631 XV
3261 5573 3333 5632 de
3379 5573 3685 5646 Trinitate,
3717 5592 3844 5649 cap.

707 5670 732 5712 ¹
758 5667 910 5730 Edit.
939 5668 1105 5728 ioan.
1144 5667 1470 5736 Alleaume,
1511 5671 1718 5729 animo.
2285 5666 2377 5726 20.
