4897 6388
767 3504 953 3557 Quaent.

1798 290 1891 356 IN
1939 290 1967 356 Ι
2018 290 2439 358 SENTENT.
2492 291 2720 399 DlsT.
2774 292 2966 375 XIX,
3024 293 3104 373 A,
3156 295 3358 363 ART.
3411 297 3478 363 2.

1028 457 1146 525 sed
1186 459 1346 527 dicit
1375 462 1680 541 BoetiuS,
1719 471 1783 528 et
1822 461 2127 529 habitum
2158 472 2258 530 est
2295 465 2565 551 supra¹,

1029 568 1211 657 quod
1244 571 1476 638 omnia
1512 570 2028 660 praedicamenta
2064 571 2270 639 relata
2311 573 2374 637 in
2409 594 2572 661 prae·

1029 677 1437 746 dicationem
1496 680 1794 746 divinam
1855 688 2089 769 praeter
2149 680 2568 758 relationem,

1031 795 1380 855 mutantur
1419 790 1490 854 in
1518 787 1962 855 substantiam
2008 812 2022 854 :
2061 811 2220 878 ergo
2279 789 2569 868 videtur,

1032 897 1215 986 quod
1247 919 1322 963 ea
1356 919 1507 987 quae
1537 896 1767 964 dicunt
1796 898 2238 987 quantitatem
2280 897 2568 975 virtutiS,

1034 1010 1099 1069 et
1131 1025 1279 1092 quae
1314 1002 1548 1071 dicunt
1577 1002 1996 1097 qualitatem,
2031 1005 2096 1068 in
2128 1001 2376 1069 divinis
2405 1026 2576 1091 pree-

1034 1108 1259 1176 dicant
1291 1109 1740 1178 substantiam
1785 1132 1799 1178 t
1836 1133 1997 1200 ergo
2046 1110 2340 1192 videtur,
2391 1110 2576 1199 quod

1035 1239 1118 1284 ex
1183 1241 1322 1285 una
1375 1221 1623 1286 virtute
1698 1219 1805 1286 vel
1872 1220 2200 1309 sapientia
2264 1229 2578 1286 causatur

1036 1323 1242 1405 idem,
1277 1332 1343 1393 et
1371 1348 1511 1392 non
1543 1325 1801 1416 aequale
1833 1326 1938 1391 vel
1972 1325 2215 1392 simile.

1125 1434 1188 1498 2.
1226 1431 1422 1513 Item,
1465 1434 1682 1525 Magis
1727 1442 1885 1501 sunt
1923 1457 2134 1500 unum
2175 1455 2323 1523 quae
2400 1433 2578 1500 idem

1034 1551 1216 1621 sunt,
1253 1564 1458 1632 quam
1505 1566 1582 1611 ea
1633 1565 1780 1633 quae
1834 1551 1988 1609 sunt
2054 1541 2340 1631 aequalia
2384 1565 2397 1606 :
2462 1541 2574 1608 sed

1039 1672 1478 1738 personarum
1521 1652 1586 1716 in
1629 1650 1853 1719 divina
1880 1660 2117 1717 natura
2148 1659 2213 1717 et
2243 1651 2578 1718 attributis

1037 1757 1183 1847 ejus
1221 1759 1523 1825 maxima
1556 1766 1658 1827 est
1686 1761 1933 1836 unitas,
1971 1767 2039 1824 ut
2070 1758 2229 1826 dicit
2283 1757 2581 1825 Bernar-

1037 1865 1164 1933 dus
1197 1867 1264 1932 in
1304 1866 1477 1934 libro
1516 1866 1579 1933 V
1619 1866 1700 1934 de
1769 1868 2322 1936 Consideratione
2352 1890 2373 1932 .·
2415 1889 2579 1956 ergo

1043 1973 1341 2054 videtur,
1413 1974 1594 2065 quod
1667 1975 1960 2066 ipsarum
2023 1977 2106 2042 sit
2158 1974 2471 2042 identitas
2513 1974 2579 2040 in

1040 2082 1214 2170 ipsa,
1249 2091 1314 2150 et
1341 2105 1479 2150 non
1520 2082 1895 2173 aequalitas,

1126 2189 1192 2257 3.
1259 2189 1455 2275 ltem,
1516 2187 1683 2269 Quae
1760 2192 2042 2257 omnino
2102 2190 2337 2259 eadem
2393 2197 2576 2268 sunt,

1035 2305 1193 2365 sunt
1232 2297 1544 2389 aequalia,
1592 2307 1656 2367 et
1687 2321 1821 2366 non
1892 2299 2355 2366 convertitur:
2418 2320 2579 2387 ergo

1035 2404 1329 2483 videtur,
1392 2404 1575 2496 quod
1647 2407 1864 2496 magis
1904 2413 2240 2496 competat
2278 2406 2582 2496 personis

1037 2509 1215 2577 uniri
1252 2511 1502 2578 unione
1537 2510 1925 2588 identitatis,
1987 2534 2192 2602 quam
2240 2509 2584 2602 {equalita-

1041 2618 1147 2686 tis.

1128 2728 1190 2793 4.
1231 2727 1426 2806 Item,
1467 2728 1631 2797 Tres
1696 2752 1998 2820 personae
2061 2728 2581 2820 proprietatibus

1038 2835 1574 2927 distinguuntur,
1617 2846 1680 2904 et
1713 2836 2083 2905 substantia
2123 2837 2574 2904 conveniunt.

1045 2943 1162 3012 sed
1195 2944 1671 3012 convenientia
1708 2943 2095 3012 substantiae
2128 2944 2281 3011 lacit
2348 2943 2523 3011 idem
2560 2965 2576 3011 ι

1047 3073 1211 3142 ergo
1250 3051 1546 3136 videtur,
1581 3052 1759 3144 quod
1796 3055 1860 3119 in
1895 3052 1997 3120 his
2029 3075 2180 3143 quae
2217 3052 2282 3118 in
2325 3054 2584 3118 Littera

1045 3162 1287 3253 tangit,
1322 3168 1640 3229 causatur
1668 3160 2004 3241 identitas,
2039 3170 2097 3228 et
2135 3184 2271 3228 nun
2305 3158 2582 3252 ‹equali-

1048 3278 1175 3339 tas·

1145 3484 1472 3553 limentes
1544 3485 1887 3575 quaeritur.
1959 3483 2182 3562 Quare
2247 3505 2384 3549 nnn
2430 3490 2588 3569 agat

1051 3592 1161 3663 bic
1217 3594 1298 3662 de
1355 3593 1795 3662 similitudine
1850 3594 2055 3660 trium
2117 3611 2584 3682 personarum,

1049 3724 1206 3768 cum
1244 3701 1555 3769 videatur
1599 3699 1968 3767 similitudo
2028 3699 2244 3789 magis
2320 3697 2586 3787 proprie

1048 3809 1412 3876 convenire
1454 3808 1785 3899 personis,
1829 3830 2030 3899 quam
2059 3804 2464 3897 {equalitas‘l

1145 3919 1203 3983 l.
1248 3916 1422 3996 Quia
1481 3917 1791 4009 quaedam
1856 3926 2010 3982 sunt
2079 3916 2143 3980 in
2183 3914 2453 3988 divinis,
2516 3920 2585 3977 ut

1050 4023 1206 4091 dicit
1243 4025 1731 4102 Damascenus,
1801 4048 1948 4114 qua·
1999 4022 2366 4113 pra-dicant
2423 4019 2585 4086 sub-

1050 4133 1745 4225 stantiamzquaedam
1805 4143 2028 4199 autem
2071 4155 2222 4222 qua·
2286 4129 2346 4197 id
2402 4129 2584 4221 quod

1050 4242 1459 4332 assequitur,
1548 4250 1620 4307 ut
1676 4241 1924 4331 justus,
1986 4249 2047 4305 et
2117 4237 2335 4306 bonus
2381 4259 2584 4304 :cum

1050 4348 1257 4438 igitur
1296 4349 1497 4416 trium
1531 4370 1970 4440 personarum
2004 4348 2084 4411 sit
2119 4368 2252 4412 una
2292 4345 2582 4434 justitia,

1049 4465 1112 4522 et
1171 4479 1307 4522 una
1362 4455 1655 4534 bonitaS,
1716 4457 1836 4522 erit
1878 4456 2079 4521 trium
2142 4475 2584 4543 personarum

1051 4587 1182 4630 una
1223 4564 1597 4631 similitudo
1633 4584 1648 4632 :
1692 4572 1757 4631 et
1790 4565 1876 4629 ita
1915 4561 2420 4630 determinanda
2489 4570 2589 4627 est

1052 4673 1429 4741 similitudo
1474 4674 1676 4740 trium
1717 4695 2182 4763 personarum.

1138 4786 1202 4851 2.
1271 4781 1466 4858 Item,
1525 4780 1617 4848 Ea
1684 4804 1831 4872 quae
1897 4780 2340 4848 substantiam
2399 4803 2588 4845 asse-

1050 4899 1376 4981 quuntur,
1412 4889 1659 4957 babent
1730 4890 1901 4956 inter
1954 4912 2024 4957 se
2081 4886 2578 4955 differentiam:

1056 4999 1364 5088 quaedam
1398 5000 1579 5067 enim
1621 5008 1774 5066 sunt
1830 5021 1979 5088 qua·
2045 4997 2270 5088 quoad
2326 4995 2589 5086 aliquas

1055 5127 1214 5172 suas
1281 5106 1537 5196 species
1620 5104 2028 5173 conveniunt
2128 5101 2589 5194 spiritualibus

1053 5213 1476 5293 substantiiS,
1512 5212 1818 5304 quaedam
1852 5222 2077 5279 autem
2123 5209 2590 5302 corporalibus

1052 5329 1315 5388 tantum
1349 5322 1761 5389 conveniunt
1796 5343 1809 5385 :
1847 5320 2017 5387 sicut
2046 5318 2334 5410 qualitas
2366 5317 2591 5409 quoad

1053 5429 1596 5518 dispositionem,
1632 5436 1695 5495 et
1733 5426 2064 5506 habitum,
2111 5434 2175 5494 et
2217 5425 2589 5495 naturalem

1126 5660 1140 5692 ¹
1177 5657 1262 5711 Cf.
1297 5656 1504 5729 Supra,
1535 5657 1674 5711 Dist.
1713 5657 1849 5711 vul.

1323 5789 1434 5829 XXV

4109 294 4237 360 513

2678 467 3062 551 potentiam
3105 474 3173 530 et
3225 466 3728 554 impotentiam,
3772 463 4237 556 spiritualibus

2679 573 3006 637 convenit
3045 573 3319 661 proprie
3355 594 3370 637 :
3410 574 3752 662 quantitas
3780 581 4033 648 autem,
4069 594 4238 638 con-

2678 677 2871 744 tinua
2906 680 3244 768 praecipue
3276 681 3383 745 cui
3425 683 3744 748 convenit
3771 681 3943 746 ratio
3976 680 4236 768 magni-

2678 784 2962 861 tudinis,
3003 809 3140 852 non
3182 790 3506 855 convenit
3534 789 3664 854 nisi
3724 786 4230 878 corporalibus:

2680 913 2842 980 ergo
2879 891 3171 973 videtur,
3208 894 3395 982 quod
3437 893 3726 983 qualitas
3758 896 3977 985 magis
4015 893 4240 961 vicina

2679 1000 2769 1064 sit
2834 998 3083 1065 divinae
3144 1000 3634 1088 praedicationi,
3690 1024 3893 1091 quam
3964 1004 4240 1092 quanti-

2684 1112 2834 1169 tas:
2881 1128 3043 1194 ergo
3078 1107 3283 1172 etiam
3328 1108 3550 1174 unitas
3617 1107 3961 1198 qualitatis
4021 1111 4238 1198 magis

2680 1212 2952 1301 proprie
2984 1223 3084 1280 est
3126 1215 3195 1279 in
3226 1214 3500 1293 divinis,
3537 1237 3741 1305 quam
3775 1218 3999 1283 unitas
4031 1240 4240 1306 quan-

2681 1320 2891 1386 titatis
2937 1343 2950 1385 :
2989 1320 3108 1388 sed
3151 1322 3375 1389 unitas
3408 1323 3751 1412 qualitatis
3781 1323 3941 1391 facit
3986 1324 4236 1407 simile,

2681 1427 2908 1494 unitas
2949 1436 3180 1495 autem
3213 1432 3613 1518 quantitatis
3656 1439 3889 1499 causat
3926 1431 4184 1522 aequale
4220 1455 4236 1498 ;

2683 1556 2846 1625 ergo
2882 1535 2950 1599 in
2983 1535 3233 1602 divinis
3292 1538 3513 1627 magis
3571 1548 3673 1606 est
3729 1538 4240 1607 determinanda

2683 1641 3062 1710 similitudo
3096 1667 3569 1733 personarum,
3608 1669 3814 1735 quam
3859 1646 4237 1737 aequalitas,

2778 1859 3092 1932 sommo.
3138 1864 3544 1947 Dicendum,
3593 1867 3774 1956 quod
3833 1871 3900 1935 in
3956 1872 4238 1938 veritate

2690 1992 2904 2036 unum
2935 1971 3005 2037 in
3037 1971 3421 2040 substantia
3475 1974 3631 2042 facit
3669 1975 3875 2058 idem,
3921 1987 3986 2046 et
4025 2002 4237 2046 unum

2687 2080 2757 2144 in
2827 2081 3204 2169 quantitate
3244 2082 3404 2151 facit
3439 2086 3723 2175 aequale,
3786 2097 3853 2155 et
3917 2091 4237 2156 nnumin

2686 2184 3013 2276 qualitate
3054 2188 3211 2257 facit
3247 2191 3494 2269 simile,
3529 2194 3701 2261 sicut
3732 2194 3892 2263 dicit
3925 2194 4244 2264 Philoso-

2685 2292 2863 2385 phus
2897 2295 2962 2362 in
2997 2296 3058 2360 V
3111 2300 3620 2389 Mempleysicae.
3668 2301 3804 2371 Sed
3863 2303 3946 2372 de
4002 2305 4241 2372 eodem

2686 2427 2825 2472 non
2858 2415 3003 2473 erat
3030 2404 3160 2473 boc
3191 2405 3783 2478 determinandum
3821 2434 3837 2475 ε
3874 2413 4033 2503 quia
4066 2414 4241 2480 idem

2685 2535 2843 2580 cum
2872 2535 2952 2580 eo
2984 2516 3090 2581 cui
3125 2523 3221 2581 est
3255 2515 3462 2594 idem,
3502 2540 3639 2585 non
3671 2519 3830 2589 dicit
3861 2520 4246 2590 distinctio-

2687 2643 2848 2688 nem
2882 2642 3216 2710 personae.
3263 2623 3391 2691 llic
3431 2635 3658 2693 autem
3718 2650 3859 2695 non
3927 2627 4248 2697 determi-

2688 2736 2892 2793 natur
2932 2728 3061 2794 nisi
3094 2729 3176 2795 de
3211 2728 3315 2796 bis
3344 2754 3499 2820 quae
3532 2731 3760 2801 dicunt
3799 2758 4245 2826 personarum

2689 2833 3164 2901 distinctarum
3197 2836 3557 2905 unitatem.
3621 2839 3810 2909 Unde
3868 2842 4074 2911 etiam
4125 2867 4246 2910 su-

2689 2964 2811 3031 pra
2845 2940 3208 3031 probatum
3286 2946 3457 3024 est⁸,
3529 2949 3711 3037 quod
3788 2949 3995 3017 Filius
4065 2952 4243 3020 l‘atri

2694 3072 2817 3115 nec
2849 3059 2950 3116 est
2984 3050 3160 3117 idem
3195 3051 3407 3132 Deus,
3461 3078 3586 3122 nec
3641 3066 3741 3124 est
3807 3058 3981 3125 alius
4037 3062 4242 3139 Deus,

2692 3157 2809 3226 sed
2842 3157 3015 3227 bene
3045 3171 3142 3228 est
3184 3163 3467 3254 aequalis
3502 3186 3517 3232 ε
3553 3167 3716 3257 quia
3746 3167 3813 3259 ly
3866 3169 4045 3238 idem
4105 3171 4248 3239 vult

2696 3264 2945 3333 babere
3016 3267 3443 3338 identitatem
3513 3295 3849 3362 pen-some,
3910 3277 4095 3345 aliud
4133 3302 4250 3345 au-

2695 3377 2832 3436 tem
2863 3370 3329 3440 diversitatem
3375 3381 3733 3447 essentiae:
3803 3404 3959 3449 cum
4021 3392 4247 3452 autem

2697 3475 2764 3540 in
2805 3484 2952 3542 tota
2994 3476 3118 3543 ista
3161 3488 3348 3567 parte
3380 3481 3533 3549 libri
3573 3483 3898 3574 Magister
3927 3487 4251 3556 determi-

2697 3592 2811 3650 net
2842 3583 2925 3650 de
2956 3585 3394 3656 distinctione
3428 3613 3899 3680 personarum,
3944 3619 4081 3664 non
4125 3597 4248 3664 de-

2699 3689 2842 3757 buit
2922 3701 3202 3781 tangere
3286 3695 3368 3763 de
3460 3698 3804 3770 identitate
3896 3704 4248 3796 principali

2697 3805 3013 3876 tractatu,
3049 3802 3265 3889 tangit
3307 3811 3535 3872 tamen
3568 3805 3676 3874 hie
3741 3808 3823 3876 de
3899 3811 4245 3888 incidenti,

2697 3907 2991 3999 qualiter
3022 3931 3156 3975 una
3188 3933 3477 3998 persona
3508 3925 3608 3981 est
3640 3918 3707 3984 in
3738 3919 3868 3986 alia
3899 3944 4019 4009 per
4067 3921 4252 3988 iden·

2697 4017 2959 4082 titatem
3003 4021 3338 4086 essentne.
3392 4022 3785 4092 Similitudo
3840 4039 4066 4096 autem
4125 4052 4250 4119 pa-

2698 4144 2845 4187 rum
2884 4121 3087 4187 nimis
3126 4121 3283 4189 dicit
3330 4126 3397 4191 in
3428 4127 3678 4195 «livinis
3712 4155 3727 4198 :
3764 4135 3920 4222 «guia
3954 4156 4089 4201 nnn
4136 4160 4248 4200 se-

2694 4232 2953 4320 quitur,
2988 4240 3058 4296 ut
3094 4232 3247 4299 dicit
3284 4237 3734 4326 Augustinus,
3769 4243 3821 4307 si
3855 4242 4082 4334 aliqua
4113 4245 4248 4311 duo

2693 4347 2852 4405 sunt
2883 4338 3160 4406 similia.
3187 4342 3371 4430 quod
3397 4348 3723 4413 continuo
3755 4350 3885 4417 sint
3916 4350 4244 4436 aequalia:

2695 4445 2813 4513 sed
2845 4469 2880 4512 e
2920 4468 3255 4514 converso
3286 4451 3340 4516 si
3372 4462 3530 4519 sunt
3557 4456 3846 4545 aequalia
3877 4459 4251 4548 quantitate

2695 4554 2997 4632 virtutis,
3043 4556 3357 4645 sequitur
3394 4559 3577 4649 quod
3616 4563 3746 4629 sint
3789 4564 4064 4642 similia,
4091 4569 4249 4657 quia

2697 4661 3044 4753 quantitas
3101 4666 3371 4732 virtutis
3421 4676 3521 4734 est
3595 4672 3800 4739 etiam
3874 4674 4246 4743 secundum

2698 4795 2897 4862 posse
2957 4797 3197 4840 eorum
3230 4797 3380 4864 quae
3449 4778 3823 4847 secundum
3876 4804 4074 4849 suum
4136 4806 4252 4850 no·

2699 4904 2856 4948 men
2899 4881 3296 4972 qualitatem
3329 4885 3740 4973 significant,
3787 4899 3858 4956 ut
3888 4912 4086 4980 posse
4134 4915 4251 4960 sa·

2699 4988 2996 5078 pientiae,
3030 4998 3094 5056 et
3129 5012 3326 5080 posse
3349 4988 3700 5076 bonitatis,
3723 5002 3787 5062 et
3811 4993 4201 5084 hujusmodi
4229 5021 4245 5065 :

2697 5104 2765 5163 et
2824 5096 2976 5164 ideo
3032 5095 3385 5187 aequalitas
3426 5101 3722 5169 maxime
3760 5106 4086 5193 competit
4123 5106 4254 5173 dis-

2697 5207 3010 5273 tinctioni
3041 5229 3486 5295 personarum
3521 5209 3934 5279 divinarum.

2791 5314 2895 5379 Au
2927 5336 3181 5380 ramum
3215 5338 3378 5404 ergo
3412 5314 3798 5397 dicendum,
3859 5321 4044 5409 quod
4099 5321 4255 5389 licet

2703 5423 2770 5489 in
2804 5421 3055 5489 divinis
3095 5433 3433 5514 quantum
3473 5423 3555 5491 ad
3617 5448 3758 5495 rem
3816 5430 4048 5497 omnia
4088 5453 4259 5521 prae·

2775 5657 2798 5690 ²
2828 5659 2911 5713 Cf.
2946 5658 3155 5729 Supra,
3191 5658 3337 5714 Dist-
3372 5658 3511 5716 MV.

3933 5785 4001 5834 :323

4330 1909 4530 1956 solutio.

4370 5353 4452 5405 Ad
4475 5355 4516 5403 1.
