4897 6388
592 375 673 441 14
804 356 805 359 ‘
1312 440 1317 443 ,
1539 368 1691 487 ,[1),
1742 376 1946 446 ALB.
1997 373 2215 442 MAG.
2271 374 2478 444 om).
2533 377 2830 477 PRAED.

972 758 1366 835 Expositio
1420 757 1726 817 Textus.

670 982 934 1048 Littera
974 978 1070 1045 sic
1109 978 1471 1066 exponitur
1514 999 1529 1043 ε

677 1113 708 1145 «
749 1076 1022 1150 Praevia
1052 1083 1181 1150 Dei
1215 1084 1451 1172 qratia
1484 1109 1518 1145 »
1562 1082 1721 1172 quia
1749 1081 2131 1149 intellectus

582 1213 789 1257 sacrae
853 1189 1222 1280 Scripturas
1291 1191 1536 1280 quaerit
1589 1189 2123 1256 revelationem:

580 1296 785 1376 unde,
855 1296 1041 1365 Psal.
1105 1320 1335 1381 cxvm,
1398 1298 1477 1364 18
1529 1318 1544 1362 :
1590 1295 1842 1362 Revela
1897 1292 2132 1360 oculos

580 1424 788 1484 mecm,
833 1414 896 1470 et
947 1401 1385 1471 considerabo
1431 1400 1792 1468 mirabilia
1845 1400 1929 1469 de
1986 1400 2132 1489 leqe

580 1518 729 1577 tua.

673 1644 707 1680 «
750 1617 1098 1707 Diliqenti
1152 1616 1502 1705 ἰηᾱαῃίηε,
1567 1639 1600 1680 1>
1661 1614 1727 1681 id
1782 1622 1908 1694 est,
1970 1612 2130 1681 dili-

584 1725 770 1813 genti
810 1725 1278 1813 inquisitione.

672 1858 706 1894 «
747 1832 991 1899 Etiam
1041 1842 1246 1922 atque
1301 1832 1533 1912 etiam,
1570 1855 1604 1895 n
1649 1829 1808 1919 quia
1860 1850 1981 1918 per
2025 1828 2130 1895 le-

579 1938 875 2007 ctionem
934 1948 1001 2007 et
1035 1939 1569 2014 meditationem,
1623 1936 1734 2005 vel
1791 1938 2126 2004 rationem

579 2052 646 2112 et
674 2043 1186 2122 revelationem,
1203 2045 1310 2113 vel
1331 2044 1709 2112 litteraliter
1727 2051 1792 2111 et
1814 2045 2125 2135 mystice.

671 2175 706 2216 α
746 2151 1148 2241 Speculalio
1187 2151 1523 2233 studiosa,
1566 2178 1599 2214 »
1655 2149 1882 2241 quoad
1941 2172 2133 2218 exer-

582 2256 845 2324 citium.

669 2392 702 2429 c<
735 2365 1073 2444 Modesto,
1114 2394 1146 2427 »
1190 2388 1274 2432 ne
1312 2364 1561 2433 limites
1590 2364 1742 2433 fidei
1776 2374 2126 2454 transgre-

579 2470 880 2541 diantur.

672 2604 706 2639 α
748 2578 1072 2645 Primum
1101 2579 1185 2645 de
1206 2578 1428 2656 rebus,
1466 2603 1500 2645 n
1533 2578 1605 2644 in
1633 2576 1852 2646 tribus
1889 2577 2129 2669 primis

582 2684 770 2754 libris
797 2707 813 2753 :
849 2714 888 2749 «
916 2697 981 2754 et
1001 2696 1236 2777 postea
1259 2687 1341 2755 de
1364 2688 1602 2777 siqniS‚
1624 2687 2055 2766 disseremus,
2093 2710 2125 2749 s

582 2792 655 2859 in
693 2799 935 2883 quarto
975 2793 1176 2861 libro.

678 3007 815 3076 Seu
842 3032 1093 3077 commi
1137 3031 1152 3077 t
1549 3068 1552 3071 ,

680 3117 740 3186 1.
779 3115 936 3184 Jam
974 3139 1178 3208 supra
1207 3116 1399 3194 dixit,
1435 3116 1615 3208 quod
1650 3138 1754 3185 res
1784 3139 1906 3208 per
1936 3117 2134 3207 signa

582 3222 937 3292 discuntur
984 3245 1001 3291 τ
1049 3224 1163 3292 sed
1225 3225 1627 3315 principium
1674 3221 2131 3316 cognoscendi

583 3330 840 3423 aliquid
859 3341 959 3401 est
990 3334 1175 3422 prius
1207 3333 1363 3400 illo:
1397 3355 1561 3424 ergo
1590 3333 1778 3423 prius
1808 3331 1891 3401 de
1918 3331 2134 3422 signis

583 3460 790 3530 quam
829 3437 911 3507 de
950 3437 1149 3507 rebus
1178 3448 1280 3508 est
1315 3438 1679 3530 agendum.

669 3547 735 3613 2.
783 3544 1139 3623 Praeterea,
1195 3546 1488 3638 Signum
1564 3546 1721 3615 facit
1789 3547 1883 3614 rei
1943 3556 2059 3614 not
2074 3546 2134 3612 i-

580 3651 743 3720 tiam
771 3675 787 3720 τ
832 3676 995 3743 ergo
1028 3661 1128 3721 est
1162 3654 1347 3743 prius
1379 3651 1527 3722 illo.

668 3865 976 3936 Somno.
1014 3867 1163 3936 lloc
1202 3876 1379 3936 esset
1409 3890 1642 3936 verum
1673 3869 1730 3935 si
1759 3869 2037 3959 signum
2064 3876 2131 3936 et

577 3995 683 4041 res
711 3975 1179 4065 acciperentur
1202 3976 1269 4042 in
1287 3973 1526 4043 eodem
1548 3973 1811 4054 ordine,
1843 3973 2125 4055 scilicet,

577 4081 760 4171 quod
789 4083 1063 4173 signum
1115 4090 1289 4150 esset
1330 4081 1510 4149 illius
1551 4083 1648 4150 rei
1695 4082 1998 4173 signum,
2042 4082 2126 4152 de

577 4211 709 4278 qua
740 4196 838 4257 est
873 4188 1126 4258 locutio
1163 4217 1177 4258 ε
1210 4189 1328 4258 sed
1360 4189 1489 4259 hoc
1527 4212 1665 4257 non
1696 4198 1797 4258 est
1830 4213 2068 4260 verum
2102 4213 2119 4260 ε

574 4294 737 4386 quia
776 4318 881 4362 res
911 4305 1070 4363 sunt
1101 4296 1427 4380 fruibiles‚
1469 4305 1535 4365 et
1573 4295 1871 4380 nubiles,
1903 4296 2129 4366 fruen-

576 4410 675 4471 tes
713 4410 781 4470 et
838 4410 1133 4482 utentes,
1176 4426 1330 4495 qum
1387 4426 1525 4471 non
1562 4425 1684 4494 per
1746 4427 1817 4472 se
1870 4405 2126 4496 signiti-

573 4517 814 4578 cantur
866 4508 1001 4577 illis
1074 4511 1313 4601 signis,
1366 4510 1448 4579 de
1504 4510 1750 4601 quibus
1788 4511 2013 4602 agitur
2055 4511 2123 4579 in

571 4614 744 4683 libro
794 4624 1038 4707 quarto
1083 4639 1098 4684 ε
1167 4625 1233 4684 et
1292 4616 1444 4686 ideo
1503 4615 1795 4706 objectio
1837 4617 1952 4684 illa
1984 4640 2123 4686 non

576 4721 908 4813 procedit.

1080 5072 1320 5117 mvlsxo
1366 5072 1632 5118 rurus·

676 5282 705 5318 a
758 5257 1009 5324 Veteris
1038 5280 1119 5325 ae
1156 5282 1346 5327 ²202*ae
1377 5258 1579 5349 leqis,'
1604 5266 1732 5328 etc.
1772 5285 1805 5322 ι)

665 5361 989 5431 Doctrina
1035 5365 1231 5432 istius
1266 5364 1420 5432 libri
1458 5387 1608 5456 quae
1649 5365 1854 5433 modo
1886 5365 2128 5456 dispu-

634 5615 664 5716 ᾗ
718 5615 808 5672 Cf.
862 5616 1163 5692 epilogum
1215 5617 1462 5691 hujusce
1529 5617 1736 5691 primoe
1792 5616 2130 5677 distinctio-

582 5719 705 5762 nis.

2242 525 2516 612 tationis
2590 535 2917 635 procedit,
2991 556 3055 614 et
3132 546 3217 613 ad
3309 544 3802 635 perfectionem·

2241 651 2621 718 intellectus
2660 653 3034 720 secundum
3086 655 3436 722 scientiam
3488 651 3784 719 Theolo-
3847 660 3848 663 ’

2237 758 2362 848 giae
2391 767 2490 825 est
2521 760 2857 844 ordinata,
2902 759 3230 827 dividitur
3269 763 3338 829 in
3384 770 3519 829 tres
3565 769 3784 851 partes

2237 865 2480 934 totales
2531 870 2652 935 :in
2685 890 2975 959 quarum
3029 867 3254 957 prima
3309 869 3512 935 modo
3571 891 3782 957 prooe·

2236 974 2422 1040 miali
2460 977 2783 1065 proponit
2825 998 2907 1043 ea
2954 976 3037 1044 de
3077 974 3325 1066 quibus
3372 981 3448 1040 ut
3503 974 3782 1064 subjecti

2236 1081 2538 1167 partibus
2603 1090 2705 1149 est
2757 1081 2899 1150 haec
2974 1083 3328 1151 doctrina.
3371 1079 3446 1147 In
3486 1082 3777 1148 secunda
3903 1167 3918 1174 ὓ

2238 1193 2462 1251 autem
2523 1188 2915 1275 exsequitur
2981 1188 3267 1277 quaesita
3334 1187 3509 1255 circa
3544 1186 3782 1275 subje-

2234 1297 2445 1370 ctum,
2490 1300 2554 1359 et
2591 1300 2816 1382 partes
2847 1292 3061 1383 ipsius
3095 1315 3113 1363 ε
3149 1302 3224 1361 ut
3251 1294 3334 1379 de
3377 1293 3676 1382 subjecto
3715 1299 3782 1360 et

2232 1399 2664 1487 passionibus
2703 1400 2850 1489 ejus
2889 1401 3172 1468 scientia
3221 1400 3574 1468 habeatur.
3609 1399 3782 1479 Quia

2232 1528 2395 1574 vero
2428 1509 2714 1575 materia
2755 1507 2998 1576 diffuse
3047 1530 3170 1599 per
3221 1515 3514 1599 quatuor
3556 1516 3779 1598 partes

2233 1621 2557 1683 tractatur
2604 1616 2675 1682 in
2732 1614 2934 1700 libro,
2969 1624 3038 1684 et
3066 1615 3376 1706 quaedam
3418 1624 3639 1705 partes
3674 1617 3781 1706 ip-

2233 1721 2374 1788 sius
2413 1721 2693 1789 occultae
2721 1730 2904 1801 sunt,
2943 1722 3255 1814 quaedam
3279 1730 3523 1818 ‘autem
3564 1723 3779 1813 magis

2233 1826 2659 1896 manifestae:
2718 1830 2894 1897 sicut
2949 1829 3033 1897 de
3073 1816 3368 1909 aeterniS,
3426 1838 3491 1897 et
3539 1829 3620 1896 de
3675 1827 3780 1895 his

2233 1956 2385 2024 quae
2426 1944 2626 2002 erunt
2671 1943 2827 2024 post
2864 1934 3072 2003 finem
3134 1936 3397 2014 mundi,
3434 1935 3712 2004 occultae
3754 1958 3770 2003 ε

2233 2040 2315 2109 de
2352 2045 2594 2110 creatis
2635 2051 2860 2110 autem
2903 2043 3123 2134 magis
3170 2043 3542 2111 manifestae
3576 2042 3773 2111 :ideo
3832 2129 3842 2138 .

2230 2147 2304 2214 in
2340 2147 2631 2239 Epilogo
2669 2149 2740 2215 in
2771 2148 2906 2216 sine
2943 2148 3098 2217 libri
3132 2151 3375 2240 repetit
3402 2172 3481 2217 ea
3512 2149 3593 2217 de
3618 2150 3774 2239 qui·
3890 2180 3898 2186 ·

2233 2254 2360 2322 bus
2387 2253 2580 2323 dixit.
2614 2264 2624 2272 '
2888 2337 2893 2341 ,

2326 2361 2641 2429 Secunda
2670 2369 2898 2429 autem
2930 2385 3089 2453 pars
3132 2363 3370 2453 incipit
3407 2364 3476 2430 in
3523 2363 3776 2454 princi-

2233 2470 2346 2560 pio
2420 2469 2736 2538 secundae
2786 2470 3261 2539 Distinctionis
3341 2471 3494 2539 libri
3545 2471 3772 2561 primi,

2233 2579 2354 2659 ibi,
2418 2605 2452 2645 ι
2496 2580 2639 2647 Hoc
2671 2580 2905 2670 itaque
2940 2603 3100 2648 vera
3139 2590 3202 2647 et
3225 2582 3356 2673 pia
3381 2580 3545 2668 fide,
3578 2588 3704 2648 etc.
3738 2606 3805 2642 »-

2232 2687 2456 2755 Tertia
2509 2710 2674 2755 vero
2731 2687 2971 2778 incipit
3027 2689 3096 2755 in
3150 2687 3282 2757 line
3330 2689 3553 2779 quarti
3599 2685 3774 2770 libri,

2237 2795 2356 2877 ibi,
2401 2820 2436 2861 α
2471 2797 2630 2864 Ilaec
2670 2795 2756 2863 de
2784 2794 3102 2888 pedibu&
3150 2822 3185 2859 n

2323 2901 2557 2969 Prima
2610 2898 2856 2970 harum
2921 2903 3221 2992 partium
3277 2901 3659 2971 continetur
3701 2902 3771 2969 in

2235 3009 2362 3077 hac
2389 3011 2706 3101 praesenti
2748 3010 3220 3091 Distinctione,
3248 3016 3316 3078 et
3353 3008 3672 3078 dividitur
3706 3009 3777 3077 in

2237 3117 2406 3185 duas
2443 3124 2695 3209 partes.
2737 3116 2817 3186 In
2852 3119 3076 3210 prima
3123 3118 3308 3187 enim
3345 3126 3535 3209 parte
3591 3117 3776 3185 inve·

2237 3226 2439 3316 stigat.
2468 3223 2832 3293 dividendo
2870 3232 2938 3294 et
2966 3223 3353 3295 deliniendo
3386 3247 3508 3316 per
3534 3232 3778 3292 aucto-

2236 3331 2469 3399 ritates
2507 3329 2918 3399 Sanctorum
2956 3354 3038 3401 ea
3068 3330 3152 3401 de
3191 3330 3439 3421 quibus
3466 3329 3781 3422 tractabit

2236 3445 2313 3505 ut
2340 3436 2421 3505 de
2459 3438 2787 3527 subjecto.
2823 3438 3170 3518 Secundo,
3200 3446 3640 3507 exsecuturus
3669 3458 3769 3516 ea,

2236 3545 2630 3612 summatim
2701 3544 2985 3637 colligit,
3055 3554 3121 3614 et
3201 3546 3421 3636 tangit
3471 3543 3775 3613 ordinem

2237 3675 2373 3742 quo
2402 3652 2797 3743 exsequitur
2828 3660 2937 3721 :et
2964 3651 3097 3721 hoc
3137 3653 3206 3721 in
3245 3651 3489 3720 ultimo
3519 3653 3774 3741 capitu·

2237 3758 2303 3826 lo
2351 3760 2548 3826 istius
2594 3758 3089 3838 Distinctionis,
3151 3759 3272 3838 ibi,
3345 3784 3378 3824 ι
3454 3758 3774 3827 Omnium

2236 3869 2455 3956 iqitur
2480 3890 2631 3958 quae
2660 3867 2848 3935 dicta
2869 3877 3056 3947 sunt,
3090 3875 3221 3937 etc.
3256 3875 3301 3937 ¹.
3338 3891 3372 3933 n

2321 3975 2552 4043 Prima
2581 3973 2828 4044 harum
2859 3974 3080 4044 adhuc
3109 3974 3434 4045 dividitur
3453 3976 3523 4042 in
3550 3975 3718 4042 duas
3750 3996 3768 4042 ε

2233 4084 2301 4151 in
2333 4107 2621 4175 quarum
2664 4085 2884 4176 prima
2914 4108 3034 4175 per
3081 4085 3516 4154 auctoritates
3545 4093 3611 4153 et
3661 4082 3771 4149 di-

2229 4193 2527 4261 visiones
2570 4200 2634 4260 et
2691 4192 3163 4262 distinctiones
3202 4193 3466 4285 quaerit,
3498 4192 3597 4259 De
3636 4211 3769 4282 quo

2229 4308 2305 4367 ut
2331 4299 2413 4368 de
2470 4298 2777 4389 subjecto
2833 4299 2921 4367 sit
2976 4308 3123 4368 tota
3166 4298 3600 4390 Theologia?
3638 4297 3766 4365 Se-

2228 4407 2451 4477 cundo
2477 4415 2707 4476 autem
2754 4407 2972 4499 tangit
3003 4406 3212 4475 dubia
3265 4405 3767 4476 circumstantia

2228 4538 2377 4605 quae
2431 4514 2939 4597 determinavit,
2973 4514 3092 4593 ibi,
3144 4512 3224 4595 C,
3287 4539 3322 4579 α
3373 4511 3772 4582 Notandum

2228 4643 2380 4688 vero
2409 4619 2599 4712 quod
2626 4619 2804 4687 idem
2832 4611 3291 4711 Auqiaestitms,
3323 4626 3451 4687 etc.
3483 4636 3508 4673 ¹
3539 4642 3573 4684 n

2316 4728 2545 4795 Prima
2598 4724 2841 4796 harum
2897 4727 3121 4796 adhuc
3196 4725 3653 4795 subdividitur
3704 4725 3774 4794 in

2228 4834 2419 4915 (luas,
2464 4833 2841 4903 secundum
2874 4833 3060 4925 quod
3097 4833 3235 4901 duo
3289 4835 3658 4925 exiguntur
3694 4830 3779 4899 ad

2227 4943 2606 5023 scientiam,
2649 4942 2930 5020 scilicet,
2965 4950 3042 5011 ut
3069 4942 3324 5011 sciatur
3351 4940 3436 5010 de
3483 4963 3621 5032 quo
3677 4946 3783 5009 est

2230 5056 2303 5116 ut
2332 5049 2415 5117 de
2454 5047 2788 5138 subjecto,
2822 5057 2889 5118 et
2927 5057 3004 5117 ut
3042 5050 3297 5117 sciatur
3322 5048 3488 5140 quid
3524 5049 3783 5139 quaeri-

2228 5167 2338 5225 tur
2386 5158 2470 5227 de
2509 5157 2655 5237 illo,
2718 5158 2788 5226 id
2827 5165 2953 5238 est,
3013 5180 3168 5251 quae
3210 5158 3558 5250 passiones
3601 5155 3781 5225 illius

2226 5266 2510 5357 subjecti
2540 5276 2606 5333 et
2648 5266 2950 5357 partium
2978 5265 3156 5354 ejuS,
3204 5267 3347 5335 sive
3413 5287 3561 5355 quae
3614 5285 3776 5356 pro-

2227 5375 2547 5464 prietates
2586 5373 2735 5462 ejus
2785 5373 3308 5465 investigentur.
3363 5373 3598 5441 Prima
3642 5370 3772 5438 ha-

2297 5623 2322 5660 ¹
2353 5619 2497 5679 Vide
2527 5618 2702 5690 iufra,
2733 5621 2796 5692 C,
2826 5620 3009 5678 Artic.
3055 5637 3149 5679 xvi
3190 5627 3252 5679 et
3278 5638 3405 5694 seq.
