4897 6388
385 4717 477 4761 sed
503 4721 685 4762 contra.

716 289 844 356 474

712 462 1006 560 yeritati‚
1041 487 1179 533 non
1218 465 1549 556 sequitur,
1587 464 2037 555 quod‘seipsa
2065 447 2259 529 vido·
2365 465 2515 555 (per
2539 462 2747 550 fidem
2777 461 2955 526 enim
2998 443 3466 539 ambulamus,
3509 467 3570 524 et
3605 475 3743 523 non
3788 478 3913 543 per

716 578 896 638 retur
946 583 1218 664 propter
1255 596 1492 642 causas
1523 574 1711 664 prius
1751 572 1985 651 dictem,
2021 594 2259 662 quam-

712 678 815 743 vis
846 688 1021 746 esset
1048 680 1339 749 visibilis
1371 680 1452 748 de
1492 702 1587 749 se.

1143 1205 1650 1277 ARTlCULUS
1701 1205 1821 1272 Vl.

708 1430 815 1494 An
845 1429 1031 1494 Deus
1064 1429 1132 1492 in
1163 1427 1274 1493 via
1304 1426 1526 1493 videri
1556 1434 1781 1515 potest
1810 1448 1851 1490 (1
1904 1425 2096 1492 nobi-s·
2135 1447 2260 1515 pen

988 1537 1286 1628 seipsum
1316 1544 1442 1601 auc
1474 1556 1601 1626 per
1615 1535 1900 1624 speciem
1928 1532 1968 1600 Ρ

795 1966 1056 2034 Deinde
1099 1967 1432 2057 quaeritur
1478 1963 1560 2031 de
1619 1961 1752 2031 hoc
1797 1961 1981 2053 quod
2037 1961 2195 2029 dicit
2234 1981 2251 2027 ε

711 2104 745 2141 α
793 2079 930 2162 Qui
974 2076 1214 2168 diliqit
1248 2081 1544 2166 fratrem
1580 2095 1812 2151 suum,
1871 2074 1940 2140 in
2001 2072 2260 2139 lvmine

706 2193 959 2267 manet,
992 2194 1118 2253 etc.
1156 2208 1191 2249 ι

799 2295 859 2358 1.
916 2289 1201 2359 Videtur
1246 2290 1432 2358 enim
1474 2311 1555 2358 ex
1586 2285 1719 2357 hoc
1748 2287 1934 2380 quod
1969 2287 2258 2357 charitas

707 2401 935 2467 divina
976 2400 1062 2467 sit
1106 2398 1340 2468 lumen
1383 2421 1400 2466 t
1445 2397 1560 2467 sed
1613 2395 1848 2465 lumen
1896 2399 2117 2488 seipso
2155 2397 2258 2464 vi·

708 2512 903 2578 detur
947 2533 962 2577 :
1025 2533 1188 2601 ergo
1249 2508 1519 2577 videtur
1568 2507 1763 2599 sequi
1796 2529 1878 2574 ex
1909 2506 2038 2574 hoc
2077 2505 2256 2596 quod

709 2618 891 2686 Deus
929 2616 1037 2685 bic
1096 2617 1164 2685 in
1209 2617 1322 2685 via
1370 2614 1682 2683 videatur
1712 2636 1832 2704 per
1875 2616 2172 2704 seipsum
2221 2635 2260 2679 a

707 2725 907 2794 nobis
943 2748 958 2793 t
992 2746 1155 2817 ergo
1183 2724 1457 2794 videtur
1485 2745 1606 2815 per
1641 2723 1961 2813 speciem.

795 2837 859 2902 2.
896 2834 1260 2918 l‘roeterea,
1297 2831 1370 2901 Si
1414 2831 1729 2900 videatur
1757 2830 1828 2899 in
1858 2832 2076 2921 specie
2107 2852 2259 2921 quae

706 2951 806 3010 est
843 2941 1246 3020 similitudo,
1301 2963 1453 3032 quoe
1513 2940 1773 3031 species
1818 2948 2111 3030 ponetur
2145 2939 2260 3005 ei?

707 3071 846 3116 non
876 3049 1057 3116 enim
1099 3047 1184 3117 ab
1216 3050 1365 3139 ipso
1397 3045 1699 3115 abstrahi
1741 3054 1962 3137 potest
2000 3045 2259 3136 species

711 3159 939 3249 aliqua
981 3178 997 3229 ε
1040 3167 1104 3227 et
1142 3159 1198 3226 si
1233 3157 1489 3249 aliquid
1523 3159 1667 3248 ipse
1700 3166 1878 3225 creat
1923 3156 1989 3223 in
2029 3162 2261 3223 nostro

717 3266 1084 3341 intellectu,
1132 3266 1298 3335 illud
1341 3290 1479 3334 non
1511 3265 1927 3357 eritjspecies
1956 3286 2078 3331 sua
2108 3282 2262 3355 quae

720 3377 803 3442 sit
835 3374 1007 3441 ratio
1049 3372 1503 3465 cognoscendi
1549 3375 1774 3463 ipsum
1808 3395 1825 3441 τ
1882 3395 2043 3465 ergo
2080 3369 2266 3438 vide-

725 3487 856 3562 tur,
891 3484 1070 3573 quod
1112 3491 1226 3550 aut
1270 3506 1407 3550 nnn
1446 3481 1910 3572 cognoscitur,
1965 3488 2080 3547 aut
2110 3500 2269 3569 cog-

723 3591 1026 3658 noscitur
1062 3614 1182 3681 per
1209 3592 1535 3682 seipsum.
1579 3590 1654 3656 Si
1686 3589 1894 3671 dicas,
1941 3587 2120 3678 quod
2159 3586 2268 3653 vi-

724 3697 921 3765 detur
957 3720 1076 3788 per
1112 3700 1451 3768 effectum.
1506 3699 1778 3766 Coxru
1823 3718 1840 3766 ε
1891 3697 2050 3764 liaec
2094 3695 2267 3763 visio

725 3807 925 3873 etiam
993 3808 1311 3897 competit
1383 3830 1521 3873 non
1596 3804 2004 3874 habentibus
2057 3804 2270 3874 chari·

724 3921 959 3987 tatem,
1003 3922 1064 3978 et
1132 3914 1338 3979 etiam
1398 3934 1538 3979 non
1606 3909 2012 3981 habentibus
2065 3911 2265 3980 fidem

725 4015 1141 4085 Catholicam
1191 4040 1395 4105 :ergo
1430 4016 1720 4096 videtur,
1753 4018 1934 4110 quod
1964 4041 2120 4088 cum
2152 4040 2270 4085 no·

725 4123 944 4193 biliori
1014 4127 1276 4193 visione
1340 4123 1567 4194 videat
1625 4124 1882 4195 habens
1940 4127 2135 4194 tidem
2203 4135 2267 4195 et

726 4233 1148 4309 charitatem,
1193 4234 1260 4299 in
1323 4255 1461 4324 quo
1510 4232 1694 4300 Deus
1733 4258 1852 4325 per
1905 4234 2266 4302 essentiam

727 4351 791 4407 et
847 4338 1337 4407 inhabitantem
1396 4342 1685 4430 gratiam
1747 4352 1871 4415 est,
1924 4341 2106 4433 qnod
2160 4341 2268 4409 ille

729 4446 955 4513 videat
1019 4468 1141 4535 per
1195 4449 1487 4536 speciem
1548 4470 1705 4514 eum
1775 4450 1888 4539 qui
1959 4457 2061 4515 est
2127 4450 2267 4537 ipse

737 4555 938 4620 Deus.

824 4661 956 4725 Stn
983 4681 1228 4726 cos-rna
1263 4684 1276 4727 :

833 4768 888 4831 l.
913 4764 1343 4853 Apostolus]
1380 4765 1464 4832 ad
1486 4766 1795 4834 Corinth.
1822 4791 1962 4847 xm,
2003 4771 2114 4834 12:
2156 4769 2272 4833 1”ι’-

734 4874 970 4937 demus
1018 4895 1198 4938 mmc·
1228 4896 1353 4963 per
1387 4873 1742 4964 speculum
1776 4875 1843 4941 ιή
1872 4877 2269 4965 oeniqnmte:

732 4992 891 5046 lunc
927 4990 1152 5046 autem
1184 4982 1368 5068 socie·
1422 4981 1519 5045 ad
1567 4984 1844 5071 faciem.
1879 4986 2077 5051 Nunc
2119 5005 2271 5071 coq-

730 5111 925 5154 nosco
956 5111 1039 5153 esc
1078 5099 1329 5179 parte:
1374 5100 1537 5156 teme
1575 5100 1803 5158 autem
1844 5115 2264 5182 coqemseam,

727 5195 901 5259 sicut
937 5205 999 5260 e!
1027 5197 1339 5284 coqm'ms
1375 5219 1555 5262 sum.

818 5303 880 5365 2.
928 5299 1120 5383 ltem,
1160 5301 1212 5367 ΙΙ
1258 5301 1339 5368 ad
1373 5301 1678 5369 Corinth.
1721 5327 1786 5382 v,
1822 5308 1861 5368 ti
1899 5329 1913 5372 :
1950 5308 2130 5373 Dum
2160 5329 2273 5373 su-

732 5425 883 5471 mus
912 5408 980 5471 in
1008 5430 1308 5498 corpore,
1338 5397 1866 5498 peregrinamur
1892 5437 1934 5480 α
1977 5414 2267 5481 Domino

805 5634 819 5667 ¹
854 5631 875 5686 l
910 5632 1061 5688 Petr.
1098 5652 1169 5703 iv,
1202 5637 1256 5690 8.

1748 291 1833 360 D.
1886 291 2082 360 ΑΕΒ.
2136 289 2350 359 MAG.
2403 289 2605 359 ORD.
2663 288 2960 358 PRAED.

2360 571 2702 660 speciem).

2455 781 2758 848 Somno,
2803 779 3095 869 Quidam
3128 782 3269 846 istis
3301 777 3673 846 rationibus
3705 779 3895 854 moti,
3984 805 4183 854 somno.

2365 890 2596 958 dicunt
2625 888 2807 979 quod
2846 888 3026 956 Deus
3056 888 3167 956 hic
3202 911 3324 978 per
3367 888 3660 978 speciem
3709 886 3899 954 vide·

2365 1007 2474 1065 tur
2507 1019 2521 1064 :
2556 996 2677 1064 sed
2706 995 2874 1064 adeo
2903 996 3123 1063 tenuis
3152 1004 3254 1064 est
3282 995 3483 1076 visio,
3519 993 3699 1085 quod
3725 994 3899 1061 visio

2361 1129 2499 1174 non
2529 1113 2752 1197 potest
2791 1104 3141 1196 appellari.
3190 1104 3334 1171 Hoc
3364 1111 3592 1171 autem
3620 1125 3756 1170 non
3796 1104 3906 1170 vi-

2363 1217 2559 1284 detur
2591 1215 2723 1281 nisi
2762 1213 2932 1281 forte
2974 1214 3041 1279 in
3102 1222 3319 1302 raptu,
3368 1212 3641 1302 quando
3691 1210 3902 1280 homo

2362 1346 2500 1391 non
2532 1323 2740 1389 utitur
2770 1320 3115 1388 intellectu
3147 1342 3229 1386 ex
3275 1318 3744 1408 phantasmate
3786 1341 3906 1386 ac-

2360 1431 2670 1521 cipiente.
2704 1427 2790 1494 Et
2817 1427 2969 1495 ideo
2989 1427 3255 1494 videtur
3283 1425 3477 1505 mihi,
3513 1425 3696 1516 quod
3722 1424 3904 1492 Deus

2362 1557 2658 1628 praesens
2697 1537 2768 1603 in
2798 1537 3026 1603 anima
3055 1536 3352 1603 cernitur
3388 1536 3459 1601 in
3506 1532 3903 1601 suo-ellectu

2363 1647 2476 1737 qui
2506 1653 2605 1713 est
2633 1646 2852 1736 gratia
2881 1644 3080 1713 nobis
3122 1643 3299 1728 data,
3342 1650 3412 1711 et
3446 1643 3783 1733 praecipue
3832 1644 3901 1710 in

2361 1754 2683 1822 charitate
2712 1774 2865 1845 quae
2898 1753 3154 1843 optima
3182 1753 3512 1819 virtutum
3554 1759 3621 1819 et
3666 1752 3905 1818 intima

2362 1870 2485 1941 est,
2520 1870 2587 1929 et
2617 1860 2963 1928 simillima
3000 1861 3258 1950 patrue,
3317 1860 3479 1949 quia
3536 1858 3906 1926 essentiali-

2362 1979 2463 2040 ter
2499 1976 2567 2036 et
2604 1968 3135 2036 substantialiter
3157 1954 3400 2034 'manet
3429 1967 3499 2032 in
3548 1966 3783 2054 patria,
3828 1964 3903 2033 li·

2362 2086 2467 2146 cet
2496 2074 2741 2144 modus
2770 2077 2917 2165 ejus
2946 2075 3033 2143 sit
3062 2074 3259 2142 alius.
3481 2143 3490 2150 ,

2450 2186 2554 2252 An
2582 2206 2840 2252 rammi
2870 2204 3031 2273 ergo
3061 2180 3446 2258 dicendum,
3504 2179 3683 2269 quod
3731 2179 3902 2249 eba-

2367 2293 2529 2361 ritas
2556 2292 2788 2359 lumen
2817 2300 2919 2359 est
2953 2312 3075 2382 per
3102 2289 3418 2358 ellectum
3464 2285 3742 2356 luminis
3785 2288 3903 2378 qui

2367 2410 2466 2471 est
2495 2400 2850 2493 multiplex
2888 2422 2903 2468 ε
2937 2399 3054 2469 sed
3094 2408 3358 2467 tantum
3408 2406 3702 2488 quatuor
3748 2406 3905 2465 sunt

2362 2512 2874 2605 principaliores
2934 2520 3121 2579 actus
3178 2511 3325 2599 ejus
3359 2528 3376 2576 t
3410 2531 3701 2601 quorum
3757 2509 3907 2599 pri-

2364 2643 2516 2690 mus
2571 2630 2673 2689 est
2726 2617 3176 2688 illuminando
3249 2616 3498 2708 pellere
3564 2615 3898 2685 tenebras·

2367 2727 2719 2798 Secundus
2749 2736 2852 2795 est
2888 2725 3239 2794 ostendere
3269 2747 3349 2793 ea
3385 2746 3542 2816 quse
3573 2724 3897 2801 latebant,

2365 2846 2430 2906 et
2469 2835 2600 2905 hoc
2637 2836 2970 2927 praecipue
3018 2833 3389 2902 secundum
3436 2832 3622 2925 quod
3677 2841 3779 2901 est
3831 2833 3903 2900 in

2364 2946 2787 3014 extremitate
2839 2943 3177 3035 perspicui
3234 2949 3556 3031 tangente
3620 2962 3902 3031 corpora

2367 3051 2776 3122 terminata:
2810 3050 2970 3143 quia
3015 3049 3114 3117 sic
3153 3048 3312 3116 facit
3354 3058 3581 3117 actum
3626 3046 3901 3127 coloris,

4006 2231 4089 2279 Ad
4122 2232 4160 2278 1.

2368 3166 2435 3230 et
2484 3158 2806 3228 colorata.
2856 3156 3121 3227 Tertius
3185 3164 3288 3225 est
3348 3153 3907 3247 multiplicatione
4030 3176 4051 3191 ’

2372 3267 2712 3337 radiorum
2743 3264 3109 3334 dissolvere
3146 3273 3213 3332 et
3249 3264 3634 3342 calefacere,
3677 3285 3911 3332 secun·

2369 3374 2531 3443 dum
2563 3371 2747 3464 quod
2774 3372 2995 3463 magis
3024 3369 3664 3462 perpendiculariter
3699 3393 3910 3462 oppo-

2371 3485 2553 3551 nitur
2588 3482 2660 3551 id
2693 3481 2879 3573 quod
2926 3480 3288 3557 illuminat.
3330 3481 3494 3571 quia
3537 3479 3908 3549 secundum

2372 3589 2556 3658 illam
2594 3589 3104 3681 proportionem
3134 3589 3411 3656 reflexio
3442 3586 3514 3654 lit
3542 3587 3628 3655 ad
3662 3586 3912 3655 acutio-

2373 3721 2479 3768 res
2501 3698 2609 3766 vel
2641 3696 3024 3765 babetiores
3061 3694 3374 3786 angulos.
3407 3693 3704 3774 Quartus
3744 3694 3914 3761 etie-

2373 3809 2524 3877 ctus‘
2558 3813 2823 3875 estnon
2861 3805 3088 3873 omnis
3115 3803 3309 3886 lucis,
3342 3803 3459 3872 sed
3500 3801 3676 3879 coeli‚
3728 3801 3913 3871 scili-

2374 3925 2478 3984 cet
2507 3935 2781 3982 movere
2819 3912 2905 3981 ad
2941 3912 3232 4003 speciem
3271 3932 3394 4002 per
3436 3911 3754 3979 virtutem
3800 3911 3912 3977 vi-

2375 4023 2781 4092 vificativum
2850 4022 3041 4112 quasi
3126 4043 3347 4088 rerum
3414 4019 3907 4108 generabilium

2378 4132 2784 4201 naturalium
2825 4138 2890 4197 et
2917 4126 3484 4218 corruptibilium.
3521 4128 3688 4195 Dico
3717 4151 3909 4218 ergo,

2377 4241 2558 4333 quod
2586 4238 2876 4307 charitas
2905 4246 2970 4306 ct
3009 4238 3255 4305 veritas
3283 4235 3591 4303 dividunt
3625 4236 3783 4304 istos
3810 4259 3916 4303 ar-

2378 4359 2484 4416 tus
2524 4351 2695 4415 inter
2749 4370 2820 4414 sc
2876 4368 2892 4413 ε
2953 4343 3177 4435 quoad
3237 4342 3642 4411 illluminare
3700 4347 3916 4432 magis

2379 4457 2695 4524 convenit
2734 4454 3025 4530 veritati,
3078 4461 3141 4520 et
3179 4451 3403 4543 quoad
3451 4450 3914 4542 expulsionem

2378 4563 2810 4631 tenebrarum
2858 4561 3261 4652 ignorantiae
3318 4568 3383 4629 et
3443 4559 3855 4629 infidelitatis
3896 4584 3911 4629 ε

2379 4669 2494 4739 sed
2527 4668 2749 4760 quoad
2780 4667 3245 4760 expulsionem
3277 4669 3529 4758 peccati
3572 4666 3753 4757 quod
3794 4691 3921 4735 na-

2381 4781 2588 4847 scitur
2616 4801 2697 4845 ex
2737 4786 3052 4869 corrupto
3083 4776 3351 4854 ellectu,
3401 4777 3617 4864 magis
3664 4798 3920 4859 conve-

2382 4889 2481 4956 nit
2516 4887 2850 4964 charitati.
2885 4889 3050 4978 quia
3082 4886 3382 4953 charitas
3419 4887 3635 4975 opt-ri!
3673 4885 3919 4952 medli-

2381 4996 2687 5063 tmlinem
2719 5003 3149 5088 peccatorum
3192 4994 3236 5058 ¹.
3292 4991 3645 5059 Secundus
3690 5001 3917 5060 autem

2381 5110 2562 5169 totus
2618 5110 2714 5169 est
2764 5101 3088 5169 veritatis.
3129 5099 3395 5165 'l'ertius
3445 5105 3673 5167 auiem
3735 5107 3918 5168 totus

2380 5207 2721 5275 charitatis
2751 5229 2871 5298 per
2907 5228 2977 5273 se
3042 5203 3405 5294 loquendo.
3443 5203 3737 5282 Quartus
3791 5228 3919 5273 au-

2381 5326 2515 5383 tem
2563 5316 2911 5404 utriusque
2954 5336 2969 5378 ε
3022 5315 3179 5402 quia
3219 5319 3504 5401 utraque
3554 5312 3914 5397 foecundat,

2380 5424 2628 5490 veritas
2657 5419 3099 5495 intellectum,
3133 5427 3198 5485 et
3225 5416 3517 5486 charitas
3573 5417 3914 5489 affectum.
