4897 6388
760 307 889 372 5t2
1745 304 1828 370 D.
1884 301 2079 372 ALB.
2131 303 2345 370 MAG.
2398 301 2604 371 ORD.
2663 301 2954 370 PRAEn.

1245 794 1327 867 T.
1381 789 1603 881 Quod
1631 792 1843 866 Deus
1894 813 2048 864 reon
2089 797 2198 864 est
2226 789 2595 865 dicendus
2641 790 2953 887 triplae,
3012 790 3150 864 sed
3186 790 3460 863 trinus.

849 1135 1262 1222 Praeterea,
1292 1157 1470 1208 cum
1495 1134 1704 1207 Deus
1732 1133 2028 1206 dicatur
2066 1132 2337 1226 trinus,
2375 1156 2529 1207 non
2563 1141 2816 1208 tamen
2844 1133 3071 1208 debet
3095 1131 3278 1205 dicit
3297 1131 3565 1229 riplex.
3604 1130 3718 1205 Ibi
3748 1128 3951 1203 enim

749 1293 902 1343 non
947 1278 1064 1344 est
1112 1268 1544 1369 triplicitas,
1594 1268 1724 1343 ubi
1783 1291 2085 1343 summa
2142 1278 2254 1342 est
2311 1267 2563 1343 unitas
2602 1278 2676 1355 et
2741 1267 3187 1343 indifferens
3253 1265 3683 1364 aequalitas.
3733 1263 3954 1341 Unde

743 1402 1226 1502 Augustinus
1267 1402 1346 1476 in
1391 1402 1586 1478 libro
1619 1402 1719 1476 Vl
1753 1402 1845 1476 de
1896 1401 2268 1478 Trinitate
2308 1402 2412 1477 ait
2443 1427 2460 1461 ι
2499 1425 2515 1476 ;
2561 1402 2730 1477 Non
2767 1402 3135 1500 quoniam
3184 1401 3396 1503 Deus
3436 1398 3768 1475 Trinitas
3806 1392 3984 1493 est,'

746 1540 916 1615 ideo
958 1539 1235 1639 triplex
1268 1540 1665 1638 putandus
1697 1550 1812 1616 est
1846 1563 1861 1614 :
1896 1538 2235 1637 alioquin
2282 1539 2535 1615 minor
2578 1549 2780 1616 esset
2819 1539 3049 1615 Pater
3077 1541 3320 1632 soluS,
3364 1540 3482 1614 vel
3541 1537 3783 1614 Filius
3822 1561 3953 1613 so-

749 1674 904 1769 luS‚
943 1697 1175 1773 quarn
1219 1674 1453 1749 simul
1492 1676 1721 1750 Pater
1759 1683 1833 1750 et
1872 1674 2133 1749 Filius.
2171 1675 2360 1749 Cum
2406 1674 2661 1773 itaque
2701 1683 2962 1750 tantus
2990 1649 3107 1750 est
3138 1674 3367 1749 Pater
3405 1674 3645 1769 soluS‚
3677 1673 3802 1750 vel
3836 1696 3953 1748 so·

746 1807 869 1884 lus
909 1807 1182 1903 Filius,
1232 1810 1353 1884 vel
1395 1810 1609 1884 solus
1649 1809 1979 1908 Spiritus
2018 1818 2355 1904 sanctuS,
2399 1817 2735 1907 quantus
2766 1819 2880 1884 est
2931 1808 3163 1914 simul
3205 1808 3431 1884 Pater
3484 1819 3559 1883 et
3597 1806 3837 1884 Filius
3875 1818 3952 1885 et

742 1942 1078 2041 Spiritus
1118 1953 1465 2040 sanctus,
1508 1946 1725 2020 nullo
1770 1944 1994 2019 rnodo
2041 1942 2310 2043 triplex
2348 1942 2720 2020 dicendus
2771 1955 2886 2020 est
2932 1944 3171 2020 DeuS.
3234 1943 3404 2019 Non
3463 1942 3670 2020 enim
3723 1944 3949 2020 Pater

741 2100 918 2152 cum
952 2076 1145 2151 Filio
1178 2086 1254 2153 et
1284 2077 1576 2178 Spiritu
1607 2088 1901 2173 sanem,
1934 2078 2175 2175 major
2196 2079 2403 2156 Deus
2429 2088 2547 2156 est
2585 2102 2817 2178 quam
2860 2079 3146 2179 singuli
3205 2103 3471 2156 eorum
3511 2102 3528 2154 ε
3573 2080 3761 2179 quia
3789 2104 3945 2155 non

742 2220 856 2288 est
894 2234 1050 2310 quo
1092 2220 1388 2288 crescat
1418 2212 1552 2288 illa
1589 2212 1979 2312 perfectio,
2021 2210 2411 2289 Perfectus
2443 2221 2700 2288 autem
2732 2222 2953 2291 estet
2991 2214 3246 2308 Pater,
3281 2223 3358 2290 et
3386 2213 3648 2301 Filius,
3680 2224 3756 2290 et
3784 2213 3949 2314 Spi-

744 2349 937 2425 ritus
995 2359 1343 2444 senctuS,
1389 2359 1465 2425 et
1502 2350 1887 2449 perlectus
1931 2348 2207 2425 dicitur
2257 2350 2470 2425 Deus
2509 2348 2865 2449 singulus
2919 2374 3216 2427 eorum.
3263 2352 3356 2426 Et
3409 2350 3579 2426 ideo
3617 2349 3946 2427 Trinitas

744 2482 1000 2585 potius
1039 2507 1273 2583 quam
1327 2483 1609 2584 triplex
1647 2484 1797 2561 dici
1831 2484 2077 2562 debet.

2481 2834 2584 2900 An
2621 2855 2749 2901 noc
2783 2831 2933 2902 leve
2971 2840 3073 2902 est
3110 2834 3517 2925 respondere
3554 2857 3570 2903 :
3613 2836 3773 2927 quia
3811 2835 3937 2901 tri·
4020 2863 4222 2910 Sonam,

2384 2941 2556 3032 plez·
2582 2941 2740 3009 dicit
2769 2940 3403 3032 multiplicationem
3433 2965 3554 3034 per
3584 2964 3937 3012 excessum

1097 3045 1604 3118 ARTICULUS
1653 3044 1905 3114 XVlll.
2389 3048 2683 3140 partium
2708 3057 2835 3134 ter,
2878 3056 2944 3116 et
2962 3047 3094 3118 hoc
3123 3049 3194 3117 in
3223 3049 3530 3120 discretis
3564 3073 3582 3119 ε
3617 3052 3686 3119 in
3724 3053 3934 3121 conti-

2390 3158 2544 3227 nuis
2567 3156 2727 3228 dicit
2755 3157 3190 3251 plicationem
3211 3159 3422 3252 partis
3441 3183 3646 3253 super
3673 3169 3935 3253 partem

727 3264 835 3329 An
857 3269 1083 3352 poles!
1110 3259 1411 3338 concedi.
1433 3259 1623 3351 quod
1649 3261 1830 3327 Deus
1855 3260 1944 3326 si!
1964 3258 2278 3350 triplex?
2386 3277 2489 3337 ter
2520 3290 2537 3339 :
2574 3277 2640 3337 et
2668 3264 2983 3338 neutrum
3018 3268 3267 3338 luorum
3297 3271 3621 3340 convenit
3654 3272 3928 3340 divinis,
3968 3294 3971 3297 ·

2137 3362 2138 3365 ¹
2472 3376 2576 3444 An
2604 3398 2926 3445 omscruu
2968 3378 3267 3467 primum
3316 3378 3705 3459 dicendum,
3748 3380 3932 3471 quod

2382 3483 2915 3576 impropriissime
2943 3483 3213 3554 locutus
3232 3495 3334 3555 est
3364 3484 3690 3568 Isidorus,
3717 3495 3784 3557 et
3810 3509 3926 3556 vo·

813 3585 1071 3655 Deinde
1103 3586 1433 3676 quaeritur
1481 3583 1564 3650 de
1606 3581 1732 3650 hoc
1789 3581 1969 3672 quod
2005 3581 2165 3652 dici!
2204 3583 2270 3649 5¹1
2381 3601 2490 3662 cat
2518 3591 2959 3684 multiplicem
3000 3593 3109 3663 vel
3159 3594 3492 3685 triplicem
3537 3596 3714 3665 idem
3747 3595 3930 3688 quod

724 3695 965 3763 ultima
1004 3703 1219 3786 parte,
1256 3696 1327 3763 in
1373 3717 1506 3785 qua
1562 3694 1799 3783 repetit
1847 3701 1920 3759 ut
1947 3690 2147 3760 addat
2204 3692 2269 3758 in
2383 3700 2656 3771 trinum,

4027 3432 4197 3481 Adi.

723 3803 789 3868 in
822 3800 940 3869 illo
987 3798 1286 3890 capitulo
1313 3798 1392 3880 T,
1428 3828 1461 3861 «
1499 3800 1863 3875 Praeterea,
1905 3819 2054 3863 eum
2091 3798 2269 3867 Deus
2472 3811 2573 3878 A„
2602 3833 2798 3879 Auen
2855 3811 3247 3890 dicendum,
3316 3812 3501 3904 quod
3578 3812 3693 3881 illa
3757 3814 3927 3883 rele-
4037 3861 4117 3907 M
4156 3861 4185 3905 2

718 3907 991 3976 dicatur
1018 3908 1265 3983 trinus,
1302 3929 1437 3973 non
1470 3914 1695 3974 tamen
1735 3903 1926 3972 debet
1968 3904 2106 3972 dica·
2143 3906 2272 3972 ιη’·
2380 3923 2619 3983 runtur
2646 3914 2733 3984 ad
2764 3914 3108 4006 Spiritum·
3128 3917 3197 3985 in
3228 3915 3579 3986 effectibus
3607 3920 3724 4010 qui
3757 3917 3931 3986 mul·
4185 3892 4201 3907 ⁶

714 4016 905 4108 plez.
947 4041 979 4081 n
2380 4021 2640 4114 tiplices
2668 4033 2851 4092 sunt.

813 4138 874 4202 l.
910 4134 1165 4202 Contra
1202 4133 1335 4201 hoc
1365 4134 1549 4201 enim
1591 4154 1735 4200 esse
1795 4131 2059 4199 videtur
2087 4129 2267 4220 quod
2469 4128 2550 4197 Et
2580 4129 2633 4198 si
2682 4129 2964 4220 objicias
2997 4154 3014 4200 ε
3073 4155 3239 4224 ergo
3306 4131 3533 4223 quoad
3614 4132 3928 4203 effectum

717 4244 878 4312 dicit
918 4243 1243 4318 lsidorus,
1280 4241 1503 4310 Deum
1533 4263 1678 4309 esse
1710 4239 2174 4330 multiplicem.
2380 4244 2602 4327 potest
2634 4238 2838 4305 etiam
2861 4237 2989 4306 dici
3016 4239 3286 4330 triplex.
3335 4238 3717 4308 Dicendum
3744 4239 3930 4333 quod

806 4354 871 4418 2.
907 4349 1108 4431 Item,
1145 4349 1455 4440 Sapient.
1505 4371 1626 4427 vn,
1670 4351 1781 4418 22.
1838 4348 2080 4416 dicitur
2119 4345 2270 4436 Spi-
2379 4365 2516 4412 non
2556 4366 2571 4412 ε
2635 4346 2791 4436 quia
2849 4345 2944 4413 sic
3000 4355 3367 4437 poneretur
3422 4346 3739 4416 limitatio
3785 4349 3928 4417 suis

719 4461 885 4526 ritus
915 4456 1296 4548 multiplex
1326 4451 1373 4524 ⁸.
2376 4448 2752 4534 effectibus,
2778 4451 2893 4543 qui
2934 4452 3004 4518 in
3044 4452 3234 4522 nullo
3276 4477 3561 4524 numero
3601 4454 3928 4525 determi-

807 4563 1003 4647 ltem,
1047 4561 1232 4631 Deus
1279 4560 1747 4652 multipliciter
1792 4559 2152 4650 significari
2200 4561 2265 4627 in
2379 4566 2539 4625 nato
2578 4558 2740 4649 poni
2781 4567 3093 4648 possunt,
3135 4569 3413 4653 propter
3449 4562 3732 4630 nimiam
3766 4559 3924 4654 Spi-

718 4672 1083 4740 attrihutis.
2377 4663 2547 4732 ritus
2575 4664 2958 4756 largitatem
2992 4675 3059 4735 et
3089 4666 3487 4737 bonitatem.

805 4782 871 4847 3.
937 4779 1303 4859 Praeterea,
1383 4776 1607 4858 Quare
1675 4799 1811 4844 non
1881 4775 2270 4843 conceditur
2463 4772 2570 4839 Au
2599 4795 2795 4841 Λιιυυ
2835 4772 3225 4855 dicendum,
3275 4774 3456 4866 quod
3496 4799 3704 4846 causa
3740 4776 3921 4846 bona
4033 4828 4104 4875 Μ
4141 4829 4184 4878 3·

717 4883 903 4955 Deus
956 4908 1103 4954 csse
1158 4882 1461 4975 triplex?
1502 4881 1771 4974 Triplex
1803 4881 1984 4950 enim
2047 4889 2267 4970 potest
2375 4889 2474 4947 est
2514 4882 2713 4972 :quia
2741 4905 2898 4949 vere
2932 4905 3146 4950 unum
3178 4892 3303 4968 est,
3327 4891 3399 4950 ut
3423 4882 3579 4951 dicit
3612 4884 3916 4966 BoetiuS,

719 5016 892 5073 esse,
925 4992 1042 5061 ubi
1072 5000 1176 5061 est
1218 4992 1443 5061 unitas
1486 5011 1503 5061 ε
1555 5013 1729 5059 unus
1775 4989 1956 5058 enim
2003 5010 2265 5078 pannus
2376 4991 2445 5058 in
2477 5012 2613 5082 quo
2662 4989 2891 5059 nullus
2951 5000 3051 5061 est
3109 5013 3459 5073 numerm,
3515 5001 3583 5062 et
3625 5016 3764 5063 non
3818 5003 3919 5065 est

717 5100 964 5193 triplex
992 5124 1138 5171 esse
1170 5108 1435 5193 potest:
1473 5122 1635 5191 ergo
1678 5097 1786 5166 illa
1831 5118 1965 5164 non
2002 5095 2266 5163 videtur
2372 5098 2529 5181 hoc,
2562 5108 2628 5170 et
2672 5098 2804 5171 hoc
2838 5125 2854 5171 ε
2890 5112 2958 5173 et
2998 5101 3132 5172 hoc
3180 5111 3307 5189 est,
3348 5103 3508 5195 quia
3538 5125 3696 5174 vere
3762 5106 3919 5175 sitn-

719 5233 865 5279 esse
905 5232 1110 5278 causa
1150 5231 1357 5300 quam
1393 5209 1613 5298 tangit
1646 5209 1712 5274 in
1755 5207 2035 5274 Littera.
2370 5205 2551 5296 plex‚
2595 5218 2661 5276 et
2699 5207 2856 5277 huic
2914 5208 3310 5297 hujusmodi
3364 5210 3629 5279 trinitas
3676 5234 3919 5283 conve·

2371 5314 2513 5383 nire
2538 5339 2674 5385 non
2704 5325 2946 5407 potest.

785 5590 803 5627 ¹
837 5589 894 5648 S.
928 5590 1305 5657 Αυῦεετικεε,
1339 5584 1464 5646 Lib.
1500 5585 1569 5644 v1
1601 5584 1673 5644 de
1713 5581 2013 5650 Trinitate,
2043 5591 2169 5651 eap-
2203 5581 2254 5633 7·
2364 5581 2468 5650 tia,
2494 5585 2722 5657 spiritus
2752 5582 3157 5654 intelliaentiae,
3202 5590 3447 5652 sanctus,
3468 5584 3682 5656 unicus,
3730 5586 3919 5645 multi·

789 5680 811 5714 ²
835 5677 1098 5751 Sapient.
1130 5693 1229 5744 vu,
1263 5679 1333 5732 22
1365 5689 1380 5732 t
1411 5673 1503 5733 Est
1533 5675 1592 5730 in
1623 5670 1747 5740 illa,
1778 5669 2004 5728 scilicet
2034 5666 2259 5740 sapien·
2356 5671 2520 5745 plez,
2545 5678 2656 5730 etc.
