4897 6388
328 5287 403 5338 Ad
431 5293 606 5345 quast.

400 5343 482 5392 Ad

680 361 805 426 184

669 537 737 599 et
757 531 1047 620 justitia,
1083 546 1149 606 et
1178 525 1597 632 hujusmodi,
1639 547 1756 617 sed
1789 569 1925 616 non
1982 569 2214 615 essen-

666 639 805 707 tia:
842 644 1000 734 quia
1048 669 1212 717 vero
1257 659 1446 720 actus
1505 664 1663 723 sunt
1706 655 2210 745 particularium

667 753 1206 840 compositorum
1247 768 1313 825 et
1342 764 1876 847 suppositorum,
1915 761 2062 827 ideo
2096 782 2212 825 no·

666 855 854 923 mina
892 858 1051 925 talia
1092 862 1401 930 ordinem
1451 865 1535 931 ad
1602 875 1829 933 actum
1892 865 2206 946 dicentia,

663 985 786 1052 per
848 987 1274 1057 consequens
1332 970 1565 1039 dicunt
1641 974 2034 1042 relationem
2130 973 2213 1040 ad

666 1075 1139 1162 suppositum:
1186 1087 1252 1146 et
1280 1079 1432 1148 ideo
1474 1092 1748 1174 propter
1802 1082 1983 1152 hunc
2028 1083 2214 1151 ordi-

662 1201 822 1246 nem
864 1182 1091 1250 minus
1124 1182 1371 1256 habent
1402 1192 1831 1281 proprietatis
1882 1193 2045 1270 istae,
2082 1190 2212 1258 Sa-

662 1287 919 1375 pientia
956 1289 1039 1358 de
1070 1294 1425 1383 sapientia,
1494 1300 1798 1387 potentia
1849 1298 1929 1366 de
1969 1307 2212 1388 poten-

660 1394 781 1481 tia,
826 1419 1033 1488 quam
1074 1400 1244 1481 istae‚
1307 1402 1702 1474 Substantia
1752 1407 1834 1475 de
1894 1405 2211 1473 substan-

659 1503 777 1583 tia,
848 1508 1139 1575 essentia
1198 1509 1279 1577 de
1337 1514 1653 1580 essentia.
1691 1513 1767 1579 ln
1810 1513 1939 1581 illis
1982 1523 2208 1581 tamen

662 1637 815 1705 quae
844 1617 1205 1686 nominant
1253 1619 1704 1692 substantiam
1765 1626 1968 1693 etiam
2043 1624 2205 1692 ordo

663 1730 806 1789 est:
853 1724 1012 1813 quia
1040 1725 1549 1818 simplicissima
1587 1732 1959 1800 secundum
2002 1733 2209 1799 ratio-

661 1846 820 1892 nem
859 1828 1282 1920 intelligendi
1335 1841 1439 1900 est
1493 1838 1822 1903 essentia:
1894 1834 2211 1902 substan-

659 1932 756 1999 tia
808 1956 971 2004 vero
1028 1938 1281 2019 minuS,
1334 1962 1415 2008 eo
1448 1943 1631 2031 quod
1679 1943 2051 2033 imponitur
2081 1965 2208 2010 no-

657 2060 817 2108 men
839 2041 923 2109 ab
946 2051 1100 2110 actu
1132 2045 1524 2116 substandi:
1562 2049 1875 2118 similiter
1913 2052 2208 2118 existen-

655 2146 753 2215 tia
772 2149 857 2217 ab
888 2158 1042 2219 actu
1073 2154 1461 2244 egrediendi
1488 2156 1569 2224 ab
1602 2156 1774 2236 aliis,
1799 2157 1906 2226 vel
1938 2157 2020 2225 ab
2044 2157 2201 2224 alio.

748 2253 1022 2335 Qunam
1087 2259 1344 2341 dicunt,
1420 2264 1604 2353 quod
1687 2265 1965 2332 nomina
2060 2287 2206 2354 quae

659 2361 892 2431 dicunt
941 2366 1010 2433 in
1058 2366 1307 2437 divinis
1347 2369 1412 2438 id
1461 2371 1643 2461 quod
1673 2373 2053 2464 assequitur
2084 2396 2207 2439 na-

657 2478 907 2552 turam,
962 2485 1039 2542 ut
1094 2476 1343 2555 honus,
1405 2482 1701 2570 sapienS,
1762 2490 1921 2560 etc..
1981 2481 2208 2549 nomi-

656 2595 826 2652 nant
854 2586 1222 2675 quamdam
1256 2590 1683 2658 influentiam
1714 2614 1915 2683 super
1945 2600 2201 2660 creata:

655 2699 907 2761 etcum
940 2717 1079 2762 non
1123 2697 1363 2765 inssuat
1404 2699 1535 2766 nisi
1574 2701 2002 2791 suppositum
2053 2721 2209 2788 per-

653 2797 931 2880 fectum,
984 2824 1066 2869 eo
1125 2804 1309 2894 quod
1356 2828 1496 2873 non
1554 2807 2005 2898 nisipert’ecto
2039 2830 2208 2875 con-

653 2907 844 2974 venit
907 2930 1133 2999 agere,
1216 2910 1450 2980 dicunt
1502 2913 1687 3003 quod
1723 2912 1883 2981 talia
1924 2915 2199 2981 nomina

655 3019 1075 3087 conveniunt
1121 3043 1345 3090 causae
1395 3024 1739 3090 causanti:
1787 3032 1854 3091 et
1893 3024 2042 3092 ideo
2074 3022 2199 3090 ha-

656 3127 821 3199 bent
860 3132 1227 3222 quamdam
1268 3135 1767 3204 concretionem
1817 3135 1902 3204 ad
1960 3157 2207 3227 suppo-

655 3239 887 3307 situm.
952 3238 1087 3309 Sed
1145 3240 1278 3312 hoc
1331 3243 1499 3311 nihil
1577 3254 1679 3313 est
1732 3268 1747 3311 :
1793 3246 1951 3336 quia
1981 3247 2200 3335 posito

654 3346 839 3438 quod
878 3371 1256 3440 numquam
1291 3352 1554 3431 influat,
1587 3351 1807 3421 adhuc
1856 3355 2200 3422 verissime

652 3454 925 3545 sapiens
981 3466 1110 3537 est,
1171 3467 1237 3527 ct
1300 3458 1548 3537 bonuS,
1593 3471 1658 3529 et
1699 3463 1927 3529 omnia
1959 3460 2201 3550 hujus·

656 3562 840 3632 modi
879 3584 897 3632 :
934 3565 1104 3632 ratio
1134 3574 1366 3634 tamen
1400 3568 1702 3658 ipsorum
1733 3567 2054 3637 fundatur
2082 3593 2200 3637 su-

652 3691 779 3761 pra
823 3671 1295 3741 auctoritatem
1340 3676 1528 3763 prius
1574 3674 1902 3753 habitam,
1947 3675 2058 3743 ubi
2090 3676 2201 3742 di-

650 3775 752 3844 xit
775 3776 1201 3868 Augustinus
1232 3778 1300 3848 in
1342 3780 1513 3848 libro
1568 3781 1648 3849 de
1696 3782 1865 3849 Fide
1905 3782 2000 3848 ml
2072 3785 2198 3850 I’e·

653 3891 884 3951 trum:
924 3883 1107 3952 Deus
1149 3884 1351 3954 Pater
1388 3889 1503 3977 qui
1568 3888 1917 3956 verissime
1965 3912 2035 3957 se
2093 3890 2199 3956 in-

651 3987 874 4057 dicare
930 3989 1179 4059 animis
1261 3993 1635 4082 cognituris
1699 4002 1759 4062 et
1837 3994 2051 4061 voluit
2134 4006 2193 4061 et

648 4096 897 4186 potuit,
956 4094 1089 4165 hoc
1160 4097 1246 4165 ad
1314 4098 1751 4168 iudicandum
1810 4124 1881 4169 se
1937 4102 2190 4190 genuit,

652 4199 836 4290 quod
866 4199 988 4267 suit
1020 4200 1163 4293 ipse
1196 4203 1310 4293 qui
1350 4204 1586 4293 genuit
1617 4204 1662 4271 ³.
1710 4203 1844 4272 Sed
1895 4206 2013 4273 iste
2062 4229 2196 4272 uon

651 4315 753 4375 est
791 4306 1171 4376 intellectus
1202 4311 1662 4378 auctoritatis:
1744 4313 1904 4403 quia
1968 4336 2200 4382 secun-

652 4413 816 4483 dum
892 4412 1025 4483 hoc
1086 4418 1392 4505 cognitio
1421 4428 1747 4486 creaturae
1787 4429 1960 4487 esset
1999 4444 2198 4487 causa

651 4521 1111 4613 generationis
1142 4521 1322 4607 Filii,
1364 4523 1548 4615 quod
1586 4523 1830 4592 falsum
1878 4533 1979 4593 est
2019 4549 2033 4593 :
2085 4525 2199 4594 sed

651 4629 723 4697 in
779 4628 898 4698 illa
964 4630 1366 4700 auctoritate
1408 4641 1686 4700 notatur
1716 4634 2045 4701 terminus
2084 4637 2199 4724 qui

652 4746 751 4805 est
818 4761 900 4806 ex
960 4742 1444 4832 consequenti:
1485 4743 1552 4809 in
1606 4765 1676 4808 se
1715 4744 1898 4810 enim
1937 4745 2200 4834 sapiens

653 4855 753 4916 est
810 4848 1078 4916 formali
1147 4850 1508 4941 sapientia,
1548 4860 1611 4918 et
1644 4874 1724 4919 ex
1755 4852 2198 4942 consequenti

656 4954 880 5024 influit
952 4958 1022 5023 in
1089 4956 1329 5026 nobis:
1384 4965 1610 5026 tamen
1668 4960 1724 5027 si
1784 4981 1921 5026 non
1963 4960 2199 5027 innue-

660 5072 784 5143 ret,
818 5063 1041 5134 adhuc
1070 5068 1343 5157 sapiens
1373 5075 1574 5136 esset.

751 5279 856 5346 An
894 5300 960 5346 11>
998 5278 1181 5369 quod
1214 5277 1497 5348 ulterius
1559 5281 1902 5371 quaeritur,
1970 5282 2205 5350 dicen-

1546 370 1630 440 D.
1687 373 1880 445 ALe.
1935 373 2146 442 MAG.
2201 373 2406 446 ono.
2459 375 2755 474 puseo.

2316 543 2639 637 cipaliter‚
2678 557 2781 617 est
2818 548 3182 616 relativum
3216 567 3360 615 esse
3392 553 3459 611 et
3497 531 3874 612 secundum

2316 677 2514 722 suum
2547 678 2691 724 esse
2723 656 2808 722 ad
2840 657 3023 723 aliud
3056 679 3203 724 esse
3257 665 3321 723 et
3384 654 3639 736 referri,
3701 654 3874 721 sicut

2316 759 2516 828 Pater
2571 771 2636 827 et
2690 762 2900 828 Filius
2962 763 3282 830 dicuntur
3355 763 3661 829 relative.
3745 759 3876 828 Se-

2314 869 2533 936 cundo
2567 869 2772 937 modo
2814 870 3061 937 dicitur
3103 870 3382 937 relative
3427 871 3583 952 dic'i,
3646 870 3869 937 dicere

2314 974 2711 1044 relationem
2781 999 2914 1067 qua
2981 978 3128 1066 ipsa
3194 975 3475 1043 relativa
3528 976 3613 1043 ad
3681 974 3865 1042 aliud

2314 1083 2650 1167 dicuntur,
2685 1086 2858 1152 sicut
2888 1086 3282 1175 paternitaS,
3330 1083 3590 1160 filiatio,
3626 1092 3695 1150 et
3729 1081 3864 1149 hu-

2305 1191 2609 1280 jusmodi
2664 1191 2979 1259 dicuntur
3029 1192 3331 1259 relative.
3373 1190 3597 1257 Tertio
3657 1189 3863 1257 modo

2314 1298 2555 1366 dicitur
2582 1298 2862 1366 relative
2903 1297 3059 1379 dici,
3110 1298 3293 1389 quod
3348 1297 3510 1364 dicit
3556 1297 3871 1386 proprie-

2311 1413 2517 1474 tatem
2621 1406 2970 1474 inventam
3059 1409 3127 1472 in
3232 1406 3516 1473 relativo
3588 1413 3675 1472 ex‘
3743 1402 3876 1472 hoc
3959 1427 3970 1440 ’

2314 1515 2495 1607 quod
2535 1514 2894 1585 relativum
2945 1523 3088 1585 est:
3148 1517 3325 1583 sicut
3381 1512 3873 1581 innascibilitas

2314 1623 2670 1692 relativum
2712 1633 2838 1705 est,
2883 1625 3047 1714 quia
3084 1623 3430 1689 invenitur
3483 1623 3552 1688 in
3583 1620 3867 1689 relativo

2312 1754 2394 1798 ex
2463 1728 2592 1799 hoc
2658 1730 2844 1822 quod
2904 1732 3133 1820 ipsum
3192 1730 3288 1797 sic
3354 1728 3715 1795 relativum
3773 1734 3876 1794 est

2314 1839 2496 1929 quod
2561 1847 2661 1906 est
2726 1838 3137 1930 principium
3195 1838 3404 1905 totius
3445 1834 3866 1903 divinitatis:

2314 1968 2395 2014 ex
2423 1946 2554 2015 hoc
2593 1946 2772 2014 enim
2819 1952 3115 2035 oportet,
3146 1944 3329 2034 quod
3366 1943 3565 2010 Pater
3595 1964 3735 2009 non
3784 1941 3871 2009 sit

2313 2053 2395 2121 ab
2426 2052 2585 2121 alio.
2622 2052 2878 2132 Quarto
2933 2050 3140 2119 modo
3188 2050 3435 2118 dicitur
3463 2047 3722 2139 aliquid
3753 2069 3871 2116 re-

2312 2159 2515 2227 lative
2582 2159 2738 2237 dici,
2810 2182 2892 2226 eo
2962 2157 3147 2248 quod
3207 2160 3427 2246 ipsum
3488 2155 3866 2223 secundum

2312 2266 2643 2335 rationem
2685 2264 3109 2356 intelligendi
3149 2272 3380 2332 causat
3417 2261 3862 2329 relationem:

2310 2377 2483 2443 sicut
2555 2396 2906 2465 generare,
2986 2381 3054 2441 et
3101 2371 3440 2464 generari,
3503 2379 3569 2438 et
3631 2389 3872 2460 proce·

2310 2482 2491 2562 dere,
2534 2491 2598 2549 et
2639 2480 3006 2570 processio,
3056 2488 3123 2546 et
3176 2476 3572 2565 hujusmodi
3620 2475 3867 2543 dicun-

2311 2599 2419 2656 tur
2451 2587 2770 2656 relative:
2814 2586 2975 2676 quia
3019 2607 3105 2652 ex
3152 2582 3284 2651 hoc
3326 2582 3509 2673 quod
3557 2589 3864 2673 generat,

2309 2695 2677 2764 secundum
2758 2694 3093 2760 rationem
3158 2689 3674 2781 intelligendum
3770 2698 3874 2756 est

2308 2801 2530 2878 Pater,
2566 2824 2648 2868 ex
2679 2799 2805 2868 hoc
2847 2799 3033 2890 quod
3061 2806 3431 2890 generatur
3460 2806 3563 2865 est
3609 2795 3860 2863 Filius:

2309 2909 2478 2977 sicut
2509 2917 2734 2975 tamen
2785 2906 2977 2975 facile
3039 2915 3137 2974 est
3194 2905 3450 2989 videre,
3514 2903 3864 2996 generatio

2310 3041 2446 3085 non
2487 3026 2585 3085 est
2619 3015 2857 3084 relatio
2909 3014 3284 3083 secundum
3335 3037 3537 3080 suum
3595 3010 3868 3103 signiti-

2305 3136 2556 3208 catum,
2613 3148 2735 3193 nec
2802 3125 3008 3192 etiam
3074 3144 3427 3216 generare,
3490 3131 3557 3188 ct
3634 3120 3870 3211 hujus-

2307 3234 2512 3302 modi.
2585 3233 2667 3300 lit
2726 3231 2830 3298 his
2918 3241 3213 3323 quatuor
3286 3230 3509 3297 modis
3611 3227 3874 3320 signifi-

2308 3352 2548 3411 cantur
2605 3342 2968 3409 relationes
3039 3342 3106 3407 in
3167 3339 3415 3406 divinis
3453 3339 3870 3429 proprietate

2305 3451 2650 3519 maxima:
2701 3451 2859 3541 quia
2901 3449 3223 3516 omnibus
3268 3449 3371 3515 his
3425 3449 3645 3515 modis
3703 3456 3865 3515 suut

2303 3557 2803 3648 ‹listinguibiles
2831 3580 2845 3622 :
2884 3566 2949 3625 et
2978 3555 3108 3626 hoc
3140 3556 3382 3625 ultimo
3414 3555 3621 3624 modo
3653 3556 3861 3623 ctiam

2303 3667 2771 3756 significantur
2803 3664 3166 3733 relationes
3225 3666 3291 3731 iu
3360 3663 3863 3754 praepositioni-

2302 3775 2427 3841 hus
2459 3771 2849 3841 notantibus
2907 3770 3380 3840 habitudinem
3441 3771 3749 3861 originis,
3787 3779 3860 3838 ut

2301 3907 2455 3952 cum
2486 3882 2750 3959 dicitur,
2795 3885 2982 3950 Deus
3010 3881 3094 3949 de
3131 3884 3298 3949 Dee.

2388 3992 2623 4059 Anucc
2657 3992 2875 4058 trihus
2918 3990 3070 4057 aliis
3150 3989 3372 4057 modis
3438 3988 3685 4057 «licitur
3750 4012 3852 4056 re·

2305 4100 2511 4167 latire
2538 4099 2677 4167 dice·
2702 4100 2928 4165 tutinus
2975 4098 3270 4188 proprie,
3328 4121 3622 4188 quorum
3677 4120 3854 4166 unus

2302 4214 2424 4283 est,
2458 4228 2578 4295 pro
2611 4204 2892 4272 relativo
2925 4202 3441 4271 accommodata
3503 4202 3854 4294 significa·-

2303 4313 2487 4378 tione
2518 4311 2704 4401 poni,
2739 4310 2889 4377 licet
2915 4311 3133 4400 ipsam
3163 4308 3617 4375 substantiam
3650 4308 3858 4389 dicat,

2305 4426 2368 4486 et
2406 4418 2501 4484 sic
2539 4426 2692 4483 sunt
2736 4415 3014 4484 relativa
3053 4415 3434 4505 personalia
3496 4416 3675 4506 apud
3727 4415 3862 4485 La-

2302 4526 2505 4601 tinos,
2539 4533 2603 4591 et
2635 4523 3021 4614 hypostasis
3052 4522 3228 4613 apud
3275 4524 3574 4602 GraecoS,
3612 4531 3678 4591 et
3718 4547 3857 4593 non

2304 4639 2693 4723 supponunt
2723 4632 2850 4697 nisi
2885 4630 3287 4699 relativum:
3324 4640 3388 4697 et
3432 4630 3582 4699 ideo
3631 4630 3855 4721 plura·

2306 4740 2457 4808 liter
2485 4739 2565 4805 de
2596 4739 2902 4829 personis
2929 4738 3380 4829 praedicantur
3421 4741 3486 4805 iu
3538 4760 3810 4806 summa
3837 4762 3854 4806 :

2312 4847 2508 4915 l‘ater
2546 4848 2724 4915 enim
2759 4855 2822 4913 et
2858 4845 3065 4913 Filius
3112 4857 3269 4914 sunt
3314 4846 3463 4913 duze
3521 4869 3854 4936 personae,

2310 4963 2370 5023 et
2411 4955 2558 5023 duae
2590 4953 3017 5045 hypostases
3067 4953 3383 5022 Secundo
3433 4954 3639 5022 modo
3691 4955 3859 5024 dici·

2309 5074 2417 5133 tur
2465 5063 2845 5142 relativum,
2898 5063 3083 5154 quod
3132 5062 3467 5154 significat
3543 5064 3861 5134 collectas
3904 5133 3909 5138 ,

2309 5194 2655 5264 personaS,
2690 5180 2764 5239 ut
2805 5171 3096 5250 trinitaS,
3133 5173 3354 5261 ipsum
3392 5172 3575 5239 enim
3608 5172 3861 5242 claudit

2310 5279 2379 5347 iu
2419 5302 2490 5347 se
2549 5301 2626 5347 ea
2685 5301 2834 5369 quoe
2889 5276 3167 5346 relative
3223 5277 3564 5347 dicuntur.
3632 5280 3860 5350 Tertio

662 5390 825 5458 dum
857 5388 1039 5482 quod
1080 5389 1365 5459 relative
1402 5389 1540 5459 dici
1570 5392 1637 5460 in
1685 5391 1930 5460 divinis
1967 5392 2208 5460 dicitur
2313 5387 2517 5456 modo
2560 5387 2803 5455 dicitur
2833 5386 3136 5467 relative,
3172 5386 3355 5476 quod
3387 5388 3664 5479 ponitur
3710 5387 3861 5458 loco

662 5505 956 5590 quatuor
992 5498 1254 5566 modis:
1289 5499 1568 5568 relative
1598 5500 1777 5568 enim
1822 5499 1950 5569 dic-i
2020 5502 2206 5593 prin·
2315 5495 2603 5574 relativi,
2639 5493 2925 5584 eoquod
2968 5492 3190 5584 ipsum
3263 5497 3575 5565 nominat
3629 5519 3866 5566 essen-

732 5720 751 5760 ¹
783 5722 838 5780 S.
872 5723 1243 5792 Aunes-risus,
1277 5723 1350 5782 de
1382 5724 1521 5781 Fide
1550 5725 1624 5782 ad
1648 5727 1908 5794 Petrum,
1941 5746 2067 5803 cap.
2101 5731 2149 5784 3.
