4897 6388
1792 246 1883 325 m
1934 243 1967 311 1
2013 241 2437 312 SENTENT.
2489 237 2716 306 DIST.
2769 231 3064 318 VHJA,
3122 239 3320 354 ᾼΒΤ.
3376 243 3441 305 2.

896 457 899 460 ’
1022 425 1226 517 gendi
1280 424 1442 492 facit
1494 409 1870 514 potentiam
1923 410 2320 504 generandi,
2364 408 2573 476 estin

1022 536 1227 604 Patre
1254 556 1395 601 non
1445 528 1669 597 solum
1725 523 1903 591 unde
1953 522 2158 589 Pater
2196 528 2298 588 est
2343 519 2568 595 Pater,

1018 643 1141 719 sed
1170 641 1351 710 unde
1381 644 1504 707 est.
1548 634 1859 704 comm:
1914 629 2339 722 Augustinus
2384 629 2568 705 dicit,

1022 751 1208 844 quod
1248 750 1450 816 Pater
1486 768 1625 813 non
1658 743 2055 834 paternitate
2086 747 2211 821 est,
2254 739 2370 807 sed
2405 738 2571 806 sub-

1022 860 1294 942 stantia,
1331 865 1394 924 et
1426 855 1661 924 eadem
1692 852 1901 920 Filius
1942 861 2008 920 et
2068 849 2362 941 Spiritus
2410 870 2572 914 san-

1023 979 1221 1037 ctus:
1267 988 1427 1056 ergo
1471 964 1849 1056 proprietas
1895 961 2008 1029 illa
2063 981 2212 1050 quae
2250 958 2407 1025 facit
2456 979 2574 1047 po-

1023 1077 1310 1145 tentiam
1341 1073 1710 1166 generandi
1735 1075 1803 1141 in
1836 1071 2058 1153 Patre,
2094 1069 2331 1138 eodem
2365 1067 2569 1135 modo

1025 1186 1379 1257 invenitur.
1431 1184 1501 1249 in
1585 1179 1755 1248 Filio
1813 1186 1878 1247 et
1936 1177 2195 1268 Spiritu
2272 1185 2504 1244 sancto
2551 1194 2567 1243 ε

1027 1312 1190 1382 ergo
1232 1290 1302 1356 in
1343 1288 1438 1355 eis
1494 1287 1694 1354 etiam
1745 1282 1941 1351 faciet
1995 1281 2200 1365 idem,
2244 1280 2403 1373 quia
2460 1279 2574 1347 ab·

1028 1395 1312 1464 surdum
1342 1399 1520 1461 esset
1560 1390 1806 1470 dicere,
1840 1388 2023 1480 quod
2061 1388 2351 1456 essentia
2378 1384 2574 1453 aliter

1028 1503 1305 1572 essetin
1337 1499 1538 1567 Patre
1594 1520 1799 1589 quam
1830 1496 1901 1564 in
1952 1494 2123 1564 Filio
2183 1503 2249 1563 et
2312 1492 2575 1584 Spiritu

1027 1617 1304 1679 sancto:
1349 1630 1512 1698 ergo
1553 1605 1726 1674 redit
1751 1606 2074 1696 primum,
2119 1602 2304 1695 quod
2340 1610 2578 1693 poten-

1027 1719 1125 1786 tia
1152 1714 1520 1809 generandi
1562 1735 1703 1782 non
1733 1712 1820 1780 sit
1850 1711 2129 1803 aliquid,
2166 1710 2282 1779 sed
2323 1709 2406 1778 ad
2445 1708 2575 1776 ali-

1024 1824 1221 1917 quid.

1023 2016 1031 2021 .
1119 1934 1184 2001 6.
1222 1930 1295 2001 Si
1354 1931 1529 1999 forte
1555 1930 1822 1998 dicatur
1877 1928 1977 2020 (ut
2041 1925 2319 2019 quidam
2376 1923 2577 1993 dixe-

1024 2042 1211 2123 runt}
1245 2040 1431 2132 quod
1485 2061 1641 2109 cum
1699 2036 1967 2116 dicitur,
1999 2035 2313 2105 Potentia
2365 2056 2578 2126 gene-

1023 2148 1219 2217 randi
1249 2157 1350 2217 est
1380 2148 1450 2215 in
1490 2146 1719 2226 Patre,
1774 2153 2001 2237 potest
2021 2143 2306 2235 intelligi
2345 2150 2580 2235 poten-

1025 2258 1117 2327 tia
1138 2256 1490 2348 disposita,
1522 2253 1638 2323 vel
1658 2252 2055 2344 indisposita
2077 2274 2093 2322 ε
2117 2254 2172 2320 si
2190 2252 2410 2341 primo
2435 2271 2578 2317 mo-

1024 2365 1138 2449 do,
1172 2374 1334 2433 tunc
1354 2372 1456 2432 est
1477 2363 1563 2432 ad
1582 2360 1839 2453 aliquid
1872 2384 1887 2428 :
1924 2361 1978 2429 si
2003 2358 2299 2429 secundo
2341 2358 2571 2437 mod0,

1023 2482 1187 2543 tunc
1216 2481 1317 2542 est
1354 2470 1615 2563 aliquid
1650 2493 1667 2538 :
1701 2478 1770 2538 et
1804 2470 2026 2561 primo
2066 2466 2272 2537 modo
2310 2475 2575 2536 tantum

1026 2582 1349 2652 convenit
1375 2601 1685 2672 personae
1734 2578 1980 2663 Patris,
2032 2576 2329 2647 secundo
2369 2573 2575 2645 modo

1026 2691 1349 2761 convenit
1388 2701 1674 2758 naturae.
1731 2686 2000 2757 Com-M
2040 2710 2056 2756 :
2113 2686 2292 2755 Dicit
2336 2683 2579 2753 Philo-

1024 2796 1307 2890 sophus,
1347 2794 1535 2888 quod
1573 2795 1879 2886 potentia
1923 2792 2324 2885 indisposita
2370 2790 2580 2860 indif-

1025 2905 1318 2975 ferenter
1345 2927 1418 2974 sc
1447 2902 1655 2973 habet
1692 2902 1778 2972 ad
1819 2924 1965 2972 csse
1986 2912 2054 2972 et
2081 2902 2167 2971 ad
2208 2924 2345 2970 non
2385 2923 2573 2970 esse:

1025 3013 1232 3084 talem
1273 3021 1501 3082 autem
1556 3015 1933 3104 potentiam
1976 3011 2061 3082 ad
2111 3009 2578 3105 generandum

1021 3135 1095 3196 ,et
1126 3144 1264 3191 non
1297 3119 1766 3214 generandum
1805 3120 2067 3190 nullam
2099 3128 2202 3189 est
2229 3140 2487 3214 ponere
2511 3118 2579 3185 in

1025 3231 1201 3313 Deo,
1271 3253 1395 3300 nec
1443 3232 1514 3298 in
1571 3252 1654 3299 eo
1722 3228 1906 3322 quod
1944 3238 2160 3321 pater,
2204 3230 2430 3298 necin
2497 3250 2579 3296 eo

1029 3340 1215 3434 quod
1249 3349 1490 3409 natura
1531 3361 1551 3407 -:
1614 3340 1775 3431 quia
1824 3337 1985 3408 dicit
2045 3337 2343 3406 Hilarius
2397 3334 2580 3429 quod

1030 3456 1315 3543 generat
1345 3447 1415 3516 in
1454 3469 1526 3516 se
1577 3445 1829 3515 virtute
1893 3446 2240 3539 gignentis
2268 3454 2525 3515 naturoe
2561 3466 2578 3511 ε

1037 3580 1201 3650 ergo
1243 3558 1369 3626 ista
1398 3555 1649 3625 solutio
1692 3577 1829 3625 non
1861 3564 2083 3647 potest
2110 3564 2311 3625 stare.

1122 3668 1188 3734 Ἰ.
1226 3665 1589 3746 l’raeterea‚
1644 3664 1816 3731 Cum
1856 3662 2036 3743 dico,
2081 3663 2395 3733 Potentia
2437 3661 2582 3730 dis-

1037 3776 1289 3868 posita,
1322 3771 1629 3863 ejusdem
1651 3779 1751 3839 est
1791 3769 2144 3862 dispositio
2183 3771 2377 3861 cujus
2397 3769 2584 3861 prius

1035 3884 1164 3953 fuit
1190 3883 1495 3974 potentia
1520 3903 1536 3948 ε
1562 3902 1701 3949 non
1723 3880 1907 3949 enim
1930 3878 2178 3948 dantur
2207 3879 2588 3970 dispositio-

1037 4015 1159 4062 nes
1185 3991 1510 4083 potentiis
1540 3998 1612 4058 ut
1632 3987 1916 4058 ulterius
1947 3987 2110 4055 liant
2152 4010 2357 4079 quam
2399 3986 2587 4077 prius

1036 4099 1334 4178 fuerunt,
1368 4097 1488 4166 sed
1518 4103 1590 4165 ut
1624 4098 2057 4189 perliciantur
2084 4095 2169 4165 ad
2202 4104 2388 4164 actus
2423 4118 2438 4162 ε
2476 4118 2587 4163 er-

1037 4230 1128 4301 go
1176 4209 1230 4276 si
1263 4206 1566 4298 potentia
1623 4206 1949 4298 disposita
1996 4214 2097 4274 est
2143 4227 2476 4299 personae,
2521 4212 2586 4273 et

1043 4315 1261 4385 estad
1285 4313 1565 4406 aliquid,
1610 4315 1815 4382 etiam
1854 4316 2154 4405 potentia
2190 4314 2588 4406 indisposita

916 4505 924 4513 ,
1047 4424 1176 4494 erit
1212 4423 1516 4513 ejusdem
1547 4430 1613 4490 et
1641 4425 1842 4491 etiam
1875 4421 1960 4491 ad
1989 4421 2271 4514 aliquid.

687 4574 1002 4632 Βάσσου..

1144 4531 1278 4602 Seu
1315 4555 1567 4600 cosma
1612 4549 1631 4601 ε

1145 4645 1205 4710 1.
1240 4640 1344 4709 Ad
1370 4649 1595 4710 actum
1619 4650 1875 4709 naturae
1913 4662 2051 4709 non
2072 4648 2173 4710 est
2202 4639 2328 4709 nisi
2361 4648 2592 4733 poten·

1048 4752 1141 4820 tia
1180 4760 1436 4821 naturae
1470 4772 1486 4817 ε
1522 4752 1869 4842 generatio
1902 4760 2004 4819 est
2038 4759 2229 4820 actus
2268 4759 2524 4820 natura?
2567 4773 2584 4818 ε

1045 4884 1210 4953 ergo
1233 4861 1535 4953 potentia
1552 4859 1918 4951 generandi
1951 4869 2052 4929 est
2075 4861 2374 4951 potentia
2395 4869 2587 4928 natu·

1046 4992 1181 5039 rae:
1218 4994 1381 5062 ergo
1440 4970 1738 5062 potentia
1766 4969 2132 5061 generandi
2166 4971 2469 5061 potentia
2489 4979 2586 5038 est

1046 5076 1447 5146 substantias
1469 5079 1882 5169 generantis.

1136 5186 1203 5255 2.
1238 5183 1606 5265 Praeterea‚
1653 5184 1892 5254 Omnis
1920 5187 2225 5277 potentia
2255 5185 2590 5255 radicatur

1047 5294 1120 5362 in
1159 5292 1388 5384 aliquo
1419 5292 1793 5363 secundum
1834 5294 2166 5363 rationem
2198 5293 2589 5386 intelligen-

1048 5398 1117 5470 di
1152 5423 1170 5470 t
1202 5400 1337 5470 hoc
1381 5408 1611 5470 autem
1662 5410 1760 5470 est
1793 5409 2060 5483 natura,
2094 5411 2171 5471 ut
2199 5402 2361 5471 dicit
2390 5401 2587 5471 Hila-

1047 5508 1188 5577 rius
1231 5531 1248 5578 :
1310 5530 1473 5601 ergo
1512 5509 1817 5601 potentia
1871 5509 2239 5601 generandi
2284 5510 2411 5579 erit
2458 5532 2588 5600 po-

1043 5617 1258 5684 tentia
1326 5624 1578 5684 naturae
1647 5622 1712 5682 et
1785 5636 1923 5684 non
1989 5638 2295 5707 personae
2325 5638 2339 5682 :
2421 5639 2583 5709 ergo

2689 407 2815 475 erit
2855 373 3176 499 aliquids
3199 416 3268 475 et
3315 430 3455 476 non
3502 406 3590 474 ad
3647 406 3905 496 aliquid
3943 406 4251 476 tantum.

2778 516 2841 583 3.
2896 514 3262 594 Praeterea,
3319 515 3784 582 Damascenus
3832 513 4014 592 dicit,
4050 514 4233 603 quod

2685 624 3036 711 generatio
3086 632 3187 692 est
3234 646 3316 692 ex
3367 621 3746 690 substantia
3783 621 4171 712 generantis
4216 643 4231 687 z

2685 752 2847 820 ergo
2879 732 3185 820 potentia
3216 730 3584 820 generandi
3627 731 3930 819 potentia
3958 736 4057 796 est
4084 728 4239 796 sub-

2683 838 2951 905 stantiae
2983 841 3401 928 generantiS,
3447 846 3513 904 et
3541 859 3681 904 non
3710 836 3797 903 ad
3828 835 4110 928 aliquid.

2772 944 2837 1010 4.
2883 943 3247 1030 Praeterea,
3294 943 3757 1033 Philosophus
3815 944 4002 1028 dicit,
4056 943 4237 1034 quod

2682 1053 3031 1142 generatio
3065 1052 3311 1122 dicitur
3349 1061 3613 1136 natura,
3649 1074 3728 1120 eo
3780 1051 3961 1143 quod
3995 1060 4094 1121 est
4122 1053 4234 1119 via

2685 1158 2755 1223 in
2813 1165 3128 1225 naturam
3203 1182 3218 1225 :
3281 1181 3444 1250 ergo
3501 1161 3805 1249 potentia
3868 1157 4236 1248 generandi

2683 1265 2901 1332 eritin
2934 1275 3203 1334 natura.
3251 1283 3254 1284 ’

2773 1375 2838 1441 5.
2875 1371 3240 1459 Praeterea,
3292 1373 3620 1466 Magister
3668 1374 3830 1441 dicit
3866 1372 4002 1458 hic,
4054 1373 4237 1463 quod

2682 1482 2989 1567 potentia
3026 1480 3402 1572 generandi
3463 1488 3559 1549 est
3594 1479 3822 1570 aliqua
3870 1481 4176 1569 potentia
4217 1500 4233 1546 ε

2684 1584 2914 1678 aliqua
2954 1597 3184 1657 autem
3223 1588 3528 1678 potentia
3568 1596 3671 1656 est
3691 1586 3949 1678 aliquid
3982 1606 4001 1656 z
4046 1609 4233 1679 ergo,

2686 1703 2811 1765 etc.

2778 1931 3089 2002 Somno.
3170 1931 3335 2002 Sine
3419 1933 3816 2025 praejudicio
3889 1932 4232 2023 loquendo

2684 2044 2793 2132 (co
2819 2043 3005 2135 quod
3039 2042 3237 2111 multi
3277 2040 3390 2111 hic
3437 2040 3653 2109 multa
3680 2041 4019 2130 dixerunt)
4052 2038 4227 2120 dicu,

2684 2155 2869 2245 quod
2892 2157 3199 2246 potentia
3226 2153 3597 2246 generandi
3623 2154 4000 2222 secundum
4032 2153 4233 2222 ratio-

2684 2286 2842 2331 nem
2866 2262 3290 2354 intelligendi
3314 2261 3611 2331 medium
3633 2272 3736 2330 est
3756 2263 4110 2352 interpure
4138 2283 4236 2328 es·

2683 2371 2993 2450 sentialc‚
3029 2381 3098 2440 et.
3126 2394 3296 2463 pure
3332 2370 3684 2462 personale
3714 2392 3730 2438 :
3757 2377 3824 2439 et
3853 2369 3985 2439 hoc
4021 2377 4230 2460 patet,

2684 2480 2739 2547 si
2764 2478 3110 2547 dividatur
3151 2497 3169 2547 :
3200 2479 3511 2569 potentia
3540 2480 3720 2547 enim
3753 2479 3980 2545 omnis
4009 2499 4239 2546 essen-

2684 2586 2866 2656 tialis
2904 2596 3031 2672 est,
3074 2589 3429 2679 generatio
3470 2594 3695 2655 autem
3746 2586 3971 2655 omnis
4004 2608 4242 2677 perso-

2686 2693 2859 2761 nalis
2892 2701 2995 2763 est
3029 2717 3044 2762 ε
3091 2693 3272 2762 unde
3308 2694 3610 2785 potentia
3657 2690 4030 2784 generandi
4071 2714 4242 2761 con-

2677 2803 2971 2893 junctim
3024 2801 3427 2894 accipiendo
3468 2799 3842 2870 secundum
3873 2798 4059 2892 quod
4122 2822 4242 2891 po·

2686 2913 2899 2981 tentia
2927 2921 3028 2981 est
3062 2913 3131 2980 in
3183 2920 3364 2993 actu,
3408 2920 3511 2980 est
3543 2910 3844 2980 medium
3910 2910 4089 2980 inter
4131 2933 4242 2980 es·

2686 3021 2996 3101 sentiale‚
3040 3031 3108 3090 et
3136 3020 3488 3089 notionale
3528 3020 3670 3089 sive
3726 3018 4084 3111 personale
4125 3038 4144 3088 ε
4177 3030 4243 3089 et

2686 3130 2871 3200 illius
2904 3130 3110 3200 medii
3158 3129 3224 3198 id
3267 3127 3453 3222 quod
3500 3137 3600 3197 est
3656 3127 4002 3220 potentiae,
4058 3134 4243 3197 tenet

2687 3263 2760 3309 se
2792 3262 2876 3308 ex
2916 3248 3105 3331 parte
3158 3248 3419 3306 naturae
3459 3256 3476 3306 ε
3522 3236 3585 3304 id
3651 3244 3881 3305 autem
3922 3235 4106 3328 quod
4145 3243 4247 3304 est

2688 3356 2905 3428 actuS,
2949 3355 3134 3416 tenet
3175 3369 3246 3415 se
3277 3368 3363 3415 ex
3407 3354 3595 3438 parte
3652 3344 3953 3412 notionis
3991 3351 4055 3412 et
4088 3365 4244 3435 per-

2688 3478 2897 3525 sonae.
2963 3453 3044 3523 Et
3097 3455 3152 3521 si
3221 3454 3493 3530 dicitur,
3563 3451 3745 3544 quod
3784 3452 3960 3521 inter
4012 3473 4246 3521 essen-

2688 3566 2883 3651 tiam,
2964 3571 3030 3631 et
3095 3584 3463 3654 personam
3533 3559 3699 3628 nihil
3758 3569 3859 3628 est
3915 3558 4238 3629 medium.

2689 3671 3082 3750 nespas-sno,
3121 3671 3306 3762 quod
3355 3668 3488 3739 hoc
3551 3691 3787 3737 verum
3845 3678 3947 3736 est
3995 3689 4243 3736 secun-

2690 3779 2853 3848 dum
2894 3802 3092 3849 rem:
3146 3778 3269 3848 sed
3325 3776 3700 3848 secundum
3743 3779 4077 3846 rationem
4134 3776 4246 3844 in-

2689 3888 3041 3980 telligendi
3104 3886 3274 3955 nihil
3337 3884 3651 3979 prohibet
3687 3908 3832 3953 esse
3887 3884 4241 3954 medium:

2691 3994 3070 4064 secundum
3132 3993 3265 4064 hoc
3314 3995 3523 4086 igitur
3576 3994 3845 4086 proprie
3901 3990 4248 4084 loquendo

2691 4103 2999 4194 potentia
3028 4102 3400 4194 generandi
3425 4102 3548 4170 erit
3581 4110 3837 4169 naturae
3874 4100 4250 4170 secundum

2693 4206 2879 4299 quod
2908 4216 3011 4275 est
3044 4209 3112 4275 in
3142 4206 3273 4276 hac
3293 4230 3585 4298 persona
3613 4228 3627 4273 ε
3665 4205 3841 4274 unde
3871 4203 4246 4275 secundum

2691 4317 2995 4410 aliquam
3019 4319 3357 4386 rationem
3388 4316 3492 4384 sui
3526 4324 3626 4384 est
3648 4315 3834 4406 quid,
3869 4312 4245 4393 secundum

2692 4424 2996 4517 aliquam
3069 4425 3406 4494 rationem
3466 4424 3570 4492 sui
3609 4432 3711 4490 est
3768 4422 3852 4490 ad
3920 4419 4177 4514 aliquid
4228 4442 4244 4487 ε

2696 4532 2912 4600 multa
2941 4531 3127 4601 enim
3158 4539 3319 4599 sunt
3361 4533 3453 4598 ita
3481 4528 3890 4613 essentialia,
3923 4526 4108 4620 quod
4133 4549 4252 4619 per

2693 4640 3251 4727 conjunctionem
3276 4640 3384 4706 sui
3407 4661 3561 4706 cum
3605 4634 4068 4705 notionalibus
4090 4657 4249 4702 con·

2693 4753 2983 4820 veniunt
3026 4750 3121 4818 illi
3162 4772 3475 4842 personae
3513 4748 3708 4837 cujus
3737 4756 3837 4816 est
3876 4747 4069 4815 notio
4108 4744 4246 4827 illa,

2695 4868 2759 4929 et
2802 4882 2943 4929 non
2980 4859 3099 4928 alii
3135 4882 3150 4926 ε
3194 4868 3261 4928 et
3300 4860 3356 4926 si
3389 4857 3782 4926 dividantur
3822 4855 3905 4924 ab
3952 4855 4068 4923 illo
4119 4877 4249 4924 no-

2694 4967 2961 5047 tionali‚
3031 4969 3456 5037 conveniunt
3523 4964 3876 5057 aequaliter
3932 4964 4253 5033 omnibus

2691 5079 3029 5169 personis,
3069 5079 3243 5146 sicut
3275 5074 3668 5167 exemplum
3711 5081 3834 5151 est,
3870 5095 4027 5142 cum
4069 5072 4247 5151 dico,

2694 5184 2879 5253 Deus
2909 5207 3272 5277 generanS,
3308 5183 3401 5252 ita
3448 5165 3633 5273 quod
3664 5182 3731 5274 ly
3757 5203 4091 5272 qenerans
4128 5178 4254 5248 ad-

2682 5292 2933 5381 jective
2990 5301 3291 5385 ponatur
3375 5299 3442 5360 et
3511 5290 3862 5359 transitive
3920 5291 4258 5381 jungatur

2691 5423 2849 5469 cum
2886 5401 2959 5493 ly
2985 5403 3176 5470 Deus
3216 5421 3239 5468 .·
3280 5407 3444 5468 tunc
3472 5398 3654 5467 enim
3695 5397 3879 5467 Deus
3902 5418 4251 5489 generans

2693 5530 2832 5577 non
2873 5509 3001 5577 erit
3032 5507 3246 5578 Filius
3297 5505 3411 5575 vel
3453 5502 3746 5598 Spiritus
3795 5515 4072 5575 sanctus
4115 5527 4131 5573 z
4192 5512 4259 5574 et

2695 5616 2750 5683 si
2801 5614 3152 5685 dividatur
3206 5637 3329 5707 per
3403 5613 3824 5684 intellectum
3882 5614 3951 5706 ly
3993 5615 4178 5684 Deus
4216 5636 4255 5682 a

4109 243 4283 317 207..

4321 1968 4522 2017 solutio.
