4897 6388
499 927 572 972 Ad
603 928 639 971 Ι.

485 2995 557 3041 Ad
583 2997 627 3040 ².

481 4502 551 4547 Ad
580 4500 624 4552 3.

484 5147 555 5193 Ad
583 5152 625 5194 4.

759 304 889 370 494

757 461 954 554 tuita,
997 446 1237 543 datum
1269 483 1499 543 autem
1531 474 1618 542 ad
1650 473 1986 542 naturalia
2021 496 2037 537 ε
2073 481 2138 540 et
2177 494 2310 539 me·

756 583 927 652 liora
966 594 1126 654 sunt
1154 586 1455 676 gratuita
1494 583 1920 652 naturalibus
1956 606 1970 649 ε
2043 591 2109 650 et
2160 581 2309 649 ideo

757 694 928 760 ratio
959 693 1120 761 doni
1150 695 1368 784 magis
1400 694 1724 782 competit
1772 693 2032 781 optimo
2092 688 2308 757 dono-

758 823 908 866 rum
952 802 1294 886 omnium,
1336 823 1540 894 quam
1572 801 1746 882 ratio
1786 798 1952 883 dett.

844 909 1196 974 Dim-:snum
1235 929 1396 996 ergo
1439 906 1522 972 ad
1556 907 1879 994 primum,
1943 902 2126 992 quod
2182 902 2309 968 do-
2345 959 2349 964 .

757 1037 923 1081 num
963 1020 1028 1081 et
1056 1013 1292 1080 datum
1335 1020 1790 1093 non-tantum
1832 1009 2151 1076 differunt
2189 1031 2308 1098 per

753 1121 1129 1212 potentiam
1161 1128 1227 1206 et
1256 1128 1510 1207 actum,
1542 1117 1660 1200 sed.
1689 1118 1898 1202 etiam,
1931 1114 2304 1200 rationibus

751 1217 971 1312 dictis„
1011 1215 1014 1218 ¹

838 1335 1203 1412 Praeterea,
1249 1333 1374 1402 Illa
1401 1334 1706 1424 potentia
1748 1354 1901 1421 quae
1942 1338 2041 1398 est
2080 1331 2146 1396 in
2188 1329 2304 1397 do·

750 1465 864 1519 n0,
900 1442 1075 1509 sicut
1113 1441 1274 1510 dicit
1305 1441 1652 1530 Magister,
1688 1461 1827 1506 non
1861 1446 1963 1506 est
2003 1439 2305 1527 potentia

751 1559 1061 1641 respectu
1101 1550 1289 1626 doni,
1336 1548 1466 1617 hoc
1507 1556 1630 1629 est,
1667 1547 1852 1638 quod
1907 1546 2166 1637 aliquid
2219 1546 2304 1612 sit

746 1659 1069 1728 deficiens
1121 1659 1203 1726 de
1261 1658 1673 1749 perfectione
1740 1656 1928 1736 doni,
1991 1656 2108 1722 sed
2204 1662 2337 1722 est.

743 1776 1009 1836 tantum
1079 1774 1388 1857 respectu
1444 1773 1634 1834 actus
1694 1763 1779 1831 ad
1846 1762 2157 1840 alterum,
2231 1762 2298 1828 id

744 1885 868 1955 est,
942 1875 1027 1943 ad
1085 1875 1525 1965 recipientem
1586 1875 1784 1940 istam
1850 1871 2298 1961 comparatio-

744 2007 902 2052 nem
938 2004 958 2051 :-
1001 1990 1067 2051 et
1106 1982 1259 2050 ideo
1302 1981 1414 2049 ille
1455 1989 1645 2049 actus
1700 1981 1816 2070 qui
1884 1979 2303 2070 significatur

744 2095 813 2161 in
880 2091 1100 2173 dato„
1138 2113 1278 2159 non
1333 2097 1434 2158 est
1487 2096 1563 2156 ut
1618 2088 1747 2156 sibi
1788 2088 2184 2166 advenienS,
2228 2088 2299 2154 in

744 2222 881 2292 quo
912 2199 1168 2267 scilicet
1209 2201 1434 2290 ipsum
1484 2197 1744 2264 donum
1796 2195 2125 2264 efficiatur
2189 2194 2296 2262 vel

748 2309 1139 2400 perficiatur
1194 2307 1266 2375 in
1329 2315 1534 2374 actu:
1614 2304 1733 2373 sed
1789 2305 2018 2395 potius
2057 2303 2126 2370 in
2156 2325 2292 2393 quo

749 2440 871 2508 per
921 2417 1146 2508 ipsum
1204 2413 1464 2483 donum
1520 2413 1912 2504 perficiatur
1967 2403 2294 2501 recipiens

747 2526 995 2616 ipsum.
1046 2522 1242 2593 Unde
1290 2522 1407 2590 illa
1461 2521 1754 2610 objectio
1812 2542 1951 2588 non
1988 2519 2293 2610 procedit

742 2632 870 2701 nisi
911 2631 992 2700 de
1035 2631 1359 2722 potentiis
1414 2628 1840 2697 naturalibus
1906 2651 2059 2720 quae
2098 2626 2295 2718 perti·

741 2741 1014 2808 ciuntur
1050 2739 1193 2807 suis
1233 2737 1494 2806 actibus
1551 2735 2071 2805 advenientibus
2134 2733 2288 2812 sibi,

746 2848 831 2918 ad
879 2870 1054 2940 quos
1084 2846 1294 2917 etiam
1335 2845 1786 2913 diffiniuntur.

838 2956 939 3023 Au
994 2977 1194 3023 Αιιυυ
1234 2952 1624 3030 dicendum,
1686 2950 1870 3043 quod
1926 2958 2116 3019 actus
2176 2952 2290 3040 qui

742 3074 843 3135 est
873 3065 1108 3133 t'ormoe
1137 3062 1482 3155 periecti0,
1527 3060 1825 3129 nobilior
1861 3069 1961 3127 eat
1991 3059 2292 3150 potentia

742 3181 808 3243 et
881 3169 1282 3244 habitudine
1338 3168 1488 3239 talis
1546 3169 1889 3261 potentiae,
1983 3174 2048 3235 et
2137 3165 2292 3235 talis

742 3289 931 3350 actus
960 3301 1100 3347 non
1131 3299 1205 3347 se
1234 3274 1491 3345 habent
1537 3274 1797 3343 donum
1868 3281 1935 3342 et
1991 3273 2224 3341 datum
2267 3292 2283 3340 :

740 3389 859 3459 sed
886 3388 1115 3480 potius
1144 3386 1405 3454 donum
1464 3390 1568 3453 est
1623 3383 1772 3473 ipsa
1808 3403 2080 3470 summa
2135 3402 2293 3471 per-

741 3497 966 3575 fectio,
1001 3503 1068 3564 et
1098 3503 1290 3564 actus
1319 3491 1523 3561 dandi
1552 3491 1669 3582 qui
1699 3496 2150 3582 exspectatur,
2191 3494 2291 3557 est

741 3615 930 3676 actus
970 3611 1276 3698 respectu
1305 3601 1610 3683 alterius,
1639 3598 1772 3667 hoe
1799 3607 1923 3675 est,
1986 3604 2287 3687 respectu

736 3714 1166 3807 suscipientis
1203 3713 1427 3803 ipsum
1475 3709 1734 3777 donum
1801 3706 1886 3774 ad
1925 3706 2027 3773 sui
2069 3704 2291 3796 perfe-

737 3824 1033 3892 ctionem
1085 3843 1101 3889 :
1164 3820 1218 3888 si
1281 3819 1464 3888 enim
1531 3815 1881 3883 adveniret
1935 3812 2047 3880 ille
2099 3820 2289 3880 actus

737 3930 919 3998 dono
960 3936 1032 3996 ut
1068 3925 1416 4021 potentiae,
1451 3928 1795 4015 oporteret
1825 3920 2008 4013 quod
2063 3928 2290 3987 muta-

739 4048 839 4109 ret
874 4036 1132 4131 aliquid
1175 4037 1244 4105 in
1284 4033 1425 4112 ino,
1487 4032 1672 4125 quod
1730 4038 1828 4099 eat
1887 4028 2281 4098 absurdum.

739 4142 932 4216 l'nde
970 4168 1093 4238 per
1159 4143 1384 4236 ipsum
1425 4142 1646 4232 magis
1691 4139 1964 4208 advenit
2030 4137 2284 4206 donum

734 4255 819 4323 ad
849 4254 1357 4345 suscipientem,
1401 4258 1465 4318 et
1497 4254 1713 4316 mutat
1757 4250 1977 4338 ipsum
2024 4247 2092 4314 in
2139 4268 2286 4313 me-

734 4363 888 4432 lius,

829 4470 934 4538 An
970 4491 1170 4538 Αιιυυ
1207 4465 1596 4541 dicendum,
1633 4461 1814 4555 quod
1847 4461 2001 4530 licet
2060 4464 2128 4530 in
2169 4484 2287 4529 no-

738 4579 842 4648 bis
879 4577 1388 4673 distinguantur
1423 4573 1719 4665 gratuita
1748 4595 1788 4638 a
1833 4568 2281 4654 naturalibus,

733 4698 961 4758 tamen
991 4687 1063 4754 in
1094 4679 1238 4754 Deo
1293 4682 1496 4750 dante
1528 4701 1664 4748 non
1703 4685 1804 4746 est
1843 4678 1940 4746 sic
1976 4699 1992 4745 z
2052 4679 2282 4745 omnia

735 4796 918 4864 enim
949 4793 1062 4861 dat
1096 4792 1166 4859 in
1195 4813 1337 4858 uno
1367 4788 1551 4857 dono
1583 4786 1880 4879 gratuito
1933 4784 2113 4876 quod
2182 4794 2281 4853 est

739 4904 1037 4995 Spiritus
1067 4909 1371 4976 sanctuar,
1412 4897 1583 4966 sicut
1615 4895 1818 4963 etiam
1847 4895 2077 4961 omnia
2129 4893 2281 4960 tacit

740 5036 878 5082 uno
917 5011 1130 5081 verbo
1161 5006 1347 5117 quod
1373 5014 1474 5075 est
1504 5005 1736 5073 Filius.

830 5122 935 5188 An
961 5141 1160 5188 Αιιυυ
1224 5113 1613 5192 dicendum,
1665 5110 1850 5204 quod
1906 5109 2089 5177 datio
2143 5133 2281 5179 non

739 5229 914 5301 cadit
946 5232 1013 5298 in
1053 5226 1458 5296 diffinitione
1488 5220 1648 5288 doni
1678 5218 2049 5288 secundum
2099 5218 2281 5310 quod

735 5338 1155 5409 convertitur
1177 5357 1333 5402 cum
1367 5331 1554 5410 date,
1584 5334 1787 5419 prout
1820 5325 1928 5394 bic
1959 5328 2283 5417 accipitur

735 5470 771 5515 a
805 5445 1181 5537 Magistro:
1237 5440 1352 5510 sed
1392 5445 1593 5531 prout
1651 5444 1746 5503 est
1820 5458 2067 5502 nomen
2137 5437 2282 5503 uni·

731 5552 1018 5633 versele,
1060 5560 1127 5620 et
1165 5546 1495 5618 abstrahit
1548 5569 1584 5612 a
1654 5545 1913 5611 ratione
1980 5541 2166 5627 doni,
2216 5554 2283 5614 et

730 5662 867 5730 dati
911 5681 928 5729 ε
964 5668 1029 5728 et
1068 5660 1164 5727 sic
1195 5678 1330 5726 non
1364 5653 1696 5745 sequitur,
1732 5650 1915 5742 quod
1945 5651 2176 5739 datum
2206 5665 2279 5723 ut

1673 349 1674 354 =
1797 302 1882 376 D.
1933 301 2129 388 ΑΕΒ.
2184 298 2401 375 MAG.
2456 298 2659 377 0131).
2714 300 3008 380 PRAED..

2393 466 2529 537 thic
2566 471 3046 561 significatum,
3098 474 3282 562 prius
3321 476 3681 542 conveniat
3740 478 3959 567 Spiri-

2417 578 2513 643 tui
2562 587 2793 661 sancto
2835 602 3039 669 quam
3074 579 3355 648 donum.

2838 1029 3339 1101 Alt'l'tCULUS
3394 1036 3510 1103 ΙΙΙ.

2410 1233 2517 1297 An
2564 1237 2929 1324 proprium
3013 1239 3104 1304 sil
3168 1240 3474 1330 Spiritui
3534 1256 3765 1311 sancio
3820 1269 3955 1312 esse

3020 1347 3342 1415 donum?

2495 1667 2750 1737 Deinde
2793 1670 3114 1759 objicitur
3139 1697 3342 1764 super
3400 1677 3697 1766 primum
3756 1684 3947 1770 prin-

2404 1775 2653 1863 cipium
2687 1781 2908 1867 quarti
2932 1782 3204 1870 capituli
3232 1783 3314 1864 D,
3340 1784 3456 1863 ibi,
3487 1814 3521 1849 «
3549 1790 3731 1872 Quia
3747 1792 3949 1879 spiri-

2403 1890 2514 1948 tus
2547 1896 2821 1953 sanctus
2849 1897 2913 1954 et
2942 1887 3198 1956 donum
3256 1892 3536 1968 dicitur,
3573 1907 3638 1962 et
3704 1897 3945 1963 dolum

2399 1994 2540 2060 sive
2567 1995 2923 2078 dmzalum,
2958 2007 3083 2067 etc.
3132 2026 3165 2065 ι

2496 2103 2553 2167 1.
2589 2101 2687 2170 Ex
2711 2102 2838 2174 boc
2858 2108 3040 2174 enim
3073 2108 3341 2178 videtur
3382 2112 3715 2205 Magister
3742 2117 3939 2196 velle,

2401 2209 2584 2298 quod
2627 2214 2975 2302 proprium
3017 2218 3106 2284 ait
3164 2215 3445 2308 Spiritui
3486 2233 3721 2292 sancto
3763 2227 3938 2315 quod

2399 2314 2655 2384 donum
2689 2329 2809 2387 est.
2849 2320 2982 2389 Sssn
3011 2346 3263 2392 com-na
3308 2350 3323 2394 ι
3381 2328 3579 2398 Ratio
3631 2331 3791 2400 doni
3844 2335 3940 2399 vi-

2397 2422 2595 2490 detur
2631 2449 2774 2494 esse
2805 2450 3226 2521 consequens
3257 2437 3591 2505 rationem
3644 2440 3790 2528 ejus
3820 2442 3933 2532 qui

2395 2537 2744 2620 processit.
2784 2535 3143 2607 t’noaarro.
3179 2541 3279 2608 Ex
3323 2566 3404 2611 eo
3465 2544 3668 2615 habet
3738 2550 3935 2616 ratio·

2395 2660 2551 2707 nem
2583 2639 2767 2721 doni,
2803 2647 2962 2733 quia
3001 2651 3326 2737 processit
3365 2660 3436 2719 ut
3474 2676 3671 2723 amor
3714 2678 3729 2723 ε
3771 2680 3932 2747 ergo

2397 2748 2683 2830 videtur,
2718 2754 2898 2844 quod
2941 2757 3026 2824 sit
3091 2780 3456 2830 commune
3515 2786 3934 2857 consequens

2395 2858 2619 2946 potius
2649 2882 2850 2949 quam
2883 2886 3027 2931 esse
3066 2868 3438 2957 proprium.

2482 2966 2544 3032 2.
2585 2965 2654 3032 Si
2687 2966 2892 3046 dicas»,
2938 2971 3123 3061 quod
3178 2984 3279 3042 est
3326 2999 3775 3071 consequens,
3818 2981 3930 3050 scd

2395 3074 2769 3162 proprium,
2806 3099 2944 3144 non
2974 3101 3358 3151 commune.
3384 3084 3649 3154 Coxrna
3684 3110 3700 3154 :
3732 3088 3932 3157 Filius

2393 3181 2596 3248 etiam
2656 3186 2981 3274 processit
3032 3197 3108 3255 ut
3147 3190 3260 3281 qui
3301 3191 3440 3262 dari
3483 3198 3721 3286 possit,
3764 3199 3930 3267 sicut

2393 3287 2638 3357 dicitur
2676 3293 2743 3359 in
2784 3296 3042 3362 Littera
3092 3298 3159 3365 in
3217 3298 3342 3368 hac
3389 3303 3623 3372 eadem
3687 3304 3971 3374 distin--

2393 3395 2616 3464 ctione
2676 3420 2693 3465 ε
2752 3422 2914 3491 ergo
2976 3402 3147 3471 ratio
3202 3404 3360 3474 doni
3420 3418 3520 3478 est
3565 3433 3931 3479 commune

2393 3524 2838 3593 conseque-na,
2870 3517 2933 3575 et
2974 3531 3111 3577 non
3143 3515 3517 3604 proprium.

2484 3609 2546 3676 3.
2602 3609 2795 3693 item,
2843 3612 2935 3682 Ea
2973 3639 3126 3706 quae
3185 3622 3456 3712 propria
3502 3632 3661 3692 sunt
3704 3647 3933 3717 perso·

2394 3737 2633 3784 narum
2667 3720 2731 3785 in
2762 3721 3022 3789 actibus
3051 3726 3518 3815 personalibus
3548 3732 3931 3823 signitiran·

2392 3834 2527 3902 tur,
2585 3832 2656 3892 ut
2709 3849 2863 3895 cum
2906 3829 3174 3911 dicitur,
3236 3834 3437 3904 Pater
3482 3849 3760 3928 generat
3819 3840 3931 3908 Fi-

2391 3928 2586 4009 lium,
2615 3947 2896 4022 qenerol
2922 3940 3388 4032 consignificat
3429 3948 3926 4036 paternitatem,

2391 4046 2455 4105 et
2522 4063 2844 4130 generare
2887 4044 3283 4118 filiationem
3341 4075 3357 4119 ε
3417 4078 3579 4146 ergo
3635 4056 3925 4137 videtur,

2391 4148 2570 4235 quod
2600 4150 2821 4216 siesse
2852 4152 3108 4222 donum
3143 4160 3489 4249 proprium
3521 4162 3606 4231 sit
3639 4163 3929 4257 Spiritus

2395 4257 2636 4326 sancti.
2705 4259 2884 4349 quod
2966 4265 3220 4352 possim
3289 4266 3536 4349 dicere,
3608 4269 3810 4338 l‘ater
3864 4282 3928 4340 vt

2394 4357 2598 4427 Filius
2653 4363 2737 4429 ab
2776 4375 3029 4435 :eterno
3067 4370 3323 4439 «tonant
3385 4373 3713 4466 Spiritum
3770 4402 3928 4445 san-

2390 4476 2572 4536 ctum
2637 4492 2651 4537 :
2722 4482 2836 4542 aut
2898 4499 3063 4567 ergo
3128 4478 3381 4549 donant
3451 4484 3576 4552 sibi
3638 4485 3924 4555 invicem

2391 4574 2746 4665 Spiritum,
2799 4592 2913 4649 aut
2972 4584 3123 4653 aliis
3178 4609 3194 4655 ε
3239 4611 3373 4657 non
3424 4590 3550 4658 sibi
3612 4592 3925 4670 invicem,

2389 4683 2550 4773 quia
2590 4682 2719 4754 boc
2749 4700 3037 4779 negatur
3065 4692 3171 4762 hic
3205 4696 3271 4763 in
3315 4699 3599 4784 Littera,
3642 4708 3704 4767 et
3744 4701 3928 4769 indi-

2389 4793 2687 4880 gentiam
2720 4796 3127 4889 signiticaret
3164 4825 3179 4868 ε
3217 4827 3339 4872 nec
3377 4805 3526 4873 aliis
3556 4806 3811 4875 donant
3842 4810 3927 4876 ab

2386 4909 2664 4984 aeterno,
2708 4908 2868 4996 quia
2905 4909 3017 4978 atii
3059 4935 3196 4980 non
3227 4922 3382 4982 sunt
3423 4937 3438 4983 t
3497 4939 3660 5008 ergo
3711 4918 3931 5008 Spiri-

2390 5015 2497 5074 tus
2527 5030 2662 5078 uon
2703 5019 2803 5078 est
2854 5011 3112 5082 donum
3161 5018 3456 5108 proprie,
3505 5020 3624 5088 sed
3677 5044 3927 5112 appro-

2387 5116 2625 5205 priate,
2668 5127 2741 5186 ut
2776 5120 3068 5192 videtur.

2487 5230 2548 5298 t.
2584 5227 2776 5310 Item,
2819 5229 3035 5298 Video
3090 5232 3155 5298 in
3200 5232 3349 5300 aliis
3394 5237 3705 5327 propriiS,
3749 5237 3927 5328 quod

2389 5360 2525 5403 non
2551 5345 2809 5403 tantum
2844 5360 2977 5404 non
3002 5341 3413 5410 conveniunt
3445 5342 3555 5409 alii
3591 5367 3924 5434 per-sonte,

2386 5445 2501 5514 sed
2534 5448 2735 5513 etiam
2778 5445 2959 5537 quod
3001 5470 3375 5539 numquam
3435 5464 3715 5542 possunt
3757 5478 3928 5522 con·

2387 5553 2615 5621 venire
2661 5576 2674 5618 :
2714 5552 2923 5621 Filius
2961 5556 3143 5623 enim
3202 5578 3324 5625 nec
3379 5568 3481 5627 est
3537 5559 3762 5645 Pater,
3807 5584 3926 5629 nec

2386 5669 2609 5752 potest
2664 5683 2988 5754 umquam
3042 5685 3189 5733 esse
3242 5664 3468 5746 Pater,
3517 5690 3642 5737 nec
3679 5691 3717 5739 e
3768 5691 3925 5738 con·
