4897 6388
285 2728 487 2777 solutio.

317 3375 398 3423 Ad
426 3377 467 3423 1.

317 4128 387 4173 Ad
416 4128 461 4176 2.

509 487 522 500 .,
584 397 754 476 356·
795 494 824 506 ,.
871 473 876 479 ·

627 537 756 637 ⁴⁸3}
777 566 974 652 Item,
1034 567 1268 634 Prima
1323 588 1526 632 causa
1592 572 1693 632 est
1747 547 2119 632 secundum

576 675 1079 768 Philosophum
1119 699 1268 766 quae
1307 683 1539 742 causat
1576 697 1716 741 non
1771 673 2122 764 supposita

518 812 522 817 ·
575 783 706 851 alia
744 806 759 850 ε
803 806 967 875 ergo
1010 807 1049 851 a
1089 783 1292 850 simili
1351 782 1763 872 principium
1823 782 2119 870 primum

575 900 676 960 est
720 891 905 982 quod
951 891 1313 981 principiat
1373 911 1513 956 non
1562 889 1915 978 supposito
1959 885 2114 954 alio.

495 1003 501 1009 ’
570 998 781 1067 Filius
801 1006 1028 1067 autem
1058 998 1420 1089 principiat
1452 996 1784 1087 Spiritum
1810 1003 2120 1064 sanctum

569 1108 916 1197 supposito
965 1106 1299 1196 principio
1367 1105 1498 1182 sui,
1569 1104 1730 1194 quia
1771 1102 2120 1193 supposito

569 1212 771 1280 Patre
817 1235 833 1280 ε
866 1212 1071 1280 Pater
1108 1222 1499 1281 autemnon
1537 1206 1888 1301 supposito
1929 1210 2064 1277 alio
2101 1232 2116 1276 :

570 1346 731 1416 ergo
778 1323 1072 1400 videtur,
1111 1323 1293 1415 quod
1333 1321 1527 1391 Pater
1578 1323 1666 1390 sit
1710 1321 2120 1413 principium

569 1432 865 1523 primum
938 1431 1235 1522 Spiritus
1299 1432 1540 1510 sancti,
1612 1439 1680 1500 et
1761 1430 1971 1498 Filius
2037 1428 2124 1496 sit

568 1538 980 1630 principium
1009 1539 1415 1612 secundum.

658 1647 724 1714 4.
768 1645 966 1726 Item,
1016 1648 1084 1714 A
1126 1644 1391 1714 Sanctis
1451 1644 1868 1730 conceditur,
1938 1643 2123 1735 quod

566 1752 1030 1845 principaliter
1089 1753 1398 1845 procedit
1464 1776 1507 1819 a
1569 1752 1775 1821 Patre
1845 1775 1862 1820 ε
1914 1772 2123 1842 quare

571 1882 711 1928 non
749 1863 843 1929 ita
883 1858 1492 1951 conceditur,quod
1530 1861 1753 1950 primo
1787 1882 1827 1927 a
1854 1858 2055 1926 Patre
2092 1861 2124 1925 ¹?

587 2007 594 2016 ·
664 1970 731 2038 5.
774 1968 971 2048 Item,
1003 1967 1296 2037 Videtur
1341 1967 1528 2058 quod
1563 1966 1854 2057 objectio
1904 1965 2125 2033 haere-

573 2075 691 2144 tici
717 2083 950 2144 teneat
973 2097 1006 2143 ,ε
1042 2075 1203 2166 quia
1238 2084 1401 2143 nato
1443 2073 1553 2143 vel
1592 2097 1731 2141 non
1776 2081 1940 2140 nato
1996 2094 2126 2162 op-

572 2188 925 2275 ponuntur
960 2190 1039 2250 ut
1091 2181 1450 2251 affirmatio
1492 2189 1561 2250 et
1612 2181 1883 2272 negatio
1948 2179 2126 2247 circa

575 2289 756 2359 idem
800 2311 817 2358 z
859 2311 1024 2380 ergo
1065 2288 1354 2357 alterum
1384 2287 1914 2357 necessarioest
1952 2284 2128 2353 dan-

519 2411 524 2416 ’
577 2396 742 2465 dum
784 2417 800 2463 ε
853 2397 1013 2489 quia
1087 2394 1562 2464 affirmationis
1617 2401 1686 2463 et
1746 2392 2126 2484 negationis

576 2503 842 2572 nullum
863 2511 965 2572 est
1006 2501 1332 2571 medium.

671 2717 977 2788 Somno.
1019 2716 1351 2797 DicimuS,
1395 2717 1579 2808 quod
1616 2739 1760 2786 non
1813 2723 1916 2786 est
1968 2738 2126 2784 con·

578 2824 980 2906 cedendum,
1049 2823 1236 2916 quod
1289 2824 1511 2914 primo
1549 2823 1870 2914 procedat
1909 2845 1950 2891 a
1986 2821 2126 2890 Pa-

576 2941 678 3003 tre
710 2956 728 3003 ε
772 2933 931 3026 quia
958 2955 1116 3002 cum
1144 2932 1446 3024 primum
1478 2930 1657 3001 dicat
1682 2931 2020 3016 ordinem,
2054 2938 2125 3000 et

576 3042 800 3111 omnis
874 3039 1041 3110 ordo
1100 3046 1310 3132 ponat
1371 3039 1560 3130 prius
1636 3047 1704 3109 et
1757 3039 2118 3131 posterius,

575 3155 844 3240 oportet
870 3146 1118 3235 dicere,
1152 3145 1338 3239 quod
1363 3146 1701 3238 posterius
1729 3145 2124 3237 procederet

576 3279 616 3324 a
653 3254 852 3326 Filio.

665 3363 855 3433 usna
924 3387 1013 3432 ,m
1053 3385 1312 3431 rantum
1369 3360 1731 3430 dicendum
1769 3370 1894 3446 est,
1937 3361 2123 3454 quod

571 3470 871 3562 primum
911 3478 979 3539 et
1031 3470 1445 3561 principium
1505 3476 1995 3538 convertuntur
2051 3470 2122 3537 in

571 3579 833 3649 ratione
870 3600 1093 3648 causae
1126 3601 1143 3647 ε
1186 3576 1305 3646 sed
1333 3576 1491 3645 licet
1528 3598 1658 3644 nos
1712 3576 2120 3668 principium

570 3686 876 3756 dicamus
914 3706 1062 3754 esse
1093 3686 1162 3754 in
1201 3683 1476 3762 divinis,
1507 3689 1908 3752 nontamen
1947 3682 2122 3751 dici-

570 3815 725 3862 mus
785 3814 1066 3862 causam
1141 3800 1418 3883 propter
1490 3789 1827 3858 rationem
1910 3811 2120 3881 supra

570 3898 1034 3990 assignatam:
1078 3904 1146 3966 et
1194 3896 1345 3964 idco
1400 3897 1811 3989 principium
1861 3905 1928 3966 et
1975 3898 2122 3989 pri-

570 4028 760 4073 mum
798 4004 870 4072 in
918 4003 1169 4072 divinis
1208 4026 1345 4072 non
1373 4013 1890 4074 convertuntur.

654 4112 761 4180 Ao
804 4133 1004 4179 Anno
1034 4109 1423 4190 dicendum,
1461 4110 1644 4203 quod
1666 4112 1885 4203 prima
1914 4134 2119 4181 causa

569 4228 671 4288 est
708 4219 778 4287 in
809 4239 945 4310 qua
981 4224 1199 4286 status
1237 4226 1339 4286 est
1377 4218 1449 4285 in
1496 4218 1910 4288 resolutione
1949 4242 2117 4289 cau-

569 4334 873 4394 satorum
913 4325 984 4392 in
1021 4346 1297 4393 causam
1342 4346 1358 4391 ε
1393 4322 1549 4392 talis
1579 4334 1808 4394 autem
1840 4347 1981 4394 non
2019 4336 2121 4396 est

568 4432 892 4502 resolutio
920 4431 993 4498 in
1024 4431 1273 4500 divinis
1316 4454 1333 4500 τ
1386 4433 1546 4522 quia
1586 4440 1936 4500 causatum
1979 4456 2119 4502 non

570 4549 673 4610 est
710 4542 780 4609 in
811 4539 1049 4609 eadem
1079 4537 1512 4629 simplicitate
1543 4562 1699 4608 cum
1746 4562 1948 4608 causa
1991 4563 2009 4609 t
2054 4550 2121 4611 et

570 4651 724 4719 ideo
770 4673 912 4719 non
950 4648 1122 4719 adeo
1178 4647 1579 4739 simpliciter
1635 4649 1916 4740 suscipit
1971 4672 2118 4719 esse

570 4781 791 4828 causae
820 4758 1083 4850 primae,
1116 4758 1290 4826 sicut
1338 4757 1534 4825 estin
1592 4758 1740 4849 ipsa
1781 4778 1798 4827 t
1844 4767 2120 4849 propter

572 4864 757 4958 quod
808 4864 1038 4934 locum
1069 4863 1294 4954 ‚habet
1350 4863 1677 4934 resolutio
1725 4866 1979 4934 causati
2031 4865 2116 4934 ad

570 4997 848 5044 causam
868 4996 990 5064 per
1027 4973 1557 5041 abstractionem
1598 4977 1745 5064 ejus
1775 4973 1953 5064 quod
1986 4972 2118 5041 ha-

570 5082 746 5150 beta
772 5102 976 5150 causa
1004 5082 1252 5172 prima,
1284 5088 1351 5148 et
1377 5080 1811 5172 superaddito
1849 5105 1864 5150 ε
1898 5083 2017 5151 sed
2045 5084 2116 5150 in

573 5186 820 5256 divinis
856 5209 997 5255 non
1035 5185 1243 5255 habet
1278 5185 1504 5256 locum
1552 5195 1831 5279 propter
1865 5187 2119 5257 unifor-

573 5317 754 5364 mem
776 5294 846 5362 in
876 5292 1196 5362 omnibus
1231 5294 1539 5385 personis
1568 5293 2067 5385 simplicitatem
2095 5319 2111 5365 :

571 5403 644 5470 in
683 5399 919 5470 eadem
966 5401 1150 5469 enim
1189 5399 1622 5489 simplicitate
1662 5399 1873 5469 Filius
1910 5399 2117 5470 habet

572 5508 960 5588 essentiam,
993 5506 1065 5574 in
1103 5529 1236 5598 qua
1267 5514 1368 5574 est
1406 5506 1474 5573 in
1520 5505 1721 5576 Patre
1782 5530 1799 5576 ε
1841 5517 1909 5576 et
1962 5508 2113 5577 ideo

572 5638 713 5684 non
750 5622 854 5684 est
906 5614 1001 5682 ibi
1040 5613 1271 5706 aliqua
1314 5635 1518 5683 causa
1574 5616 1795 5705 prima
1839 5615 1949 5684 vel
2004 5638 2118 5685 se-

574 5723 791 5796 cunda
826 5731 1131 5815 respectu
1170 5722 1470 5792 alterius,

1561 348 1646 460 n.
1704 391 1903 479 ALB,
1953 391 2172 459 MAG.
2227 390 2433 459 ono.
2488 389 2789 458 PRAEn.

2325 565 2429 629 An
2476 584 2674 628 amun
2704 558 3093 637 dicendum,
3127 544 3313 648 quod
3344 578 3551 624 causa
3573 557 3793 645 prima

2236 678 2467 737 causat
2523 692 2664 736 non
2703 667 3057 759 supposita
3103 665 3260 740 alia,
3306 686 3387 732 eo
3429 662 3610 754 quod
3648 664 3792 753 pri-

2235 801 2347 845 ma
2378 801 2518 846 non
2550 776 2735 844 addit
2764 799 2965 865 super
2985 773 3383 855 secundam,
3418 772 3535 840 sed
3564 772 3789 862 potius

2234 883 2568 951 abstrahit
2617 906 2630 951 :
2667 905 2867 950 causa
2894 904 3070 969 ⁸vero
3124 880 3422 948 secunda
3461 878 3612 947 ideo
3654 901 3791 946 non

2234 998 2468 1059 causat
2490 991 2618 1058 nisi
2652 989 3006 1080 supposita
3033 989 3280 1078 prima,
3308 986 3469 1078 quia
3498 985 3792 1053 secunda

2236 1098 2423 1166 addit
2462 1120 2667 1189 super
2712 1098 3029 1188 primam,
3077 1104 3144 1163 et
3180 1117 3320 1162 non
3376 1092 3708 1162 abstrahit
3754 1116 3789 1160 e

2236 1206 2601 1283 contrari0,
2636 1204 2890 1273 scilicet
2916 1225 3136 1272 causae
3158 1203 3398 1294 primae
3434 1224 3456 1268 .·
3487 1201 3605 1268 sed
3632 1202 3790 1291 quia

2235 1316 2304 1381 in
2344 1314 2655 1405 personis
2694 1313 2942 1381 divinis
2980 1334 3122 1378 non
3182 1318 3286 1378 est
3321 1311 3477 1378 talis
3537 1308 3790 1377 abstra-

2233 1423 2394 1501 ctio,
2445 1430 2513 1489 et
2541 1422 2695 1489 talis
2735 1419 3017 1504 additio,
3053 1417 3206 1486 ideo
3238 1416 3429 1484 nulla
3458 1424 3560 1485 est
3590 1437 3791 1484 causa

2232 1533 2482 1622 prima,
2517 1539 2584 1600 et
2615 1529 2808 1598 nulla
2845 1527 3171 1610 secunda,
3214 1550 3341 1595 nec
3377 1526 3787 1617 principium

2234 1640 2537 1729 primum
2577 1637 2685 1706 vel
2715 1635 3118 1706 secundum.

2321 1745 2427 1812 An
2474 1768 2673 1813 Amun
2714 1743 3104 1822 dicendum,
3161 1741 3347 1833 quod
3403 1739 3789 1832 principali-

2235 1861 2337 1921 ter
2363 1852 2739 1922 secundum
2770 1849 3189 1920 intellectum
3220 1872 3356 1941 quo
3388 1847 3713 1939 accipitur
3748 1869 3788 1914 a

2237 1959 2535 2038 SanctiS,
2571 1982 2711 2027 non
2739 1959 2935 2049 ponit
2967 1960 3298 2048 primum,
3330 1955 3450 2045 sed
3488 1954 3786 2023 auctori-

2233 2074 2442 2134 tatem
2478 2068 2547 2133 in
2577 2066 2780 2134 Patre
2825 2088 2843 2134 ε
2893 2074 2972 2133 ut
3014 2067 3087 2133 in
3132 2063 3543 2154 praecedenti
3587 2083 3781 2154 quae-

2234 2173 2455 2241 stione
2476 2173 2733 2242 dictum
2764 2181 2891 2242 est;

3924 573 3995 618 Ad
4022 573 4066 619 3.

3902 1755 3983 1800 ‘Ad
4008 1759 4050 1801 4.

2321 2281 2427 2348 An
2473 2305 2672 2350 Auno
2704 2281 3091 2367 dicendum,
3133 2279 3505 2371 quodlicet
3548 2287 3781 2347 natum
3889 2329 3908 2342 .
4022 2330 4037 2344 .

2233 2396 2300 2458 et
2328 2412 2465 2458 non
2494 2398 2734 2458 natum
2762 2387 3060 2458 habeant
3089 2388 3372 2456 modum
3416 2387 3785 2480 oppositio-

2238 2495 2345 2562 nis
2374 2495 3061 2583 contradictoriorum
3119 2517 3135 2563 τ
3197 2503 3428 2563 tamen
3483 2493 3787 2585 proposi·

2235 2602 2459 2669 tiones
2490 2601 2561 2668 in
2601 2600 2850 2692 quibus
2887 2609 3239 2692 ponuntur
3268 2622 3409 2669 non
3447 2608 3607 2668 sunt
3633 2621 3790 2667 con·

2232 2711 2665 2794 tradictoriae,
2730 2713 2875 2781 istae
2933 2711 3212 2791 scilicet,
3282 2719 3401 2779 aut
3463 2710 3786 2802 processit

2223 2820 2370 2910 jam
2409 2829 2596 2902 nate,
2638 2830 2761 2890 aut
2815 2821 3146 2912 processit
3173 2821 3319 2910 jam
3375 2842 3516 2888 non
3563 2827 3721 2887 nato
3765 2842 3782 2888 ε

2232 2931 2394 3022 quia
2423 2932 2698 3021 negatio
2738 2954 2879 3000 non
2928 2932 3144 3000 fertur
3200 2929 3287 2998 ad
3351 2929 3785 3020 compositio-

2232 3060 2419 3119 nem,
2464 3038 2709 3107 etideo
2747 3045 2908 3106 sunt
2947 3037 3166 3107 ambae
3204 3035 3786 3105 aftirmativae.Est

2231 3146 2557 3215 instantia
2600 3167 2616 3215 ε
2654 3146 2759 3216 Sit
2788 3145 2975 3239 quod
3007 3144 3325 3215 Socrates
3352 3167 3495 3214 non
3523 3145 3611 3214 sit
3638 3167 3785 3213 mu-

2230 3254 2435 3333 sicus,
2479 3251 2623 3322 haec
2645 3263 2747 3322 est
2786 3254 2978 3331 falsa,
3017 3252 3332 3323 Socrates
3353 3261 3456 3322 est
3485 3254 3783 3336 musicus

2231 3361 2468 3440 homo,
2503 3374 2571 3430 et
2592 3360 2740 3431 liaec
2768 3362 3107 3445 similiter,
3144 3360 3462 3430 Socrates
3499 3370 3598 3429 est
3638 3383 3785 3428 mu·

2229 3468 2408 3537 sicus
2437 3491 2579 3537 non
2600 3467 2816 3539 homo
2853 3491 2870 3539 z
2904 3469 3062 3538 licet
3081 3467 3292 3538 bomo
3315 3476 3383 3537 et
3411 3491 3551 3537 non
3572 3467 3797 3556 homo·

2226 3574 2524 3646 habeant
2605 3577 2887 3647 modum
2945 3577 3401 3668 oppositionis
3449 3576 3784 3646 contradi·

2227 3684 2623 3752 ctoriorum.
2696 3685 2770 3753 Si
2841 3694 3072 3754 autem
3139 3684 3516 3754 secundum
3601 3683 3781 3753 hunc

2228 3791 2512 3860 modum
2593 3792 2946 3873 inferatur,
3046 3791 3346 3884 Spiritus
3447 3793 3782 3883 processit

2226 3896 2400 3968 Filio
2438 3900 2585 3987 jam
2624 3909 2810 3979 nato,
2870 3908 2990 3968 aut
3055 3923 3195 3969 non
3239 3901 3573 3991 processit
3608 3898 3779 3968 Filio

2216 4006 2364 4096 jam
2400 4014 2558 4074 nato
2603 4028 2619 4072 ε
2663 4015 2827 4075 tunc
2854 4006 3127 4075 videtur
3163 4006 3552 4087 dicendum,
3598 4005 3782 4097 quod

2226 4121 2516 4204 utraque
2571 4111 2825 4203 duplex
2897 4126 3002 4183 est
3056 4135 3072 4181 ε
3144 4136 3299 4182 cum
3360 4114 3544 4182 enim
3600 4113 3778 4194 dico,

2227 4224 2559 4313 processit
2594 4223 2766 4291 Filio
2790 4223 2934 4313 jam
2968 4232 3156 4301 nato,
3209 4223 3580 4314 significari
3616 4245 3783 4313 pos-

2224 4338 2385 4397 sunt
2412 4326 2550 4397 duo
2582 4337 2890 4419 tempora
2918 4349 2936 4397 ε
2975 4351 3193 4396 unum
3233 4351 3355 4419 per
3383 4327 3779 4397 adverbium

2225 4434 2411 4527 quod
2437 4436 2778 4526 significat
2799 4458 2981 4505 nunc
3000 4436 3465 4527 propinquum
3495 4458 3782 4527 praesen·

2222 4544 2299 4625 ti,
2343 4551 2417 4612 ut
2446 4542 2608 4611 dicit
2641 4542 3102 4635 Philosophus
3138 4554 3344 4612 :nalo
3375 4554 3601 4613 autem
3633 4568 3781 4636 par-

2228 4654 2533 4744 ticipium
2580 4653 3054 4744 consignificat
3118 4655 3542 4744 praeteritum
3600 4664 3779 4722 tern-

2224 4783 2401 4853 pus:
2446 4769 2514 4828 et
2544 4769 2703 4829 tunc
2734 4759 2848 4829 illa
2897 4761 3034 4829 duo
3095 4771 3407 4852 tempora
3472 4761 3778 4830 ordinata

2223 4875 2404 4945 sunt,
2450 4866 2634 4956 quod
2665 4865 3064 4934 adverbium
3105 4865 3267 4935 dicit
3298 4889 3479 4935 nunc
3515 4868 3780 4958 signiti-

2222 4983 2450 5042 catum
2472 4975 2669 5062 juxta
2698 4996 2961 5064 ponens
3009 4973 3097 5041 ad
3144 4975 3330 5065 quod
3379 4976 3777 5043 terminatus

2222 5089 2324 5149 est
2350 5089 2543 5149 actus
2578 5081 2688 5149 vel
2719 5082 2947 5173 passio
2987 5082 3360 5173 importata
3388 5083 3460 5149 in
3496 5083 3774 5174 partici-

2222 5189 2362 5279 pio,
2405 5197 2473 5257 et
2511 5189 2607 5257 sic
2646 5188 2813 5257 falsa
2843 5198 2948 5258 est
2983 5188 3241 5258 locutio
3291 5190 3416 5257 sub
3457 5188 3589 5259 hoc
3620 5213 3778 5258 scn-

2222 5319 2326 5380 su,
2363 5296 2575 5364 Filius
2605 5299 2793 5387 prius
2824 5306 3023 5365 natus
3051 5306 3220 5377 erat,
3251 5304 3316 5365 et
3346 5306 3582 5389 postea
3612 5320 3777 5389 pro-

2221 5405 2419 5472 cessit
2444 5403 2738 5495 Spiritus
2758 5413 3032 5474 sanctus
3066 5428 3081 5473 ε
3110 5413 3175 5473 et
3196 5404 3269 5472 in
3298 5405 3540 5473 eodem
3572 5427 3774 5475 sensu

2221 5512 2746 5580 contradictoria
2783 5522 2886 5581 est
2922 5535 3107 5581 vera.
3163 5510 3238 5579 Si
3287 5523 3518 5582 autem
3567 5515 3779 5605 parti-

2219 5619 2473 5709 cipium
2503 5618 2940 5689 abstrahatur
2966 5644 3007 5689 a
3063 5630 3398 5712 tempore,
3434 5630 3502 5691 et
3547 5620 3777 5690 consi-

2217 5727 2494 5818 gnificet
2548 5727 3033 5819 perlectionem
3099 5731 3500 5812 nativitatiS,
3544 5737 3612 5800 et
3647 5729 3775 5799 ad-
