4897 6388
1877 264 1975 331 IN
2020 262 2050 328 Ῑ
2101 203 2526 328 SENTENT.
2578 251 2809 358 DIST.
2864 250 2983 330 lv,
3036 255 3119 331 A,
3172 256 3371 324 ART.
3427 259 3492 326 3.
3526 343 3560 366 a

1101 454 1258 515 ante
1279 453 1535 522 actum,
1568 462 1709 507 non
1740 446 1840 505 est
1870 437 2075 526 Pater
2103 439 2259 499 ante
2298 452 2418 498 ens
2448 449 2656 519 quam

1100 555 1304 622 Pater
1330 551 1441 619 vel
1471 568 1805 640 generans
1842 569 1856 611 :
1901 543 2045 611 haec
2076 543 2259 610 enim
2305 538 2656 630 generatio

1098 664 1295 754 ponit
1377 657 1695 726 ordinem
1780 659 2040 719 naturae
2118 672 2254 741 quo
2338 646 2508 714 alter
2571 646 2659 711 sit

1102 793 1187 838 ex
1217 769 1460 843 altere,
1503 785 1645 830 non
1687 783 1821 853 quo
1854 759 2022 828 alter
2060 760 2145 825 sit
2175 758 2360 847 prior
2394 752 2650 836 altero,

1097 888 1174 947 ut
1202 877 1491 946 habetur
1538 872 1762 940 infra¹
1806 895 1822 940 :
1888 881 1956 938 et
2011 870 2160 937 ideo
2214 868 2465 933 virtute
2519 861 2657 929 hu-

1091 989 1204 1077 jus
1268 983 1729 1077 generationis
1786 981 1857 1047 in
1941 987 2272 1069 quantum
2336 982 2438 1040 est
2506 968 2655 1090 haec

1099 1096 1167 1161 in
1199 1093 1476 1172 divinis,
1519 1099 1584 1158 et
1615 1111 1756 1157 non
1798 1090 1863 1153 in
1905 1090 2238 1175 quantum
2304 1083 2652 1169 generatio

1098 1201 1523 1290 simpliciter,
1579 1196 1788 1264 habet
1847 1192 2031 1282 quod
2085 1189 2253 1257 alter
2353 1190 2656 1304 non-'est

1096 1311 1285 1399 prior
1323 1305 1565 1386 altere,
1608 1311 1675 1372 et
1714 1300 1898 1392 quod
1928 1299 2132 1367 Pater
2177 1318 2316 1364 non
2373 1291 2657 1380 subjici-

1099 1424 1210 1482 tur
1237 1413 1568 1494 versioni,
1602 1410 1763 1500 quia
1793 1431 1933 1475 non
1962 1409 2444 1483 commutatur,
2497 1418 2654 1465 cum

1098 1542 1479 1611 numquam
1514 1517 1803 1586 exiverit
1840 1515 1921 1582 de
1942 1513 2244 1604 potentia
2283 1507 2365 1576 ad
2396 1513 2650 1584 actum,

1096 1630 1208 1699 vel
1239 1629 1322 1697 de
1365 1629 1508 1697 otio
1542 1629 1612 1694 in
1666 1626 2156 1714 operationem.

1538 2148 2044 2222 ARTICULUS
2092 2148 2210 2216 111.

1320 2370 1432 2437 An
1478 2369 1626 2437 Deo
1656 2364 2010 2433 conveniat
2035 2382 2362 2453 yenerare
2391 2355 2434 2426 ?

1183 2688 1447 2758 Deinde
1512 2685 1747 2754 habito
1792 2683 1956 2774 quid
2013 2684 2101 2751 sit
2163 2679 2514 2773 generatio
2579 2677 2654 2743 in

1093 2795 1476 2875 communi,
1530 2792 1881 2883 quaeritur,
1924 2791 2033 2857 An
2081 2788 2227 2856 Deo
2294 2783 2660 2855 conveniat

1092 2926 1423 2998 generare
1446 2904 1483 2970 ?
1513 2900 1801 2969 Videtur
1838 2907 2067 2966 autem
2110 2894 2294 2988 quod
2323 2915 2463 2962 non
2497 2914 2512 2959 ε

1192 3014 1250 3080 1.
1299 3011 1668 3080 Generatio
1700 3009 1883 3075 enim
1915 3014 2018 3073 est
2049 3004 2133 3072 ad
2155 3002 2287 3072 hoc
2318 3010 2393 3070 ut
2419 3021 2658 3092 perpe·

1096 3129 1327 3190 tuetur
1357 3143 1504 3188 csse
1549 3141 1674 3211 per
1721 3115 2242 3191 successionem,
2288 3109 2472 3204 quod
2514 3132 2653 3177 non

1095 3239 1316 3323 potest
1355 3252 1479 3321 per
1507 3251 1581 3296 se
1608 3224 1995 3318 perpetuari
2032 3246 2047 3291 ε
2081 3245 2227 3291 esse
2268 3229 2498 3288 autem
2554 3218 2656 3285 di-

1094 3340 1336 3407 vinum
1367 3346 1703 3405 aeternum
1752 3340 1854 3401 est
1914 3334 1983 3399 in
2029 3353 2168 3398 uno
2215 3326 2363 3397 solo
2405 3345 2424 3396 ε
2486 3348 2651 3417 ergo

1096 3468 1239 3515 non
1278 3445 1603 3514 convenit
1632 3443 1693 3510 ei
1723 3437 2097 3533 generatio,
2140 3446 2216 3504 ut
2261 3434 2553 3503 videtur.

1183 3555 1248 3621 2.
1303 3552 1504 3634 Item,
1552 3548 1795 3618 Omnis
1851 3545 2200 3637 generatio
2257 3552 2362 3612 est
2425 3540 2652 3611 multi-

1088 3661 1350 3752 plicans
1381 3658 1749 3728 essentiam
1788 3677 1998 3722 unam
2030 3654 2099 3722 in
2143 3651 2426 3721 diversis
2482 3672 2653 3740 sup-

1087 3770 1332 3860 positis
1370 3765 1680 3856 ejusdem
1712 3772 1971 3831 naturae
2005 3784 2019 3828 :
2052 3760 2171 3830 sed
2223 3759 2513 3829 essentia
2541 3757 2653 3825 di-

1092 3878 1253 3944 vina
1303 3872 1742 3964 multiplicari
1787 3893 1928 3938 non
2002 3875 2246 3960 potest,
2306 3874 2380 3934 ut
2436 3869 2650 3956 'supra

1090 3983 1456 4075 probatum
1490 3989 1592 4050 est
1623 3980 1690 4047 in
1722 3977 2096 4069 quaestione
2125 3974 2207 4043 de
2251 3973 2380 4042 hoc
2427 3973 2652 4041 nomi-

1097 4113 1209 4173 ne,
1250 4093 1441 4161 Deus
1474 4110 1491 4156 ε
1527 4108 1691 4179 ergo
1732 4085 1876 4153 Deo
1910 4107 2047 4152 non
2078 4081 2396 4151 convenit
2433 4103 2654 4173 gene-

1098 4222 1480 4386 mighem,
1515 4297 1979 4391 Philosophus
1997 4297 2182 4379 dicit,
2225 4295 2409 4388 quod
2447 4317 2655 4364 omne

1088 4408 1485 4502 generabile
1517 4417 1619 4477 est
1650 4404 2089 4497 corruptibile
2126 4428 2141 4472 :
2191 4403 2379 4472 Deus
2437 4404 2658 4473 incor-

1090 4518 1656 4610 ruptibilissimus
1684 4518 1792 4584 est
1825 4536 1840 4581 :
1878 4536 2064 4605 ergo,
2116 4520 2245 4581 etc.

1180 4627 1247 4697 4.
1284 4626 1485 4702 Item,
1519 4624 1600 4693 In
1631 4622 1822 4690 omni
1854 4620 2294 4713 generatione
2336 4617 2521 4687 aliud
2552 4629 2653 4687 est

1095 4736 1430 4825 recipiens
1464 4734 1804 4802 diversam
1837 4728 2198 4797 essentiam
2275 4726 2652 4795 secundum

1092 4843 1544 4912 substantiam
1605 4838 1691 4908 ab
1746 4837 1896 4929 ipso
1945 4836 2172 4913 dante,
2232 4843 2298 4902 et
2356 4834 2654 4905 essentia

1093 4961 1197 5020 est
1234 4950 1613 5021 secundum
1676 4948 2055 5038 subjectum
2130 4945 2306 5013 sicut
2366 4945 2652 5014 materia

1090 5065 1160 5131 in
1192 5059 1654 5138 inferioribuS,
1688 5067 1754 5127 et
1784 5057 1955 5126 sicut
1986 5055 2267 5121 materia
2308 5055 2649 5144 perspicui

1090 5170 1159 5236 in
1189 5168 1633 5260 generatione
1672 5163 1842 5232 lucis
1872 5185 1888 5230 ε
1923 5162 2037 5231 sed
2070 5159 2237 5227 nihil
2297 5159 2644 5228 diversum

1090 5285 1192 5345 est
1232 5277 1299 5343 in
1332 5273 1585 5342 divinis
1620 5295 1635 5338 :
1672 5293 1862 5362 erge,
1893 5278 2020 5339 etc.

1180 5387 1248 5453 5.
1295 5381 1372 5450 Si
1403 5380 1691 5461 dicatur,
1745 5379 1929 5473 quod
1973 5400 2215 5446 verum
2265 5384 2368 5445 est
2432 5376 2503 5443 in
2542 5375 2651 5446 his

1164 5621 1183 5657 ¹
1205 5616 1291 5675 Cf.
1325 5613 1506 5685 Infra,
1532 5613 1677 5670 Dist.
1709 5613 1826 5669 XX.

4183 264 4305 331 159

2767 446 2922 515 quae
2943 438 3382 516 generantur*
3417 414 3786 500 sec-undum
3835 442 4095 524 partem
4172 458 4308 503 suae

2764 540 3049 617 naturae,
3112 544 3177 601 et
3223 560 3361 603 non
3417 548 3627 606 totam
3691 549 4000 609 naturam
4085 543 4305 611 dando

2763 643 2992 731 genito
3041 666 3054 709 ε
3100 644 3211 710 sed
3257 644 3458 713 Pater
3487 656 3698 716 totam
3757 652 4118 719 essentiam
4193 652 4308 720 dat

2763 747 2934 815 Flio.
2962 747 3229 817 CONTRA
3274 775 3288 817 :
3328 753 3527 821 Pater
3563 766 3662 822 est
3719 758 4007 847 simplex
4070 782 4307 848 perso-

2763 880 2853 924 na
2892 858 3125 926 eadem
3156 863 3586 952 simplicitate
3626 887 3760 954 qua
3788 875 3854 935 et
3897 878 4136 935 natura
4196 868 4304 933 di-

2767 970 2930 1034 vina
2953 970 3241 1059 simplex
3281 994 3294 1038 :
3330 995 3483 1039 cum
3527 974 3733 1064 igitur
3800 976 4044 1044 Filium
4103 1001 4306 1068 gene-

2766 1082 2865 1140 ret
2894 1098 2978 1142 ex
3025 1099 3119 1153 se,
3154 1080 3209 1143 si
3242 1089 3515 1169 propter
3551 1082 4050 1172 simplicitatem
4083 1107 4307 1152 essen-

2764 1181 2872 1247 tiae
2904 1181 3017 1248 dat
3045 1184 3101 1249 ei
3132 1191 3344 1251 totam
3377 1188 3762 1271 essentiam,
3815 1190 4027 1257 multo
4087 1195 4304 1282 magis

2762 1312 2918 1356 cum
2942 1313 3229 1381 persona
3261 1297 3704 1385 propinquior
3740 1299 3828 1365 sit
3884 1303 4301 1389 generationi

2763 1419 2969 1486 quam
3000 1402 3289 1467 essentia
3318 1402 3688 1470 secundum
3720 1406 4051 1474 rationem
4101 1408 4305 1476 intel-

2759 1504 3044 1595 ligendi,
3091 1505 3296 1576 Pater
3326 1508 3439 1576 dat
3477 1511 3535 1577 ei
3567 1534 3928 1601 personam
3976 1537 4170 1582 suam
4197 1517 4306 1581 in-

2761 1613 3147 1681 distinctam
3181 1616 3247 1682 in
3279 1615 3480 1685 Patre
3520 1628 3585 1684 et
3613 1619 3783 1688 Filio
3814 1644 3829 1687 :
3865 1621 3983 1689 sed
4030 1633 4305 1715 propter

2761 1721 3068 1788 essentiae
3107 1721 3708 1793 indivisibilitatem
3741 1726 3943 1795 Pater
3981 1737 4046 1797 et
4093 1730 4301 1799 Filius

2760 1835 2922 1895 sunt
2985 1851 3120 1896 una
3175 1832 3526 1899 essentia:
3588 1856 3750 1925 ergo
3811 1836 4025 1904 multo
4083 1840 4300 1930 magis

2761 1944 3037 2027 propter
3073 1936 3677 2009 indivisibilitatem
3730 1964 4038 2033 personae
4103 1945 4303 2014 I’ater

2760 2052 2828 2111 et
2857 2041 3065 2110 Filius
3098 2053 3257 2111 sunt
3293 2067 3584 2136 persona
3620 2072 3758 2116 una
3800 2072 3816 2119 t
3859 2050 3977 2119 sed
4017 2051 4147 2121 hoc
4188 2054 4304 2120 sal-

2760 2173 2914 2218 sum
2956 2160 3056 2218 est
3099 2174 3113 2217 :
3159 2174 3321 2241 ergo
3367 2157 3715 2245 generatio
3784 2180 3922 2225 non
3988 2162 4303 2227 convenit

2759 2256 2908 2324 Deo
2951 2279 3169 2348 neque
3215 2263 3431 2349 gratia
3482 2271 3763 2348 naturae,
3822 2286 4042 2356 neque
4088 2268 4303 2357 gratia

2762 2385 3099 2454 personae.

2851 2470 2916 2536 6.
2963 2470 3326 2557 Praeterea,
3369 2472 3735 2555 Quaeritur,
3767 2476 3850 2544 ad
3918 2478 4080 2567 quid
4108 2480 4305 2546 attri-

2758 2575 2991 2644 buitur
3055 2577 3199 2645 Deo
3256 2602 3579 2670 generare
3627 2582 3938 2652 Filium?
3984 2595 4097 2653 aut
4172 2584 4303 2654 hoc

2763 2684 2839 2751 fit
2867 2685 3026 2773 quia
3053 2693 3293 2753 natura
3333 2685 3587 2778 aliquid
3628 2689 3872 2758 melius
3928 2700 4028 2759 est
4086 2691 4303 2783 pluri-

2759 2786 2887 2855 bus
2926 2810 3130 2878 quam
3166 2789 3232 2856 in
3273 2812 3437 2871 une,
3472 2801 3588 2860 aut
3618 2794 3777 2884 quia
3807 2794 3875 2862 in
3917 2818 4052 2863 uno
4084 2797 4303 2864 salva·

2760 2896 2814 2962 ri
2846 2917 2983 2962 non
3012 2904 3236 2985 potest
3268 2919 3283 2963 :
3321 2920 3460 2967 non
3493 2900 3649 2991 quia
3683 2924 3818 2969 non
3876 2913 4097 2994 potest
4160 2906 4303 2973 sal-

2758 3004 2905 3070 vari
2945 3003 3014 3069 in
3070 3026 3208 3071 uno
3243 3028 3458 3098 :ergo
3517 3009 3673 3099 quia
3749 3010 4007 3102 aliquid
4059 3015 4300 3083 melius

2757 3116 2861 3178 est
2893 3110 2958 3176 in
2993 3109 3297 3201 pluribus
3320 3134 3523 3203 quam
3557 3117 3622 3183 in
3654 3140 3814 3197 uno,
3853 3120 4033 3210 quod
4057 3122 4296 3189 iterum

2758 3216 3001 3285 falsum
3044 3228 3189 3286 est:
3234 3243 3398 3312 ergo
3436 3222 3703 3292 videtur
3732 3226 3875 3294 Deo
3924 3250 4062 3296 non
4129 3252 4299 3297 con-

2755 3327 2992 3394 venire
3023 3330 3400 3418 generatio·

2849 3537 3164 3609 Secu-rio.
3203 3544 3577 3613 Dicendum
3608 3558 3732 3631 est,
3777 3549 3958 3639 quod
4005 3551 4150 3619 Deo
4188 3574 4297 3618 su-

2756 3665 2878 3732 per
2907 3648 3137 3714 omnia
3195 3659 3259 3718 et
3308 3650 3485 3717 inter
3534 3653 3762 3720 omnia
3821 3655 4132 3722 existenti
4184 3654 4295 3723 di-

2755 3751 3084 3841 gnissime
3114 3760 3435 3825 convenit
3470 3761 3843 3849 generatiO,
3885 3771 3951 3829 et
3996 3760 4122 3830 hac
4184 3787 4296 3830 ra-

2757 3853 2944 3924 tione
2976 3856 3140 3925 nihil
3181 3883 3301 3929 ens
3342 3862 3409 3930 in
3459 3865 3758 3953 potentia
3814 3874 3911 3933 cst
3989 3867 4056 3934 in
4123 3869 4294 3959 ipso.

2759 3961 2933 4030 Cum
2973 3964 3178 4055 igitur
3234 3970 3459 4037 omnis
3515 3982 3755 4039 natura
3814 3983 4142 4063 quantum
4197 3986 4296 4042 est

2760 4069 2847 4138 de
2886 4094 2956 4138 se
3006 4075 3596 4145 communicabilis
3651 4079 3762 4163 sit,
3818 4082 3942 4148 ista
3995 4082 4299 4172 aptitudo

2758 4201 2898 4246 non
2936 4182 3057 4247 erit
3103 4184 3168 4249 in
3201 4183 3344 4251 Deo
3395 4186 3523 4252 nisi
3599 4187 3666 4253 in
3697 4197 3889 4257 actu:
3973 4216 4134 4283 ergo
4182 4215 4302 4258 sua

2758 4295 3000 4356 natura
3029 4290 3152 4357 erit
3184 4294 3682 4362 communicata
3748 4296 4055 4387 pluribus
4094 4298 4305 4390 hypo-

2757 4397 3051 4466 stasibus
3080 4400 3382 4488 ejusdem
3423 4413 3705 4475 naturae.
3760 4405 4136 4477 Dicendum
4172 4411 4305 4501 igi-

2757 4514 2892 4585 tur,
2936 4510 3119 4598 quod
3149 4535 3472 4602 generare
3502 4513 3954 4586 diversimode
3984 4521 4303 4587 convenit

2758 4615 3042 4685 diversis
3084 4643 3101 4688 ε
3142 4621 3260 4689 sed
3290 4623 3629 4714 quoddam
3674 4649 3886 4694 unum
3917 4637 4017 4695 est
4048 4630 4114 4695 in
4148 4652 4304 4696 om-

2757 4725 2959 4793 nibus
2988 4729 3563 4817 generationibus.
3598 4733 3929 4812 Quaedam
3972 4737 4151 4803 enim
4193 4758 4308 4827 ge-

2757 4842 2998 4901 nerant
3042 4858 3166 4925 per
3229 4836 3358 4906 hoc
3426 4841 3607 4931 quod
3667 4841 3999 4912 inducunt
4045 4846 4304 4936 species

2756 4966 2915 5011 suas
2954 4945 3023 5011 in
3059 4948 3341 5015 materia
3369 4953 3673 5041 eorporis
3703 4952 3887 5044 quod
3947 4963 4045 5022 est
4114 4964 4304 5023 extra

2756 5074 2855 5132 se,
2888 5055 3058 5121 sicut
3099 5077 3383 5147 corpora
3460 5059 3791 5150 simplicia
3847 5060 4300 5155 homogenea‚

2757 5167 2830 5226 ut
2861 5159 3081 5251 ignis:
3119 5185 3237 5252 per
3275 5163 3406 5233 hoc
3435 5167 3615 5234 enim
3656 5168 3839 5258 quod
3868 5180 4026 5238 sunt
4064 5171 4306 5241 homo·

2754 5292 2971 5361 genea
3011 5272 3079 5339 in
3119 5281 3263 5342 toto
3319 5283 3384 5342 et
3463 5277 3529 5343 in
3601 5279 3930 5368 partibus,
3984 5280 4153 5349 nihil
4203 5294 4305 5352 est

2756 5381 2828 5448 in
2859 5381 2956 5449 eis
2986 5381 3171 5473 quod
3201 5406 3339 5452 non
3370 5393 3498 5455 stet
3554 5389 3622 5455 in
3679 5397 3830 5459 actu
3889 5390 4016 5459 sub
4081 5392 4304 5462 forma

4377 3600 4581 3647 Sol-uo.
