4897 6388
307 3569 388 3616 Λα
416 3569 588 3629 obj-et.

659 365 787 463 ‚34⁴

655 542 835 632 quod
869 545 954 612 ad
986 551 1294 621 emittere
1315 557 1630 644 spiritum
1661 561 1852 628 estin
1885 537 2215 628 eo'virtus

654 654 975 742 spirativa
1010 682 1024 725 ε
1075 644 1469 751 quod‘enim
1510 659 1582 735 in
1621 667 2054 738 inferioribus
2111 675 2214 735 est

652 766 962 833 attractio
997 771 1296 857 spiritus,
1333 772 1464 843 hoe
1492 783 1595 842 est
1625 776 2018 867 indigentiae
2048 797 2213 865 pro-

651 881 800 961 pter
837 875 1262 968 refrigerium
1303 886 1595 971 pectoris
1630 908 1645 952 ε
1697 885 1816 953 sed
1869 885 1923 951 si
1966 884 2048 951 de
2091 906 2211 950 su-

649 982 1192 1070 perabundantia
1221 987 1431 1059 homo
1474 1001 1703 1080 posset
1741 993 2048 1061 emittere
2077 991 2211 1081 spi-

652 1088 855 1155 ritum
922 1113 1151 1171 suum,
1223 1103 1298 1162 ut
1356 1098 1424 1164 in
1489 1099 1606 1166 illo
1673 1100 2211 1168 communicaret

651 1207 965 1267 naturam
1045 1208 1290 1273 mentis
1370 1210 1765 1299 spiritualis,
1835 1209 1966 1279 hoc
2031 1216 2210 1277 esset

652 1306 879 1397 aliquo
910 1311 1117 1380 modo
1149 1315 1370 1384 simile
1406 1339 1422 1384 ε
1458 1319 1555 1387 sic
1578 1319 1761 1386 enim
1783 1327 1884 1386 est
1915 1320 1984 1384 in
2012 1317 2208 1384 Patre

651 1425 718 1484 et
773 1416 945 1487 Filio
1004 1423 1187 1511 quod
1254 1447 1392 1492 non
1451 1428 1866 1496 concordant
1937 1435 2206 1494 tantum

650 1524 905 1592 unitate
963 1531 1297 1613 essentiae,
1380 1524 1518 1602 imo
1587 1536 1794 1602 etiam
1869 1555 2207 1601 consensu

647 1632 924 1721 spiritus
973 1636 1041 1701 in
1079 1638 1450 1709 voluntate.
1517 1641 1714 1710 Unde
1747 1636 1751 1640 ⁴
1782 1642 1960 1709 sieut
2005 1639 2209 1707 Pater

648 1744 1110 1811 communicat
1149 1756 1465 1814 naturam
1506 1771 1630 1839 per
1665 1748 2202 1839 generationem,

650 1848 745 1914 ita
782 1850 987 1917 etiam
1051 1851 1258 1920 Pater
1312 1864 1378 1922 et
1432 1855 1645 1924 Filius
1696 1855 2207 1925 communicant

649 1961 965 2023 naturam
996 1980 1120 2047 per
1149 1960 1589 2031 emissionem
1629 1963 2022 2053 hujusmodi
2062 1964 2207 2054 spi-

647 2062 860 2132 ritus:
903 2072 972 2132 et
1026 2064 1112 2133 ab
1179 2065 1308 2137 hoc
1347 2071 1591 2161 spiritu
1635 2074 1751 2162 qui
1802 2079 1906 2141 est
1959 2079 2205 2139 natura

644 2170 1041 2259 spiritualis,
1076 2173 1326 2244 dicitur
1372 2180 1476 2246 vis
1506 2179 1830 2271 spirativa
1876 2179 1948 2247 in
2000 2178 2203 2247 Patre

644 2284 713 2345 et
748 2277 947 2348 Filio.
986 2281 1169 2351 Bene
1207 2293 1435 2353 autem
1467 2288 1791 2367 concedo,
1837 2287 2022 2379 quod
2060 2309 2202 2354 non

643 2387 936 2456 sumitur
964 2390 1341 2461 similitudo
1374 2417 1415 2462 a
1448 2394 1915 2486 corporalibus
1943 2396 2204 2488 spiriti-

642 2494 769 2563 bus
806 2497 939 2565 nisi
971 2509 1232 2569 remote
1262 2501 1460 2571 valde
1492 2524 1509 2572 z
1562 2502 1720 2572 lieet
1776 2504 2053 2596 quidam
2093 2504 2204 2572 di-

641 2607 821 2679 cant,
882 2601 1068 2691 quod
1124 2626 1165 2671 a
1229 2606 1567 2697 corporali
1616 2607 1854 2698 spiritu
1908 2612 2204 2678 sumitur

641 2706 1059 2778 similitudo:
1096 2708 1230 2779 hoc
1258 2722 1490 2782 autem
1520 2715 1732 2783 timeo
1761 2715 2005 2794 dicere,
2040 2719 2203 2808 quia

641 2813 1017 2883 secundum
1057 2815 1191 2885 hoc
1220 2819 1499 2909 spiritus
1538 2819 2004 2911 metaphorice
2033 2845 2204 2893 con-

641 2920 904 2989 veniret
940 2921 1215 3005 divinis,
1259 2934 1327 3021 et
1383 2925 1699 2994 similiter
1756 2929 1860 2996 vis
1898 2929 2201 3019 spirandi

643 3025 711 3091 in
750 3025 895 3095 Deo
937 3025 1274 3099 diceretur
1310 3031 1711 3122 symbolice.
1758 3032 1952 3102 Unde
1996 3035 2199 3106 credo

641 3131 913 3219 meliuS,
955 3135 1140 3227 quod
1180 3136 1424 3206 dicitur
1464 3160 1504 3206 a
1548 3139 1798 3210 virtute
1845 3142 2199 3212 emittendi

647 3236 982 3330 Spiritum
1040 3243 1151 3310 cui
1215 3246 1766 3314 communicatur
1811 3255 2056 3317 natura
2102 3248 2202 3317 di-

641 3347 827 3426 vina,
861 3348 1035 3416 sicut
1064 3353 1610 3420 communicatur
1653 3376 1773 3445 per
1807 3356 2203 3447 generatio-

647 3475 805 3522 nem
836 3453 1034 3525 Filio.

737 3562 841 3628 An
880 3585 946 3629 ιο
1005 3572 1237 3632 autem
1295 3565 1479 3656 quod
1541 3568 1895 3657 quaeritur,
1957 3567 2199 3638 Utrum

1607 437 1614 445 -
1701 388 1787 459 D.
1836 388 2038 494 ALUBZ.
2093 387 2310 460 MAG.
2364 388 2569 456 ORD.
2622 388 2918 457 PRAED.

3128 470 3161 498 a

2321 561 2408 627 sit
2463 564 2776 645 essentia,
2835 561 2944 630 vel
3003 540 3291 651 persona
3342 563 3374 628 ‘3
3455 559 3856 638 Dicendum,

2322 671 2503 764 quod
2544 670 2873 761 quidquid
2912 677 3012 737 est
3042 669 3112 736 in
3140 668 3387 736 divinis
3417 674 3517 735 est⁴
3546 669 3857 746 essentia,

2323 782 2481 872 quia
2530 778 2696 846 nihil
2752 779 3192 869 distinguitur
3231 775 3314 843 ab
3364 777 3678 860 essentia,
3738 798 3863 844 nec

2321 891 2611 956 essentia
2642 887 3080 977 distinguitur
3109 885 3191 953 ab
3239 885 3468 975 aliquo
3505 908 3519 952 :
3566 908 3701 952 non
3757 894 3864 952 ta-

2323 1018 2478 1062 men
2510 995 2689 1060 idem
2730 1002 2829 1066 est
2869 999 3143 1081 propter
3180 990 3312 1058 hoc
3367 990 3610 1058 modus
3649 992 3866 1082 signi-

2320 1103 2606 1170 ficandi:
2659 1110 2724 1168 et
2773 1098 3149 1167 seeundum
3189 1099 3467 1167 modum
3511 1098 3658 1165 dico
3718 1121 3863 1166 esse

2319 1210 2620 1278 medium
2664 1211 2838 1275 inter
2866 1209 3228 1275 essentiam
3261 1215 3328 1274 et
3357 1227 3715 1297 personam
3751 1228 3767 1273 ε
3801 1213 3868 1273 et

2319 1320 2475 1410 quia
2507 1318 2696 1385 radix
2725 1326 2825 1384 est
2854 1317 3168 1393 essentia,
3213 1323 3279 1381 et
3335 1322 3521 1382 actus
3562 1323 3662 1381 est
3713 1335 3867 1403 per-

2317 1449 2524 1494 souoe.
2572 1425 2765 1493 Unde
2804 1424 3110 1514 potentia
3147 1445 3301 1490 cum
3333 1429 3486 1490 actu
3519 1430 3585 1488 et
3614 1422 3682 1488 in
3712 1429 3861 1489 actu

2318 1542 2587 1623 accepta
2655 1531 2954 1599 medium
2995 1539 3117 1606 est,
3179 1528 3550 1597 secundum
3608 1528 3863 1619 aliquid

2316 1641 2527 1730 ipsius
2556 1645 2793 1707 tenens
2847 1638 3183 1705 rationem
3232 1638 3463 1714 uniuS,
3508 1645 3571 1704 et
3629 1657 3864 1703 secun-

2316 1746 2479 1813 dum
2511 1744 2764 1836 aliquid
2798 1746 3131 1813 rationem
3173 1742 3473 1811 alterius.

2402 1958 2498 2026 Er
2524 1979 2693 2025 nou
2723 1954 2908 2046 quod
2942 1954 2999 2022 si
3029 1961 3394 2044 quaeratur,
3429 1951 3718 2044 qualiter
3739 1951 3865 2018 dif-

2310 2067 2535 2135 ferunt
2561 2065 2775 2131 virtus
2810 2062 3205 2154 generativa
3234 2068 3302 2129 et
3335 2060 3551 2128 virtus
3596 2061 3870 2150 spirati-

2310 2175 2453 2243 va?
2490 2170 2895 2250 Dicendum,
2930 2168 3113 2260 quod
3156 2167 3437 2260 planum
3468 2174 3568 2235 est
3598 2166 3683 2236 ad
3734 2165 3866 2234 hoc

2313 2282 2718 2375 respondere
2747 2301 2868 2372 per
2903 2278 3482 2371 comparationem
3513 2278 3596 2346 ad
3626 2284 3855 2346 actus:

2314 2394 2474 2482 quia
2503 2398 2664 2458 tunc
2690 2385 3015 2455 diss'erunt
3046 2385 3221 2453 sicut
3247 2385 3501 2475 spirare
3541 2393 3607 2453 et
3646 2405 3860 2475 gene-

2311 2521 2484 2569 rare.
2530 2496 2605 2565 Si
2644 2503 2872 2564 autem
2912 2495 3333 2586 accipiantur
3360 2493 3431 2561 in
3470 2491 3716 2570 radice,
3750 2490 3860 2557 di-

2310 2608 2599 2678 cendum
2642 2605 2827 2697 quod
2882 2627 3022 2672 non
3062 2601 3383 2671 differunt
3439 2624 3536 2689 re,
3587 2601 3704 2670 sed
3757 2622 3859 2667 ra-

2311 2717 2546 2785 tione:
2602 2716 2764 2805 quia
2816 2712 3208 2804 generativa
3256 2709 3594 2779 radicatur
3650 2710 3720 2776 in
3759 2731 3859 2775 ra-

2311 2825 2459 2893 dice
2515 2821 2889 2891 secuudum
2948 2818 3131 2911 quod
3187 2826 3289 2887 est
3323 2825 3609 2886 naturae
3651 2817 3860 2907 spira-

2308 2936 2448 3004 tiva
2497 2941 2723 3001 autem
2768 2930 3107 3000 radicatur
3161 2930 3231 2996 in
3286 2929 3434 3019 ipsa
3487 2926 3858 2995 secundum

2309 3037 2498 3130 quod
2534 3044 2634 3105 est
2673 3035 3016 3116 voluntas,
3051 3056 3191 3102 non
3230 3032 3506 3125 quidem
3545 3030 3860 3099 voluntas

2309 3153 2701 3237 comparata
2740 3143 2825 3213 ad
2872 3151 3065 3213 extra
3122 3143 3301 3212 sicut
3337 3140 3424 3210 ad
3480 3149 3856 3225 causatum,

2309 3255 2423 3325 sed
2457 3254 2774 3322 voluntas
2824 3252 3079 3320 amoris
3116 3249 3664 3320 communicandi
3702 3258 3857 3317 tan-

2310 3371 2454 3431 tum
2520 3384 2665 3430 esse
2723 3368 3055 3451 quantum
3124 3366 3226 3427 est
3281 3359 3423 3449 ipse
3479 3356 3855 3426 communi·

2309 3492 2493 3537 cans.

796 3981 883 4055 Β.
933 3981 1160 4075 Quod
1185 3984 1447 4061 Graeci
1495 4009 1650 4061 non
1684 3987 2112 4064 concedunt
2159 3986 2532 4086 Spiritum
2572 3991 2922 4060 sanctum
2944 3982 3367 4084 procedere
3392 4008 3440 4060 α
3465 3982 3703 4060 Filio.

739 4322 989 4397 Graeci
1027 4332 1281 4400 tamen
1319 4324 1589 4399 dicunt
1626 4323 1994 4423 Spiritum
2040 4335 2389 4401 sanctum
2427 4323 2838 4423 procedere
2881 4332 3177 4397 tantum
3220 4344 3267 4396 a
3295 4321 3549 4416 Patre,
3593 4332 3669 4396 et
3695 4344 3849 4395 non

639 4482 684 4532 a
717 4458 935 4531 Filio.
974 4458 1193 4546 Quod
1229 4459 1401 4535 ideo
1446 4459 1736 4547 dicunt,
1767 4460 1952 4558 quia
1975 4462 2260 4535 veritas
2300 4460 2376 4534 in
2440 4459 2858 4557 Evangelio
2891 4456 3122 4533 sidem
3183 4458 3563 4555 integram
3617 4459 3855 4533 conti·

639 4600 900 4686 neate,
935 4591 1030 4666 de
1058 4592 1553 4691 processione
1584 4592 1917 4692 Spiritus
1948 4594 2304 4693 loquenS,
2332 4596 2579 4670 solum
2612 4593 2916 4669 Patrem
2942 4602 3517 4688 commemorat,
3548 4592 3846 4688 dicens:

643 4724 991 4824 Spiritus
1027 4727 1373 4803 veritalis
1403 4727 1542 4826 qui
1567 4752 1615 4803 α
1641 4727 1883 4833 Patre
1900 4727 2259 4828 procedit
2278 4738 2323 4803 ¹.
2363 4731 2455 4804 Et
2492 4730 2717 4805 etiam
2763 4728 2960 4815 ideo,
3038 4729 3222 4828 quia
3285 4729 3361 4803 in
3418 4728 3851 4828 principali·

641 4859 787 4934 bus
808 4860 1158 4936 conciliis
1199 4884 1376 4960 quae
1416 4862 1622 4961 apud
1656 4885 1791 4937 eos
1822 4862 2210 4939 celebrata
2277 4874 2484 4957 sunt,
2565 4863 2668 4937 ita
2725 4862 3078 4961 symbola
3114 4887 3382 4939 eorum
3418 4863 3847 4960 subjunctis

641 4997 1268 5072 anathematibus
1293 4997 1594 5112 san-cita
1630 5007 1839 5092 sunt,
1880 5008 1959 5073 ut
1999 4998 2197 5074 nulli
2228 4999 2320 5076 de
2357 4997 2748 5073 Trinitatis
2783 4998 2930 5073 tide
2972 4997 3181 5073 aliud
3223 4997 3497 5073 docere
3539 4999 3659 5073 vel
3703 4998 3846 5072 ali-

643 5141 760 5206 ter
797 5133 1222 5231 praedicare
1263 5156 1496 5232 quam
1541 5132 1645 5208 ibi
1688 5133 2154 5229 continetur,
2193 5134 2437 5210 liceat.
2477 5135 2560 5208 ln
2593 5134 2879 5233 quibus
2905 5133 3216 5232 quidem
3258 5134 3628 5232 symbolis
3671 5158 3843 5209 cum
3900 5222 3905 5225 ,

645 5264 979 5365 Spiritus
1018 5277 1335 5342 sanetus
1365 5278 2016 5343 commemoretur
2074 5268 2487 5367 procedere
2529 5294 2572 5343 a
2641 5270 2894 5362 Patre,
2964 5278 3039 5342 et
3117 5291 3269 5342 non
3312 5292 3359 5343 a
3406 5269 3624 5365 Filio,
3671 5270 3848 5358 Qui·

646 5425 1008 5500 cumque,
1055 5402 1447 5499 inquiunt,
1492 5426 1536 5478 a
1577 5400 1768 5475 Filio
1801 5426 1978 5477 eum
2049 5402 2463 5501 procedere
2503 5404 2821 5492 addunt,
2901 5403 3316 5477 anathema
3381 5404 3837 5480 incurrunt:

712 5733 729 5766 ¹
757 5731 924 5787 ¹toan.
956 5747 1048 5799 xv,
1073 5730 1169 5789 26.
