4897 6388
604 371 716 490 '70

1031 903 1535 973 ARTICULUS
1588 904 1773 971 xlv.

720 1119 829 1185 An
859 1116 990 1194 Qui
1022 1126 1124 1186 est
1149 1120 1240 1186 sit
1262 1120 1572 1209 primum
1606 1122 1782 1186 inter
1808 1122 2089 1187 nomina

1272 1228 1535 1296 divina.

715 1540 942 1608 Tertio
974 1541 1303 1630 quaeritur
1332 1540 1413 1609 de
1444 1543 1680 1611 ordine
1719 1544 1910 1613 istius
1948 1549 2178 1614 nomi-

631 1648 735 1714 nis
773 1646 1029 1736 adalia
1068 1650 1370 1717 nomina.

724 1757 786 1822 1.
827 1753 916 1822 Et
969 1755 1262 1835 videtur,
1326 1758 1512 1846 quod
1558 1758 1779 1848 ipsum
1849 1761 1936 1828 sit
1987 1761 2176 1851 prius

632 1860 952 1929 omnibus
989 1860 1138 1930 aliis
1187 1863 1623 1932 nominibus:
1669 1865 1828 1955 quia
1885 1867 1974 1933 ita
2018 1867 2179 1935 dicit

630 1965 1000 2057 Dionysius
1030 1970 1100 2034 in
1131 1967 1303 2036 libro
1329 1968 1412 2037 de
1441 1971 1716 2037 Divinis
1743 1973 2134 2041 nominibus
2152 1996 2176 2042 .·

633 2072 867 2164 Ipsum
922 2074 1299 2144 secundum
1356 2099 1429 2146 se
1468 2099 1616 2147 esse
1673 2082 1902 2149 senius
1965 2089 2066 2149 est
2094 2103 2176 2150 eo

630 2181 815 2272 quod
861 2190 964 2251 est
999 2181 1130 2274 ’per
1176 2205 1249 2252 se
1311 2185 1525 2254 vitam
1566 2210 1737 2268 esse,
1780 2197 1846 2257 et
1883 2212 1964 2257 eo
1995 2188 2179 2281 quod

633 2297 734 2358 est
767 2312 889 2381 per
916 2313 987 2359 se
1026 2294 1433 2383 sapientiam
1472 2318 1621 2366 esse
1655 2319 1671 2366 ε
1712 2306 1780 2366 et
1803 2297 1933 2366 alia
1984 2322 2173 2390 quae-

632 2418 924 2488 cumque
954 2399 1315 2468 existentia
1343 2404 1814 2494 participantia
1852 2414 2008 2474 ante
2033 2429 2179 2476 om-

633 2504 747 2572 nia
786 2504 902 2573 illa
930 2526 1077 2575 esse
1130 2509 1627 2599 participant¹:
1669 2519 1832 2604 e'rgo
1880 2513 2173 2596 videtur,

633 2611 815 2704 quod
849 2615 987 2698 Qui
1054 2623 1153 2684 est
1188 2616 1277 2685 sit
1318 2618 1619 2709 primum
1669 2623 1843 2690 inter
1898 2625 2176 2691 nomina

627 2716 782 2789 Dei.

717 2827 782 2894 2.
816 2825 1013 2907 Item,
1049 2827 1330 2897 Boetius
1352 2832 1423 2900 in
1454 2830 1627 2901 libro
1667 2833 1749 2903 de
1795 2834 2180 2903 Hebdoma-

629 2931 854 3011 dibus,
916 2933 1077 3002 dicit
1142 2937 1239 3004 sic
1294 2937 1521 3028 ipsum
1578 2962 1725 3008 esse
1775 2940 1958 3032 quod
1987 2941 2176 3011 nullo

627 3039 835 3109 modo
899 3040 1131 3133 aliquo
1194 3047 1555 3136 participat.
1588 3069 1604 3117 :
1665 3070 1829 3141 ergo
1882 3049 2172 3131 videtur,

629 3150 811 3243 quod
851 3152 1075 3242 ipsum
1132 3155 1219 3223 sit
1257 3155 1634 3249 simplicius
1688 3157 2006 3228 omnibus
2042 3158 2175 3228 ali-

630 3282 766 3350 quo
804 3262 1410 3352 participantibus:
1455 3264 1573 3333 sed
1611 3267 2015 3351 substantia,
2048 3269 2177 3338 bo-

627 3390 819 3454 num,
861 3377 929 3437 et
956 3371 1120 3449 vita,
1154 3380 1219 3438 et
1251 3373 1584 3463 sapientia
1614 3376 2014 3466 participant
2048 3376 2177 3444 ali-

629 3497 806 3566 quo:
843 3497 1007 3568 ergo
1039 3477 1260 3568 ipsum
1292 3502 1439 3549 esse
1477 3490 1579 3549 est
1617 3483 1804 3573 prius
1833 3485 1953 3551 eis.

718 3584 782 3652 3.
819 3582 1016 3667 ltem,
1051 3584 1514 3679 Philosophus
1553 3589 1623 3657 iu
1663 3588 1839 3659 libro
1876 3592 1958 3659 dc
2002 3591 2179 3661 Cau-

598 3689 767 3788 ·sis:
826 3690 1062 3760 Prima
1126 3716 1353 3762 rerum
1394 3706 1775 3765 creatarum
1834 3708 1934 3767 cst
1998 3723 2171 3778 esse,

631 3810 757 3870 etc.
796 3823 812 3869 ε
858 3824 1021 3895 ergo
1053 3826 1173 3872 ens
1201 3806 1577 3876 secundum
1621 3808 2035 3878 intellectum
2075 3819 2177 3880 est

632 3929 953 4000 primum.

599 4024 609 4039 ‘
722 4015 1020 4099 i.1tem,
1091 4017 1607 4090 Comme-uiator
1665 4021 1915 4091 ibidem
1991 4023 2175 4106 dicit,

295 4987 391 5034 flod
415 4991 598 5033 contra.

633 4125 814 4215 quod
845 4149 966 4193 ens
994 4128 1070 4195 tit
1111 4151 1229 4217 per
1256 4132 1698 4211 creationem,
1743 4134 1901 4223 quia
1937 4156 2179 4201 secun-

634 4230 794 4299 dum
829 4232 1245 4304 intellectum
1278 4259 1415 4304 non
1445 4247 1545 4305 est
1577 4238 1831 4329 aliquid
1871 4249 2027 4308 ante
2074 4241 2181 4331 ip·

634 4366 784 4410 sum
819 4343 888 4410 in
927 4366 1065 4434 quo
1099 4345 1211 4412 tint
1245 4345 1500 4414 bonum
1539 4371 1556 4416 :
1587 4356 1654 4415 et
1693 4347 1824 4416 alia
1855 4349 2025 4416 liunt
2063 4373 2183 4436 per

637 4450 1212 4532 informationem,
1275 4455 1434 4544 quia
1485 4456 1857 4525 secundum
1908 4456 2179 4525 intelle-

633 4569 814 4627 ctum
874 4582 994 4627 ens
1033 4570 1134 4628 est
1183 4572 1338 4629 ante
1398 4563 1568 4654 ipsa,
1604 4573 1667 4632 et
1700 4574 1855 4632 sunt
1889 4565 1955 4631 in
1996 4573 2174 4643 ente,

632 4668 802 4733 sicut
844 4665 1279 4735 informantia
1328 4669 1550 4759 ipsum
1585 4691 1601 4739 :
1672 4694 1835 4762 ergo
1879 4673 2017 4757 Qui
2052 4680 2174 4751 est,

631 4781 723 4841 est
757 4774 1079 4864 primum.

728 4878 860 4947 San
906 4904 1154 4949 com-na
1189 4906 1205 4951 ε

723 4991 784 5056 1.
820 4988 1283 5058 Damasceuus
1314 4989 1475 5057 dicit.
1505 4988 1905 5080 Dionysium
1930 4991 2177 5072 dicere,

633 5094 817 5188 quod
854 5099 1151 5188 primum
1186 5120 1436 5165 nomeu
1468 5106 1565 5166 est
1598 5098 1881 5166 bonum.

720 5210 783 5274 2.
820 5206 1017 5284 Item,
1055 5207 1128 5274 ln
1160 5209 1395 5276 ordine
1421 5210 1781 5276 nominum
1815 5208 2179 5298 Dionysius

631 5316 816 5406 prius
856 5317 1250 5406 exsequitur
1279 5317 1361 5384 de
1412 5317 1591 5384 bono
1623 5338 1828 5407 quam
1874 5315 1955 5384 de
1995 5324 2173 5396 ente,

635 5426 702 5491 in
747 5446 882 5514 quo
915 5424 1072 5491 facit
1111 5427 1531 5494 mentionem
1587 5425 1670 5494 de
1702 5448 1891 5501 vero,
1936 5430 2003 5494 et
2034 5424 2178 5515 pul·

631 5530 794 5602 chro
822 5555 838 5600 :
874 5554 1035 5624 ergo
1065 5534 1336 5601 videtur
1363 5533 1548 5626 quod
1587 5534 1844 5603 bonum
1876 5535 1962 5602 sit
1991 5542 2172 5601 ante.

701 5781 719 5816 ¹
752 5777 808 5835 S.
847 5779 1163 5837 Dioxxsnus,
1212 5770 1331 5829 l-ib.
1390 5772 1461 5830 de
1519 5769 1739 5829 Divinis
1808 5769 2173 5847 nominibus,

1627 428 1735 526 ι).ζ
1762 370 1979 520 ALB?
2012 422 2232 537 MAG.
2283 421 2492 490 ono.
2548 419 2845 488 PRAED.

2380 591 2442 655 3.
2481 587 2680 672 Item,
2716 585 3066 675 Quidquid
3104 607 3175 653 se
3214 579 3421 650 habet
3458 572 3544 643 ad
3589 592 3709 639 ens
3767 572 3836 634 et

2285 693 2368 760 ad
2409 714 2550 760 non
2590 714 2710 759 ens
2739 691 3114 759 secundum
3157 709 3458 767 causam,
3490 681 3678 773 prius
3735 680 3837 742 est

2285 824 2365 870 eo
2397 801 2583 892 quod
2612 796 2919 889 sehabet
2957 797 3041 865 ad
3071 820 3189 865 ens
3228 805 3491 863 tantum
3526 812 3541 857 ε
3580 788 3832 856 bonum

2283 934 2354 979 se
2384 909 2591 978 habet
2630 909 2715 977 ad
2756 931 2875 976 ens
2915 916 2980 974 et
3045 905 3130 973 ad
3172 894 3310 970 non
3350 923 3493 978 enS,
3526 900 3596 965 in
3631 914 3835 964 causa

2280 1019 2544 1108 prima:
2581 1039 2702 1086 ens
2741 1024 2968 1084 autem
3010 1013 3095 1082 ad
3149 1033 3270 1080 ens
3319 1014 3582 1076 tantum
3618 1025 3634 1069 ε
3671 1021 3831 1090 ergo

2281 1121 2542 1191 bonum
2583 1130 2686 1191 est
2734 1123 2920 1212 prius
2975 1128 3153 1189 ente.
3224 1116 3557 1184 Pnonxrro
3613 1128 3835 1176 »mmm

2281 1253 2401 1323 per
2428 1230 2841 1320 Dionysium
2872 1237 2941 1296 et
2969 1251 3087 1319 per
3117 1226 3601 1294 Commeatum
3629 1239 3644 1284 ε
3675 1214 3836 1306 quia

2283 1336 2465 1405 idem
2534 1343 2634 1404 est
2669 1343 2929 1420 Βοάω-ῶ,
2962 1339 3036 1403 'et
3081 1336 3301 1416 καλέω,
3325 1342 3422 1400 εἷς.
3463 1335 3623 1393 Boiu>
3652 1322 3835 1393 enim

2281 1447 2354 1514 in
2384 1468 2606 1537 graeco
2655 1453 2757 1514 est
2809 1468 2969 1513 voco
3023 1466 3244 1520 voca-5,
3279 1460 3494 1536 aquo
3543 1440 3832 1520 tractum
3928 1432 3933 1437 ’

2282 1561 2385 1621 est
2413 1552 2670 1620 bonum
2729 1552 2801 1619 in
2843 1550 3097 1619 latino:
3139 1555 3326 1614 καλέω
3368 1552 3598 1612 autem
3653 1537 3835 1606 idem

2283 1667 2384 1726 est
2422 1657 2610 1748 quod
2637 1658 2887 1735 clamo,
2932 1681 2971 1724 a
3001 1679 3136 1748 quo
3173 1662 3467 1723 tractum
3505 1656 3605 1718 est
3649 1650 3831 1708 καλόν

2282 1769 2352 1836 in
2381 1790 2632 1858 graecO,
2668 1767 2851 1859 quod
2882 1766 3226 1859 significat
3278 1764 3531 1831 bonum
3578 1761 3648 1826 in
3686 1756 3834 1826 lati·

2280 1899 2397 1957 no,
2442 1900 2524 1945 eo
2564 1875 2750 1968 quod
2789 1876 2975 1944 Deus
3012 1898 3136 1942 sua
3183 1873 3491 1941 bonitate
3518 1875 3722 1937 vocat
3753 1888 3833 1935 ea

2281 2008 2432 2078 quae
2473 2008 2611 2053 non
2650 1992 2810 2053 sunt
2850 1992 3201 2075 tamquam
3241 2004 3322 2050 ea
3354 2001 3506 2071 quae
3545 1984 3726 2046 sunt.

2373 2208 2404 2272 1
2418 2256 2433 2271 .
2464 2202 2772 2272 Somno.
2799 2201 2936 2271 Ista
2954 2201 3235 2270 nomina
3254 2203 3541 2290 possunt
3559 2193 3734 2286 tripli
3743 2193 3851 2281 ci-‚

2279 2321 2383 2382 ter
2419 2312 2861 2392 considerari,
2920 2308 3199 2403 scilicet,
3231 2304 3604 2375 secundum
3670 2324 3827 2371 suas

2280 2417 2694 2486 intentiones
2723 2413 3064 2506 simplices
3109 2438 3124 2482 ε
3159 2421 3227 2481 et
3274 2412 3373 2481 sic
3410 2433 3533 2479 ens
3578 2417 3679 2478 est
3714 2430 3828 2477 se-

2236 2528 2460 2612 ,niuS,
2510 2533 2580 2594 et
2642 2524 2831 2616 prius
2913 2519 3281 2591 omnibus:
3373 2519 3530 2609 quia
3591 2515 3826 2584 ordine

2272 2655 2499 2703 causae
2540 2631 2882 2724 primariae
2912 2627 3287 2698 secundum
3328 2621 3825 2715 Philosophum
3851 2676 3870 2684 -

2276 2742 2346 2808 in
2383 2738 2561 2808 libro
2593 2739 2676 2808 de
2711 2738 2983 2815 Causis,
3019 2745 3083 2805 et
3113 2731 3663 2820 ordine'subjecti
3700 2729 3825 2800 ha-

2275 2847 2389 2916 bet
2454 2869 2526 2915 se
2593 2845 2680 2916 ad
2738 2845 2973 2914 omnia
3038 2842 3195 2922 alia,
3242 2840 3521 2923 scilicet,
3556 2861 3820 2921 verum,

2278 2955 2565 3038 bouum,
2597 2954 2767 3030 vita,
2797 2960 2866 3020 et
2892 2950 3249 3041 sapientia,
3280 2956 3410 3016 etc.
3460 2944 3547 3013 Et.
3582 2945 3679 3014 sic
3713 2943 3825 3013 lo-

2278 3062 2511 3152 quitur
2539 3057 2908 3150 Dionysius
2948 3058 3016 3125 in
3057 3056 3229 3124 libro
3270 3054 3352 3124 de
3393 3053 3666 3122 Divinis
3704 3075 3821 3120 no·

2278 3164 2581 3235 minibus
2598 3165 2680 3234 in
2719 3165 3117 3233 auctoritate
3149 3160 3448 3244 inducta,
3489 3167 3553 3228 et
3586 3156 3824 3226 Philo·

2278 3272 2537 3365 sophus
2577 3273 2647 3340 in
2694 3269 2870 3339 libro
2919 3269 3001 3338 de
3067 3269 3334 3339 Causis.
3379 3266 3464 3335 Et
3526 3267 3623 3335 sic
3651 3264 3822 3334 ratio

2279 3379 2581 3470 procedit
2612 3401 2764 3469 quoe
2791 3376 3080 3446 adducta
3100 3384 3225 3445 est.
3275 3435 3281 3440 .

2376 3485 2648 3565 Adhuc,
2672 3492 2962 3576 possunt
2999 3485 3127 3551 ista
3157 3480 3569 3551 considerari
3608 3482 3812 3549 etiam

2278 3593 2656 3664 secundum
2699 3592 3041 3684 supposita
3102 3592 3170 3659 in
3228 3589 3476 3682 quibus
3511 3597 3697 3669 sunt,
3755 3596 3822 3656 et

2279 3725 2429 3795 quoe
2460 3723 2600 3769 non
2631 3699 3111 3789 derelinquunt
3140 3697 3272 3765 nisi
3323 3694 3694 3766 secundum
3724 3695 3825 3762 in·

2279 3809 2627 3879 tellectum
2677 3806 3074 3899 quemdam,
3126 3814 3199 3872 ut
3244 3802 3392 3872 vult.
3420 3802 3699 3871 Boetius
3754 3802 3823 3868 in

2279 3919 2454 3988 libro
2474 3918 2558 3988 de
2582 3915 3145 3986 Hebdomadibus
3164 3938 3188 3984 .·
3213 3923 3278 3984 et
3309 3913 3406 3982 sic
3423 3920 3828 3982 convertun-

2278 4034 2390 4095 tur
2410 4025 2587 4094 inter
2603 4046 2677 4093 se
2695 4046 2963 4099 verum,
2988 4021 3272 4100 bonum,
3297 4042 3444 4099 ens,
3467 4027 3530 4087 et
3562 4040 3773 4085 unum
3802 4032 3821 4085 ε

2280 4133 2399 4203 sed
2432 4156 2572 4202 non
2599 4134 2760 4211 vita,
2784 4141 2849 4201 et
2881 4131 3395 4223 sapientia'cum
3428 4128 3610 4197 istis:
3646 4125 3826 4195 uude

2282 4240 2658 4312 secundum
2699 4239 2906 4307 istum
2958 4237 3237 4305 modum
3283 4242 3575 4327 quatuor
3624 4241 3824 4304 erunt

2282 4370 2476 4440 aeque
2508 4350 2756 4440 prima,
2789 4344 2909 4414 sed
2937 4367 3075 4413 nou
3114 4342 3516 4413 antecedunt
3585 4340 3738 4411 alia.

2371 4454 2598 4523 Tertio
2623 4453 2829 4522 modo
2853 4453 2979 4520 ista
3005 4461 3287 4544 possunt
3315 4450 3724 4520 considerari
3757 4449 3824 4515 in

2283 4584 2489 4632 causa
2519 4562 2739 4654 prima
2764 4560 3137 4631 secundum
3169 4560 3353 4651 quod
3371 4580 3574 4628 causa
3601 4565 3726 4636 est,
3756 4555 3826 4623 id

2284 4679 2409 4749 est,
2444 4669 2821 4738 secundum
2862 4668 3047 4760 quod
3093 4667 3401 4760 producit
3431 4672 3727 4744 causata,
3760 4670 3825 4731 et

2286 4780 2381 4849 sic
2417 4801 2540 4847 ens
2571 4779 2641 4846 in
2679 4787 2987 4847 creatura
3017 4775 3410 4868 producitur
3436 4796 3476 4841 a
3520 4773 3699 4841 bono
3756 4772 3827 4839 in

2284 4886 2646 4955 Creatore:
2681 4893 2746 4954 et
2804 4882 2937 4952 hoc
2974 4881 3181 4952 modo
3227 4904 3348 4951 ens
3395 4889 3696 4949 creatum
3726 4887 3828 4948 est

2284 4993 2623 5085 posterius
2654 4991 2839 5060 bono
2868 4991 3165 5059 increato
3200 5012 3216 5056 ε
3253 4997 3317 5057 et
3345 4987 3477 5058 hoc
3515 4995 3616 5056 est
3647 4985 3829 5079 quod

2283 5100 2445 5171 dicit
2483 5100 2885 5193 Dionysius,
2919 5097 3105 5191 quod
3146 5099 3401 5182 bonum
3440 5105 3539 5167 est
3578 5097 3830 5166 diss'usi-

2281 5231 2446 5276 vum
2480 5231 2625 5278 esse
2654 5208 2785 5276 sui.
2819 5206 2908 5274 Et
2964 5207 3090 5274 ista
3136 5205 3385 5274 solutio
3425 5213 3525 5274 est
3585 5227 3832 5296 secun-

2281 5314 2446 5383 dum
2507 5313 2925 5383 intellectum
2989 5312 3320 5403 Dionysii,
3391 5320 3465 5380 ut
3523 5320 3705 5402 patet
3746 5334 3831 5379 ex

2281 5423 2577 5493 inductis
2604 5420 3121 5492 auctoritatibus
3150 5443 3376 5512 supra.
3432 5418 3515 5486 Et
3554 5442 3674 5511 per
3700 5419 3832 5489 hoc

2278 5541 2467 5626 patet
2503 5530 2758 5601 solutio
2789 5531 2876 5600 ad
2914 5531 3148 5606 omnia
3176 5529 3488 5622 quaesita.

2285 5779 2421 5843 cap:
2451 5769 2538 5824 10.

3917 2251 4115 2300 sotum.
