<?xml version="1.0" encoding="UTF-8"?>
<!DOCTYPE html PUBLIC "-//W3C//DTD XHTML 1.0 Transitional//EN"
    "http://www.w3.org/TR/xhtml1/DTD/xhtml1-transitional.dtd">
<html xmlns="http://www.w3.org/1999/xhtml" xml:lang="en" lang="en">
 <head>
  <title>
</title>
<meta http-equiv="Content-Type" content="text/html;charset=utf-8" />
  <meta name='ocr-system' content='tesseract 3.04.00' />
  <meta name='ocr-capabilities' content='ocr_page ocr_carea ocr_par ocr_line ocrx_word'/>
</head>
<body>
  <div class='ocr_page' id='page_1' title='image "balbertimagnira03chgoog_0528.png"; bbox 0 0 4897 6388; ppageno 0'>
   <div class='ocr_carea' id='block_1_1' title="bbox 695 267 2886 392">
    <p class='ocr_par' dir='ltr' id='par_1_1' title="bbox 695 267 2886 392">
     <span class='ocr_line' id='line_1_1' title="bbox 695 267 2886 392; baseline 0.004 -41"><span class='ocrx_word' id='word_1_1' title='bbox 695 295 826 361; x_wconf 68' lang='lat'>488</span> <span class='ocrx_word' id='word_1_2' title='bbox 1667 288 1751 356; x_wconf 85' lang='lat' dir='ltr'>n.</span> <span class='ocrx_word' id='word_1_3' title='bbox 1806 287 2002 392; x_wconf 55' lang='grc' dir='ltr'><strong>ΑΕΒ.</strong></span> <span class='ocrx_word' id='word_1_4' title='bbox 2055 267 2288 356; x_wconf 71' lang='grc' dir='ltr'><strong>ΜΑο.’</strong></span> <span class='ocrx_word' id='word_1_5' title='bbox 2326 288 2532 359; x_wconf 76' lang='lat' dir='ltr'>ono.</span> <span class='ocrx_word' id='word_1_6' title='bbox 2586 292 2886 361; x_wconf 79' lang='lat' dir='ltr'><strong>PRAED.</strong></span> 
     </span>
    </p>
   </div>
   <div class='ocr_carea' id='block_1_2' title="bbox 696 439 3921 4074">
    <p class='ocr_par' dir='ltr' id='par_1_2' title="bbox 696 439 3921 4074">
     <span class='ocr_line' id='line_1_2' title="bbox 699 439 3919 571; baseline 0.003 -33"><span class='ocrx_word' id='word_1_7' title='bbox 699 452 916 538; x_wconf 80' lang='lat' dir='ltr'>catur</span> <span class='ocrx_word' id='word_1_8' title='bbox 938 473 1189 536; x_wconf 87' lang='lat' dir='ltr'>motus</span> <span class='ocrx_word' id='word_1_9' title='bbox 1223 461 1545 536; x_wconf 89' lang='lat' dir='ltr'>mentis:</span> <span class='ocrx_word' id='word_1_10' title='bbox 1576 483 1750 535; x_wconf 92' lang='lat' dir='ltr'>cum</span> <span class='ocrx_word' id='word_1_11' title='bbox 1769 439 1996 534; x_wconf 73' lang='lat' dir='ltr'>etiam</span> <span class='ocrx_word' id='word_1_12' title='bbox 2044 461 2114 533; x_wconf 90' lang='lat' dir='ltr'>in</span> <span class='ocrx_word' id='word_1_13' title='bbox 2165 461 2355 536; x_wconf 91' lang='lat' dir='ltr'>libro</span> <span class='ocrx_word' id='word_1_14' title='bbox 2399 461 2819 561; x_wconf 73' lang='lat' dir='ltr'>Sapientiae</span> <span class='ocrx_word' id='word_1_15' title='bbox 2846 463 3154 539; x_wconf 87' lang='lat' dir='ltr'>dicatur</span> <span class='ocrx_word' id='word_1_16' title='bbox 3191 466 3591 567; x_wconf 87' lang='lat' dir='ltr'>despiritu</span> <span class='ocrx_word' id='word_1_17' title='bbox 3618 473 3919 571; x_wconf 88' lang='lat' dir='ltr'>sapien-</span> 
     </span>
     <span class='ocr_line' id='line_1_3' title="bbox 697 595 3914 703; baseline 0.004 -33"><span class='ocrx_word' id='word_1_18' title='bbox 697 599 846 685; x_wconf 76' lang='lat' dir='ltr'>tiae,</span> <span class='ocrx_word' id='word_1_19' title='bbox 879 599 1012 696; x_wconf 89' lang='lat' dir='ltr'>qui</span> <span class='ocrx_word' id='word_1_20' title='bbox 1043 595 1343 694; x_wconf 83' lang='lat' dir='ltr'>attingit</span> <span class='ocrx_word' id='word_1_21' title='bbox 1384 622 1429 672; x_wconf 85' lang='lat' dir='ltr'>a</span> <span class='ocrx_word' id='word_1_22' title='bbox 1470 597 1622 673; x_wconf 77' lang='lat' dir='ltr'>tine</span> <span class='ocrx_word' id='word_1_23' title='bbox 1667 620 1909 695; x_wconf 88' lang='lat' dir='ltr'>usque</span> <span class='ocrx_word' id='word_1_24' title='bbox 1951 599 2040 672; x_wconf 85' lang='lat' dir='ltr'>ad</span> <span class='ocrx_word' id='word_1_25' title='bbox 2091 597 2323 673; x_wconf 81' lang='lat' dir='ltr'>finem</span> <span class='ocrx_word' id='word_1_26' title='bbox 2368 598 2413 693; x_wconf 84' lang='lat'>¹,</span> <span class='ocrx_word' id='word_1_27' title='bbox 2451 601 2584 698; x_wconf 87' lang='lat' dir='ltr'>qui</span> <span class='ocrx_word' id='word_1_28' title='bbox 2625 611 2742 676; x_wconf 91' lang='lat' dir='ltr'>est</span> <span class='ocrx_word' id='word_1_29' title='bbox 2780 612 2999 678; x_wconf 89' lang='lat' dir='ltr'>actus</span> <span class='ocrx_word' id='word_1_30' title='bbox 3031 605 3372 701; x_wconf 86' lang='lat' dir='ltr'>mobilis,</span> <span class='ocrx_word' id='word_1_31' title='bbox 3437 619 3719 703; x_wconf 78' lang='lat' dir='ltr'>certuS,</span> <span class='ocrx_word' id='word_1_32' title='bbox 3791 611 3914 684; x_wconf 90' lang='lat' dir='ltr'>in-</span> 
     </span>
     <span class='ocr_line' id='line_1_4' title="bbox 696 732 3906 840; baseline 0.003 -33"><span class='ocrx_word' id='word_1_33' title='bbox 696 734 1266 831; x_wconf 79' lang='lat' dir='ltr'>coinquinatus.</span> <span class='ocrx_word' id='word_1_34' title='bbox 1335 733 1552 821; x_wconf 85' lang='lat' dir='ltr'>Quod</span> <span class='ocrx_word' id='word_1_35' title='bbox 1592 756 1747 806; x_wconf 90' lang='lat' dir='ltr'>non</span> <span class='ocrx_word' id='word_1_36' title='bbox 1793 733 1962 807; x_wconf 91' lang='lat' dir='ltr'>ideo</span> <span class='ocrx_word' id='word_1_37' title='bbox 1995 732 2302 827; x_wconf 87' lang='lat' dir='ltr'>dicitur,</span> <span class='ocrx_word' id='word_1_38' title='bbox 2339 735 2546 830; x_wconf 92' lang='lat' dir='ltr'>quod</span> <span class='ocrx_word' id='word_1_39' title='bbox 2580 735 2964 833; x_wconf 90' lang='lat' dir='ltr'>sapientia</span> <span class='ocrx_word' id='word_1_40' title='bbox 2994 737 3094 813; x_wconf 89' lang='lat' dir='ltr'>sit</span> <span class='ocrx_word' id='word_1_41' title='bbox 3135 740 3419 815; x_wconf 86' lang='lat' dir='ltr'>mobile</span> <span class='ocrx_word' id='word_1_42' title='bbox 3453 743 3743 840; x_wconf 80' lang='lat' dir='ltr'>aliquid</span> <span class='ocrx_word' id='word_1_43' title='bbox 3785 746 3906 819; x_wconf 82' lang='lat' dir='ltr'>vel</span> 
     </span>
     <span class='ocr_line' id='line_1_5' title="bbox 700 866 3906 973; baseline 0.003 -30"><span class='ocrx_word' id='word_1_44' title='bbox 700 879 915 944; x_wconf 90' lang='lat' dir='ltr'>actus</span> <span class='ocrx_word' id='word_1_45' title='bbox 947 870 1253 967; x_wconf 87' lang='lat' dir='ltr'>aliquis,</span> <span class='ocrx_word' id='word_1_46' title='bbox 1299 869 1431 943; x_wconf 90' lang='lat' dir='ltr'>sed</span> <span class='ocrx_word' id='word_1_47' title='bbox 1475 868 1658 966; x_wconf 87' lang='lat' dir='ltr'>quia</span> <span class='ocrx_word' id='word_1_48' title='bbox 1686 867 1806 942; x_wconf 91' lang='lat' dir='ltr'>sui</span> <span class='ocrx_word' id='word_1_49' title='bbox 1849 866 2382 942; x_wconf 77' lang='lat' dir='ltr'>immobilitate</span> <span class='ocrx_word' id='word_1_50' title='bbox 2422 870 2687 945; x_wconf 87' lang='lat' dir='ltr'>omnia</span> <span class='ocrx_word' id='word_1_51' title='bbox 2743 871 3077 970; x_wconf 84' lang='lat' dir='ltr'>attingit,</span> <span class='ocrx_word' id='word_1_52' title='bbox 3151 897 3310 948; x_wconf 90' lang='lat' dir='ltr'>non</span> <span class='ocrx_word' id='word_1_53' title='bbox 3367 877 3590 952; x_wconf 86' lang='lat' dir='ltr'>locali</span> <span class='ocrx_word' id='word_1_54' title='bbox 3670 889 3906 973; x_wconf 89' lang='lat' dir='ltr'>motu,</span> 
     </span>
     <span class='ocr_line' id='line_1_6' title="bbox 700 1002 3912 1110; baseline 0.003 -32"><span class='ocrx_word' id='word_1_55' title='bbox 700 1004 833 1078; x_wconf 92' lang='lat' dir='ltr'>sed</span> <span class='ocrx_word' id='word_1_56' title='bbox 880 1015 960 1078; x_wconf 90' lang='lat' dir='ltr'>ut</span> <span class='ocrx_word' id='word_1_57' title='bbox 993 1003 1276 1100; x_wconf 89' lang='lat' dir='ltr'>ubique</span> <span class='ocrx_word' id='word_1_58' title='bbox 1318 1026 1620 1101; x_wconf 83' lang='lat' dir='ltr'>semper</span> <span class='ocrx_word' id='word_1_59' title='bbox 1659 1002 1780 1091; x_wconf 83' lang='lat' dir='ltr'>sit,</span> <span class='ocrx_word' id='word_1_60' title='bbox 1827 1012 1897 1076; x_wconf 91' lang='lat' dir='ltr'>et</span> <span class='ocrx_word' id='word_1_61' title='bbox 1939 1025 2321 1100; x_wconf 80' lang='lat' dir='ltr'>nusquam</span> <span class='ocrx_word' id='word_1_62' title='bbox 2365 1003 2668 1079; x_wconf 86' lang='lat' dir='ltr'>inclusa</span> <span class='ocrx_word' id='word_1_63' title='bbox 2698 1014 3079 1082; x_wconf 85' lang='lat' dir='ltr'>teneatur.</span> <span class='ocrx_word' id='word_1_64' title='bbox 3148 1008 3276 1084; x_wconf 89' lang='lat' dir='ltr'>Sic</span> <span class='ocrx_word' id='word_1_65' title='bbox 3335 1033 3520 1110; x_wconf 84' lang='lat' dir='ltr'>ergo</span> <span class='ocrx_word' id='word_1_66' title='bbox 3580 1014 3912 1089; x_wconf 87' lang='lat' dir='ltr'>charitas</span> 
     </span>
     <span class='ocr_line' id='line_1_7' title="bbox 700 1136 3909 1241; baseline 0.003 -32"><span class='ocrx_word' id='word_1_67' title='bbox 700 1137 980 1212; x_wconf 87' lang='lat' dir='ltr'>dicitur</span> <span class='ocrx_word' id='word_1_68' title='bbox 1021 1147 1271 1211; x_wconf 87' lang='lat' dir='ltr'>motus</span> <span class='ocrx_word' id='word_1_69' title='bbox 1303 1136 1564 1224; x_wconf 90' lang='lat' dir='ltr'>animi,</span> <span class='ocrx_word' id='word_1_70' title='bbox 1603 1160 1758 1209; x_wconf 88' lang='lat' dir='ltr'>non</span> <span class='ocrx_word' id='word_1_71' title='bbox 1801 1137 2004 1234; x_wconf 90' lang='lat' dir='ltr'>quod</span> <span class='ocrx_word' id='word_1_72' title='bbox 2038 1137 2206 1235; x_wconf 82' lang='lat' dir='ltr'>ipsa</span> <span class='ocrx_word' id='word_1_73' title='bbox 2245 1137 2343 1213; x_wconf 88' lang='lat' dir='ltr'>sit</span> <span class='ocrx_word' id='word_1_74' title='bbox 2375 1148 2628 1214; x_wconf 89' lang='lat' dir='ltr'>motus</span> <span class='ocrx_word' id='word_1_75' title='bbox 2658 1141 2782 1215; x_wconf 86' lang='lat' dir='ltr'>vel</span> <span class='ocrx_word' id='word_1_76' title='bbox 2822 1140 3125 1217; x_wconf 84' lang='lat' dir='ltr'>affectio</span> <span class='ocrx_word' id='word_1_77' title='bbox 3155 1146 3287 1220; x_wconf 87' lang='lat' dir='ltr'>vel</span> <span class='ocrx_word' id='word_1_78' title='bbox 3337 1145 3587 1221; x_wconf 86' lang='lat' dir='ltr'>virtus</span> <span class='ocrx_word' id='word_1_79' title='bbox 3645 1148 3909 1241; x_wconf 88' lang='lat' dir='ltr'>animi,</span> 
     </span>
     <span class='ocr_line' id='line_1_8' title="bbox 699 1271 3914 1372; baseline 0.002 -23"><span class='ocrx_word' id='word_1_80' title='bbox 699 1275 834 1349; x_wconf 89' lang='lat' dir='ltr'>sed</span> <span class='ocrx_word' id='word_1_81' title='bbox 876 1274 1059 1372; x_wconf 88' lang='lat' dir='ltr'>quia</span> <span class='ocrx_word' id='word_1_82' title='bbox 1098 1295 1435 1372; x_wconf 89' lang='lat' dir='ltr'>peream</span> <span class='ocrx_word' id='word_1_83' title='bbox 1504 1272 1723 1370; x_wconf 83' lang='lat' dir='ltr'>quasi</span> <span class='ocrx_word' id='word_1_84' title='bbox 1801 1281 2004 1346; x_wconf 89' lang='lat' dir='ltr'>esset</span> <span class='ocrx_word' id='word_1_85' title='bbox 2066 1272 2338 1367; x_wconf 83' lang='lat' dir='ltr'>virtuS,</span> <span class='ocrx_word' id='word_1_86' title='bbox 2407 1271 2743 1349; x_wconf 78' lang='lat' dir='ltr'>afficitur</span> <span class='ocrx_word' id='word_1_87' title='bbox 2783 1298 3005 1351; x_wconf 90' lang='lat' dir='ltr'>mens</span> <span class='ocrx_word' id='word_1_88' title='bbox 3073 1286 3149 1353; x_wconf 89' lang='lat' dir='ltr'>et</span> <span class='ocrx_word' id='word_1_89' title='bbox 3228 1290 3609 1355; x_wconf 88' lang='lat' dir='ltr'>movetur.</span> <span class='ocrx_word' id='word_1_90' title='bbox 3655 1280 3804 1356; x_wconf 90' lang='lat' dir='ltr'>Sed</span> <span class='ocrx_word' id='word_1_91' title='bbox 3848 1282 3914 1355; x_wconf 89' lang='lat' dir='ltr'>si</span> 
     </span>
     <span class='ocr_line' id='line_1_9' title="bbox 698 1406 3917 1513; baseline 0.001 -30"><span class='ocrx_word' id='word_1_92' title='bbox 698 1408 1033 1483; x_wconf 89' lang='lat' dir='ltr'>charitas</span> <span class='ocrx_word' id='word_1_93' title='bbox 1065 1407 1396 1505; x_wconf 79' lang='lat' dir='ltr'>Spiritus</span> <span class='ocrx_word' id='word_1_94' title='bbox 1435 1416 1746 1482; x_wconf 89' lang='lat' dir='ltr'>sanctus</span> <span class='ocrx_word' id='word_1_95' title='bbox 1787 1416 1926 1500; x_wconf 88' lang='lat' dir='ltr'>cst,</span> <span class='ocrx_word' id='word_1_96' title='bbox 1962 1406 2094 1504; x_wconf 81' lang='lat' dir='ltr'>qui</span> <span class='ocrx_word' id='word_1_97' title='bbox 2135 1417 2501 1505; x_wconf 85' lang='lat' dir='ltr'>operatur</span> <span class='ocrx_word' id='word_1_98' title='bbox 2531 1408 2609 1482; x_wconf 91' lang='lat' dir='ltr'>in</span> <span class='ocrx_word' id='word_1_99' title='bbox 2652 1409 2984 1507; x_wconf 84' lang='lat' dir='ltr'>singulis</span> <span class='ocrx_word' id='word_1_100' title='bbox 3025 1420 3259 1510; x_wconf 90' lang='lat' dir='ltr'>prout</span> <span class='ocrx_word' id='word_1_101' title='bbox 3285 1415 3456 1487; x_wconf 88' lang='lat' dir='ltr'>vult</span> <span class='ocrx_word' id='word_1_102' title='bbox 3482 1411 3532 1501; x_wconf 83' lang='lat'>²,</span> <span class='ocrx_word' id='word_1_103' title='bbox 3569 1437 3743 1488; x_wconf 91' lang='lat' dir='ltr'>cum</span> <span class='ocrx_word' id='word_1_104' title='bbox 3778 1437 3917 1513; x_wconf 91' lang='lat' dir='ltr'>per</span> 
     </span>
     <span class='ocr_line' id='line_1_10' title="bbox 705 1542 3911 1647; baseline 0.001 -27"><span class='ocrx_word' id='word_1_105' title='bbox 705 1567 880 1620; x_wconf 89' lang='lat' dir='ltr'>eum</span> <span class='ocrx_word' id='word_1_106' title='bbox 928 1566 1144 1618; x_wconf 85' lang='lat' dir='ltr'>mens</span> <span class='ocrx_word' id='word_1_107' title='bbox 1186 1543 1524 1617; x_wconf 82' lang='lat' dir='ltr'>hominis</span> <span class='ocrx_word' id='word_1_108' title='bbox 1554 1542 1934 1617; x_wconf 76' lang='lat' dir='ltr'>afficiatur</span> <span class='ocrx_word' id='word_1_109' title='bbox 1971 1553 2046 1617; x_wconf 89' lang='lat' dir='ltr'>et</span> <span class='ocrx_word' id='word_1_110' title='bbox 2088 1553 2492 1619; x_wconf 82' lang='lat' dir='ltr'>moveatur</span> <span class='ocrx_word' id='word_1_111' title='bbox 2521 1543 2619 1618; x_wconf 87' lang='lat' dir='ltr'>ad</span> <span class='ocrx_word' id='word_1_112' title='bbox 2646 1545 3153 1642; x_wconf 91' lang='lat' dir='ltr'>credendum,</span> <span class='ocrx_word' id='word_1_113' title='bbox 3216 1549 3342 1622; x_wconf 85' lang='lat' dir='ltr'>vel</span> <span class='ocrx_word' id='word_1_114' title='bbox 3409 1550 3911 1647; x_wconf 74' lang='lat' dir='ltr'>sperandum,</span> 
     </span>
     <span class='ocr_line' id='line_1_11' title="bbox 703 1675 3916 1777; baseline 0.002 -27"><span class='ocrx_word' id='word_1_115' title='bbox 703 1685 778 1750; x_wconf 88' lang='lat' dir='ltr'>et</span> <span class='ocrx_word' id='word_1_116' title='bbox 818 1676 1287 1773; x_wconf 87' lang='lat' dir='ltr'>hujusmodi,</span> <span class='ocrx_word' id='word_1_117' title='bbox 1324 1676 1521 1750; x_wconf 88' lang='lat' dir='ltr'>sicut</span> <span class='ocrx_word' id='word_1_118' title='bbox 1560 1677 1651 1750; x_wconf 92' lang='lat' dir='ltr'>ad</span> <span class='ocrx_word' id='word_1_119' title='bbox 1693 1676 2170 1772; x_wconf 85' lang='lat' dir='ltr'>diligendum</span> <span class='ocrx_word' id='word_1_120' title='bbox 2207 1675 2501 1777; x_wconf 52' lang='lat' dir='ltr'>:square</span> <span class='ocrx_word' id='word_1_121' title='bbox 2534 1701 2688 1752; x_wconf 89' lang='lat' dir='ltr'>non</span> <span class='ocrx_word' id='word_1_122' title='bbox 2733 1679 2844 1754; x_wconf 95' lang='lat' dir='ltr'>sic</span> <span class='ocrx_word' id='word_1_123' title='bbox 2910 1679 3200 1755; x_wconf 89' lang='lat' dir='ltr'>dicitur</span> <span class='ocrx_word' id='word_1_124' title='bbox 3273 1681 3610 1757; x_wconf 73' lang='lat' dir='ltr'>charitas</span> <span class='ocrx_word' id='word_1_125' title='bbox 3664 1693 3916 1758; x_wconf 89' lang='lat' dir='ltr'>motus</span> 
     </span>
     <span class='ocr_line' id='line_1_12' title="bbox 700 1808 3911 1913; baseline 0.002 -30"><span class='ocrx_word' id='word_1_126' title='bbox 700 1810 819 1885; x_wconf 80' lang='lat' dir='ltr'>vcl</span> <span class='ocrx_word' id='word_1_127' title='bbox 863 1808 1158 1886; x_wconf 81' lang='lat' dir='ltr'>affectio</span> <span class='ocrx_word' id='word_1_128' title='bbox 1196 1809 1470 1884; x_wconf 80' lang='lat' dir='ltr'>montis</span> <span class='ocrx_word' id='word_1_129' title='bbox 1509 1809 1600 1883; x_wconf 89' lang='lat' dir='ltr'>ad</span> <span class='ocrx_word' id='word_1_130' title='bbox 1634 1809 2131 1905; x_wconf 85' lang='lat' dir='ltr'>credendum,</span> <span class='ocrx_word' id='word_1_131' title='bbox 2166 1812 2290 1885; x_wconf 81' lang='lat' dir='ltr'>vel</span> <span class='ocrx_word' id='word_1_132' title='bbox 2331 1813 2829 1911; x_wconf 83' lang='lat' dir='ltr'>sperandum,</span> <span class='ocrx_word' id='word_1_133' title='bbox 2864 1813 3066 1889; x_wconf 89' lang='lat' dir='ltr'>sicut</span> <span class='ocrx_word' id='word_1_134' title='bbox 3090 1813 3187 1889; x_wconf 89' lang='lat' dir='ltr'>ad</span> <span class='ocrx_word' id='word_1_135' title='bbox 3221 1813 3764 1913; x_wconf 79' lang='lat' dir='ltr'>diligendum?</span> <span class='ocrx_word' id='word_1_136' title='bbox 3798 1816 3911 1891; x_wconf 86' lang='lat' dir='ltr'>Ad</span> 
     </span>
     <span class='ocr_line' id='line_1_13' title="bbox 701 1944 3914 2049; baseline 0.002 -31"><span class='ocrx_word' id='word_1_137' title='bbox 701 1944 906 2042; x_wconf 91' lang='lat' dir='ltr'>quod</span> <span class='ocrx_word' id='word_1_138' title='bbox 945 1969 1130 2020; x_wconf 90' lang='lat' dir='ltr'>sane</span> <span class='ocrx_word' id='word_1_139' title='bbox 1163 1944 1309 2019; x_wconf 82' lang='lat' dir='ltr'>dici</span> <span class='ocrx_word' id='word_1_140' title='bbox 1353 1955 1626 2043; x_wconf 86' lang='lat' dir='ltr'>potest,</span> <span class='ocrx_word' id='word_1_141' title='bbox 1671 1947 1853 2043; x_wconf 87' lang='lat' dir='ltr'>quia</span> <span class='ocrx_word' id='word_1_142' title='bbox 1893 1946 2194 2043; x_wconf 87' lang='lat' dir='ltr'>aliquos</span> <span class='ocrx_word' id='word_1_143' title='bbox 2233 1957 2452 2021; x_wconf 89' lang='lat' dir='ltr'>actus</span> <span class='ocrx_word' id='word_1_144' title='bbox 2492 1957 2720 2045; x_wconf 90' lang='lat' dir='ltr'>atque</span> <span class='ocrx_word' id='word_1_145' title='bbox 2763 1957 3021 2023; x_wconf 91' lang='lat' dir='ltr'>motus</span> <span class='ocrx_word' id='word_1_146' title='bbox 3095 1949 3476 2024; x_wconf 87' lang='lat' dir='ltr'>virtutum</span> <span class='ocrx_word' id='word_1_147' title='bbox 3552 1961 3914 2049; x_wconf 80' lang='lat' dir='ltr'>operatur</span> 
     </span>
     <span class='ocr_line' id='line_1_14' title="bbox 700 2071 3907 2181; baseline 0.002 -29"><span class='ocrx_word' id='word_1_148' title='bbox 700 2077 1059 2173; x_wconf 78' lang='lat' dir='ltr'>charitas,</span> <span class='ocrx_word' id='word_1_149' title='bbox 1099 2078 1168 2153; x_wconf 87' lang='lat' dir='ltr'>id</span> <span class='ocrx_word' id='word_1_150' title='bbox 1211 2090 1351 2167; x_wconf 90' lang='lat' dir='ltr'>est,</span> <span class='ocrx_word' id='word_1_151' title='bbox 1384 2077 1715 2178; x_wconf 81' lang='lat' dir='ltr'>Spiritus</span> <span class='ocrx_word' id='word_1_152' title='bbox 1753 2071 2066 2155; x_wconf 75' lang='lat' dir='ltr'>sanc&#39;tus</span> <span class='ocrx_word' id='word_1_153' title='bbox 2099 2076 2616 2156; x_wconf 84' lang='lat' dir='ltr'>mediantibus</span> <span class='ocrx_word' id='word_1_154' title='bbox 2646 2081 3063 2157; x_wconf 86' lang='lat' dir='ltr'>virtutibus</span> <span class='ocrx_word' id='word_1_155' title='bbox 3088 2105 3424 2181; x_wconf 89' lang='lat' dir='ltr'>quarum</span> <span class='ocrx_word' id='word_1_156' title='bbox 3453 2093 3672 2158; x_wconf 78' lang='lat' dir='ltr'>actus</span> <span class='ocrx_word' id='word_1_157' title='bbox 3701 2095 3907 2179; x_wconf 88' lang='lat' dir='ltr'>sunt,</span> 
     </span>
     <span class='ocr_line' id='line_1_15' title="bbox 705 2213 3908 2317; baseline 0.002 -30"><span class='ocrx_word' id='word_1_158' title='bbox 705 2223 962 2312; x_wconf 83' lang='lat' dir='ltr'>utpote</span> <span class='ocrx_word' id='word_1_159' title='bbox 994 2224 1244 2288; x_wconf 85' lang='lat' dir='ltr'>actum</span> <span class='ocrx_word' id='word_1_160' title='bbox 1280 2213 1484 2308; x_wconf 79' lang='lat' dir='ltr'>fidei,</span> <span class='ocrx_word' id='word_1_161' title='bbox 1512 2214 1583 2288; x_wconf 90' lang='lat' dir='ltr'>id</span> <span class='ocrx_word' id='word_1_162' title='bbox 1617 2224 1757 2303; x_wconf 88' lang='lat' dir='ltr'>est,</span> <span class='ocrx_word' id='word_1_163' title='bbox 1788 2214 2098 2292; x_wconf 89' lang='lat' dir='ltr'>credere</span> <span class='ocrx_word' id='word_1_164' title='bbox 2130 2214 2279 2292; x_wconf 81' lang='lat' dir='ltr'>fide</span> <span class='ocrx_word' id='word_1_165' title='bbox 2315 2216 2592 2311; x_wconf 90' lang='lat' dir='ltr'>media,</span> <span class='ocrx_word' id='word_1_166' title='bbox 2618 2227 2694 2293; x_wconf 91' lang='lat' dir='ltr'>et</span> <span class='ocrx_word' id='word_1_167' title='bbox 2716 2228 2739 2265; x_wconf 82' lang='lat'>⁸</span> <span class='ocrx_word' id='word_1_168' title='bbox 2769 2227 3027 2293; x_wconf 87' lang='lat' dir='ltr'>actum</span> <span class='ocrx_word' id='word_1_169' title='bbox 3069 2217 3267 2317; x_wconf 86' lang='lat' dir='ltr'>spei,</span> <span class='ocrx_word' id='word_1_170' title='bbox 3304 2216 3378 2291; x_wconf 93' lang='lat' dir='ltr'>id</span> <span class='ocrx_word' id='word_1_171' title='bbox 3410 2229 3554 2312; x_wconf 88' lang='lat' dir='ltr'>est,</span> <span class='ocrx_word' id='word_1_172' title='bbox 3599 2241 3908 2317; x_wconf 87' lang='lat' dir='ltr'>sperare</span> 
     </span>
     <span class='ocr_line' id='line_1_16' title="bbox 707 2349 3910 2451; baseline 0 -28"><span class='ocrx_word' id='word_1_173' title='bbox 707 2349 958 2426; x_wconf 78' lang='lat' dir='ltr'>media</span> <span class='ocrx_word' id='word_1_174' title='bbox 996 2373 1156 2450; x_wconf 85' lang='lat' dir='ltr'>spe.</span> <span class='ocrx_word' id='word_1_175' title='bbox 1205 2351 1352 2423; x_wconf 81' lang='lat' dir='ltr'>Por</span> <span class='ocrx_word' id='word_1_176' title='bbox 1400 2349 1626 2427; x_wconf 83' lang='lat' dir='ltr'>fldem</span> <span class='ocrx_word' id='word_1_177' title='bbox 1691 2351 1895 2425; x_wconf 89' lang='lat' dir='ltr'>enim</span> <span class='ocrx_word' id='word_1_178' title='bbox 1947 2359 2022 2426; x_wconf 89' lang='lat' dir='ltr'>et</span> <span class='ocrx_word' id='word_1_179' title='bbox 2082 2374 2294 2450; x_wconf 89' lang='lat' dir='ltr'>spem</span> <span class='ocrx_word' id='word_1_180' title='bbox 2358 2351 2767 2450; x_wconf 78' lang='lat' dir='ltr'>proedictos</span> <span class='ocrx_word' id='word_1_181' title='bbox 2830 2360 3200 2451; x_wconf 86' lang='lat' dir='ltr'>operatur</span> <span class='ocrx_word' id='word_1_182' title='bbox 3237 2360 3508 2427; x_wconf 88' lang='lat' dir='ltr'>actus:</span> <span class='ocrx_word' id='word_1_183' title='bbox 3545 2352 3910 2450; x_wconf 85' lang='lat' dir='ltr'>diligendi</span> 
     </span>
     <span class='ocr_line' id='line_1_17' title="bbox 703 2486 3921 2587; baseline 0 -27"><span class='ocrx_word' id='word_1_184' title='bbox 703 2498 1168 2562; x_wconf 79' lang='lat' dir='ltr'>veruactum</span> <span class='ocrx_word' id='word_1_185' title='bbox 1212 2511 1349 2584; x_wconf 90' lang='lat' dir='ltr'>pcr</span> <span class='ocrx_word' id='word_1_186' title='bbox 1378 2511 1459 2563; x_wconf 89' lang='lat' dir='ltr'>so</span> <span class='ocrx_word' id='word_1_187' title='bbox 1504 2496 1827 2582; x_wconf 85' lang='lat' dir='ltr'>tantum,</span> <span class='ocrx_word' id='word_1_188' title='bbox 1862 2487 2032 2564; x_wconf 90' lang='lat' dir='ltr'>sine</span> <span class='ocrx_word' id='word_1_189' title='bbox 2071 2486 2402 2585; x_wconf 88' lang='lat' dir='ltr'>alicujus</span> <span class='ocrx_word' id='word_1_190' title='bbox 2443 2487 2754 2564; x_wconf 81' lang='lat' dir='ltr'>virtutis</span> <span class='ocrx_word' id='word_1_191' title='bbox 2793 2487 3049 2563; x_wconf 89' lang='lat' dir='ltr'>medio</span> <span class='ocrx_word' id='word_1_192' title='bbox 3092 2496 3489 2587; x_wconf 84' lang='lat' dir='ltr'>operatur,</span> <span class='ocrx_word' id='word_1_193' title='bbox 3527 2487 3601 2561; x_wconf 92' lang='lat' dir='ltr'>id</span> <span class='ocrx_word' id='word_1_194' title='bbox 3640 2496 3781 2581; x_wconf 90' lang='lat' dir='ltr'>est,</span> <span class='ocrx_word' id='word_1_195' title='bbox 3817 2486 3921 2560; x_wconf 90' lang='lat' dir='ltr'>di·</span> 
     </span>
     <span class='ocr_line' id='line_1_18' title="bbox 703 2620 3917 2720; baseline -0 -25"><span class='ocrx_word' id='word_1_196' title='bbox 703 2621 967 2718; x_wconf 80' lang='lat' dir='ltr'>ligero.</span> <span class='ocrx_word' id='word_1_197' title='bbox 997 2621 1238 2696; x_wconf 78' lang='lat' dir='ltr'>Aliter</span> <span class='ocrx_word' id='word_1_198' title='bbox 1276 2645 1458 2718; x_wconf 79' lang='lat' dir='ltr'>crgo</span> <span class='ocrx_word' id='word_1_199' title='bbox 1501 2624 1707 2696; x_wconf 90' lang='lat' dir='ltr'>hunc</span> <span class='ocrx_word' id='word_1_200' title='bbox 1737 2630 1991 2696; x_wconf 88' lang='lat' dir='ltr'>actum</span> <span class='ocrx_word' id='word_1_201' title='bbox 2034 2631 2397 2720; x_wconf 83' lang='lat' dir='ltr'>operatur</span> <span class='ocrx_word' id='word_1_202' title='bbox 2427 2645 2662 2720; x_wconf 90' lang='lat' dir='ltr'>quam</span> <span class='ocrx_word' id='word_1_203' title='bbox 2711 2621 2907 2698; x_wconf 87' lang='lat' dir='ltr'>alios</span> <span class='ocrx_word' id='word_1_204' title='bbox 2946 2621 3322 2697; x_wconf 84' lang='lat' dir='ltr'>virtutum</span> <span class='ocrx_word' id='word_1_205' title='bbox 3390 2629 3636 2696; x_wconf 86' lang='lat' dir='ltr'>actus.</span> <span class='ocrx_word' id='word_1_206' title='bbox 3710 2620 3917 2696; x_wconf 82' lang='lat' dir='ltr'>Ideo·</span> 
     </span>
     <span class='ocr_line' id='line_1_19' title="bbox 704 2754 3912 2857; baseline -0 -27"><span class='ocrx_word' id='word_1_207' title='bbox 704 2780 855 2855; x_wconf 85' lang='lat' dir='ltr'>que</span> <span class='ocrx_word' id='word_1_208' title='bbox 895 2755 1332 2832; x_wconf 82' lang='lat' dir='ltr'>differenter</span> <span class='ocrx_word' id='word_1_209' title='bbox 1360 2757 1453 2832; x_wconf 89' lang='lat' dir='ltr'>‹lc</span> <span class='ocrx_word' id='word_1_210' title='bbox 1499 2758 1640 2831; x_wconf 86' lang='lat' dir='ltr'>hoc</span> <span class='ocrx_word' id='word_1_211' title='bbox 1670 2767 1743 2831; x_wconf 87' lang='lat' dir='ltr'>et</span> <span class='ocrx_word' id='word_1_212' title='bbox 1780 2755 1873 2832; x_wconf 85' lang='lat' dir='ltr'>dc</span> <span class='ocrx_word' id='word_1_213' title='bbox 1914 2755 2088 2832; x_wconf 88' lang='lat' dir='ltr'>aliis</span> <span class='ocrx_word' id='word_1_214' title='bbox 2117 2756 2461 2855; x_wconf 89' lang='lat' dir='ltr'>loquitur</span> <span class='ocrx_word' id='word_1_215' title='bbox 2518 2756 2939 2856; x_wconf 72' lang='lat' dir='ltr'>Scriptura,</span> <span class='ocrx_word' id='word_1_216' title='bbox 2970 2781 3152 2857; x_wconf 80' lang='lat' dir='ltr'>quoe</span> <span class='ocrx_word' id='word_1_217' title='bbox 3211 2756 3445 2833; x_wconf 86' lang='lat' dir='ltr'>istum</span> <span class='ocrx_word' id='word_1_218' title='bbox 3478 2754 3912 2856; x_wconf 87' lang='lat' dir='ltr'>specialiter</span> 
     </span>
     <span class='ocr_line' id='line_1_20' title="bbox 707 2889 3918 2991; baseline 0 -27"><span class='ocrx_word' id='word_1_219' title='bbox 707 2890 1057 2966; x_wconf 82' lang='lat' dir='ltr'>charitati</span> <span class='ocrx_word' id='word_1_220' title='bbox 1104 2891 1388 2966; x_wconf 84' lang='lat' dir='ltr'>tribuit.</span> <span class='ocrx_word' id='word_1_221' title='bbox 1439 2893 1561 2967; x_wconf 79' lang='lat' dir='ltr'>Est</span> <span class='ocrx_word' id='word_1_222' title='bbox 1593 2915 1777 2988; x_wconf 82' lang='lat' dir='ltr'>crgo</span> <span class='ocrx_word' id='word_1_223' title='bbox 1808 2891 2141 2967; x_wconf 81' lang='lat' dir='ltr'>charitas</span> <span class='ocrx_word' id='word_1_224' title='bbox 2169 2915 2352 2967; x_wconf 75' lang='lat' dir='ltr'>vere</span> <span class='ocrx_word' id='word_1_225' title='bbox 2384 2891 2719 2991; x_wconf 88' lang='lat' dir='ltr'>Spiritus</span> <span class='ocrx_word' id='word_1_226' title='bbox 2748 2902 3091 2967; x_wconf 84' lang='lat' dir='ltr'>sanctus.</span> <span class='ocrx_word' id='word_1_227' title='bbox 3156 2890 3378 2968; x_wconf 89' lang='lat' dir='ltr'>Unde</span> <span class='ocrx_word' id='word_1_228' title='bbox 3434 2889 3918 2989; x_wconf 86' lang='lat' dir='ltr'>Augustinus</span> 
     </span>
     <span class='ocr_line' id='line_1_21' title="bbox 710 3024 3917 3126; baseline -0.001 -26"><span class='ocrx_word' id='word_1_229' title='bbox 710 3026 1193 3125; x_wconf 80' lang='lat' dir='ltr'>proemissum</span> <span class='ocrx_word' id='word_1_230' title='bbox 1223 3027 1544 3102; x_wconf 78' lang='lat' dir='ltr'>verbum</span> <span class='ocrx_word' id='word_1_231' title='bbox 1575 3025 1913 3126; x_wconf 75' lang='lat' dir='ltr'>Apostoli</span> <span class='ocrx_word' id='word_1_232' title='bbox 1960 3034 2294 3102; x_wconf 89' lang='lat' dir='ltr'>tractans</span> <span class='ocrx_word' id='word_1_233' title='bbox 2334 3025 2408 3100; x_wconf 89' lang='lat' dir='ltr'>in</span> <span class='ocrx_word' id='word_1_234' title='bbox 2454 3027 2723 3103; x_wconf 84' lang='lat' dir='ltr'>eodem</span> <span class='ocrx_word' id='word_1_235' title='bbox 2754 3026 2952 3102; x_wconf 90' lang='lat' dir='ltr'>libro</span> <span class='ocrx_word' id='word_1_236' title='bbox 2980 3028 3028 3114; x_wconf 78' lang='lat'>⁴,</span> <span class='ocrx_word' id='word_1_237' title='bbox 3060 3024 3515 3102; x_wconf 87' lang='lat' dir='ltr'>charitatem</span> <span class='ocrx_word' id='word_1_238' title='bbox 3541 3024 3725 3100; x_wconf 87' lang='lat' dir='ltr'>dicit</span> <span class='ocrx_word' id='word_1_239' title='bbox 3750 3047 3917 3100; x_wconf 88' lang='lat' dir='ltr'>esse</span> 
     </span>
     <span class='ocr_line' id='line_1_22' title="bbox 708 3157 3909 3263; baseline -0 -26"><span class='ocrx_word' id='word_1_240' title='bbox 708 3161 1026 3256; x_wconf 85' lang='lat' dir='ltr'>bonum,</span> <span class='ocrx_word' id='word_1_241' title='bbox 1069 3185 1223 3261; x_wconf 88' lang='lat' dir='ltr'>quo</span> <span class='ocrx_word' id='word_1_242' title='bbox 1266 3162 1370 3237; x_wconf 87' lang='lat' dir='ltr'>nil</span> <span class='ocrx_word' id='word_1_243' title='bbox 1416 3162 1692 3238; x_wconf 74' lang='lat' dir='ltr'>unctius</span> <span class='ocrx_word' id='word_1_244' title='bbox 1729 3173 1893 3238; x_wconf 83' lang='lat' dir='ltr'>est:</span> <span class='ocrx_word' id='word_1_245' title='bbox 1937 3171 2011 3238; x_wconf 88' lang='lat' dir='ltr'>et</span> <span class='ocrx_word' id='word_1_246' title='bbox 2051 3185 2189 3262; x_wconf 88' lang='lat' dir='ltr'>per</span> <span class='ocrx_word' id='word_1_247' title='bbox 2229 3163 2372 3238; x_wconf 92' lang='lat' dir='ltr'>hoc</span> <span class='ocrx_word' id='word_1_248' title='bbox 2406 3161 2649 3263; x_wconf 88' lang='lat' dir='ltr'>ipsam</span> <span class='ocrx_word' id='word_1_249' title='bbox 2683 3183 2856 3238; x_wconf 86' lang='lat' dir='ltr'>osse</span> <span class='ocrx_word' id='word_1_250' title='bbox 2886 3161 3140 3238; x_wconf 87' lang='lat' dir='ltr'>Deum</span> <span class='ocrx_word' id='word_1_251' title='bbox 3173 3157 3561 3259; x_wconf 81' lang='lat' dir='ltr'>significat</span> <span class='ocrx_word' id='word_1_252' title='bbox 3599 3158 3909 3236; x_wconf 85' lang='lat' dir='ltr'>dicens:</span> 
     </span>
     <span class='ocr_line' id='line_1_23' title="bbox 709 3290 3907 3398; baseline -0.001 -29"><span class='ocrx_word' id='word_1_253' title='bbox 709 3296 789 3369; x_wconf 79' lang='lat' dir='ltr'>Si</span> <span class='ocrx_word' id='word_1_254' title='bbox 859 3297 1073 3372; x_wconf 85' lang='lat' dir='ltr'>nulla</span> <span class='ocrx_word' id='word_1_255' title='bbox 1107 3320 1226 3372; x_wconf 89' lang='lat' dir='ltr'>res</span> <span class='ocrx_word' id='word_1_256' title='bbox 1265 3298 1362 3371; x_wconf 88' lang='lat' dir='ltr'>ab</span> <span class='ocrx_word' id='word_1_257' title='bbox 1388 3298 1556 3395; x_wconf 87' lang='lat' dir='ltr'>ojus</span> <span class='ocrx_word' id='word_1_258' title='bbox 1585 3296 1952 3372; x_wconf 83' lang='lat' dir='ltr'>charitate</span> <span class='ocrx_word' id='word_1_259' title='bbox 1993 3321 2135 3372; x_wconf 87' lang='lat' dir='ltr'>nos</span> <span class='ocrx_word' id='word_1_260' title='bbox 2200 3308 2509 3398; x_wconf 82' lang='lat' dir='ltr'>separat</span> <span class='ocrx_word' id='word_1_261' title='bbox 2536 3290 2586 3391; x_wconf 77' lang='lat'>⁵,</span> <span class='ocrx_word' id='word_1_262' title='bbox 2621 3296 2809 3396; x_wconf 86' lang='lat' dir='ltr'>quid</span> <span class='ocrx_word' id='word_1_263' title='bbox 2877 3319 3048 3373; x_wconf 89' lang='lat' dir='ltr'>esse</span> <span class='ocrx_word' id='word_1_264' title='bbox 3079 3319 3238 3372; x_wconf 87' lang='lat' dir='ltr'>non</span> <span class='ocrx_word' id='word_1_265' title='bbox 3273 3296 3528 3371; x_wconf 88' lang='lat' dir='ltr'>solum</span> <span class='ocrx_word' id='word_1_266' title='bbox 3608 3294 3907 3388; x_wconf 82' lang='lat' dir='ltr'>melius,</span> 
     </span>
     <span class='ocr_line' id='line_1_24' title="bbox 706 3415 3914 3531; baseline -0.001 -25"><span class='ocrx_word' id='word_1_267' title='bbox 706 3431 836 3507; x_wconf 86' lang='lat' dir='ltr'>sed</span> <span class='ocrx_word' id='word_1_268' title='bbox 870 3415 1095 3507; x_wconf 82' lang='lat' dir='ltr'>etiam</span> <span class='ocrx_word' id='word_1_269' title='bbox 1130 3432 1413 3507; x_wconf 87' lang='lat' dir='ltr'>certius</span> <span class='ocrx_word' id='word_1_270' title='bbox 1446 3434 1588 3507; x_wconf 92' lang='lat' dir='ltr'>hoc</span> <span class='ocrx_word' id='word_1_271' title='bbox 1627 3431 1830 3507; x_wconf 77' lang='lat' dir='ltr'>buno</span> <span class='ocrx_word' id='word_1_272' title='bbox 1859 3431 2169 3531; x_wconf 76' lang='lat' dir='ltr'>potest?</span> <span class='ocrx_word' id='word_1_273' title='bbox 2197 3434 2388 3509; x_wconf 82' lang='lat' dir='ltr'>Ecce</span> <span class='ocrx_word' id='word_1_274' title='bbox 2439 3431 2649 3527; x_wconf 87' lang='lat' dir='ltr'>dicit,</span> <span class='ocrx_word' id='word_1_275' title='bbox 2709 3430 2893 3531; x_wconf 88' lang='lat' dir='ltr'>quia</span> <span class='ocrx_word' id='word_1_276' title='bbox 2933 3429 3314 3507; x_wconf 82' lang='lat' dir='ltr'>charitate</span> <span class='ocrx_word' id='word_1_277' title='bbox 3380 3428 3572 3504; x_wconf 89' lang='lat' dir='ltr'>nihil</span> <span class='ocrx_word' id='word_1_278' title='bbox 3637 3428 3914 3505; x_wconf 86' lang='lat' dir='ltr'>melius</span> 
     </span>
     <span class='ocr_line' id='line_1_25' title="bbox 707 3563 3911 3667; baseline -0 -28"><span class='ocrx_word' id='word_1_279' title='bbox 707 3577 847 3640; x_wconf 79' lang='lat' dir='ltr'>cst.</span> <span class='ocrx_word' id='word_1_280' title='bbox 883 3567 1231 3642; x_wconf 84' lang='lat' dir='ltr'>Charitas</span> <span class='ocrx_word' id='word_1_281' title='bbox 1269 3592 1454 3664; x_wconf 72' lang='lat' dir='ltr'>crgo</span> <span class='ocrx_word' id='word_1_282' title='bbox 1493 3566 1825 3667; x_wconf 84' lang='lat' dir='ltr'>Spiritus</span> <span class='ocrx_word' id='word_1_283' title='bbox 1853 3576 1971 3641; x_wconf 87' lang='lat' dir='ltr'>ost</span> <span class='ocrx_word' id='word_1_284' title='bbox 2007 3566 2136 3667; x_wconf 88' lang='lat' dir='ltr'>qui</span> <span class='ocrx_word' id='word_1_285' title='bbox 2181 3566 2392 3644; x_wconf 86' lang='lat' dir='ltr'>Deus</span> <span class='ocrx_word' id='word_1_286' title='bbox 2421 3577 2566 3658; x_wconf 86' lang='lat' dir='ltr'>est,</span> <span class='ocrx_word' id='word_1_287' title='bbox 2609 3577 2686 3642; x_wconf 86' lang='lat' dir='ltr'>ct</span> <span class='ocrx_word' id='word_1_288' title='bbox 2713 3566 3007 3641; x_wconf 90' lang='lat' dir='ltr'>donum</span> <span class='ocrx_word' id='word_1_289' title='bbox 3039 3563 3181 3642; x_wconf 93' lang='lat' dir='ltr'>Dei</span> <span class='ocrx_word' id='word_1_290' title='bbox 3223 3563 3389 3639; x_wconf 81' lang='lat' dir='ltr'>sive</span> <span class='ocrx_word' id='word_1_291' title='bbox 3440 3563 3746 3640; x_wconf 89' lang='lat' dir='ltr'>datum:</span> <span class='ocrx_word' id='word_1_292' title='bbox 3782 3564 3911 3664; x_wconf 86' lang='lat' dir='ltr'>qui</span> 
     </span>
     <span class='ocr_line' id='line_1_26' title="bbox 707 3696 3919 3801; baseline -0.001 -27"><span class='ocrx_word' id='word_1_293' title='bbox 707 3701 980 3776; x_wconf 80' lang='lat' dir='ltr'>dividit</span> <span class='ocrx_word' id='word_1_294' title='bbox 1021 3701 1347 3795; x_wconf 64' lang='lat' dir='ltr'>singulis</span> <span class='ocrx_word' id='word_1_295' title='bbox 1382 3700 1996 3791; x_wconf 71' lang='lat' dir='ltr'>titlelihusdona,</span> <span class='ocrx_word' id='word_1_296' title='bbox 2032 3724 2173 3777; x_wconf 84' lang='lat' dir='ltr'>nec</span> <span class='ocrx_word' id='word_1_297' title='bbox 2217 3701 2377 3801; x_wconf 83' lang='lat' dir='ltr'>ipso</span> <span class='ocrx_word' id='word_1_298' title='bbox 2436 3700 2834 3795; x_wconf 82' lang='lat' dir='ltr'>dividitur,</span> <span class='ocrx_word' id='word_1_299' title='bbox 2914 3698 3047 3775; x_wconf 89' lang='lat' dir='ltr'>sed</span> <span class='ocrx_word' id='word_1_300' title='bbox 3132 3697 3517 3773; x_wconf 84' lang='lat' dir='ltr'>indivisus</span> <span class='ocrx_word' id='word_1_301' title='bbox 3590 3696 3919 3793; x_wconf 74' lang='lat' dir='ltr'>singulis</span> 
     </span>
     <span class='ocr_line' id='line_1_27' title="bbox 706 3831 3910 3933; baseline -0.002 -22"><span class='ocrx_word' id='word_1_302' title='bbox 706 3838 955 3913; x_wconf 75' lang='lat' dir='ltr'>«latur.</span> <span class='ocrx_word' id='word_1_303' title='bbox 992 3838 1206 3912; x_wconf 68' lang='lat' dir='ltr'>Unde</span> <span class='ocrx_word' id='word_1_304' title='bbox 1249 3839 1727 3933; x_wconf 67' lang='lat' dir='ltr'>Augustinus</span> <span class='ocrx_word' id='word_1_305' title='bbox 1770 3839 1896 3913; x_wconf 86' lang='lat' dir='ltr'>ubi</span> <span class='ocrx_word' id='word_1_306' title='bbox 1935 3839 2279 3913; x_wconf 76' lang='lat' dir='ltr'>Jonnncs</span> <span class='ocrx_word' id='word_1_307' title='bbox 2309 3838 2519 3931; x_wconf 88' lang='lat' dir='ltr'>dicit,</span> <span class='ocrx_word' id='word_1_308' title='bbox 2557 3860 2707 3910; x_wconf 88' lang='lat' dir='ltr'>non</span> <span class='ocrx_word' id='word_1_309' title='bbox 2743 3834 2837 3910; x_wconf 86' lang='lat' dir='ltr'>ad</span> <span class='ocrx_word' id='word_1_310' title='bbox 2885 3858 3330 3909; x_wconf 85' lang='lat' dir='ltr'>mensuram</span> <span class='ocrx_word' id='word_1_311' title='bbox 3384 3832 3688 3907; x_wconf 77' lang='lat' dir='ltr'>Christo</span> <span class='ocrx_word' id='word_1_312' title='bbox 3750 3831 3910 3905; x_wconf 83' lang='lat' dir='ltr'>dari</span> 
     </span>
     <span class='ocr_line' id='line_1_28' title="bbox 705 3966 3910 4074; baseline -0.003 -28"><span class='ocrx_word' id='word_1_313' title='bbox 705 3973 1088 4074; x_wconf 85' lang='lat' dir='ltr'>spiritum,</span> <span class='ocrx_word' id='word_1_314' title='bbox 1130 3974 1228 4047; x_wconf 83' lang='lat' dir='ltr'>ait</span> <span class='ocrx_word' id='word_1_315' title='bbox 1270 3997 1285 4047; x_wconf 91' lang='lat'>:</span> <span class='ocrx_word' id='word_1_316' title='bbox 1320 3973 1635 4047; x_wconf 70' lang='lat' dir='ltr'>(Ia-teris</span> <span class='ocrx_word' id='word_1_317' title='bbox 1675 3997 1856 4047; x_wconf 79' lang='lat' dir='ltr'>vcro</span> <span class='ocrx_word' id='word_1_318' title='bbox 1886 3972 2275 4055; x_wconf 80' lang='lat' dir='ltr'>dividitur,</span> <span class='ocrx_word' id='word_1_319' title='bbox 2312 3997 2462 4045; x_wconf 83' lang='lat' dir='ltr'>uon</span> <span class='ocrx_word' id='word_1_320' title='bbox 2506 3969 2817 4069; x_wconf 76' lang='lat' dir='ltr'>quidem</span> <span class='ocrx_word' id='word_1_321' title='bbox 2856 3968 3019 4067; x_wconf 87' lang='lat' dir='ltr'>ipsc</span> <span class='ocrx_word' id='word_1_322' title='bbox 3080 3967 3446 4067; x_wconf 84' lang='lat' dir='ltr'>Spiritus,</span> <span class='ocrx_word' id='word_1_323' title='bbox 3508 3966 3638 4039; x_wconf 69' lang='lat' dir='ltr'>sm!</span> <span class='ocrx_word' id='word_1_324' title='bbox 3710 3966 3910 4041; x_wconf 71' lang='lat' dir='ltr'>dona</span> 
     </span>
    </p>
   </div>
   <div class='ocr_carea' id='block_1_3' title="bbox 704 4110 952 4208">
    <p class='ocr_par' dir='ltr' id='par_1_3' title="bbox 704 4110 952 4208">
     <span class='ocr_line' id='line_1_29' title="bbox 704 4110 952 4208; baseline -0.008 -23"><span class='ocrx_word' id='word_1_325' title='bbox 704 4110 874 4208; x_wconf 79' lang='lat' dir='ltr'>ojus</span> <span class='ocrx_word' id='word_1_326' title='bbox 902 4136 952 4183; x_wconf 76' lang='grc' dir='ltr'>ο.</span> 
     </span>
    </p>
   </div>
   <div class='ocr_carea' id='block_1_4' title="bbox 770 4445 3913 4609">
    <p class='ocr_par' dir='ltr' id='par_1_4' title="bbox 770 4445 3913 4609">
     <span class='ocr_line' id='line_1_30' title="bbox 772 4445 2732 4519; baseline -0.001 -16"><span class='ocrx_word' id='word_1_327' title='bbox 772 4447 788 4482; x_wconf 84' lang='lat'>¹</span> <span class='ocrx_word' id='word_1_328' title='bbox 819 4446 1081 4519; x_wconf 74' lang='lat' dir='ltr'>sapient.</span> <span class='ocrx_word' id='word_1_329' title='bbox 1118 4462 1232 4509; x_wconf 72' lang='lat' dir='ltr'>rm.</span> <span class='ocrx_word' id='word_1_330' title='bbox 1272 4452 1287 4500; x_wconf 84' lang='lat' dir='ltr'>t</span> <span class='ocrx_word' id='word_1_331' title='bbox 1327 4463 1340 4500; x_wconf 92' lang='lat'><strong>:</strong></span> <span class='ocrx_word' id='word_1_332' title='bbox 1382 4450 1622 4516; x_wconf 64' lang='lat' dir='ltr'>,tutavit</span> <span class='ocrx_word' id='word_1_333' title='bbox 1650 4463 1684 4500; x_wconf 81' lang='grc' dir='ltr'><em>α</em></span> <span class='ocrx_word' id='word_1_334' title='bbox 1712 4450 1821 4514; x_wconf 75' lang='lat' dir='ltr'>fine</span> <span class='ocrx_word' id='word_1_335' title='bbox 1859 4461 2028 4515; x_wconf 72' lang='lat' dir='ltr'>usque</span> <span class='ocrx_word' id='word_1_336' title='bbox 2055 4445 2128 4498; x_wconf 67' lang='lat' dir='ltr'>aa!</span> <span class='ocrx_word' id='word_1_337' title='bbox 2149 4447 2308 4512; x_wconf 76' lang='lat' dir='ltr'>finem</span> <span class='ocrx_word' id='word_1_338' title='bbox 2337 4446 2589 4514; x_wconf 69' lang='lat' dir='ltr'>sortiter.</span> <span class='ocrx_word' id='word_1_339' title='bbox 2619 4452 2732 4501; x_wconf 66' lang='lat' dir='ltr'>etr.</span> 
     </span>
     <span class='ocr_line' id='line_1_31' title="bbox 770 4529 3913 4609; baseline -0.003 -16"><span class='ocrx_word' id='word_1_340' title='bbox 770 4540 792 4574; x_wconf 82' lang='lat'><strong>¹</strong></span> <span class='ocrx_word' id='word_1_341' title='bbox 823 4537 841 4593; x_wconf 87' lang='lat' dir='ltr'>l</span> <span class='ocrx_word' id='word_1_342' title='bbox 872 4536 946 4592; x_wconf 77' lang='lat' dir='ltr'>ad</span> <span class='ocrx_word' id='word_1_343' title='bbox 976 4536 1381 4609; x_wconf 48' lang='lat' dir='ltr'>corinunixu,</span> <span class='ocrx_word' id='word_1_344' title='bbox 1420 4542 1472 4591; x_wconf 82' lang='lat' dir='ltr'>tt</span> <span class='ocrx_word' id='word_1_345' title='bbox 1507 4554 1520 4592; x_wconf 89' lang='lat'>:</span> <span class='ocrx_word' id='word_1_346' title='bbox 1557 4539 1680 4592; x_wconf 61' lang='lat' dir='ltr'>Herc</span> <span class='ocrx_word' id='word_1_347' title='bbox 1698 4538 1886 4591; x_wconf 71' lang='lat' dir='ltr'>omnia</span> <span class='ocrx_word' id='word_1_348' title='bbox 1915 4541 2175 4606; x_wconf 76' lang='lat' dir='ltr'>operatur</span> <span class='ocrx_word' id='word_1_349' title='bbox 2204 4551 2346 4590; x_wconf 70' lang='lat' dir='ltr'>meus</span> <span class='ocrx_word' id='word_1_350' title='bbox 2365 4543 2534 4605; x_wconf 72' lang='lat' dir='ltr'>atquc·</span> <span class='ocrx_word' id='word_1_351' title='bbox 2564 4533 2703 4590; x_wconf 70' lang='lat' dir='ltr'>ioh-m</span> <span class='ocrx_word' id='word_1_352' title='bbox 2738 4535 3002 4608; x_wconf 72' lang='lat' dir='ltr'>Spiritus,</span> <span class='ocrx_word' id='word_1_353' title='bbox 3032 4535 3290 4592; x_wconf 70' lang='lat' dir='ltr'>dit-idem</span> <span class='ocrx_word' id='word_1_354' title='bbox 3318 4532 3556 4600; x_wconf 70' lang='lat' dir='ltr'>xinyuh‘s</span> <span class='ocrx_word' id='word_1_355' title='bbox 3581 4536 3749 4602; x_wconf 78' lang='lat' dir='ltr'>prout</span> <span class='ocrx_word' id='word_1_356' title='bbox 3779 4529 3913 4585; x_wconf 70' lang='lat' dir='ltr'>rull.</span> 
     </span>
    </p>
   </div>
   <div class='ocr_carea' id='block_1_5' title="bbox 772 4626 2760 4786">
    <p class='ocr_par' dir='ltr' id='par_1_5' title="bbox 772 4626 2760 4786">
     <span class='ocr_line' id='line_1_32' title="bbox 774 4626 1626 4692; baseline -0.005 -9"><span class='ocrx_word' id='word_1_357' title='bbox 774 4627 798 4662; x_wconf 82' lang='lat'><strong>³</strong></span> <span class='ocrx_word' id='word_1_358' title='bbox 829 4626 980 4683; x_wconf 72' lang='lat' dir='ltr'>Edit.</span> <span class='ocrx_word' id='word_1_359' title='bbox 1010 4626 1177 4683; x_wconf 73' lang='lat' dir='ltr'>loun.</span> <span class='ocrx_word' id='word_1_360' title='bbox 1210 4626 1536 4692; x_wconf 75' lang='lat' dir='ltr'>Allcaumc.</span> <span class='ocrx_word' id='word_1_361' title='bbox 1568 4634 1626 4681; x_wconf 76' lang='lat' dir='ltr'>ut</span> 
     </span>
     <span class='ocr_line' id='line_1_33' title="bbox 772 4712 2760 4786; baseline -0.001 -15"><span class='ocrx_word' id='word_1_362' title='bbox 772 4717 796 4752; x_wconf 83' lang='lat'><strong>⁴</strong></span> <span class='ocrx_word' id='word_1_363' title='bbox 824 4718 881 4771; x_wconf 76' lang='lat' dir='ltr'>S.</span> <span class='ocrx_word' id='word_1_364' title='bbox 925 4719 1297 4784; x_wconf 52' lang='grc' dir='ltr'>Αοηυετικιὲς,</span> <span class='ocrx_word' id='word_1_365' title='bbox 1334 4716 1454 4771; x_wconf 62' lang='lat' dir='ltr'>hit».</span> <span class='ocrx_word' id='word_1_366' title='bbox 1486 4715 1559 4770; x_wconf 85' lang='lat' dir='ltr'>d·-</span> <span class='ocrx_word' id='word_1_367' title='bbox 1587 4714 1841 4770; x_wconf 70' lang='lat' dir='ltr'>Moribus</span> <span class='ocrx_word' id='word_1_368' title='bbox 1872 4712 2147 4769; x_wconf 74' lang='lat' dir='ltr'>Ecclesia,-</span> <span class='ocrx_word' id='word_1_369' title='bbox 2179 4712 2671 4786; x_wconf 60' lang='lat' dir='ltr'>cattiolieoe.sscap.</span> <span class='ocrx_word' id='word_1_370' title='bbox 2704 4715 2760 4769; x_wconf 81' lang='lat'>8.</span> 
     </span>
    </p>
   </div>
   <div class='ocr_carea' id='block_1_6' title="bbox 764 4804 2891 4969">
    <p class='ocr_par' dir='ltr' id='par_1_6' title="bbox 764 4804 2891 4969">
     <span class='ocr_line' id='line_1_34' title="bbox 771 4804 2891 4880; baseline -0.001 -17"><span class='ocrx_word' id='word_1_371' title='bbox 771 4810 794 4845; x_wconf 87' lang='lat'>⁸</span> <span class='ocrx_word' id='word_1_372' title='bbox 825 4807 909 4863; x_wconf 79' lang='lat' dir='ltr'>Ad</span> <span class='ocrx_word' id='word_1_373' title='bbox 944 4809 1188 4863; x_wconf 77' lang='lat' dir='ltr'>Roman.</span> <span class='ocrx_word' id='word_1_374' title='bbox 1223 4824 1337 4873; x_wconf 72' lang='lat' dir='ltr'>vnn,</span> <span class='ocrx_word' id='word_1_375' title='bbox 1370 4809 1470 4861; x_wconf 75' lang='lat'>3:52</span> <span class='ocrx_word' id='word_1_376' title='bbox 1512 4805 1801 4880; x_wconf 56' lang='lat' dir='ltr'>Quisjeruo</span> <span class='ocrx_word' id='word_1_377' title='bbox 1829 4821 1927 4860; x_wconf 74' lang='lat' dir='ltr'>nos</span> <span class='ocrx_word' id='word_1_378' title='bbox 1955 4804 2296 4879; x_wconf 55' lang='lat' dir='ltr'>separabit-’a</span> <span class='ocrx_word' id='word_1_379' title='bbox 2324 4805 2599 4862; x_wconf 77' lang='lat' dir='ltr'>charitate</span> <span class='ocrx_word' id='word_1_380' title='bbox 2626 4804 2833 4860; x_wconf 74' lang='lat' dir='ltr'>Christi</span> <span class='ocrx_word' id='word_1_381' title='bbox 2862 4805 2891 4861; x_wconf 64' lang='grc' dir='ltr'>ξ’</span> 
     </span>
     <span class='ocr_line' id='line_1_35' title="bbox 764 4897 2188 4969; baseline -0.002 -16"><span class='ocrx_word' id='word_1_382' title='bbox 764 4897 789 4932; x_wconf 78' lang='lat'>⁸</span> <span class='ocrx_word' id='word_1_383' title='bbox 826 4899 882 4953; x_wconf 90' lang='lat' dir='ltr'>S.</span> <span class='ocrx_word' id='word_1_384' title='bbox 917 4901 1287 4961; x_wconf 61' lang='lat' dir='ltr'>aecumst-s.</span> <span class='ocrx_word' id='word_1_385' title='bbox 1319 4901 1507 4969; x_wconf 66' lang='lat' dir='ltr'>Super</span> <span class='ocrx_word' id='word_1_386' title='bbox 1533 4897 1842 4963; x_wconf 72' lang='lat' dir='ltr'>Joattnrtn,</span> <span class='ocrx_word' id='word_1_387' title='bbox 1874 4897 2065 4951; x_wconf 76' lang='lat' dir='ltr'>Tract.</span> <span class='ocrx_word' id='word_1_388' title='bbox 2104 4897 2188 4950; x_wconf 65' lang='lat'>¹⁴.</span> 
     </span>
    </p>
   </div>
  </div>
 </body>
</html>
