4897 6388
121 2282 222 2331 Sed
253 2268 439 2331 contra.

455 340 583 407 310

1448 332 1533 400 n.
1585 330 1781 398 Aba.
1834 328 2049 408 MAG·
2101 325 2307 409 om).
2359 324 2658 410 PRAED.

453 532 561 577 ars
592 519 660 578 ct
690 511 856 578 ratio
896 509 1142 590 Patris.
1179 506 1446 576 comas
1483 522 1497 573 ε
1544 504 1713 571 Filio
1743 501 1998 584 adscriff-
2079 495 2324 580 etiam·
2348 500 2415 567 in
2446 500 2895 567 consonantia
2953 500 3250 567 amorisz
3303 501 3469 596 cum
3500 517 3661 585 ergo

452 615 638 704 bitur
707 603 1019 687 veritas:
1097 638 1262 706 ergo
1321 614 1483 682 boni
1549 611 1996 704 apprehensio
2110 610 2218 678 ille
2249 633 2446 678 amor
2473 611 2543 677 in
2576 611 2722 678 Deo
2765 612 3063 678 existens
3100 632 3242 678 non
3272 609 3488 699 possit
3515 624 3664 674 esse

454 746 611 791 cum
669 725 1041 793 secundum
1096 725 1429 791 rationem
1485 721 1768 797 disserat,
1829 721 2001 785 sicut

453 831 841 900 intellectus
871 831 1325 921 speculativus
1377 836 1441 896 et
1505 829 1859 918 practicuS‚
1892 825 2001 891 vi-

457 938 653 1036 detpr
689 939 773 1006 ad
821 938 1097 1005 alterius
1145 958 1452 1026 personae
1503 933 1999 1001 distinctionem

460 1048 817 1137 pertinere.
1775 1033 1784 1034 ἶ

553 1157 619 1222 9.
647 1154 845 1236 Item,
879 1153 1050 1221 Cum
1081 1152 1279 1221 multi
1321 1153 1457 1220 sint
1488 1161 1709 1218 motus
1750 1159 1813 1217 et
1842 1172 2003 1240 pas-

465 1265 691 1331 siones
728 1260 1299 1351 concupiscibilis,
1355 1260 1529 1326 sicut
1581 1257 2005 1347 concupisce·

463 1395 560 1456 re,
595 1369 1000 1453 desiderare,
1043 1368 1241 1446 velle,
1303 1390 1512 1458 quare
1570 1389 1770 1456 penes
1818 1373 2003 1433 actus

463 1481 629 1547 istos
661 1477 838 1546 .vel1
872 1475 1144 1544 habitus
1211 1499 1351 1544 non
1404 1475 1728 1564 accipitur
1781 1472 2006 1563 aliqua

462 1607 753 1677 persona
789 1584 1104 1652 distincta
1133 1584 1169 1654 ⁴?

445 1770 450 1774 ,
554 1695 662 1763 10.
697 1692 1059 1772 Praeterea,
1094 1691 1174 1759 In
1202 1700 1430 1760 mente
1468 1704 1662 1759 amor
1706 1690 2010 1781 procedit

464 1826 504 1871 a
528 1811 781 1886 mente,
808 1809 888 1870 ut
923 1808 1138 1886 actus,
1171 1822 1312 1868 non
1341 1808 1416 1868 ut
1441 1801 1741 1892 potentia
1777 1799 2010 1866 distin·

463 1919 572 1979 cta
606 1932 622 1976 ε
657 1931 820 2000 ergo
848 1908 1142 2000 videtur,
1187 1906 1374 1998 quod
1409 1905 1599 1974 nulla
1645 1908 1714 1972 in
1762 1905 2007 1973 divinis

463 2038 756 2110 persona
783 2031 989 2106 penes
1017 2013 1196 2085 hanc
1221 2015 1726 2106 processionem
1764 2014 2008 2081 distin-

465 2126 583 2216 gui
615 2122 880 2192 debeat.
1253 2167 1258 2180 ι
1303 2175 1306 2182 .
1475 2179 1480 2190 .

558 2232 636 2302 Sx
686 2250 895 2300 roan
947 2240 1227 2324 propter
1282 2230 1416 2301 hoc
1480 2231 1764 2309 dicatur,
1824 2230 2009 2324 quod

473 2341 767 2434 Spiritus
794 2349 1066 2411 sanctus
1115 2359 1255 2410 non
1319 2341 1627 2433 procedit
1678 2350 1752 2409 ut
1790 2358 2005 2409 amor.

560 2446 858 2533 Comus:
1187 2457 1190 2460 '

564 2557 626 2624 ¹.
650 2553 944 2635 Quidam
968 2552 1427 2644 Philosophus
1443 2553 1629 2634 dicit,
1656 2552 1839 2646 quod
1859 2554 2015 2622 sub-

472 2663 735 2731 stantiae
798 2666 1122 2753 separatas
1176 2661 1559 2753 spirituales
1626 2661 2019 2731 dividuntur

474 2793 597 2862 per
622 2770 995 2862 potentiam
1031 2768 1411 2848 intellectus
1438 2777 1507 2839 et
1529 2769 1923 2853 voluntatis,
1948 2772 2018 2838 et

478 2901 617 2948 non
654 2877 859 2971 plus:
898 2900 1062 2971 ergo
1100 2878 1275 2949 sicut
1337 2879 1409 2946 in
1474 2877 1618 2947 Deo
1685 2877 2016 2946 habemus

477 3008 688 3056 unam
721 2988 1227 3079 processionem
1265 2986 1693 3079 personalem
1713 3007 1795 3055 ex
1824 2993 2015 3077 parte

477 3093 880 3180 intellectus,
905 3096 999 3164 ita
1035 3109 1246 3163 unam
1281 3093 1608 3163 debemus
1646 3093 1892 3164 habere
1930 3117 2014 3163 ex

479 3209 665 3295 parte
693 3202 1019 3272 affectunt
1081 3200 1196 3271 illa
1250 3210 1481 3272 autem
1534 3225 1672 3271 non
1727 3212 1829 3271 est
1885 3203 2013 3272 nisi

480 3313 734 3381 amoris
775 3334 793 3380 ε
863 3327 1027 3402 ergo
1092 3327 1290 3380 amor
1348 3311 1616 3380 notabit
1662 3312 1729 3380 in
1766 3312 2016 3383 divinis

475 3418 901 3513 personalem
928 3420 1463 3491 distinctionem.

565 3532 632 3597 2.
674 3527 872 3613 Item,
925 3527 1260 3597 Homines
1308 3526 1485 3598 bene
1531 3529 1833 3598 viventes
1877 3550 2017 3597 non

474 3635 889 3707 concordant
928 3636 999 3705 in
1029 3642 1272 3705 natura
1310 3646 1600 3721 tantum,
1631 3636 1749 3705 sed
1794 3639 2017 3729 potius

479 3749 789 3839 quaerunt
813 3767 1223 3815 consensum
1261 3746 1618 3815 amicitias:
1661 3747 1820 3838 quia
1855 3745 2017 3814 dicit

479 3852 962 3945 Philosophus,
986 3853 1169 3945 quod
1208 3854 1506 3922 amicitia
1570 3863 1673 3922 est
1722 3854 2017 3924 beatitu-

474 3961 589 4045 do,
630 3968 913 4032 autnon
941 3962 1088 4031 sine
1117 3959 1535 4031 heatitudine
1571 3984 1589 4031 ι
1624 3983 1785 4055 ergo
1820 3962 2017 4032 Pater

471 4078 538 4138 et
583 4067 792 4137 Filius
846 4088 1002 4137 cum
1060 4090 1201 4137 non
1257 4070 1327 4137 in
1364 4069 1795 4161 paucioribus
1849 4089 2017 4139 con-

469 4174 746 4242 veniant
800 4194 1007 4265 quam
1076 4196 1226 4252 nos,
1313 4176 1729 4243 conveniunt
1811 4180 2014 4245 etiam

470 4283 542 4349 in
605 4299 940 4350 consensu
997 4281 1370 4350 amicitias:
1428 4283 1727 4351 amicitia
1788 4293 2015 4352 autem

470 4409 742 4479 semper
811 4389 1024 4479 spirat
1088 4409 1394 4456 amorem
1465 4410 1481 4454 :
1568 4411 1725 4481 ergo
1811 4392 2019 4481 spira·

472 4505 584 4564 tus
632 4498 776 4586 ipse
839 4496 936 4565 sic
999 4516 1197 4563 amor
1256 4504 1383 4578 est,
1451 4504 1519 4564 et
1586 4498 1879 4587 procedit
1941 4507 2018 4566 ut

475 4623 693 4672 amor.

566 4724 630 4794 3.
665 4721 861 4802 ltem,
896 4721 1193 4791 Hilarius
1233 4718 1304 4790 in
1344 4722 1517 4791 libro
1555 4723 1640 4791 de
1675 4726 2016 4815 synodis:

476 4830 676 4911 Quod
723 4830 1046 4920 scriptum
1103 4840 1229 4911 est,
1283 4837 1358 4897 ut
1399 4831 1533 4898 sint
1575 4830 1846 4922 quidem
1900 4852 2019 4923 per

476 4934 922 5005 substantiam
963 4932 1113 5016 tria,
1154 4954 1278 5026 per
1312 4938 1823 5005 consonantiam
1854 4960 2015 5007 vero

475 5063 716 5122 unum,
760 5063 898 5111 non
929 5040 1133 5111 habet
1163 5042 1573 5112 calumniam
1617 5065 1633 5114 ε
1698 5046 1853 5136 quia
1902 5068 2015 5114 co-

478 5152 877 5243 gnominato
938 5149 1224 5241 Spiritu,
1294 5149 1385 5218 id'
1433 5160 1559 5235 est,
1637 5155 2013 5234 l’amclilo,

478 5260 935 5328 consonantia
982 5259 1209 5350 potius
1247 5280 1452 5351 quam
1511 5262 1840 5341 essentiae,
1898 5285 2019 5353 per

479 5364 993 5436 similitudinem
1033 5366 1341 5434 essentiae
1369 5367 1730 5457 praedicare
1768 5387 2013 5438 conve-

481 5475 578 5543 nit
609 5474 965 5542 unitatem.
997 5473 1099 5541 Ex
1130 5472 1261 5541 hoc
1289 5475 1636 5566 accipitur,
1680 5477 1862 5568 quod
1892 5477 2019 5544 Pa·

482 5590 584 5650 ter
610 5589 677 5649 et
730 5577 942 5648 Filius
989 5601 1128 5648 non
1173 5587 1439 5649 tantum
1496 5583 1910 5652 conveniunt
1947 5586 2016 5652 in

483 5687 922 5759 similitudine
952 5689 1095 5756 sive
1133 5684 1483 5760 identitate
1522 5694 1857 5778 essentias,
1897 5692 2015 5762 sed

2113 719 2240 785 nisi
2270 718 2478 797 DeuS‚
2522 720 2649 786 erit
2701 717 2813 785 illa
2879 717 3331 787 consonantia
3370 715 3663 805 Spiritus

2112 825 2405 893 sanctus·

2200 933 2267 999 4.
2300 931 2501 1016 Item,
2555 931 2727 999 Cum
2796 952 2991 999 mens
3048 940 3287 999 nostra
3341 937 3528 999 amat
3564 951 3661 1013 se,

2115 1040 2208 1107 ita
2245 1048 2345 1107 est
2370 1035 2628 1129 aliquid
2662 1041 2729 1106 in
2762 1038 2908 1130 ipsa
2938 1062 3135 1108 amor
3165 1040 3297 1124 sui,
3332 1039 3508 1107 sicut
3535 1056 3670 1104 no·-

2118 1148 2262 1216 titia
2290 1149 2394 1215 sui
2430 1172 2446 1216 x
2491 1148 2608 1216 sed
2635 1149 2895 1217 notitias
2925 1151 2995 1216 in
3025 1148 3276 1216 divinis
3307 1145 3671 1243 respondet

2114 1274 2405 1347 persona
2435 1255 2586 1323 Filii
2624 1278 2638 1324 z
2710 1279 2874 1348 ergo
2943 1258 3164 1324 amori
3232 1252 3671 1346 respondebit

2115 1365 2247 1433 alia
2282 1382 2598 1454 persona,
2633 1373 2701 1432 et
2729 1364 2917 1433 illam
2948 1381 3275 1434 vocamus
3303 1381 3670 1454 personam

2119 1472 2412 1564 Spiritus
2442 1476 2683 1542 sancti.

2207 1695 2515 1763 Sonurlo.
2550 1696 2884 1774 Dicimus,
2930 1696 3116 1786 quod
3167 1695 3466 1786 Spiritus
3515 1712 3672 1763 san·

2116 1810 2261 1873 ctus
2315 1803 2625 1894 procedit
2688 1827 2729 1873 a
2766 1802 2968 1873 Patre
3023 1808 3091 1872 et
3154 1804 3328 1872 Filio
3365 1812 3442 1872 ut
3478 1817 3673 1871 amor

2119 1930 2253 2004 quo
2269 1935 2342 1981 se
2371 1912 2664 1982 invicem
2696 1912 2993 2005 diligunt
3028 1936 3044 1983 x
3081 1921 3149 1982 et
3165 1911 3298 1982 hoc
3333 1913 3672 2006 praecipue

2118 2021 2300 2110 cogit
2335 2021 2463 2087 ista
2493 2021 2667 2089 ratio
2712 2042 2728 2087 z
2773 2021 2938 2112 quia
2972 2019 3349 2089 absurdum
3387 2027 3491 2089 est
3543 2032 3674 2111 po·

2119 2144 2304 2210 nere,
2338 2129 2525 2220 quod
2561 2127 2768 2198 Pater
2795 2137 2864 2198 et
2901 2129 3115 2198 Filius
3169 2130 3244 2197 in
3269 2126 3473 2222 ⁴nullo
3501 2145 3674 2198 con·-

2119 2241 2396 2309 veniant
2436 2241 2510 2307 in
2548 2247 2885 2332 quantum
2941 2239 3242 2308 distincti
3314 2245 3528 2309 sunt:
3600 2241 3672 2307 in

2120 2346 2410 2417 essentia
2469 2355 2698 2417 autem
2763 2350 3189 2417 conveniunt
3226 2348 3297 2415 in
3336 2352 3672 2438 quantum

2119 2470 2333 2524 unum
2391 2463 2553 2523 sunt
2621 2476 2637 2522 z
2708 2454 2824 2523 sed
2900 2476 3030 2524 nos
3085 2453 3427 2534 videmus,
3486 2452 3675 2545 quod

2121 2565 2190 2632 in
2238 2563 2427 2631 omni
2467 2572 2712 2632 natura
2770 2561 3085 2632 rationali
3124 2561 3193 2631 et
3266 2579 3409 2631 non
3457 2563 3674 2630 ratio·-

2122 2671 2256 2740 nali
2287 2690 2529 2740 omnes
2567 2671 2825 2740 deliciae
2891 2680 2959 2741 et
3002 2671 3465 2761 jucunditates
3502 2691 3673 2762 quas

2118 2784 2404 2869 possunt
2484 2777 2736 2847 habere
2829 2780 2901 2846 in
2965 2779 3111 2846 vita
3180 2779 3254 2847 in
3333 2782 3670 2869 quantum

2121 2892 2278 2954 sunt
2306 2884 2696 2953 differentes
2743 2901 3076 2976 personoe,
3117 2884 3489 2953 fundantur
3518 2905 3674 2953 om·-

2124 3013 2244 3061 nes
2297 3014 2505 3083 super
2578 3001 2894 3061 mutuum
2951 3013 3258 3061 amorem
3303 3011 3320 3059 :
3399 3000 3674 3083 propter

2124 3099 2310 3193 quod
2382 3099 2590 3168 etiam
2639 3099 2922 3190 quidam
3003 3093 3409 3189 Philosophi
3473 3099 3673 3190 prin·-

2122 3209 2292 3300 cipia
2369 3207 2596 3275 omnis
2702 3216 2963 3276 naturae
3048 3206 3399 3298 ponebant
3480 3207 3669 3277 litem

2121 3321 2187 3383 et
2211 3313 2610 3394 amicitiam,
2671 3321 3022 3403 tamquam
3079 3311 3370 3382 alterum
3431 3321 3673 3382 natura

2120 3421 2205 3490 ab
2235 3421 2383 3513 ipso
2413 3421 2878 3489 universitatis
2898 3419 3238 3513 principio
3259 3429 3338 3489 ut
3364 3421 3672 3490 divinum

2121 3528 2464 3619 quoddam
2523 3527 2881 3618 acciperet,
2971 3525 3229 3597 scilicet
3273 3529 3672 3612 amicitiam,

2123 3634 2304 3726 quod
2343 3642 2715 3726 congregat
2744 3643 2814 3704 et
2843 3636 2994 3704 unit
3026 3657 3043 3701 ε
3096 3633 3388 3703 alterum
3444 3645 3672 3706 autem

2122 3743 2422 3822 haberet,
2456 3742 2716 3811 scilicet
2743 3742 2960 3820 litem,
2997 3766 3084 3811 cx
3116 3745 3264 3835 ipsa
3290 3746 3673 3835 privatione

2122 3852 2417 3921 materiae
2447 3849 2578 3919 sibi
2625 3858 3071 3919 concretum:
3130 3849 3313 3919 unde
3368 3851 3575 3921 Pater
3608 3861 3676 3922 et

2120 3959 2329 4028 Filius
2404 3960 2475 4026 in
2543 3979 2626 4027 eo
2702 3958 2887 4050 quod
2955 3975 3269 4050 personas
3342 3958 3674 4031 distinctae

2120 4077 2301 4149 sunt,
2342 4068 2762 4136 conveniunt
2790 4068 2856 4134 in
2907 4064 3039 4134 hoc
3088 4089 3326 4136 amore
3367 4069 3481 4159 qui
3511 4090 3678 4159 pro-

2120 4176 2293 4245 cedit
2321 4174 2407 4243 ab
2439 4176 2602 4266 ipsis
2658 4197 2794 4267 quo
2826 4198 2897 4242 sc
2929 4175 3224 4244 invicem
3281 4185 3514 4245 amant
3558 4198 3576 4245 z
3609 4185 3676 4245 et

2123 4285 2234 4352 ille
2271 4291 2370 4351 est
2404 4280 2703 4374 Spiritus
2740 4293 3040 4352 sanctus.

2211 4393 2311 4459 An
2351 4412 2417 4458 nn
2475 4407 2641 4481 ergo
2686 4390 2869 4482 quod
2919 4391 3145 4482 primo
3185 4389 3528 4481 objicitur,
3578 4390 3677 4459 di·

2119 4501 2409 4570 cendum
2463 4499 2648 4591 quod
2714 4518 2910 4569 amor
2964 4499 3325 4591 dupliciter
3360 4500 3678 4570 conside-

2122 4611 2251 4679 rari
2283 4617 2530 4702 potest,
2599 4607 2856 4677 scilicet
2910 4607 3291 4677 secundum
3358 4608 3425 4676 id
3492 4608 3677 4701 quod

2124 4720 2456 4798 nominat,
2498 4721 2566 4786 et
2593 4717 2691 4785 sic
2727 4735 2866 4784 non
2896 4717 3213 4785 nominat
3250 4716 3675 4809 hypostasim

2125 4825 2561 4917 completam,
2592 4824 2768 4893 sicut
2806 4846 2932 4893 nec
2988 4824 3280 4893 verbum
3316 4846 3333 4894 ε
3386 4826 3674 4894 verbum

2126 4934 2306 5001 enim
2338 4933 2555 5002 nostri
2605 4929 2989 5000 intellectus
3045 4933 3287 5000 notitia
3346 4941 3472 5017 est,
3520 4951 3676 5025 qum

2124 5041 2551 5111 accidentalis
2608 5049 2712 5109 est
2783 5039 3181 5109 intellectui.
3254 5039 3410 5109 Alio
3467 5040 3675 5110 modo

2122 5149 2585 5218 consideratur
2690 5147 3067 5216 secundum
3158 5149 3673 5238 proportionem

2125 5259 2209 5326 ad
2241 5268 2553 5326 naturam
2596 5258 2664 5324 in
2713 5272 2849 5347 qua
2899 5262 3025 5337 est,
3067 5255 3324 5324 scilicet
3369 5257 3673 5325 divinam

2123 5366 2230 5435 vel
2294 5367 2722 5435 humanam:
2792 5372 2860 5433 et
2918 5362 3294 5433 secundum
3362 5364 3496 5434 hoc
3548 5368 3678 5435 erit

2122 5477 2457 5568 perfectus
2501 5474 2611 5545 vel
2669 5473 3132 5565 imperfectus,
3177 5475 3355 5543 sicut
3418 5476 3487 5543 et
3523 5492 3672 5544 ver-

2120 5584 2283 5651 bum
2328 5608 2343 5651 :
2387 5582 2568 5651 unde
2624 5601 2781 5651 cum
2815 5583 2883 5648 in
2923 5589 3169 5649 natura
3208 5581 3441 5650 divina
3498 5580 3666 5650 nihil

2121 5694 2204 5761 sit
2237 5692 2730 5785 imperfectum,
2764 5693 3035 5783 oportet
3076 5689 3409 5782 Spiritum
3440 5713 3480 5760 a
3522 5702 3673 5784 per-

3755 1708 3957 1757 Solane.

3802 4419 3874 4465 Ad
3905 4421 3946 4468 t.
