4897 6388
460 804 539 853 Ad
569 804 610 846 4.

463 3325 544 3373 Ad
569 3327 614 3375 b.

728 308 858 374 590

689 476 1131 544 'nominibus
1195 476 1402 543 etiam
1461 473 1930 565 personalibus
1985 496 2121 542 non
2176 481 2275 541 est

732 581 1112 671 significata
1133 582 1531 671 simpliciter
1554 580 1925 670 pluralita5‚
1959 582 2073 648 sed
2102 603 2276 671 quae·

734 686 894 754 dam
936 695 1234 756 tantum.

824 795 929 860 An
1005 817 1205 862 Amun
1284 795 1675 873 dicendum,
1764 795 1943 886 quod
2027 817 2274 862 nomen

734 901 918 991 quod
960 902 1300 993 significat
1346 902 1796 969 substantiam
1854 925 2007 968 cum
2062 901 2274 991 quali·

731 1015 896 1088 tate,
939 1019 1006 1077 et
1037 1009 1180 1076 haec
1222 1010 1512 1085 diversa,
1552 1019 1652 1077 est
1708 1033 1957 1076 nomen
1994 1031 2277 1098 compo-

730 1117 880 1184 siti:
928 1127 993 1184 et
1033 1117 1186 1184 ideo
1227 1140 1367 1185 non
1406 1127 1508 1185 est
1564 1140 1816 1185 nomen
1856 1116 2034 1207 quod
2076 1117 2274 1208 digne

727 1225 1040 1292 nominet
1072 1224 1295 1292 Deum
1331 1246 1347 1292 z
1385 1225 1547 1316 quia
1590 1226 1657 1291 in
1696 1225 1839 1293 Deo
1899 1225 2182 1314 qualitas
2211 1234 2278 1293 et

725 1331 1110 1401 substantia
1152 1334 1332 1401 idem
1364 1342 1525 1402 sunt
1561 1357 1575 1402 :
1622 1343 1687 1402 et
1719 1334 1866 1401 ideo
1899 1337 1964 1400 in
2009 1334 2273 1402 inferio·

729 1439 915 1507 ribus
946 1442 1017 1507 in
1078 1441 1326 1530 quihus
1385 1441 1784 1532 simpliciter
1845 1443 2036 1531 plura
2091 1451 2270 1522 sunt,

727 1557 831 1616 est
888 1550 1243 1640 pluralitas
1303 1551 1372 1619 in
1420 1549 1800 1624 substantia
1871 1575 2018 1642 quae
2116 1552 2276 1622 dicit

727 1656 913 1747 quod
942 1667 1085 1727 est:
1129 1658 1248 1727 sed
1277 1659 1349 1726 in
1379 1658 1553 1740 Dec,
1587 1660 1658 1727 in
1698 1682 1834 1749 quo
1892 1683 2027 1728 non
2057 1659 2276 1729 differt

727 1767 882 1855 quis
907 1775 1014 1835 est
1042 1789 1084 1834 a
1122 1790 1259 1857 quo
1301 1775 1425 1848 est,
1469 1790 1610 1837 non
1655 1776 1878 1858 potest
1921 1769 2080 1858 poni
2118 1769 2276 1859 plu·-

603 1959 608 1963 .
732 1867 964 1938 ralitas
992 1870 1076 1960 in⁴
1096 1869 1525 1940 substantiali
1565 1870 1796 1962 aliquo
1854 1871 1960 1939 vel
1999 1870 2275 1940 absolu-

727 1985 840 2045 to:
875 1978 998 2047 sed
1053 1986 1350 2062 tantum,
1386 1987 1462 2049 ut
1517 1978 1680 2049 dicit
1708 1979 2104 2060 Richardus‚
2146 2004 2276 2070 po-

724 2085 913 2154 nitur
940 2086 1014 2154 in
1040 2086 1416 2155 existentiae
1445 2085 1696 2156 modo:
1728 2095 1795 2157 et
1830 2087 1983 2157 ideo
2011 2088 2164 2178 quis
2191 2110 2274 2156 ex

724 2203 915 2285 parte
977 2195 1165 2265 modi
1224 2196 1599 2266 existentiae
1664 2195 2103 2287 plurificatur,
2135 2220 2272 2265 non

724 2310 954 2371 autem
982 2326 1069 2372 ex
1104 2310 1298 2395 parte
1325 2302 1728 2373 substantiae
1751 2327 1768 2375 ε
1795 2313 1862 2373 et
1891 2305 2039 2374 ideo
2067 2306 2269 2372 etiam

725 2412 1082 2502 pluralitas
1129 2413 1641 2505 consignificata
1696 2413 1765 2481 in
1795 2414 2068 2481 nomine
2106 2412 2274 2480 clivi-

728 2542 844 2601 n0,
887 2542 1029 2589 non
1067 2527 1171 2591 est
1199 2519 1504 2610 ejusdem
1547 2521 1826 2589 rationis
1855 2544 2006 2588 cum
2039 2519 2273 2611 plura-

729 2625 915 2694 litate
946 2628 1250 2695 nominis
1288 2629 1538 2697 creati:
1569 2626 1751 2696 unde
1796 2650 1953 2696 cum
2000 2627 2265 2707 dicitur,

725 2741 865 2801 tres
893 2755 1234 2824 personae,
1268 2756 1509 2803 sensus
1537 2742 1663 2819 est,
1708 2742 1841 2802 tres
1872 2735 1939 2801 in
1976 2734 2270 2802 existen·

726 2839 836 2907 tiae
866 2840 1308 2931 proprietate,
1342 2848 1410 2910 et
1464 2862 1606 2908 non
1653 2840 1723 2908 in
1761 2840 2133 2908 substantia
2159 2839 2270 2909 vel

726 2948 959 3039 aliquo
980 2947 1323 3018 essentiali
1363 2949 1709 3020 distincti:
1753 2950 1822 3016 in
1847 2948 2270 3017 inferioribus

728 3065 960 3123 autem
1002 3064 1139 3123 tres
1178 3079 1485 3147 personae
1532 3064 1692 3124 sunt
1736 3056 2115 3124 differentes
2154 3078 2271 3146 per

727 3186 876 3254 esse
897 3164 1462 3243 etsubstantiam,
1482 3187 1634 3257 quae
1654 3165 1812 3234 dicit
1846 3164 1910 3232 id
1939 3164 2117 3258 quod
2141 3173 2264 3234 est.

818 3274 924 3342 An
961 3297 1161 3342 Αιιυο
1198 3273 1588 3352 dicendum,
1632 3273 1811 3365 quod
1854 3296 1989 3341 non
2026 3296 2064 3341 a
2100 3296 2273 3366 qua-

1623 380 1629 387 ,
1730 304 1814 370 n.
1867 303 2060 369 ALB.
2114 301 2326 370 MAG.

2380 302 2584 372 ORD.
2639 304 2933 372 PRAED.

2385 472 2547 545 libet
2587 477 2992 565 proprietate
3033 482 3252 565 potest
3301 473 3511 562 accipi
3556 470 3931 562 pluralitas,

2385 583 2500 649 sed
2581 607 2623 651 a
2676 584 3109 673 'proprietate
3182 581 3466 671 originis
3558 577 3933 646 secundum

2389 689 2761 756 existentiae
2825 689 3131 765 modum,
3204 688 3364 776 quia
3446 685 3529 754 de
3597 685 3730 752 illis
3794 705 3935 752 non

2386 797 2614 862 multa}
2648 799 3062 864 conveniunt
3100 798 3244 878 uni,
3282 818 3405 862 neo
3453 795 3573 860 uni
3624 792 3777 878 duae·
3828 815 3936 859 se-

2384 906 2679 973 cundum
2720 906 3036 976 eumdem
3078 905 3362 973 modum
3394 927 3407 970 :
3444 913 3519 971 ut
3552 904 3743 971 Patri
3772 925 3932 969 con·
3996 971 4007 982 J

2381 1014 2565 1080 venit
2602 1036 2740 1084 non
2780 1037 2925 1083 esse
2957 1013 3039 1082 ab
3070 1012 3206 1085 alio
3239 1036 3278 1079 a
3319 1035 3455 1102 quo
3512 1012 3712 1092 alius,
3747 1009 3933 1100 quod

2382 1142 2518 1189 non
2547 1126 2870 1191 convenit
2908 1123 3065 1191 alii:
3101 1122 3274 1189 Filio
3326 1120 3567 1190 autem
3614 1119 3938 1188 convenit

2382 1249 2525 1296 esse
2557 1229 2639 1297 ab
2678 1230 2812 1300 alio
2857 1253 2978 1320 per
3015 1231 3555 1320 generationem,
3601 1234 3669 1293 et
3710 1224 3935 1315 Spiri-

2382 1336 2476 1401 tui
2508 1345 2741 1404 sancto
2781 1359 2926 1404 esse
2964 1335 3050 1403 ab
3091 1335 3241 1403 aliis
3270 1357 3392 1425 per
3428 1335 3924 1423 spirationem:

2382 1441 2546 1511 tales
2604 1446 2785 1511 enim
2841 1444 3292 1535 proprietates
3332 1442 3434 1531 (ut
3470 1441 3634 1509 dicit
3693 1439 3933 1507 Ansel·

2381 1551 2557 1640 mus)
2590 1573 2713 1624 nec
2768 1559 3009 1620 natura
3062 1550 3363 1618 admtitit
3411 1550 3637 1616 inesse
3677 1547 3959 1632 eidem,

2378 1678 2532 1726 cum
2568 1660 2707 1728 sint
2735 1660 3109 1750 oppositae:
3153 1681 3280 1726 nec
3329 1658 3502 1725 ratio
3533 1657 3715 1747 capit
3755 1678 3933 1746 qua-

2380 1761 2531 1833 liter
2567 1768 2685 1835 uni
2713 1767 2972 1857 possint
3012 1767 3424 1835 convenire:
3470 1772 3539 1833 et
3585 1763 3739 1832 ideo
3796 1786 3933 1832 nu·-

2381 1897 2605 1945 merus
2633 1877 2873 1946 talium
2901 1877 3154 1950 suffieit
3198 1875 3686 1969 hypostasibus
3747 1873 3931 1943 divi-

2381 1984 2509 2067 nis,
2540 1986 2873 2076 proecipue
2900 2008 3058 2056 cum
3088 1986 3191 2074 (ut
3228 1984 3393 2054 dicit
3421 1981 3749 2072 Hilarius)
3778 2004 3933 2072 pro·

2377 2092 2622 2179 prietas
2651 2094 2740 2163 sit
2777 2115 3067 2184 persona
3094 2090 3474 2161 subsistens
3507 2098 3576 2160 et
3601 2088 3925 2181 perfecta:

2379 2200 2534 2288 quia
2566 2203 2635 2270 in
2674 2199 2922 2270 divinis
2955 2199 3125 2269 nihil
3155 2198 3572 2268 accidentale
3601 2205 3704 2267 est
3746 2219 3762 2264 :
3808 2195 3929 2266 sed

2377 2310 2749 2398 proprietas
2779 2309 2846 2377 in
2886 2331 3204 2400 persona,
3238 2307 3435 2396 cujus
3479 2313 3583 2374 est
3610 2306 3930 2396 proprie-

2377 2421 2501 2493 tas,
2570 2423 2671 2484 est
2725 2438 3016 2505 persona
3054 2417 3200 2506 ipsa
3254 2414 3632 2483 subsistens
3674 2420 3740 2481 et
3769 2432 3926 2503 per-

2376 2522 2569 2605 fecta,
2614 2533 2687 2592 ut
2715 2523 2876 2594 dicit
2907 2525 3399 2593 DatnascenuS.

2463 2631 2566 2698 An
2595 2655 2790 2700 Auun
2841 2632 3228 2711 dicendum,
3264 2628 3450 2722 quod
3500 2629 3656 2697 licet
3695 2627 3924 2719 plures

2376 2738 2814 2829 proprietates
2840 2746 3001 2808 sunt
3036 2739 3106 2807 in
3138 2760 3431 2829 persona
3471 2736 3693 2806 Patris
3721 2742 3791 2803 et
3817 2732 3872 2803 F
3874 2734 3925 2800 i·

2378 2841 2471 2924 lii,
2533 2853 2764 2917 tamen
2802 2869 2938 2915 una
2981 2846 3127 2916 sola
3172 2855 3276 2915 est
3311 2842 3716 2937 personalis,
3767 2864 3923 2933 qum

2380 2952 2531 3023 lacit
2569 2978 2928 3046 personam
2969 2978 3116 3025 esse
3144 2976 3511 3047 personam
3542 2951 3921 3021 secundum

2379 3062 2655 3130 modum
2712 3062 3174 3154 intelligendi:
3219 3070 3286 3131 et
3328 3060 3460 3130 hoc
3490 3059 3662 3129 infra
3700 3058 3927 3128 deter-

2381 3171 2746 3242 minabitur
2778 3173 2823 3243 ¹.

732 3853 824 3927 l).
864 3852 1036 3942 Qua
1067 3853 1515 3926 necessitate
1543 3851 1828 3927 dictum
1860 3851 1985 3944 xit,
2019 3859 2167 3924 tres
2195 3875 2546 3949 per-soum
2576 3878 2623 3928 α
2663 3854 2957 3929 lale'nis
2984 3879 3011 3927 .·
3037 3859 3113 3928 el
3138 3878 3187 3927 a
3224 3851 3547 3940 Graecis,
3581 3859 3734 3925 tres
3778 3850 3928 3948 ley-

1812 3994 2174 4086 postam,
2215 3985 2341 4062 vel
2359 3987 2829 4065 substantiae.

826 4329 998 4410 Qua
1032 4321 1491 4399 necessitate
1537 4348 1686 4398 nun
1718 4326 1965 4398 solum
1999 4321 2313 4398 Latinus
2342 4348 2619 4422 sermo,
2650 4326 2781 4402 sed
2809 4325 3035 4402 etiam
3080 4326 3401 4400 Gravcus
3430 4323 3699 4399 eadem
3735 4346 3929 4422 pene

730 4484 970 4559 super
1010 4463 1152 4534 hac
1195 4482 1275 4535 re
1321 4460 1679 4536 laborans
1719 4461 2114 4535 nuniinum
2149 4461 2464 4559 penuria
2495 4473 2948 4539 coaretatur.
2977 4462 3197 4537 Unde
3228 4461 3713 4557 Augustinus
3743 4458 3929 4558 quid

731 4619 777 4669 a
814 4593 1116 4669 Gra-cis
1155 4595 1274 4669 vel
1311 4593 1601 4669 Latinis
1657 4595 2105 4670 necessitate
2142 4595 2238 4670 de
2279 4594 2637 4674 ineflabili
2689 4596 3054 4673 Trinitate
3094 4597 3386 4672 dictum
3437 4596 3538 4672 sit
3576 4594 3934 4695 aperiens

740 4729 816 4802 in
864 4728 1060 4802 libro
1092 4728 1226 4802 Vll
1270 4728 1364 4803 (le
1413 4729 1787 4803 Trim‘lale
1815 4732 1833 4763 ⁸
1877 4730 1974 4803 ait
2013 4752 2030 4804 :
2076 4729 2466 4828 Loquendi
2500 4756 2733 4809 causa
2771 4731 2864 4806 de
2900 4731 3448 4819 ineffabilibus.
3494 4741 3578 4805 ut
3611 4729 3745 4805 tari
3785 4727 3935 4803 ali-

734 4887 890 4961 qu«)
933 4863 1161 4937 innodo
1194 4887 1626 4961 possemus,
1662 4864 1945 4938 dictum
1987 4874 2173 4938 esta
2228 4864 2538 4959 Gran-is,
2585 4892 2739 4944 una
2796 4867 3157 4962 essentia,
3224 4877 3376 4942 tres
3441 4864 3926 4959 substantiae,

742 4995 813 5069 id
846 5005 990 5091 est,
1043 5021 1195 5071 una
1227 4996 1397 5072 usia
1430 5006 1477 5091 ¹,
1515 5008 1668 5074 tres
1700 4999 2170 5097 hypostases.
2206 4998 2440 5073 Aliter
2467 5002 2672 5076 enim
2700 5001 2947 5077 Graeci
2988 5001 3383 5100 accipiunt
3422 4999 3930 5075 substantiam

740 5154 974 5227 quain
1018 5131 1295 5206 Latini.
1332 5136 1388 5207 A
1428 5132 1719 5207 Latinis
1757 5143 2008 5208 autern
2041 5132 2322 5207 dictum
2365 5145 2499 5223 est,
2531 5162 2686 5214 una
2722 5137 3060 5215 essentia
3098 5138 3220 5213 vel
3272 5134 3731 5229 substantia,
3782 5145 3936 5211 tres

812 5467 827 5501 ¹
863 5466 951 5522 Ct'.
985 5468 1167 5535 lutra,
1198 5472 1342 5528 nist.
1378 5470 1570 5539 XXVI,
1603 5476 1745 5527 tom.
1775 5472 1918 5527 XXI!
1950 5471 2191 5544 hujusce
2220 5472 2515 5531 editionis.

811 5554 833 5588 ⁸
863 5555 923 5610 S.
949 5559 1324 5628 Auocsrisus,
1358 5560 1479 5617 Lib.
1510 5561 1605 5615 vu
1638 5559 1711 5615 de
1739 5560 2040 5630 Trinitate,
2071 5577 2196 5633 cap.
2228 5564 2280 5616 4.

811 5642 836 5677 ⁸
865 5643 1055 5700 Oisia.

4026 2659 4095 2706 Ad
4125 2660 4170 2709 ⁸.
