4897 6388
2160 291 2328 359 IN‘l
2381 292 2832 369 SENTENT..
2866 293 3089 362 DIS-T.
3143 295 3230 377 V,
3285 296 3368 361 A.
3683 311 3716 386 ἴ
4243 301 4366 368 173

2321 921 3017 1019 DISTlNCTIO
3085 922 3190 1016 V.

1138 1277 1227 1348 A.
1285 1275 1440 1349 Hie
1480 1275 1886 1373 quaeritur,
1918 1273 2048 1348 An
2078 1273 2322 1349 Pater
2354 1275 2626 1372 qennz't
2651 1272 2992 1348 divinam
3028 1274 3462 1366 essentiam,
3497 1272 3623 1348 vel
3648 1272 3813 1372 ipsa
3860 1273 3928 1346 F
3933 1270 4154 1346 iliam
4200 1295 4216 1346 :
4249 1296 4350 1348 an

1435 1402 1764 1478 essentia
1789 1403 2060 1501 qenuz't
2096 1403 2530 1497 essentiam,
2563 1400 2690 1476 vel
2714 1403 2883 1500 ipsa
2935 1425 3073 1477 nec
3097 1403 3389 1500 (senuit,
3435 1426 3573 1476 nec
3606 1403 3864 1501 {fenita
3893 1405 4059 1476 est?

1223 1856 1408 1934 Post
1440 1859 1609 1934 lioec
1639 1858 2044 1956 quoeritur,
2090 1857 2360 1934 Utrum
2402 1860 2983 1937 concedendum
3014 1860 3137 1956 sit,
3172 1858 3380 1959 quod
3413 1859 3641 1935 Pater
3685 1856 3952 1956 genuit
3987 1855 4323 1931 divinam
4371 1887 4658 1945 [1000me

4355 1939 4480 1984 ratio
4487 1953 4545 1987 ne
4573 1955 4662 1998 ge-

1102 1992 1571 2087 'essentiam,
1606 1994 1730 2068 vel
1762 1993 1967 2092 quod
1995 1993 2259 2069 divina
2279 1994 2617 2071 essentia
2636 1995 2905 2093 genuit
2928 1995 3235 2090 Filium,
3263 1996 3383 2070 vel
3419 1994 3752 2070 essentia
3781 1991 4048 2089 genuit
4074 2014 4327 2067 essen·
4380 1996 4642 2041 Μ’·ϋοηῑ·

4353 2046 4414 2091 ad
4425 2051 4680 2094 «cratinum

4352 2103 4661 2149 essentialem

1122 2128 1301 2202 tiam
1335 2155 1353 2202 :
1400 2151 1495 2202 an
1554 2128 1872 2203 omnino
1915 2152 2068 2203 non
2112 2129 2407 2226 genuit,
2444 2154 2586 2206 nec
2626 2130 2887 2228 genita
2915 2141 3031 2207 est
3062 2129 3327 2204 divina
3364 2128 3696 2205 essentia
3724 2127 3764 2199 Ῥ
3801 2127 3910 2202 Ad
3944 2124 4149 2226 quod
4193 2128 4327 2201 Ca·
4354 2154 4652 2265 2⁶32?ae

1119 2262 1423 2338 tliolicis
1450 2262 1986 2338 tractatoribus
2017 2265 2589 2341 consentientes
2619 2265 2975 2360 dicimus,
3011 2264 3217 2364 quod
3253 2289 3393 2341 nec
3429 2266 3658 2339 Pater
3686 2262 3954 2360 genuit
3980 2260 4323 2336 divinam
4430 2265 4601 2312 ⁸²⁰⁰·-

1120 2397 1569 2492 essentiam‚
1615 2421 1759 2473 nec
1786 2397 2049 2472 divina
2079 2398 2409 2474 essentia
2452 2399 2723 2497 genuit
2786 2399 3091 2493 Filium,
3163 2422 3306 2474 nec
3374 2397 3637 2472 divina
3693 2395 4027 2471 essentia
4064 2394 4336 2492 genuit

1121 2531 1466 2608 divinam
1500 2533 1943 2610 essentiam.
1994 2534 2136 2610 llic
2162 2546 2419 2610 autem
2461 2535 2774 2611 nomine
2815 2534 3172 2611 essentiae
3205 2532 3711 2630 intelligimus
3752 2531 4091 2607 divinam
4128 2539 4343 2607 natu-

1119 2691 1314 2762 ram,
1342 2691 1521 2766 quae
1549 2692 1911 2745 commun
1926 2670 1988 2745 is
2009 2680 2126 2746 est
2153 2670 2393 2746 tribus
2421 2669 2773 2770 personis
2796 2679 2869 2747 et
2896 2681 3045 2746 tota
3080 2669 3152 2743 in
3184 2669 3542 2766 singulis.
3581 2668 3755 2743 Ideo
3777 2691 3927 2742 non
3953 2678 4069 2744 est
4091 2667 4345 2744 dicen-

1116 2802 1333 2896 dum,
1371 2802 1577 2901 quod
1606 2803 1835 2881 Pater
1854 2804 2485 2901 genuitdivinam
2510 2803 2968 2881 essentiam:
3006 2803 3190 2902 quia
3220 2802 3284 2877 si
3321 2803 3548 2878 Pater
3572 2802 3957 2878 diceretur
3977 2801 4339 2899 genuisse

1115 2934 1458 3009 divinam
1513 2936 1959 3032 essentiam,
2022 2937 2283 3013 divina
2349 2938 2684 3014 essentia
2727 2937 3039 3014 relative
3069 2937 3458 3013 diceretur
3512 2936 3605 3011 ad
3663 2937 3991 3030 Patrem,
4035 2938 4154 3012 vel
4201 2962 4337 3035 pro

1114 3070 1437 3147 relativo
1475 3082 1920 3170 poneretur.
1967 3072 2047 3147 Si
2080 3084 2335 3150 autem
2375 3073 2690 3151 relative
2730 3073 3143 3166 diceretur,
3190 3074 3311 3149 vel
3348 3098 3486 3172 pro
3531 3073 3847 3148 relativo
3889 3083 4329 3171 poneretur,

1111 3232 1271 3284 non
1318 3206 1695 3284 indicaret
1736 3208 2182 3284 essentiam.
2233 3208 2333 3285 Ut
2360 3209 2569 3285 enim
2609 3209 2715 3284 ait
2744 3209 3227 3307 Augustinus
3268 3209 3344 3283 in
3393 3210 3586 3284 libro
3622 3208 3685 3280 V
3758 3208 3851 3285 de
3901 3209 4330 3286 Trim‘tale:

1112 3342 1336 3432 Quod
1379 3342 1694 3422 relative
1735 3342 2041 3443 dicitur,
2079 3368 2231 3419 non
2277 3343 2562 3425 indicat
2601 3343 3115 3421 substantiam
3150 3373 3197 3418 ι.

2769 3700 2830 3768 ei
2860 3700 3031 3768 sicut
3060 3700 3142 3768 de
3181 3723 3320 3790 quo
3357 3709 3461 3769 est
3486 3703 3834 3792 generatio
3868 3726 3988 3794 per
4039 3702 4320 3771 modum

1602 3832 1845 3878 mvtsto
1890 3832 2161 3877 rurus.
2766 3807 3076 3897 principii
3108 3807 3502 3890 materialis,
3554 3818 3619 3876 et
3649 3808 3792 3878 haec
3843 3833 4006 3901 pars
4084 3811 4322 3903 incipit

2769 3914 2889 3998 ibi,
2952 3913 3006 3992 l,
3070 3941 3105 3979 ι
3141 3916 3417 3983 Dicitur
3477 3940 3769 4008 quoque,
3810 3927 3872 3985 et
3923 3921 4323 4010 frequenter

1191 4036 1232 4103 ς’
1253 4030 1423 4096 Post
1441 4027 1584 4095 ltere
1618 4027 1981 4118 quaeritur,
2010 4027 2256 4094 Utrum
2301 4024 2663 4093 coneeden-
2765 4022 2838 4090 in
2875 4024 3240 4114 Scriptura
3290 4023 3569 4114 leqitur,
3603 4034 3727 4094 etc.
3767 4052 3800 4090 ι

1098 4135 1268 4203 dum
1306 4136 1399 4203 sit
1436 4134 1628 4226 quod
1661 4137 1876 4203 Pater
1896 4133 2139 4222 qenai!
2200 4131 2508 4200 ‹Iit-inam
2555 4155 2661 4199 es-
2856 4129 2933 4198 ln
2961 4133 3183 4221 prima
3223 4129 3464 4199 harum
3507 4143 3734 4202 movet
3764 4134 4088 4226 Magister
4135 4160 4315 4228 qute-

1094 4244 1389 4311 sentiam
1415 4242 1458 4310 P
1484 4253 1613 4312 etc.
1670 4269 1702 4304 .-
2765 4238 3056 4308 stionem
3115 4237 3482 4308 habentem
3539 4252 3831 4332 quatuor
3859 4243 4304 4334 problemata,

1190 4355 1317 4423 llic
1350 4354 1582 4445 incipit
1613 4376 1770 4445 pars
1804 4351 1938 4427 illa,
1986 4352 2053 4419 in
2099 4373 2232 4441 qua
2264 4349 2652 4440 inquiritur,
2765 4346 3017 4416 scilicet
3045 4370 3131 4414 an
3166 4346 3366 4417 l‘ater
3399 4353 3710 4439 genuerit
3773 4354 4161 4438 essentiam,
4194 4357 4300 4424 vel

1096 4473 1327 4533 utrum
1360 4462 1590 4530 divina
1619 4460 1909 4528 essentia
1946 4459 2279 4527 abstracte
2308 4457 2647 4548 signitica-
2753 4456 2980 4525 divina
3017 4460 3311 4527 essentia
3366 4463 3677 4550 genuerit
3720 4462 3986 4544 Filium,
4030 4475 4142 4534 aut
4183 4492 4297 4534 es-

1097 4582 1166 4639 ta
1209 4570 1421 4662 possit
1454 4590 1600 4636 esse
1661 4568 1992 4635 terminus
2019 4565 2478 4657 generationis
2522 4585 2537 4629 :
2577 4570 2643 4630 et
2749 4567 2963 4634 sentia
2991 4569 3303 4656 genuerit
3329 4570 3719 4655 essentiam,
3753 4582 3867 4640 aut
3902 4597 4020 4641 nec
4049 4598 4295 4665 genue-

1091 4678 1253 4768 quia
1302 4674 1448 4745 liaec
1505 4676 1789 4766 quaestio
1829 4672 2187 4763 dupliciter
2246 4679 2465 4763 potest
2511 4670 2642 4737 ror·
2753 4673 2836 4740 rit
2863 4673 3152 4741 essentia
3207 4696 3332 4743 nec
3378 4677 3604 4767 genita
3643 4678 3725 4745 sit
3764 4682 3796 4746 :²
3839 4680 4030 4750 Unde
4077 4684 4290 4772 prima

1090 4787 1260 4854 mari
1340 4784 1718 4854 secundum
1775 4781 2115 4873 duplicem
2194 4779 2637 4878 intellectum,
2751 4782 3033 4850 istarum
3072 4780 3400 4851 dividitur
3430 4786 3500 4851 in
3529 4784 3698 4853 duas
3727 4797 3973 4878 partes,
4006 4791 4074 4857 in
4115 4814 4291 4882 qua-

1087 4893 1240 4961 ideo
1297 4893 1468 4961 duas
1523 4890 1728 4959 habet
1786 4898 2033 4980 partes.
2070 4890 2146 4957 ln
2196 4890 2415 4980 prima
2454 4887 2637 4954 enim
2749 4911 2899 4956 rum
2929 4889 3150 4978 prima
3185 4890 3511 4958 interimit
3554 4893 3900 4983 problema
3942 4900 4278 4986 primum:

1086 5002 1441 5093 quaeritur,
1502 4999 1748 5069 Utrum
1806 4997 2101 5068 essentia
2156 5005 2456 5088 generet,
2526 4996 2635 5065 vel
2746 4994 2815 5061 in
2870 4993 3167 5063 secunda
3217 5004 3448 5065 autem
3508 4998 3828 5069 interimit
3883 5005 4280 5083 secuudum,

1081 5119 1447 5200 generetur
1484 5131 1499 5176 ε
1561 5108 1652 5175 ita
1720 5105 1902 5197 quod
1946 5107 2308 5175 conveniat
2353 5106 2412 5173 ei
2446 5114 2635 5174 actus
2742 5106 2811 5169 et
2842 5102 3147 5179 tertium,
3179 5109 3243 5170 et
3272 5105 3605 5182 construit
3633 5117 3974 5197 quartum,
4016 5119 4083 5179 et
4112 5111 4288 5180 inci-

1085 5217 1549 5309 gencrationis
1617 5214 2007 5283 immediate
2082 5222 2432 5305 tamquam
2492 5223 2634 5282 ter·
2740 5212 2842 5302 pit
2885 5212 3004 5293 ibi,
3038 5212 3117 5292 E,
3153 5240 3188 5276 α
3233 5214 3342 5281 Ita
3372 5216 3578 5283 etiam
3609 5241 3741 5286 non
3770 5230 3866 5287 est
3896 5220 4277 5304 dicendum,

1080 5324 1271 5391 mino
1303 5324 1339 5392 ¹?
1401 5322 1479 5391 In
1535 5323 1834 5392 secunda
1898 5321 2285 5413 inquiritur,
2350 5319 2420 5387 Si
2493 5343 2630 5389 non
2739 5319 2933 5410 quod
2958 5319 3199 5388 divina
3228 5323 3543 5407 essentia,
3581 5334 3710 5393 etc.
3765 5354 3797 5389 »

1079 5433 1402 5501 convenit
1431 5431 1493 5501 ei
1532 5438 1608 5498 ut
1639 5433 1959 5517 termino,
2000 5439 2228 5498 utrum
2270 5430 2631 5499 conveniat
2835 5428 3027 5497 Prior
3064 5438 3294 5497 autem
3325 5430 3548 5500 adhuc
3588 5432 3911 5505 dividitur
3949 5439 4015 5507 in
4055 5441 4222 5511 duas
4254 5464 4272 5513 :

1150 5663 1168 5700 ⁸
1200 5662 1260 5719 S.
1304 5664 1685 5730 Aucusnxus,
1736 5660 1857 5719 Lib.
1892 5661 1935 5718 V
1966 5659 2041 5718 de
2069 5660 2377 5730 Trinitate,
2408 5677 2538 5735 cap.
2570 5664 2624 5719 ¹1.
