4897 6388
414 793 613 844 solutio.

466 3413 546 3461 Ad
576 3414 615 3456 ³.

473 4058 543 4101 Ad
577 4061 612 4102 δ.

692 274 820 342 512
929 338 934 345 .

702 440 1104 524 omnimoda
1133 435 1556 528 simplicitaS,
1590 426 1777 496 nulla
1805 423 2069 489 videtur
2098 439 2240 485 esse

700 553 1078 645 aequalitaS.
1323 535 1329 541 ’

800 769 1111 836 Sonu‘rw.
1190 760 1386 834 Dico,
1460 751 1639 844 quod
1697 752 1764 816 in
1830 745 2074 813 divinis
2143 750 2244 809 est

706 874 1055 966 aequalitas
1101 893 1114 936 :
1160 875 1226 936 et
1257 866 1428 932 bene
1467 857 1787 940 conced0‚
1822 852 2002 945 quod
2041 852 2110 916 in
2137 849 2243 916 di-

708 985 887 1050 vinis
926 1001 1067 1047 non
1103 980 1328 1066 potest
1366 965 1877 1058 essezquantitas
1918 956 2244 1026 dimensi-

708 1114 820 1170 va,
854 1108 1061 1178 quam
1102 1079 1526 1171 Augustinus
1553 1080 1750 1141 vocat
1796 1068 2244 1160 quantitatem

710 1198 914 1266 molis
954 1218 975 1262 .·
1006 1193 1123 1261 sed
1154 1198 1252 1258 est
1281 1187 1372 1255 ibi
1414 1184 1751 1276 quantitas
1778 1177 2061 1245 virtutis·

806 1305 991 1374 anss
1019 1297 1379 1368 dicendum
1411 1293 1494 1360 ad
1535 1292 1853 1381 primum,
1888 1283 2068 1375 quod
2097 1303 2249 1348 cau·

715 1437 789 1484 sa
817 1410 1224 1504 aequalitatis
1283 1425 1433 1494 quae
1491 1408 1592 1468 est
1636 1397 1947 1464 identitas
1984 1389 2248 1458 virtutis

716 1527 786 1593 in
817 1521 1044 1603 rebuS,
1089 1540 1226 1586 non
1257 1512 1519 1582 tollitur
1557 1533 1595 1577 a
1635 1506 1878 1574 divinis
1922 1526 1936 1569 :
1973 1508 2035 1569 et
2099 1497 2248 1565 ideo

716 1641 940 1725 potest
969 1632 1038 1697 in
1070 1629 1166 1696 eis
1196 1647 1339 1694 esse
1381 1618 1750 1710 aequalitas,

806 1741 912 1808 An
956 1759 1153 1805 amun
1211 1728 1598 1810 dicendum,
1669 1721 1849 1814 quod
1908 1718 2250 1809 proportio

721 1858 822 1918 est
850 1848 1275 1916 diversorum
1306 1842 1376 1906 in
1414 1833 1788 1905 substantia
1822 1852 1835 1895 ε
1871 1836 1936 1895 et
1973 1824 2122 1893 ideo
2155 1846 2256 1891 re·

720 1966 1038 2029 movetur
1075 1978 1114 2022 a
1152 1950 1424 2020 divinis.
1463 1943 1718 2034 Supra¹
1754 1949 2097 2007 ostensum
2126 1942 2249 2017 est,

717 2067 903 2159 quod
939 2066 996 2132 si
1024 2083 1239 2155 genus
1270 2053 1548 2145 aliquod
1585 2055 1972 2118 removetur
2010 2066 2050 2111 a
2078 2042 2256 2109 divi-

716 2176 845 2260 uiS,
889 2195 1028 2241 non
1066 2172 1332 2260 oportet
1361 2160 1545 2254 quod
1573 2164 1846 2249 propter
1880 2152 2008 2220 hoe
2040 2173 2255 2218 remo-

713 2293 954 2355 veatur
990 2280 1246 2373 species
1281 2299 1297 2344 ε
1334 2273 1494 2365 quia
1532 2267 1786 2359 species
1851 2259 2254 2354 quandoque

719 2415 854 2461 non
887 2389 1146 2457 ratione
1186 2384 1454 2477 generis
1501 2376 1977 2447 transsumitur
2029 2371 2113 2439 ad
2151 2370 2259 2438 di-

720 2503 906 2577 vina,
941 2496 1059 2565 sed
1099 2496 1360 2563 ratione
1401 2486 1793 2557 differentiae
1825 2504 2028 2574 quam
2076 2479 2257 2547 addit

723 2628 927 2696 supra
977 2623 1246 2694 genus:
1290 2607 1358 2666 et
1412 2597 1510 2664 sic
1546 2602 1646 2663 est
1697 2591 1831 2659 hic.
1902 2587 2254 2655 Paonarro.

722 2712 1108 2805 AEqualitas
1145 2709 1327 2777 enim
1359 2714 1461 2774 est
1499 2699 1844 2795 proportio
1877 2696 2257 2787 aliquorum

726 2822 811 2890 ad
880 2818 1170 2887 invicem
1237 2810 1609 2882 secundum
1669 2828 1877 2874 unam
1926 2802 2262 2895 quantita-

726 2937 866 2998 tem
928 2947 943 2993 ε
1019 2931 1086 2992 et
1124 2922 1386 2989 ratione
1425 2918 1572 3006 ejus
1638 2911 1820 3005 quod
1876 2906 2262 2979 esthabere

724 3058 936 3104 unam
965 3031 1413 3123 quantitatem
1459 3022 1728 3092 virtutis
1791 3015 2264 3087 transsumitur

726 3146 809 3215 ad
868 3143 1123 3220 divina,
1184 3146 1250 3206 et
1304 3157 1444 3205 non
1497 3132 1757 3200 ratione
1814 3122 2264 3197 antecedentis

727 3254 910 3346 quod
940 3260 1040 3320 est
1076 3245 1426 3340 proportio
1468 3242 1911 3311 diversorum.

816 3365 920 3431 An
967 3382 1164 3429 Anien
1202 3351 1592 3427 dicendum,
1635 3344 1816 3438 quod
1849 3344 1958 3411 illa
2014 3339 2267 3408 diffini-

730 3471 822 3538 tio
853 3468 1052 3536 datur
1088 3464 1170 3533 de
1209 3457 1588 3552 aequalibus
1647 3455 1712 3521 in
1754 3450 2121 3544 quantitate
2159 3445 2269 3514 di-

730 3574 1066 3651 mensim,
1134 3590 1340 3661 quam
1415 3559 1796 3632 considerat
1850 3561 2195 3647 geometer
2243 3574 2259 3619 ι

731 3683 850 3752 sed
890 3677 1245 3771 aequalitas
1281 3676 1352 3743 in
1390 3674 1639 3739 virtute
1697 3667 1921 3757 aliqua
1962 3671 2060 3733 est
2123 3669 2270 3728 tan·

731 3802 877 3861 tum
908 3810 1105 3880 posse
1144 3785 1319 3853 sicut
1359 3780 1497 3857 ille,
1529 3786 1594 3846 et
1624 3775 1771 3845 liaec
1823 3772 2143 3863 competit
2200 3769 2266 3834 in

731 3897 1003 3965 divinis.

828 4007 928 4071 An
973 4024 1172 4070 Aucn
1209 3995 1598 4075 dicendum,
1631 3990 1812 4084 quod
1843 4011 1997 4058 cum
2028 3985 2272 4054 dicitur

733 4116 949 4182 virtus
988 4108 1208 4176 Patris
1245 4126 1391 4173 esse
1423 4102 1711 4180 infinita,
1753 4120 1890 4165 nou
1952 4091 2272 4182 intelligi-

736 4230 847 4289 tur
886 4216 1172 4299 infinita,
1216 4212 1374 4303 quia
1406 4210 1503 4276 sic
1533 4208 1747 4275 virtus
1776 4227 1895 4271 sua
1926 4198 2272 4269 excederet

735 4330 1001 4418 ipsum:
1041 4322 1157 4391 sed
1198 4318 1600 4407 intelligitur
1631 4313 1914 4391 infinita,
1972 4331 2053 4377 eo
2092 4304 2269 4398 quod

737 4458 873 4502 non
908 4433 1139 4499 finitur
1171 4427 1550 4496 extrinseco
1589 4421 1817 4511 aliquo
1863 4441 1877 4485 :
1948 4425 2013 4484 et
2074 4414 2273 4503 hujus

738 4545 909 4611 ratio
949 4562 1155 4631 supra
1185 4544 1286 4604 est
1324 4524 1725 4625 explanata'
1758 4548 1774 4595 z
1820 4535 1880 4593 et
1915 4525 2038 4592 hoc
2070 4521 2273 4590 modo

741 4651 1084 4720 inlinitum
1115 4643 1298 4737 quod
1330 4641 1457 4709 sibi
1499 4636 1957 4707 finitissimum
1995 4638 2119 4708 est,
2152 4627 2278 4696 ha-

737 4759 852 4828 bet
879 4753 1165 4847 aequale,
1205 4753 1363 4820 licet
1402 4770 1542 4817 non
1574 4744 1817 4813 habeat
1844 4739 2099 4831 aequale
2157 4758 2280 4804 ex-

738 4878 838 4937 tra
871 4888 1065 4935 suam
1095 4860 1458 4931 essentiam
1506 4880 1521 4925 :
1557 4854 1732 4923 unde
1763 4853 1858 4920 sic
1883 4851 2096 4916 virtus
2127 4845 2277 4913 Filii

741 4986 1049 5072 aequatur
1120 4974 1355 5042 virtuti
1422 4968 1669 5048 Patris,
1730 4971 1859 5032 ete
1924 4980 2270 5029 converso,

745 5088 1038 5168 Quidam
1105 5090 1335 5150 autem
1401 5076 1533 5145 hoc
1597 5074 1789 5142 aliter
1859 5069 2128 5137 solvunt
2185 5065 2282 5132 di-

744 5203 999 5273 centes,
1044 5187 1227 5282 quod
1257 5186 1597 5254 inlinitum
1635 5180 1893 5248 infinito
1925 5184 2024 5244 est
2060 5196 2282 5264 aequa-

747 5304 833 5371 le.
871 5300 1066 5369 Unde
1096 5306 1164 5366 et
1192 5297 1245 5363 si
1286 5288 1785 5381 virtusf—l‘atris
1842 5284 2099 5352 infinita
2156 5290 2280 5358 est,

753 5412 957 5479 etiam
1015 5407 1231 5475 virtus
1298 5400 1447 5468 Filii
1517 5406 1614 5466 est
1672 5395 1978 5461 inlinita:
2035 5399 2096 5459 et
2190 5391 2286 5457 sic

826 5647 843 5683 ¹
876 5642 962 5700 Cf.
994 5641 1203 5713 Supra,
1233 5635 1382 5693 nist.
1412 5629 1552 5687 v111.

1695 251 1775 317 D.
1832 190 2028 314 AL'ss.
2081 186 2555 308 MAGJORD'.
2608 181 2905 308 PRAED.

2349 423 2679 514 aequatur.
2721 414 2857 484 Sed
2884 417 3017 486 hoc
3055 418 3226 485 nihil
3259 426 3362 486 est
3397 441 3413 486 :
3458 418 3614 508 quia
3671 418 3907 485 infini-

2345 529 2491 588 tum
2532 528 2670 591 non'
2735 527 3095 616 participat
3150 527 3489 594 rationem
3556 517 3905 616 aequ'alita·

2345 631 2429 698 tis
2463 653 2478 697 ε
2517 635 2678 723 quia
2708 657 2832 702 sua
2863 638 3209 725 quantitas
3238 660 3365 705 nec
3398 637 3466 703 in
3526 659 3598 703 se
3655 657 3779 702 nec
3818 634 3904 702 ad

2344 738 2527 807 aliud
2593 750 2695 808 est
2757 753 2939 811 certa
2995 767 3007 810 :
3055 753 3120 811 et
3176 745 3271 813 ita
3336 768 3478 813 non
3540 751 3897 834 aequatur:

2347 850 2507 939 quia
2570 851 2992 941 impossibile
3060 863 3161 922 est
3198 856 3434 939 ⁸etiam
3523 852 3903 944 intelligere

2348 958 2603 1047 aequari
2643 958 2729 1026 ab
2761 959 2990 1051 aliquo
3034 964 3227 1054 cujus
3259 963 3603 1053 quantitas
3636 982 3903 1048 semper

2345 1067 2695 1157 accipitur.
2733 1069 2928 1140 Unde
2961 1074 3181 1161 prima
3212 1072 3466 1140 solutio
3500 1081 3603 1140 est
3648 1071 3896 1138 verior.

2436 1176 2540 1243 An
2577 1201 2776 1246 amun
2816 1180 3202 1259 dicendum,
3241 1181 3429 1272 quod
3475 1182 3632 1248 licet
3687 1181 3902 1246 virtus

2352 1284 2581 1352 divina
2637 1289 2920 1355 omnino
2981 1289 3219 1356 eadem
3287 1290 3398 1370 sit,
3468 1297 3699 1356 tamen
3764 1286 3906 1353 haec

2352 1396 2568 1463 virtus
2600 1404 2702 1464 est
2736 1396 3037 1487 plurium
3070 1421 3546 1489 personarum,
3594 1406 3660 1465 et
3697 1394 3912 1464 habe-

2354 1511 2464 1572 tur
2503 1527 2542 1571 a
2597 1506 2906 1595 pluribus
2969 1510 3306 1598 personiS,
3378 1516 3446 1575 et
3494 1508 3715 1598 gratia
3772 1504 3916 1572 illa-

2355 1635 2507 1679 rum
2564 1611 2771 1682 habet
2834 1617 3451 1704 comparationem,
3522 1614 3685 1704 quia
3758 1618 3917 1678 sunt

2354 1718 2582 1809 plures
2614 1722 2729 1811 qui
2771 1722 2840 1787 in
2872 1745 3006 1788 una
3045 1724 3298 1790 virtute
3331 1729 3715 1811 aequantur.
3780 1715 3916 1785 Sed

2354 1825 2486 1894 hoc
2522 1849 2762 1895 verum
2802 1837 2905 1896 est
2942 1828 3128 1919 quod
3156 1829 3212 1896 si
3255 1850 3394 1896 una
3453 1834 3630 1895 esset
3687 1827 3757 1893 in
3814 1847 3911 1905 se,

2357 1944 2423 2004 et
2476 1939 2679 2004 unius
2736 1946 3005 2006 tantum
3056 1939 3129 2005 in
3188 1959 3511 2029 persona,
3569 1945 3732 2004 tunc
3776 1956 3914 2001 non

2356 2055 2587 2135 posset
2616 2048 2951 2137 assignari
2985 2048 3154 2114 ratio
3184 2045 3620 2137 aequalitatis.

2446 2155 2550 2220 An
2598 2177 2797 2222 Λιιυι)
2827 2154 3219 2233 dicendum,
3255 2153 3441 2244 quod
3480 2154 3698 2220 virtus
3736 2149 3918 2219 divi-

2359 2283 2444 2328 na
2476 2261 2546 2328 in
2588 2284 2659 2330 se
2690 2260 2947 2329 nullam
2982 2259 3188 2328 habet
3229 2262 3686 2351 quantitatem
3722 2281 3738 2326 ε
3801 2255 3920 2324 sed

2361 2370 2700 2460 quantitas
2757 2370 3028 2437 virtutis
3096 2368 3470 2437 attenditur
3522 2366 3604 2435 ad
3701 2372 3917 2443 extra,

2360 2477 2616 2547 scilicet
2652 2500 2862 2569 penes
2893 2477 3157 2568 objecta
3199 2487 3266 2546 et
3338 2484 3554 2546 actus.
3605 2474 3925 2543 ’Dicimus

2362 2587 2571 2664 enim,
2615 2585 2801 2677 quod
2830 2584 3132 2653 Achilles
3172 2592 3239 2654 et
3270 2581 3601 2651 Hercules
3647 2577 3925 2671 aequalis

2362 2704 2521 2763 sunt
2582 2695 2878 2779 virtutis,
2950 2693 3226 2785 quando
3295 2715 3475 2760 unus
3513 2699 3613 2759 tot
3655 2691 3924 2756 vincere

2363 2811 2610 2893 potest,
2654 2809 2819 2892 quot
2858 2801 3033 2869 alius
3075 2823 3091 2869 ε
3139 2809 3205 2869 et
3235 2799 3512 2891 quando
3561 2820 3739 2865 unus
3782 2818 3926 2863 om·

2365 2933 2523 2978 nem
2591 2919 2818 2979 actum
2877 2909 3093 2978 facere
3157 2917 3411 2999 potest,
3457 2929 3667 2998 quem
3702 2911 3926 2995 potest

2366 3020 2582 3088 facere
2646 3020 2868 3087 alius:
2941 3026 3009 3087 et
3065 3019 3163 3086 sic
3202 3015 3497 3085 dicimus
3548 3016 3617 3082 in
3649 3012 3919 3091 divinis,

2367 3130 2551 3225 quod
2594 3129 2745 3198 talis
2776 3128 3130 3221 aequalitas
3174 3147 3315 3197 non
3359 3132 3695 3218 repugnat
3753 3122 3926 3189 sim-

2365 3236 2648 3327 plicitati
2704 3258 2719 3303 :
2774 3233 3105 3326 quidquid
3162 3235 3348 3302 enim
3411 3239 3634 3323 potest
3696 3228 3921 3305 Pater,

2366 3352 2589 3436 potest
2665 3343 2873 3411 Filius
2925 3352 2993 3412 et
3052 3341 3350 3434 Spiritus
3417 3350 3718 3416 sanctuS,
3787 3345 3853 3405 et
3889 3358 3925 3404 e

2368 3474 2722 3521 converso·

2826 3870 3333 3940 Alt'l’lCULlTS
3384 3870 3471 3937 ll.

2378 4085 2553 4153 Cum
2587 4084 2655 4149 iu
2687 4082 2941 4150 divinis
2975 4083 3067 4148 sit
3101 4077 3501 4148 similitudo
3559 4088 3623 4144 e!
3681 4077 3932 4144 identi-

2465 4202 2595 4271 (ας,
2655 4215 2870 4282 quare
2936 4190 3070 4258 illa
3127 4214 3261 4256 non
3321 4188 3552 4277 tateqit
3602 4188 3936 4276 Alaqister

2463 4302 2642 4367 sicu!
2678 4298 3152 4388 aequalilatem
3200 4296 3242 4361 Ζ)

2474 4626 2791 4696 Secundo
2823 4626 3171 4718 quaeritur,
3214 4623 3391 4691 Cum
3438 4622 3506 4689 in
3548 4619 3799 4689 divinis
3852 4620 3940 4685 sit

2382 4735 2761 4805 similitudo
2817 4744 2884 4803 et
2942 4734 3287 4816 identitaS,
3348 4752 3558 4822 quare
3619 4726 3941 4818 Magister

2385 4870 2524 4915 non
2552 4848 2771 4937 tangit
2820 4843 2934 4912 illa
2963 4845 3138 4911 sicut
3180 4842 3397 4933 tangit
3436 4837 3944 4930 aequalitatem?

2480 4959 2539 5023 1.
2573 4954 2862 5023 Videtur
2898 4962 3156 5030 autem,
3229 4950 3417 5042 quod
3467 4948 3550 5018 de
3596 4947 3942 5016 identitate

2387 5072 2665 5154 tangere
2704 5061 2971 5146 debeat,
3007 5061 3168 5151 quia
3227 5057 3391 5126 dicit
3451 5052 3941 5145 Philosophus,

2390 5169 2573 5262 quod
2603 5192 2816 5237 unum
2860 5169 2929 5235 in
2969 5165 3353 5235 substantia
3398 5169 3635 5231 causat
3710 5161 3887 5227 idem
3923 5179 3940 5226 ε

2393 5302 2605 5348 ιιιιυηι
2647 5287 2876 5347 autem
2916 5277 2987 5343 in
3017 5273 3397 5365 quantitate
3443 5278 3678 5339 causat
3711 5291 3951 5359 aequa-

2393 5387 2483 5465 le,
2528 5396 2594 5456 et
2632 5409 2844 5454 unum
2887 5386 2956 5452 in
2997 5382 3323 5474 qualitate
3379 5387 3611 5448 causat
3672 5376 3891 5446 simile
3928 5398 3944 5444 :

2468 5625 2491 5661 ⁸
2519 5621 2604 5682 Cf.
2636 5622 2846 5694 Supra,
2876 5620 3023 5676 Dist.
3055 5615 3153 5671 111.

4016 1215 4092 1261 Aa
4128 1218 4173 1263 5.

4026 2186 4096 2228 Ad
4136 2186 4183 2229 6.
