4897 6388
1797 310 1892 376 ΙΝ
1940 310 1968 375 Ι
2020 307 2446 377 SENTENT.
2498 303 2723 370 DIST.
2778 303 2931 380 XV,
2984 304 3070 387 A,
3123 304 3322 372 ART.
3376 307 3475 393 5„

1031 483 1167 549 cari
1211 504 1360 550 esse
1391 481 1476 546 ab
1518 480 1678 547 alic.
1723 478 1859 546 Sed
1902 479 1972 545 iu
2020 478 2189 545 Filio
2223 486 2290 543 et
2329 473 2584 563 Spiritu

1033 599 1268 657 sancto
1318 588 1771 678 significatum
1829 586 2015 653 verbi
2057 586 2401 675 passivum
2452 581 2590 647 sal-

1030 707 1236 765 vatur
1273 696 1648 764 secundum
1691 695 1874 784 quod
1914 695 2151 762 transit
2203 695 2273 760 in
2330 714 2588 781 prono-

1038 829 1195 872 men
1237 807 1666 893 reciprocum
1713 825 1726 867 ε
1765 802 1919 871 licet
1953 825 2090 869 non
2119 801 2418 870 salvetur
2489 822 2588 866 re-

1032 920 1267 1002 spectu
1309 910 1491 977 illius
1531 911 1890 1000 suppositi,
1941 909 2059 977 sed
2115 909 2422 976 absolute
2481 929 2590 972 re-

1032 1028 1273 1109 spectu
1313 1018 1854 1107 suppositiquod
1886 1017 2327 1106 intelligituro
2372 1014 2586 1104 perari

1032 1150 1191 1193 cum
1260 1127 1619 1214 supposito
1680 1126 1995 1191 eumdem
2054 1131 2282 1191 actum
2354 1145 2368 1186 :
2431 1121 2590 1211 quia

1033 1240 1224 1298 actus
1257 1230 1593 1297 denotans
1625 1227 1940 1297 effectum
1973 1230 2042 1295 in
2073 1237 2379 1296 creatura
2409 1248 2591 1292 com-

1036 1337 1262 1404 munis
1305 1347 1407 1404 est
1450 1337 1653 1402 trium
1699 1358 2140 1425 personarum
2180 1357 2194 1400 ε
2242 1343 2306 1400 et
2353 1355 2590 1399 omnes

1031 1468 1344 1535 personae
1415 1453 1898 1533 supponuntur
1962 1445 2030 1509 in
2106 1440 2451 1509 locutione
2509 1461 2592 1505 ex

1030 1560 1278 1619 natura
1315 1550 1538 1630 verbi,
1581 1551 1740 1618 licet
1790 1558 2053 1619 tantum
2085 1572 2222 1616 una
2251 1545 2591 1637 significe-

1029 1667 1141 1726 tur
1166 1660 1235 1726 in
1258 1659 1607 1727 locutione
1640 1667 1747 1726 :et
1778 1657 1929 1726 ideo
1961 1659 2248 1726 verbum
2282 1655 2344 1723 id
2368 1654 2593 1745 quoad

1028 1777 1259 1836 actum
1300 1767 1695 1835 donationis
1741 1766 1947 1834 habet
1984 1787 2223 1833 omnes
2264 1788 2383 1855 pro
2426 1785 2593 1850 sup-

1010 1877 1254 1966 ‚posito
1304 1898 1318 1941 :
1380 1875 1499 1941 sed
1566 1873 1794 1964 quoad
1852 1881 2077 1940 actum
2137 1894 2341 1962 quem
2409 1869 2594 1937 addit

691 3092 763 3138 Ad
780 3099 953 3147 quent.
974 3090 1015 3141 Ι.

1031 1980 1294 2055 missio,
1332 1977 1540 2046 habet
1569 2001 1692 2069 pro
1720 1978 2070 2069 supposito
2094 1999 2417 2065 personas
2448 1979 2594 2065 qui-

1029 2087 1159 2155 bus
1189 2088 1512 2155 convenit
1545 2085 1805 2153 missio·

1124 2195 1197 2265 Si
1234 2202 1465 2262 autem
1513 2202 1590 2262 tu
1631 2216 1922 2283 quaeraS,
1965 2191 2189 2271 Quare
2236 2193 2452 2282 magis
2481 2214 2595 2258 ex·

1033 2303 1354 2395 primitur
1400 2301 1489 2367 ibi
1543 2324 1681 2368 una
1721 2323 2038 2391 persona,
2081 2322 2289 2392 quam
2328 2300 2483 2378 alia,
2536 2300 2590 2365 si

1035 2417 1229 2476 actus
1263 2407 1374 2475 ille
1402 2407 1789 2475 communis
1819 2404 2388 2496 est‘HResponsiO,
2410 2405 2590 2494 quod

1037 2514 1168 2582 hoe
1192 2516 1291 2594 tit,
1313 2539 1397 2581 eo
1421 2512 1607 2604 quod
1625 2523 1815 2581 actus
1836 2512 1948 2580 iile
1967 2513 2187 2602 magis
2204 2533 2325 2603 per
2343 2534 2595 2602 appro-

1037 2625 1451 2714 priationem
1493 2625 1879 2691 ostensivus
1914 2630 2016 2691 est
2054 2623 2258 2689 unius
2286 2644 2591 2711 personat

1038 2756 1247 2826 quam
1279 2732 1562 2801 alterius
1603 2753 1620 2801 ε
1661 2732 2083 2823 utsapieutia
2099 2729 2346 2800 collata
2372 2740 2596 2799 osteu-

1037 2843 1136 2910 dit
1177 2841 1450 2922 Filium,
1496 2850 1560 2908 et
1590 2840 1810 2932 gratia
1850 2840 2178 2931 Spiritum
2220 2847 2553 2907 sanctum.

1136 3057 1240 3124 An
1284 3080 1350 3124 m
1399 3055 1584 3146 quod
1619 3053 1899 3122 uiterius
1946 3054 2273 3144 quaeritur
2309 3051 2390 3118 de
2442 3053 2589 3131 ista,

1046 3163 1342 3255 Spiritus
1382 3172 1657 3232 sanctus
1688 3163 1976 3230 mittitur
2003 3184 2042 3230 a
2071 3184 2145 3230 se
2180 3182 2197 3228 z
2249 3159 2401 3230 dico
2448 3160 2594 3228 sine

1039 3272 1461 3363 praejudicio,
1511 3270 1700 3362 quod
1735 3269 1880 3339 haec
1923 3279 2024 3338 est
2079 3269 2297 3361 magis
2345 3270 2595 3359 impro-

1041 3381 1214 3472 pria,
1248 3403 1458 3471 quam
1490 3380 1738 3460 activa,
1767 3387 2044 3469 propter
2072 3377 2210 3446 duo
2246 3398 2262 3445 ε
2298 3377 2456 3469 quia
2487 3374 2595 3445 hic

1036 3488 1464 3578 significatur
1520 3485 1789 3577 passive
1828 3483 2062 3553 missio
2103 3492 2409 3575 respectu
2460 3484 2590 3562 sui,

1036 3604 1102 3664 et
1132 3596 1292 3687 quia
1326 3594 1605 3686 ponitur
1636 3592 2026 3685 praepositio
2049 3591 2387 3659 denotans
2417 3592 2597 3682 prin-

1034 3704 1290 3796 cipium
1346 3726 1361 3770 :
1426 3712 1656 3771 tamen
1727 3701 2090 3770 concedere
2149 3710 2440 3792 oportet,
2513 3726 2594 3768 eo

1036 3810 1218 3901 quod
1263 3811 1497 3877 Sancti
1541 3832 1694 3876 eam
1744 3815 2006 3899 ponunt
2052 3829 2067 3874 :
2120 3815 2187 3875 et
2229 3815 2390 3875 tunc
2426 3831 2597 3874 con-

1035 3918 1299 3986 ceditur
1327 3916 1456 3984 sui»
1488 3915 1730 3983 eodem
1770 3939 1999 3997 sensu,
2034 3912 2218 4005 quod
2257 3914 2598 3983 dividatur

1036 4024 1325 4094 verbum
1366 4022 1743 4093 secundum
1784 4033 1975 4090 actus
2004 4023 2431 4113 importatas,
2459 4025 2599 4091 sci-

1036 4133 1190 4201 licet
1229 4131 1644 4216 collationis,
1686 4138 1752 4198 et
1783 4130 2128 4197 missionis
2169 4151 2187 4196 ε
2231 4138 2298 4198 et
2346 4129 2598 4198 refera-

1035 4250 1148 4306 tur
1185 4238 1564 4306 secundum
1605 4260 1818 4304 unum
1870 4245 2094 4304 actum
2142 4234 2228 4303 ad
2279 4238 2599 4328 supposi-

1035 4358 1181 4417 tum
1216 4347 1518 4438 Spiritus
1548 4347 1794 4424 sancti,
1827 4344 2008 4413 etad
2046 4344 2215 4412 alias
2246 4368 2593 4435 personas,

1035 4458 1355 4550 quamvis
1416 4456 1477 4522 ei
1537 4454 1901 4523 conveniat
1963 4453 2394 4545 appropriate
2466 4476 2482 4520 :
2532 4463 2601 4522 et

1036 4565 1415 4634 secundum
1448 4564 1661 4630 alium
1703 4574 1930 4630 actum
1968 4562 2297 4631 referatur
2332 4564 2418 4630 ad
2450 4586 2597 4652 per-

1037 4698 1245 4742 sonas
1275 4672 1653 4741 secundum
1698 4669 2111 4738 intellectum
2160 4694 2389 4739 secum
2430 4695 2599 4763 ope-

1040 4796 1291 4854 rantes.
1334 4783 1412 4851 tit
1447 4806 1566 4873 per
1595 4780 1724 4849 hoc
1760 4790 1940 4871 patet
1978 4779 2231 4848 solutio
2261 4781 2346 4848 ad
2376 4790 2595 4849 totum

1035 4891 1224 4985 quod
1263 4899 1501 4959 contra
1541 4888 1732 4956 iilam
1762 4888 2299 4978 propositionem
2326 4889 2601 4978 objicie-

1037 5000 1265 5068 batur.

1130 5107 1215 5175 Et
1244 5113 1433 5182 nota,
1477 5101 1662 5195 quod
1695 5111 1854 5170 sunt
1891 5099 2167 5192 quidam
2197 5100 2494 5171 breviter
2531 5113 2596 5172 et

1037 5215 1281 5282 leviter
1308 5236 1380 5280 se
1403 5210 1511 5278 hic
1535 5208 1993 5301 expedientes,
2029 5216 2095 5275 et
2125 5208 2382 5292 dicunt,
2415 5210 2597 5300 quod

1040 5322 1314 5414 proprie
1360 5319 1562 5387 Pater
1589 5327 1654 5386 et
1690 5316 1897 5384 Filius
1947 5319 2225 5385 mittunt
2266 5316 2597 5408 Spiritum

1038 5437 1380 5506 sanctum,
1423 5425 1541 5494 sed
1585 5425 1881 5516 Spiritus
1933 5434 2207 5494 sanctus
2236 5447 2390 5492 non
2437 5449 2599 5516 pro-

1013 5539 1185 5630 prie
1219 5536 1430 5603 mittit
1460 5558 1532 5601 se
1571 5556 1586 5600 :
1620 5541 1687 5602 et
1719 5532 1869 5601 ideo
1930 5531 2177 5602 dicitur
2203 5533 2468 5604 mittere
2497 5557 2595 5612 se,

1044 5645 1208 5737 quia
1243 5642 1576 5733 approbat
1624 5662 1821 5709 suam
1872 5640 2268 5710 missionem
2317 5641 2404 5710 ab
2465 5640 2598 5710 illis

1306 5794 1421 5835 nv

4116 303 4245 368 417

2704 473 2949 539 factam
2995 495 3009 537 :
3056 472 3231 538 sicut
3283 472 3365 539 de
3405 471 3631 561 aliquo
3671 480 4044 560 spontaneo
4085 469 4255 537 dici-

2703 589 2837 659 tur,
2881 580 3022 669 ipse
3065 578 3222 645 facit
3283 601 3355 644 se
3402 578 3616 645 facere
3666 578 3821 655 hoe,
3902 578 4059 667 quia
4099 576 4256 643 facit

2704 686 2834 755 hoc
2892 711 2973 754 ex
3032 686 3339 754 libertate
3406 709 3545 753 suae
3613 671 3983 754 voluntatis
4051 692 4118 752 et
4171 707 4254 752 ex

2703 817 2959 861 amore.

2793 1006 2893 1070 Ao
2942 1027 3008 1069 ιι)
3041 1003 3225 1093 quod
3274 1002 3553 1070 ulterius
3604 1004 3930 1092 quaeritur
3967 1002 4046 1069 de
4096 1003 4248 1081 ista,
4283 1022 4603 1078 maquaest

2706 1111 2997 1201 Spiritus
3054 1120 3323 1179 sanctus
3394 1111 3691 1199 procedit
3757 1134 3795 1176 a
3852 1134 3920 1176 se
3987 1133 3999 1175 :
4072 1110 4247 1193 dien,

2704 1218 2886 1309 quod
2917 1241 3071 1286 meo
3104 1217 3361 1306 judicio
3416 1217 3540 1282 ista
3584 1216 3809 1282 minus
3839 1214 4042 1283 habet
4086 1239 4253 1306 pro-

2704 1327 3032 1414 prietatis,
3085 1346 3294 1413 quam
3337 1322 3564 1413 aliqua
3602 1322 3890 1404 aliarum
3945 1345 3959 1388 ;
4025 1331 4261 1390 tamen

2704 1435 2861 1523 quia
2896 1433 3187 1499 Sanctus
3218 1454 3367 1498 eam
3405 1430 3589 1511 dicit,
3615 1429 3912 1498 concedo
3945 1453 4097 1498 eam
4126 1430 4252 1497 sub

2704 1538 2835 1607 hoc
2872 1563 3099 1624 sensu,
3153 1538 3337 1629 quod
3395 1537 3812 1628 intelligatur
3858 1537 3939 1603 de
3976 1560 4257 1627 proces-

2704 1648 2895 1715 sione
2930 1647 3197 1737 passiva
3226 1645 3588 1735 temporali
3623 1667 3638 1712 ε
3673 1654 3740 1712 et
3778 1653 3936 1712 tunc
3983 1666 4253 1733 expono

2706 1780 2856 1823 eam
2914 1756 3358 1824 sicutvetiam
3426 1754 3610 1821 illam
3668 1753 3895 1830 aliam,
3961 1752 4254 1841 Spiritus

2703 1872 2976 1930 sanctus
3026 1863 3235 1929 mittit
3297 1885 3393 1929 se.
3457 1860 3631 1940 Quia
3695 1859 3845 1926 licet
3913 1860 4252 1948 processio

2705 1996 2841 2041 non
2872 1972 3050 2038 dicat
3089 1971 3220 2038 nisi
3253 1969 3831 2060 comparationem
3882 1966 3965 2035 ad
4008 1967 4251 2057 princi·

2702 2081 2888 2171 pium
2931 2104 2970 2146 a
3001 2103 3165 2169 quc,
3244 2088 3471 2145 tamen
3511 2076 3782 2168 quando
3840 2074 4109 2142 additur
4144 2074 4257 2141 de-

2699 2186 3091 2255 terminatio
3186 2183 3605 2276 temporalis‚
3697 2182 3966 2249 additur
4002 2260 4007 2264 ⁴
4046 2182 4252 2249 etiam

2700 2295 3123 2386 comparatio
3173 2295 3256 2362 ad
3314 2292 3655 2372 effectum,
3707 2300 3770 2359 et
3829 2292 3913 2358 ad
3971 2314 4128 2360 eum
4183 2291 4250 2357 in

2701 2426 2906 2494 quem
2950 2403 3276 2494 procedit.
3961 2481 3971 2492 ⁶

2790 2511 2894 2577 Αυ
2926 2532 2992 2578 m
3021 2518 3250 2578 autem
3282 2509 3465 2600 quod
3505 2518 3737 2576 contra
3775 2509 4116 2599 objicitur,
4149 2507 4248 2576 di·

2700 2621 2990 2690 cendum
3041 2619 3225 2711 quod
3281 2619 3624 2710 processio
3682 2618 4073 2709 temporalis
4126 2642 4247 2687 os-

2704 2729 2914 2799 tendit
2951 2738 3274 2797 aeternam
3336 2727 3505 2797 :sed
3563 2751 3697 2796 non
3754 2727 4050 2796 ostendit
4095 2752 4246 2796 eam

2701 2864 2848 2910 esse
2884 2838 2969 2907 ab
3000 2837 3239 2906 codem
3278 2836 3628 2928 supposito
3666 2835 3848 2927 quod
3903 2837 4250 2927 signitica-

2705 2955 2815 3016 tur
2844 2948 2910 3015 in
2943 2946 3310 3024 locutione,
3355 2952 3427 3012 ut
3460 2945 3645 3036 prius
3673 2944 3928 3013 dictum
3958 2954 4083 3014 est.

2796 3057 2897 3123 An
2942 3077 3141 3122 Αιιυυ
3177 3054 3563 3131 dicendum,
3607 3052 3786 3145 quod
3818 3078 3972 3122 cum
4004 3053 4251 3124 dicitur

2702 3162 3119 3254 temporalis,
3161 3184 3297 3230 non
3338 3163 3616 3253 ponitur
3653 3185 3768 3252 per
3806 3161 3935 3231 hoc
3972 3163 4041 3232 in
4090 3186 4250 3256 spe-

2700 3273 2800 3341 cie
2832 3270 3069 3364 aliqua
3094 3271 3440 3364 processio
3482 3269 3773 3361 Spiritus
3802 3272 4016 3341 sancti
4058 3298 4077 3342 2
4111 3296 4253 3342 non

2700 3382 2885 3451 enim
2914 3380 3189 3450 advenit
3231 3389 3301 3449 ut
3330 3380 3731 3458 differentia,
3774 3382 3891 3450 sed
3927 3383 4158 3474 potius
4177 3390 4252 3452 ut

2702 3489 3033 3567 accidens,
3070 3511 3206 3556 non
3239 3488 3652 3579 processioni
3694 3487 3761 3556 in
3800 3513 3895 3565 se,
3921 3488 4039 3558 sed
4069 3491 4253 3560 acci-

4354 2545 4435 2592 Ad
4467 2549 4504 2595 1.

2700 3596 2796 3665 dit
2827 3596 2887 3664 ei
2917 3620 3001 3666 ex
3031 3604 3220 3688 parte
3249 3597 3521 3665 termini
3563 3596 3630 3664 in
3685 3619 3887 3687 quem
3933 3607 4035 3667 est
4081 3622 4249 3691 pro·
4355 3691 4363 3699 ι

2701 3706 2917 3774 cessio
2948 3705 3343 3796 temporalis
3376 3731 3392 3773 t
3429 3714 3495 3773 et
3540 3706 3692 3774 ideo
3731 3708 3935 3775 etiam
3990 3708 4249 3776 dirimit

2705 3814 3038 3881 rationem
3080 3813 3290 3903 ipsius
3325 3833 3342 3881 ε
3384 3813 3544 3904 quia
3593 3816 3931 3904 processio
3976 3823 4250 3906 tempo·

2705 3920 2863 3989 ralis
2900 3928 2999 3987 est
3042 3921 3386 4011 processio
3424 3920 3792 3987 secundum
3835 3922 4019 4012 quid.

2795 4027 2872 4096 tit
2912 4028 2966 4094 si
3000 4036 3071 4095 tu
3111 4027 3417 4115 objicias,
3472 4027 3655 4118 quod
3709 4030 4081 4098 secuudum
4124 4028 4253 4099 hoc

2706 4158 2842 4203 non
2882 4134 3079 4202 debet
3112 4134 3355 4202 inferre
3384 4158 3559 4202 eam.
3618 4134 4022 4217 Dicendum,
4068 4136 4253 4228 quod

2705 4264 2843 4307 nou
2874 4240 3129 4307 dirimit
3166 4240 3231 4307 in
3263 4249 3416 4308 actu
3449 4242 3922 4331 processionis,
3966 4243 4085 4311 sed
4124 4266 4253 4334 po·

2704 4348 2838 4413 tius
2871 4348 2938 4414 in
2981 4346 3185 4414 modo
3217 4347 3637 4437 significandi
3662 4371 3812 4415 eam
3849 4372 3864 4415 :
3899 4350 4059 4439 quia
4081 4360 4254 4419 tem-

2707 4454 2958 4545 poralis
2991 4461 3210 4543 potest
3243 4455 3608 4546 signiticari
3652 4456 3718 4522 in
3760 4461 4117 4547 supposito
4144 4460 4253 4527 cui

2704 4585 2843 4630 non
2881 4562 3226 4643 convenit,
3289 4569 3361 4628 ut
3415 4584 3571 4630 cum
3626 4561 3897 4643 dicitur,
3938 4565 4256 4656 ,Spiritus

2706 4669 3009 4761 procedit
3072 4693 3114 4736 a
3169 4693 3267 4751 se,
3330 4692 3468 4735 non
3534 4672 3853 4738 convenit
3911 4674 4254 4762 processio

2710 4779 2975 4871 passiva
3004 4786 3257 4846 aeterna
3280 4776 3436 4845 huic
3460 4779 3812 4869 supposito
3834 4780 4020 4870 quod
4048 4806 4259 4870 agens

2706 4907 2857 4955 eam
2897 4884 3342 4975 significatur,
3388 4885 3517 4953 nisi
3555 4885 3773 4974 gratia
3812 4895 3999 4955 actus
4036 4889 4255 4958 dona-

2704 4994 2912 5061 tionis
2950 4991 3233 5062 effectus
3264 4993 3331 5060 in
3366 5015 3504 5084 quo
3550 4990 3840 5083 Spiritus
3888 5004 3991 5063 est
4031 5005 4100 5064 et
4133 4997 4261 5066 da-

2706 5111 2843 5181 tur,
2876 5110 2941 5170 et
2970 5123 3111 5170 non
3139 5101 3357 5193 gratia
3397 5098 3754 5191 significati
3811 5103 4200 5195 principalis
4233 5127 4250 5174 ε

2706 5218 2772 5277 et
2809 5207 2961 5275 ideo
2993 5210 3199 5277 etiam
3228 5206 3454 5299 quoad
3493 5205 3624 5275 hoc
3661 5229 3797 5275 non
3838 5208 4035 5279 infert
4073 5233 4251 5283 eam.

2706 5316 2861 5383 Non
2892 5320 3075 5385 enim
3124 5338 3402 5407 possum
3443 5312 3711 5399 inferre,
3756 5313 4049 5407 Spiritus
4106 5343 4261 5411 pro-

2709 5423 2884 5492 cedit
2926 5449 2966 5492 a
3004 5449 3075 5492 se
3125 5420 3613 5512 temporaliter,
3665 5446 3827 5512 ergo
3875 5427 4179 5515 procedit
4218 5452 4260 5498 a

2705 5555 2776 5602 se
2820 5554 2836 5600 ε
2872 5533 2991 5602 sed
3028 5534 3148 5612 sic,
3182 5554 3346 5624 ergo
3395 5531 3698 5622 procedit
3743 5553 3783 5599 a
3821 5556 4256 5630 quocumque

2707 5642 3047 5733 procedat.

3958 5785 4025 5836 ΞῚ
