4897 6388
881 3878 1086 3930 Sotuuo.

909 5731 984 5780 Ad
1008 5735 1048 5783 Ι.

1963 330 2059 396 IN
2106 328 2136 395 1
2185 325 2897 416 SENTENT.·n1sT.
2956 325 3076 406 111,
3130 326 3212 394 e.
3268 328 3468 394 An‘r.
3529 331 3632 395 19.
3875 397 3886 406 ,

1192 520 1288 564 ce.
1334 498 1420 565 Et
1466 497 1651 575 dicit,
1697 496 1876 586 quod
1932 506 2033 565 est
2079 499 2165 565 in*
2210 499 2407 567 nobis
2454 499 2630 567 sicut
2678 497 2748 564 in

1190 604 1409 671 solido
1441 625 1648 670 aureo
1687 625 1699 668 :
1738 604 1805 670 in
1866 603 2224 695 Unigenito
2282 617 2513 675 autem
2573 607 2750 673 sicut

1190 713 1258 778 in
1308 712 1445 779 filio
1484 734 1499 777 ε
1533 733 1696 800 ergo
1749 711 2037 795 videtur,
2083 715 2263 805 quod
2307 724 2541 782 nostra
2581 715 2748 780 ima-

1190 842 1275 908 go
1337 841 1476 885 non
1533 819 1622 885 sit
1662 821 1743 887 ad
1815 822 2180 912 imaginem
2237 823 2609 889 increatam
2659 822 2747 888 si-

1189 922 1499 991 militudo
1541 933 1608 992 et
1647 930 1893 1007 unitaS,
1927 927 2048 995 sed
2084 925 2299 994 multa
2351 928 2738 997 diversitas,

1274 1035 1338 1100 ὃ.
1403 1033 1760 1118 Praeterea,
1825 1037 1994 1103 Cum
2062 1036 2239 1103 dicat
2281 1036 2735 1127 Augustinus,

1184 1141 1365 1230 quod
1433 1143 1562 1210 tria
1608 1166 1751 1211 sese
1800 1151 1958 1209 sunt
1991 1147 2499 1235 consequentia,
2553 1144 2743 1212 scili-

1180 1257 1287 1316 cet
1330 1249 1704 1340 aequalitas,
1750 1251 2148 1330 similitude,
2184 1261 2251 1320 et
2300 1253 2529 1343 imago
2566 1275 2582 1319 :
2621 1251 2741 1318 ubi

1180 1360 1366 1426 enim
1411 1358 1788 1450 aequalitaS,
1838 1360 1931 1429 ibi
1987 1361 2384 1440 similitudo,
2427 1361 2548 1429 sed
2596 1383 2738 1428 non

1181 1468 1600 1535 convertitur
1633 1490 1648 1535 ε
1686 1481 1746 1536 et
1781 1468 1898 1535 ubi
1950 1469 2203 1561 imag0,
2242 1468 2336 1536 ibi
2377 1467 2736 1558 aequalitas

1181 1582 1247 1640 et
1284 1573 1689 1653 similitudo,
1733 1576 1847 1644 sed
1881 1599 2018 1645 non
2046 1577 2466 1645 convertitur
2509 1601 2524 1645 :
2561 1599 2736 1667 qua-

1180 1706 1250 1752 re
1292 1707 1430 1752 non
1462 1686 1556 1752 ita
1597 1686 1841 1754 diflinit
1889 1687 2255 1777 imaginem
2290 1711 2409 1778 per
2443 1686 2735 1778 aequali-

1178 1799 1414 1871 tatem,
1494 1795 1667 1863 sicut
1741 1818 1861 1884 per
1942 1796 2484 1880 similitudinem,
2571 1818 2732 1863 cum

1176 1901 1531 1991 aequalitas
1570 1902 1721 1992 plus
1750 1902 2021 1971 accedat
2058 1903 2141 1971 ad
2180 1907 2518 1972 rationem
2549 1905 2732 1972 ima·-

1176 2010 1356 2098 ginis
1396 2032 1602 2101 quam
1634 2011 2060 2080 similitudo?

1266 2118 1332 2183 6.
1399 2115 1759 2198 l'roeterea,
1812 2117 1953 2185 Sibi
2015 2119 2284 2187 videtur
2347 2118 2732 2187 contrarius

1180 2247 1324 2293 esse
1368 2225 1673 2296 Hilarius
1708 2250 1725 2296 ε
1761 2229 1920 2319 quia
1985 2251 2189 2320 supra
2251 2228 2562 2297 habitum
2629 2237 2732 2299 est

1179 2330 1360 2419 (dist.
1405 2334 1471 2421 2)
1514 2333 1627 2401 ubi
1675 2334 1859 2412 dicit,
1894 2335 2079 2425 quod
2126 2337 2352 2427 imago
2392 2358 2534 2404 non
2583 2335 2731 2403 sola

1176 2448 1276 2507 est
1319 2460 1335 2508 t
1383 2440 1495 2510 hic
1516 2450 1742 2510 autem
1782 2443 2028 2511 diffinit
2073 2466 2219 2513 eam
2245 2466 2367 2535 per
2393 2446 2730 2513 unitatem

1176 2571 1330 2618 cum
1363 2549 1549 2629 dicit,
1590 2551 1979 2619 similitudo
2007 2562 2071 2620 et
2100 2555 2355 2620 unitas.

1265 2659 1334 2727 7.
1404 2657 1765 2742 Praeterea,
1837 2660 2008 2729 Cum
2073 2663 2159 2729 sit
2213 2662 2579 2753 vestigium
2657 2661 2729 2729 in

1177 2776 1483 2837 creatura
1514 2791 1635 2860 per
1662 2769 1844 2860 quod
1874 2773 2078 2839 etiam
2118 2772 2444 2862 accipitur
2487 2770 2733 2862 cogni-

1176 2878 1273 2944 tio
1312 2877 1542 2968 aliqua
1566 2878 1933 2958 Trinitatis,
1967 2888 2272 2970 potestne
2301 2879 2430 2947 dici
2469 2879 2735 2947 simili-

1179 2985 1346 3052 tudo
1383 2997 1450 3053 et
1478 2987 1712 3054 unitas
1752 2985 1794 3054 Ρ

1267 3095 1332 3163 8.
1374 3093 1567 3169 ltem,
1605 3093 1772 3174 Quae
1812 3094 2189 3165 diss'erentia
2232 3105 2333 3164 est
2377 3098 2557 3166 inter
2608 3120 2736 3166 ve-

1171 3205 1457 3295 stigium
1501 3205 1951 3295 etimaginem
1975 3207 2012 3274 ⁴?
2048 3208 2102 3272 si
2138 3206 2318 3273 enim
2360 3206 2734 3297 vestigium

1181 3333 1319 3379 non
1350 3322 1789 3402 repraesentat
1820 3315 1886 3380 in
1918 3321 2089 3391 toto,
2123 3323 2190 3382 et
2221 3315 2450 3407 imago
2480 3316 2737 3383 simili-

1180 3426 1283 3486 ter
1345 3441 1486 3487 non
1553 3428 1992 3511 reproesentat
2059 3422 2128 3489 in
2186 3430 2358 3504 toto,
2428 3431 2505 3491 ut
2575 3422 2739 3492 dicit

1182 3524 1530 3617 Magister,
1564 3527 1834 3595 videtur
1863 3550 2001 3596 non
2032 3551 2177 3597 esse
2214 3526 2598 3598 differentia
2640 3531 2740 3598 in-

1181 3642 1285 3703 ter
1312 3659 1417 3704 ea.

1273 3846 1583 3917 Somno.
1632 3848 2030 3929 Dicendum,
2077 3849 2259 3942 quod
2315 3851 2392 3920 in
2448 3853 2738 3921 veritate

1182 3954 1314 4023 illae
1347 3954 1843 4024 notificationes
1876 3956 2109 4025 llilarii
2151 3958 2235 4025 ab
2256 3981 2337 4026 eo
2368 3958 2545 4027 datae
2577 3966 2738 4027 sunt

1178 4064 1261 4132 de
1304 4067 1608 4153 imagine
1659 4068 1950 4133 increata
1999 4090 2151 4157 quae
2203 4075 2298 4134 est
2358 4066 2573 4134 Filius
2616 4089 2632 4133 ε
2676 4067 2733 4135 si

1177 4182 1406 4239 tamen
1473 4172 1924 4240 extendantur
1969 4175 2051 4241 ad
2109 4175 2478 4265 imaginem
2535 4197 2735 4244 crea-

1176 4292 1313 4350 tam
1356 4286 1454 4371 (ut
1500 4283 1776 4374 quidam
1819 4282 2085 4373 volunt)
2135 4294 2294 4352 tunc
2339 4284 2735 4353 conceden-

1171 4384 1333 4454 dum
1409 4397 1534 4470 est,
1580 4388 1761 4479 quod
1816 4388 1984 4457 nihil
2034 4388 2346 4480 prohibet
2404 4390 2733 4459 omnibus

1170 4496 1389 4563 tribus
1418 4496 1830 4587 imaginibus
1861 4498 1960 4586 (ut
1991 4499 2083 4565 ita
2118 4497 2365 4589 dicam)
2407 4498 2731 4568 notifica-

1170 4603 1427 4671 tionem
1461 4602 1645 4671 illam
1685 4605 2049 4673 convenire
2085 4628 2207 4696 per
2265 4607 2458 4697 prius
2497 4614 2565 4675 et
2596 4629 2729 4699 po-

1172 4713 1416 4779 sterius
1446 4732 1464 4780 :
1505 4719 1574 4780 et
1603 4733 1721 4802 per
1747 4713 1933 4801 prius
1953 4714 2270 4781 convenit
2304 4713 2590 4805 imagini
2624 4716 2727 4782 si-

1174 4817 1579 4888 militudinis
1635 4843 1784 4911 quae
1839 4830 1940 4888 est
1988 4822 2054 4888 in
2114 4821 2325 4889 tribus
2369 4824 2719 4912 potentiis,

1170 4924 1425 4994 scilieet
1464 4929 1816 5008 memoria,
1852 4926 2321 5018 intelligentia,
2363 4938 2430 4996 et
2467 4929 2725 4999 volun-

1168 5042 1303 5100 tate
1340 5056 1355 5101 :
1390 5056 1511 5125 per
1551 5036 1882 5125 posterius
1923 5043 2150 5103 autem
2190 5037 2364 5105 sicut
2411 5036 2719 5127 subjecto

1167 5143 1491 5208 convenit
1558 5141 1798 5209 rationi
1864 5165 2014 5233 quae
2078 5142 2170 5210 ibi
2245 5148 2528 5235 ponitur
2591 5169 2718 5237 pro

1164 5259 1354 5338 parte
1410 5252 1657 5316 mentis
1705 5271 1854 5339 qum
1897 5250 1972 5344 in
2018 5252 2303 5330 ratione,
2353 5252 2423 5320 id
2473 5263 2600 5330 est,
2647 5255 2717 5321 in

1162 5355 1482 5425 rationali
1534 5358 1787 5433 anima,
1835 5357 2271 5427 excellentior
2324 5381 2482 5451 pars
2537 5371 2640 5431 est
2690 5384 2709 5429 :

1160 5465 1445 5555 imagini
1484 5473 1712 5533 autem
1751 5467 2186 5535 recreationis
2221 5470 2546 5537 convenit
2592 5492 2715 5560 per

1158 5568 1503 5650 effectum,
1574 5572 1733 5663 quia
1796 5570 1954 5640 facit
2016 5575 2367 5644 actualiter
2422 5576 2705 5646 imitari.

1245 5680 1350 5748 An
1377 5701 1576 5748 Auno
1604 5678 1989 5760 dicendum,
2021 5680 2204 5771 quod
2233 5681 2524 5753 discreta
2562 5687 2712 5776 qui-

4286 326 4409 392 117

2859 497 3015 564 dem
3064 508 3166 566 est
3216 499 3445 588 imago
3500 503 3746 570 creata,
3793 503 3868 560 ut
3913 495 4283 561 secundum
4339 515 4410 560 se

2857 617 2959 675 est
3009 608 3439 677 considerata
3493 618 3567 676 ut
3610 629 3715 674 res
3771 605 4078 697 quaedam
4124 604 4292 671 :sed
4341 604 4410 669 in

2861 718 3122 783 ratione
3168 717 3492 805 imaginis
3540 737 3678 782 non
3718 713 4041 802 accipitur
4088 710 4256 791 sola,
4292 710 4409 777 sed

2856 822 2922 888 id
2955 823 3149 910 cujus
3201 824 3429 911 imago
3461 830 3585 897 est,
3630 821 3954 910 accipitur
4000 819 4067 885 in
4109 819 4251 908 ipsa
4274 839 4408 883 una

2854 929 3251 1019 acceptione
3282 953 3439 997 eum
3475 929 3619 1019 ipsa
3652 951 3667 995 :
3707 931 3864 1019 quia
3893 929 3987 996 sic
4017 926 4410 994 considera-

2852 1045 2920 1104 ta
2962 1037 3148 1105 ducit
3177 1035 3597 1104 intellectum
3639 1036 3709 1102 in
3749 1034 4116 1124 exemplar,
4151 1043 4216 1100 et
4253 1033 4404 1100 ideo

2853 1170 2990 1214 uno
3019 1156 3173 1215 actu
3207 1143 3628 1236 intelligendi
3660 1145 3983 1235 accipitur
4011 1153 4400 1232 utrumque,

2851 1257 3010 1345 quia
3043 1278 3258 1322 unum
3292 1256 3363 1322 in
3402 1255 3563 1332 alio,
3598 1262 3666 1322 et
3695 1254 3792 1321 sic
3820 1254 4149 1343 contingit
4180 1274 4402 1320 exem-

2848 1363 3021 1453 plar,
3057 1373 3121 1431 et
3150 1374 3252 1431 est
3283 1363 3643 1431 indiscreta
3665 1361 3750 1430 ab
3784 1364 3960 1454 ipso,

2937 1473 3041 1539 An
3105 1494 3305 1539 Auun
3364 1471 3753 1555 dicendum,
3814 1470 3995 1561 quod
4048 1470 4397 1537 dissimili-

2846 1581 3012 1648 tudo
3046 1604 3200 1671 quae
3229 1589 3328 1647 est
3370 1581 3438 1647 in
3472 1583 3614 1669 ipsa
3660 1602 3799 1647 non
3846 1588 3944 1647 est
3975 1581 4043 1646 in
4075 1602 4151 1646 ea
4193 1588 4264 1645 ut
4297 1588 4397 1646 est

2844 1691 3076 1780 imago
3112 1711 3128 1757 ε
3166 1690 3328 1780 quia
3375 1688 3547 1755 nibil
3595 1697 3697 1757 est
3751 1688 3976 1779 imago
4024 1688 4393 1756 secundum

2843 1820 2915 1864 se
2973 1796 3305 1865 dissimile
3340 1806 3456 1864 :et
3512 1795 3663 1864 ideo
3705 1795 3872 1864 illud
3923 1819 4057 1865 non
4116 1796 4397 1887 impedit

2847 1905 3434 1975 indiscretionem.

2931 2015 3038 2080 An
3085 2036 3285 2081 Αιιυυ
3334 2013 3719 2091 dicendum,
3779 2014 3961 2106 quod
4010 2037 4241 2081 verum
4296 2023 4397 2083 est

2842 2118 3030 2210 quod
3070 2141 3210 2186 non
3241 2126 3554 2210 coaequat
3594 2118 3943 2209 exemplar
3970 2120 4035 2185 in
4079 2129 4244 2194 toto,
4281 2119 4397 2187 sed

2842 2225 3219 2293 secundum
3251 2225 3319 2292 id
3350 2225 3536 2317 quod
3564 2226 3834 2317 attingit
3864 2224 4267 2316 aliqualiter,
4300 2227 4395 2293 sic

2842 2353 3198 2421 coaequare
3230 2332 3494 2408 nititur,
3527 2330 3704 2398 unde
3743 2339 4131 2421 cooequatur
4159 2352 4396 2398 secun-

2842 2439 3005 2507 dum
3040 2437 3228 2527 quid.

2932 2548 3038 2613 Αυ
3087 2569 3152 2614 m
3183 2547 3371 2635 quod
3409 2545 3726 2635 objicitur
3756 2546 3838 2614 de
3879 2546 4172 2616 secunda
4215 2543 4393 2612 dilli-

2842 2654 3131 2734 nitione,
3158 2653 3522 2723 dicendum
3553 2653 3736 2746 quod
3776 2656 3831 2722 si
3871 2655 4227 2723 extendere
4271 2675 4391 2720 ve-

2843 2762 3051 2829 limus
3079 2784 3233 2831 eam
3280 2762 3368 2831 ad
3430 2764 3797 2853 imaginem
3855 2773 4169 2838 creatam,
4235 2771 4394 2831 tunc

2842 2870 2971 2937 erit
3012 2869 3238 2937 unitas
3269 2892 3408 2937 non
3439 2868 3994 2947 substantialiter,
4025 2869 4141 2937 sed
4174 2870 4398 2936 unitas

2844 2977 3249 3044 imitationis
3288 2987 3354 3044 et
3382 2975 3689 3045 ducentis
3713 2978 3780 3044 in
3811 2976 3993 3045 aliud
4015 2999 4133 3068 per
4159 2999 4396 3067 oequa·

2843 3084 3104 3152 litatem
3134 3095 3200 3152 et
3231 3083 3745 3154 similitudinem
3785 3108 3800 3153 ε
3834 3095 3897 3152 et
3929 3095 4087 3152 tunc
4110 3094 4207 3153 est
4239 3086 4399 3152 uni-

2845 3204 2947 3261 tas
2976 3192 3152 3262 bene
3184 3194 3254 3261 in
3283 3194 3579 3287 imagine
3612 3194 3789 3286 regis
3822 3196 3887 3262 in
3911 3194 4126 3263 solido
4158 3217 4389 3263 aureo,

2937 3301 3041 3368 Au
3089 3324 3289 3369 Αιιυο
3337 3301 3724 3379 dicendum,
3784 3302 3967 3393 quod
4018 3301 4392 3370 similitudo

2848 3430 2986 3475 uno
3020 3408 3228 3476 modo
3269 3410 3603 3498 majorem
3648 3409 3808 3477 dicit
3850 3410 4394 3478 convenientiam

2848 3540 3056 3607 quam
3096 3517 3452 3609 aequalitas
3485 3539 3501 3584 :
3538 3527 3639 3586 est
3669 3519 3852 3586 enim
3881 3516 4252 3586 similitudo
4285 3539 4397 3584 re-

4503 1526 4582 1571 Ad
4609 1524 4651 1574 2.

4501 2062 4577 2107 Ad
4610 2061 4662 2111 3.

4498 2595 4571 2643 Ad
4596 2600 4638 2644 ί.

4502 3319 4666 3403 Αιιό.

2848 3648 2999 3692 rum
3041 3625 3500 3694 differentium
3542 3626 3778 3694 eadem
3820 3623 4156 3717 qualitas:
4197 3626 4253 3692 si
4284 3647 4398 3693 er-

2845 3757 2937 3824 go
2979 3734 3049 3801 in
3078 3732 3487 3803 diffinitione
3515 3735 3908 3825 accipiatur,
3953 3733 4125 3801 dicet
4166 3732 4234 3800 in
4285 3755 4398 3800 ra-

2846 3844 3032 3911 tione
3137 3844 3460 3935 imaginis
3550 3867 3826 3913 omnem
3912 3841 4392 3935 oequalitatem,

2844 3954 3185 4042 proecipue
3216 3954 3622 4022 exteriorem
3672 3976 3688 4021 :
3738 3966 3805 4022 et
3853 3954 3940 4021 ita
3981 3954 4182 4021 etiam
4221 3952 4397 4021 dicet

2845 4059 3400 4128 convenientiam
3444 4060 3512 4128 in
3561 4060 3806 4138 forma,
3865 4083 3986 4128 seu
4042 4061 4218 4128 circa
4274 4058 4390 4127 ali·

2845 4167 3010 4257 quid
3047 4177 3407 4237 constante
3446 4170 3665 4259 ligura
3734 4191 3750 4236 :
3816 4178 3879 4237 et
3922 4167 4034 4237 illa
4093 4166 4392 4236 maxime

2841 4277 3108 4365 perficit
3175 4277 3495 4369 imaginis
3579 4280 3912 4347 rationem
3979 4276 4128 4368 plus
4187 4298 4393 4368 quam

2840 4383 3195 4474 aequalitas
3237 4388 3304 4454 in
3347 4388 3724 4477 quantitate
3762 4386 3930 4456 sola.

2929 4493 3035 4558 An
3082 4515 3282 4561 Αιιιῑο
3366 4494 3755 4573 dicendum,
3838 4494 4020 4586 quod
4086 4493 4383 4563 llilarius
4493 4534 4566 4584 u
4593 4540 4637 4588 ι

2838 4621 2979 4668 non
3010 4608 3111 4668 est
3159 4602 3543 4670 contrarius
3580 4602 3707 4670 sibi
3756 4626 3771 4670 :
3830 4604 3987 4694 quia
4025 4626 4226 4693 supra
4269 4625 4388 4671 vo-

2836 4705 2988 4787 luit,
3040 4709 3225 4798 quod
3281 4711 3509 4802 imago
3549 4710 3741 4801 plura
3788 4712 4134 4803 supposita
4181 4734 4387 4802 pone·

2837 4824 2935 4883 ret
2974 4818 3118 4885 sive
3153 4818 3219 4886 in
3256 4829 3467 4899 recto,
3508 4820 3652 4886 sive
3694 4820 3763 4887 in
3811 4819 4111 4910 obliquo,
4148 4829 4221 4888 ut
4265 4842 4385 4887 su-

2833 4945 2954 5014 pra
2995 4925 3255 4994 dictum
3286 4934 3410 4994 est.
3457 4925 3582 4994 llic
3610 4936 3837 4994 autem
3887 4926 4198 5018 intelligit
4245 4950 4381 4994 non

2832 5032 2916 5101 de
2974 5034 3236 5101 unitate
3290 5031 3807 5123 singularitatis.
3860 5033 3976 5102 sed
4028 5035 4253 5124 potius
4297 5033 4380 5101 de

2830 5143 3091 5208 unitate
3123 5163 3260 5231 qua
3304 5142 3623 5210 ordinati
3667 5140 3749 5209 ad
3797 5166 3867 5209 se
3928 5144 4252 5208 uniuntur
4309 5141 4377 5208 in

2825 5246 2959 5317 hoc
2990 5249 3176 5334 quod
3208 5273 3422 5317 unum
3455 5261 3553 5320 est
3583 5251 3655 5317 in
3694 5250 3828 5318 alio
3877 5274 3994 5341 per
4023 5250 4149 5317 boc
4194 5250 4378 5339 quod

2825 5359 3158 5446 accipitur
3190 5358 3260 5425 in
3294 5360 3467 5447 ipso.

2912 5466 3019 5532 An
3065 5490 3265 5535 Αιιυο
3313 5466 3703 5550 dicendum,
3736 5469 3919 5560 quod
3962 5469 4030 5536 in
4077 5478 4369 5560 quatuor
4407 5524 4488 5573 Μ
4515 5524 4704 5578 ια..

2822 5573 3146 5643 dill'erunt
3180 5576 3575 5667 vestigium,
3609 5587 3677 5645 et
3706 5577 3960 5669 imago.
3997 5578 4221 5648 Unum
4266 5592 4367 5651 est

2823 5686 3008 5777 quod
3074 5688 3443 5777 vestigium
3506 5697 3606 5757 est
3654 5689 3930 5759 confusa
3992 5693 4364 5764 similitudo
