4897 6388
554 302 558 305 ⁴
617 346 743 413 142
840 308 853 314 ’
1224 439 1227 442 Α
1649 336 1731 403 D.
1784 334 1979 402 Am.
2033 331 2247 401 MAG.
2301 333 2505 402 can.
2558 303 2854 426 PRAEn.

498 579 503 583 .
610 514 689 586 in
734 535 888 610 quo
922 490 1105 587 suut
1137 496 1304 586 licec
1350 511 1519 602 tria,
1565 510 1816 605 imago
1857 508 2156 603 dicitur,
2192 507 2478 584 scilicet
2528 500 2784 583 ho‘mo.
2821 503 3046 584 'Sicut
3103 507 3357 604 imago
3399 507 3688 581 dicitur·
3742 497 3820 582 et

608 649 903 741 tabula,
950 658 1024 723 et
1058 647 1358 744 pictura
1398 667 1575 740 quae
1609 640 1828 716 estin
1870 665 1955 716 ca
1995 668 2010 715 :
2056 643 2188 717 sed
2248 643 2507 717 tabula
2537 644 2850 718 nomine
2919 642 3282 740 imaginis
3348 642 3807 740 appellatur,

510 867 517 874 ,
608 796 922 884 propter
953 783 1331 881 picturam
1366 802 1542 875 quae
1574 786 1689 852 est
1720 777 1795 848 in
1837 801 1949 851 ea.

1689 1373 1778 1445 R.
1813 1371 2085 1447 Altera
2121 1371 2691 1447 dissimilitudO.

702 1797 1005 1872 Rursus
1045 1797 1188 1871 ista
1234 1797 1488 1892 imago
1529 1818 1706 1892 quae
1738 1807 1848 1870 est
1891 1798 2116 1872 homo
2162 1799 2451 1872 liabens
2491 1796 2620 1870 illa
2651 1797 2821 1891 tria,
2872 1820 3029 1872 una
3068 1819 3410 1895 persona
3452 1807 3561 1869 est
3611 1819 3626 1869 ε
3675 1795 3805 1868 illa

601 1957 784 2007 vero
824 1930 1155 2006 Trinitas
1190 1955 1342 2005 non
1391 1954 1547 2004 una
1597 1953 1926 2029 persona
1963 1942 2102 2027 est,
2138 1933 2267 2008 sed
2301 1942 2454 2008 tres
2494 1956 2875 2030 personae,
2923 1933 3153 2008 Pater
3210 1931 3409 2023 Filii,
3443 1940 3516 2006 et
3566 1930 3801 2005 Filius

601 2067 878 2154 PatriS,
915 2078 990 2144 et
1032 2066 1368 2165 Spiritus
1399 2065 1648 2141 Patris
1686 2066 1992 2141 et'Filii.
2038 2070 2300 2166 Itaque
2341 2068 2417 2141 in
2445 2068 2585 2142 ista
2627 2068 2963 2166 imagine
2993 2067 3411 2154 Trinitatis,
3444 2090 3599 2141 non
3635 2068 3798 2141 hoec

601 2206 748 2280 tria
789 2228 996 2280 unus
1031 2207 1292 2298 homo,
1338 2203 1471 2279 sed
1516 2203 1749 2278 unius
1789 2205 2119 2279 hominis
2149 2215 2352 2280 sunt.
2391 2206 2472 2279 In
2520 2205 2651 2280 illa
2680 2230 2862 2280 vero
2895 2204 3201 2281 summa
3236 2205 3630 2298 Trinitate,
3675 2227 3802 2278 cu-

585 2342 720 2438 jus
760 2344 929 2417 haec
971 2341 1225 2438 imago
1268 2352 1408 2429 est,
1447 2363 1600 2414 non
1636 2339 1865 2414 unius
1904 2341 2041 2416 Dei
2083 2351 2260 2417 sunt
2295 2342 2455 2438 „itta
2523 2342 2690 2436 tria,
2734 2341 2871 2417 sed
2952 2367 3154 2416 nnus
3222 2342 3433 2416 Deus
3470 2365 3485 2415 ε
3535 2352 3610 2416 et
3651 2352 3799 2416 tres

595 2486 779 2552 sunt
811 2476 965 2552 ittae
1000 2499 1383 2575 persona),
1430 2499 1581 2549 non
1621 2498 1776 2550 una
1806 2499 2157 2574 persona.
2204 2477 2340 2550 Illa
2368 2476 2574 2551 enim
2612 2477 2748 2552 tria
2778 2500 2932 2552 non
2977 2478 3205 2551 homo
3238 2486 3446 2570 sunt,
3491 2476 3623 2551 sed
3661 2478 3801 2548 ho-

600 2596 832 2686 minis
882 2622 1091 2703 sunt,
1139 2612 1259 2686 vel
1304 2611 1378 2683 in
1419 2610 1730 2685 homine
1770 2623 1971 2685 sunt.
2020 2611 2164 2686 Sed
2200 2611 2572 2708 numquid
2607 2635 3019 2711 possumus
3059 2612 3314 2687 dicere
3354 2610 3794 2685 Trinitatem

592 2746 703 2821 sic
743 2770 914 2822 esse
956 2746 1031 2819 in
1078 2747 1269 2840 Deo,
1318 2757 1398 2819 ut
1428 2745 1718 2844 aliquid
1760 2746 1897 2821 Dei
1951 2747 2073 2842 sit,
2111 2771 2248 2822 nec
2281 2747 2443 2846 ipsa
2486 2748 2584 2821 sit
2622 2746 2899 2823 Deus?
2928 2747 3142 2823 Absit
3189 2758 3270 2820 ut
3323 2748 3467 2822 ltoc
3539 2747 3798 2821 creda·

596 2910 795 2960 mus,
836 2885 1205 2960 Dicamus
1246 2909 1430 2980 crgo
1467 2883 1537 2957 in
1579 2894 1828 2959 mente
1872 2898 2127 2961 nostra
2184 2886 2597 2982 imaginem
2636 2885 3052 2977 Trinitatis,
3109 2885 3240 2961 sed
3289 2885 3678 2981 exiguam,
3723 2895 3798 2960 ct

591 3023 1244 3120 qualemcumque
1286 3042 1454 3094 csse
1488 3044 1504 3094 :
1551 3019 1735 3117 quia
1773 3043 2094 3096 summm
2131 3020 2515 3096 Trinitatis
2556 3021 2659 3095 ita
2696 3021 2894 3119 gerit
2925 3021 3545 3114 similitudinem,
3586 3031 3663 3095 ut
3706 3047 3795 3097 cx

594 3155 929 3232 maxima
962 3166 1174 3255 parte
1216 3154 1314 3229 sit
1353 3153 1774 3229 dissimilis,
1812 3155 2223 3231 Sciendum
2263 3179 2444 3231 vero
2477 3165 2616 3247 est,
2667 3155 2874 3255 quod
2911 3157 3077 3232 ltaec
3103 3155 3435 3230 Trinitas
3479 3156 3783 3250 utentis,

588 3304 667 3382 ut
714 3292 819 3366 ait
858 3291 1343 3387 Augustinus
1378 3289 1452 3363 in
1487 3289 1679 3364 libro
1714 3290 1882 3364 xlv
1912 3291 2003 3366 de
2036 3291 2403 3398 Trine‘lale
2432 3295 2450 3329 ¹
2477 3349 2495 3384 ,
2532 3315 2683 3365 non
2717 3300 3125 3391 propterea
3172 3300 3470 3365 tantum
3531 3291 3786 3387 imago

591 3426 734 3502 Dei
762 3436 903 3520 est,
931 3425 1114 3524 quia
1144 3424 1262 3498 sui
1310 3423 1740 3499 meminerit
1774 3449 2012 3515 menS‚
2055 3437 2128 3500 et
2168 3425 2548 3523 intelligit,
2582 3449 2671 3501 ac
2703 3425 2951 3525 diligit
2981 3450 3064 3501 se
3101 3450 3117 3501 ε
3165 3427 3298 3501 sed
3330 3428 3512 3525 quia
3548 3439 3790 3526 potest

591 3561 823 3636 etiam
870 3558 1347 3654 meminisse,
1383 3570 1458 3635 et
1492 3558 1943 3656 intelligere,
1986 3571 2055 3635 et
2089 3561 2602 3635 amarc'illum
2646 3584 2693 3636 a
2722 3584 2877 3659 quo
2919 3561 3115 3635 sacta
3145 3570 3286 3635 est.

2239 4012 2388 4081 idco
2420 4011 2533 4081 itta
2563 4034 2719 4103 pars
2751 4013 2999 4082 dicitur
3038 4015 3293 4104 imago,
3337 4024 3403 4082 et
3433 4015 3643 4083 homo
3678 4026 3788 4083 to-

1079 4139 1322 4183 ntvisio
1369 4138 1638 4184 wst.
2237 4131 2344 4188 tus
2382 4121 2598 4211 gratia
2627 4118 2808 4187 illius
2839 4123 3072 4211 partis»,
3117 4122 3288 4189 sicut
3333 4120 3563 4189 tabula
3622 4123 3787 4190 dici·

2237 4237 2344 4296 tur
2382 4229 2607 4318 imago
2651 4229 2869 4317 gratia
2914 4229 3240 4318 pictnrae:
3286 4238 3350 4296 et
3410 4228 3551 4297 haec
3611 4231 3783 4298 inci-

679 4359 712 4397 «
765 4335 1238 4401 Verumtamen
1307 4348 1542 4404 caveat
1579 4361 1661 4403 ne
1687 4337 1885 4417 lianc,
1920 4348 2046 4407 etc.
2093 4364 2124 4402 n
2238 4335 2356 4424 pil,
2399 4334 2517 4411 ibi,
2550 4333 2633 4412 Q·
2680 4361 2714 4397 ¹¹
2751 4334 2955 4419 Quod
2982 4333 3273 4402 breviter
3330 4337 3604 4404 oslemll
3642 4348 3791 4427 1¹0!-

678 4439 805 4507 llic
837 4440 1067 4529 incipit
1112 4444 1306 4508 tertia
1348 4465 1503 4531 pars
1534 4444 1727 4519 istius
1756 4445 1961 4533 partis
1981 4467 2128 4535 qua·
2237 4449 2355 4520 est,
2392 4450 2517 4508 etc.
2566 4470 2597 4502 υ
2647 4440 2719 4508 ln
2760 4441 2984 4520 tertia,
3027 4440 3232 4508 aliam
3292 4442 3786 4511 dissimilitudi-

586 4555 686 4614 est
727 4545 809 4614 de
872 4548 1169 4637 imagine
1225 4551 1486 4638 prima:
1549 4560 1613 4618 et
1670 4548 1780 4619 hic
1835 4553 2130 4642 assignat
2237 4568 2390 4612 ucm
2431 4545 2765 4613 ostendit:
2804 4548 2963 4636 quia
2991 4546 3105 4615 illa
3138 4548 3266 4615 tria
3291 4550 3358 4615 iu
3389 4550 3686 4638 imagine
3718 4552 3785 4617 in

584 4651 914 4744 Magister
941 4653 1395 4723 differentiam
1433 4658 1610 4725 iuter
1642 4659 2032 4748 imaginem,
2065 4667 2127 4725 et
2237 4674 2368 4719 una
2403 4675 2686 4742 persona
2717 4662 2917 4721 sunl:
2962 4653 3078 4721 sed
3113 4655 3181 4720 in
3208 4655 3577 4745 exemplari
3630 4666 3783 4722 sunt

586 4760 936 4850 exemplar
978 4784 992 4827 z
1038 4770 1101 4828 ot
1136 4763 1329 4851 ponit
1368 4786 1572 4854 super
1602 4762 1731 4833 hoc
1760 4767 1882 4832 tria
1925 4789 2126 4857 parva
2237 4765 2368 4824 tres
2401 4780 2704 4847 Person&
2764 4781 2940 4825 unus
2993 4758 3200 4839 0⁰⁰⁸»
3244 4769 3310 4827 ⁰1
3370 4782 3508 4827 ¹¹0n
3582 4761 3782 4828 unius

584 4867 911 4954 capitula,
950 4869 1016 4934 in
1051 4891 1346 4958 quorum
1381 4872 1601 4959 primo
1627 4871 1812 4947 dicit.
1857 4873 2035 4963 quod
2069 4874 2135 4939 in
2245 4866 2409 4933 Dei:
2478 4876 2542 4934 el
2631 4864 2773 4934 ltaec
2855 4867 3112 4956 incipit,
3190 4868 3306 4944 ibi,
3371 4868 3451 4949 lt,
3517 4896 3546 4931 α
3606 4871 3786 4936 Πην-

585 4973 895 5064 pluribus
926 4975 1412 5046 dissimilitudo
1435 4990 1534 5046 est
1561 4981 1872 5071 imaginis
1902 4992 2136 5049 croatie
2241 4997 2379 5050 ⁸115,
2416 4984 2543 5043 0¹0·
2580 4999 2611 5037 ⁸

587 5080 671 5147 ad
704 5082 1074 5150 increatam
1108 5108 1317 5175 quatu
1364 5090 1860 5155 convenientia.
1914 5089 1986 5156 ln
2027 5114 2138 5157 se·-

582 5186 830 5262 cunda‚
884 5191 1101 5279 tangit
1153 5193 1524 5281 quamdam
1591 5194 2129 5275 similitudinem,

586 5292 840 5361 scilicet
873 5295 1054 5384 quod
1091 5295 1302 5365 homo
1326 5298 1690 5369 habethaec
1720 5302 1872 5379 tria,
1904 5311 1965 5370 et
1997 5324 2134 5370 non

585 5410 686 5470 est
726 5400 875 5470 haec
897 5403 1025 5469 tria
1049 5425 1064 5470 ε
1091 5402 1297 5474 habet
1326 5417 1554 5476 autem
1587 5411 1655 5477 in
1685 5419 1871 5500 parte
1899 5413 2029 5491 sui,
2068 5420 2134 5480 et

654 5660 669 5694 ¹
704 5660 761 5715 S.
794 5663 1169 5722 Auizcsrtxus,
1192 5657 1314 5712 Lib.
1341 5656 1459 5713 xlv
1483 5658 1555 5712 de
1574 5659 1871 5723 Trinitate,
1897 5678 2021 5734 cap.
2048 5664 2129 5717 ¹4.
