4897 6388
1710 339 1807 407 1N
1856 338 2362 422 [SENTENT.
2414 337 2642 405 DIST.
2696 339 2918 418 XVII,
2970 341 3286 418 E,‘ART.
3341 342 3403 408 8.

4032 342 4168 408 477

957 509 1140 584 ritas
1187 534 1403 585 mea:
1467 519 1598 583 aut
1637 512 1849 584 Deus
1882 508 2217 583 charitas
2261 532 2454 582 mea.
2503 509 2651 583 Sed
2697 510 2799 583 ita
2839 509 3125 584 dictum
3163 520 3306 604 est,
3360 511 3570 583 Deus
3611 511 3939 585 charitas
3988 519 4162 586 estu.

952 645 1152 719 sicut
1192 646 1480 720 dictum
1526 653 1666 738 est,
1712 644 1928 718 Deus
1982 643 2303 741 spiritus
2344 649 2453 717 est
2483 669 2529 716 2.
2595 644 2757 718 Hoc
2797 644 2929 741 qui
2983 669 3136 718 non
3182 645 3541 720 discernit
3607 644 4079 719 intellectum
4131 673 4176 720 a

954 778 1317 872 Domino,
1359 802 1511 852 uon
1575 777 2139 876 expositionem
2190 787 2490 875 quaerat
2528 800 2575 852 a
2616 777 2864 853 nobis.
2901 778 3076 852 Non
3119 778 3325 863 enim
3367 778 3705 875 apertius
3746 778 4165 876 quidquam

956 938 1373 1011 possumus
1415 913 1696 988 dicere.
1744 913 1959 988 Deus
1999 936 2183 1010 ergo
2215 912 2547 987 charitas
2580 922 2718 988 est.
2760 914 2867 987 Ex
2909 913 3299 1010 praedictis
3340 914 3709 1004 clarescit,
3755 913 3958 1010 quod
4002 914 4175 1012 Spi-

956 1048 1150 1124 ritus
1192 1059 1508 1124 sanctus
1565 1049 1902 1124 charitas
1955 1059 2097 1140 est,
2134 1072 2289 1145 qua
2328 1048 2725 1144 diligimus
2766 1048 3008 1123 Deum
3073 1057 3150 1122 et
3200 1048 3630 1147 proximum
3678 1072 3692 1121 :
3744 1049 3947 1123 unde
3989 1050 4175 1123 saci-

957 1184 1106 1258 lius
1135 1193 1255 1276 ⁴est
1306 1183 1531 1258 nobis
1585 1183 1993 1259 ostendere
2025 1183 2409 1281 quomodo
2442 1182 2778 1280 Spiritus
2819 1193 3132 1257 sanctus
3186 1182 3526 1257 mittatur
3572 1182 3732 1257 sive
3785 1184 4008 1258 detur
4051 1209 4179 1258 no·

957 1317 1101 1392 bis.

1367 2203 1873 2275 ARTIGULUS
1928 2204 2112 2272 vm.
2203 2177 2206 2182 ’

970 2424 1214 2490 Utrum
1249 2423 1593 2512 patientia
1631 2423 1724 2490 sil
1774 2422 1911 2490 Dei
1966 2420 2353 2490 substantia
2387 2421 2429 2489 ?
2456 2431 2518 2488 et

1056 2539 1291 2596 ulrum
1328 2528 1525 2618 fides,
1548 2552 1723 2621 spe-5,
1746 2528 1970 2612 saleeS,
1982 2530 2349 2622 patientia,
2390 2530 2517 2596 lm·

1056 2636 1259 2706 beant
1298 2639 1370 2704 in
1404 2640 1545 2705 Deo
1613 2636 2046 2729 exemplaria
2085 2645 2122 2708 ?

1059 2960 1317 3031 Deinde
1349 2964 1680 3055 quaeritur
1727 2961 1811 3033 de
1867 2963 2001 3033 hoc
2057 2965 2242 3055 quod
2305 2966 2518 3037 dicit:

968 3095 1002 3135 α
1039 3071 1170 3137 Dei
1193 3069 1585 3138 substantia
1622 3080 1720 3138 est
1745 3081 1984 3140 nostra
2009 3073 2374 3163 patientia,
2401 3072 2529 3141 sed

965 3180 1134 3270 quia
1175 3178 1436 3273 abipso
1475 3179 1672 3249 nobis
1699 3190 1820 3250 est.
1857 3212 1889 3244 n

1057 3290 1195 3359 Sssn
1223 3313 1484 3360 ‹20er
1527 3315 1543 3361 ε

1061 3400 1121 3466 Ι.
1188 3399 1582 3468 Secundum
1628 3424 2073 3472 communem
2124 3403 2521 3495 opinionem

967 3528 1120 3596 quae
1155 3506 1293 3576 fere
1322 3507 1409 3574 ab
1439 3509 1762 3577 omnibus
1796 3509 2006 3579 modo
2036 3520 2328 3596 tenetur,
2372 3511 2530 3581 cha-

969 3618 1134 3683 ritas
1175 3625 1408 3687 nostra
1455 3641 1595 3687 non
1637 3628 1744 3688 est
1777 3618 1904 3689 Dei
1955 3620 2359 3702 substantia,
2409 3622 2528 3692 sed

969 3725 1227 3816 abipso
1270 3726 1468 3794 nobis
1498 3736 1600 3796 est
1650 3749 1666 3795 ε
1700 3750 1865 3821 ergo
1896 3729 2194 3816 videtur,
2227 3731 2407 3823 quod
2439 3732 2527 3800 sit

973 3835 1227 3903 simile.

1065 3945 1130 4010 2.
1168 3941 1483 4019 Sidicas,
1554 3943 1739 4034 quod
1779 3943 2078 4015 charitas
2143 3958 2375 4017 nostra
2429 3958 2533 4018 est

979 4051 1374 4140 exemplum
1412 4049 1763 4120 charitatis
1828 4053 2141 4125 divinae:
2208 4058 2533 4148 patientia

978 4167 1234 4238 autem,
1277 4168 1341 4229 et
1383 4159 1570 4236 tides,
1616 4169 1682 4228 et
1712 4160 2136 4252 hujusmodi,
2205 4188 2341 4234 non
2410 4164 2533 4234 lm·

979 4267 1137 4336 bent
1169 4268 1525 4361 exemplar
1556 4270 1622 4339 in
1665 4271 1809 4341 Deo
1859 4272 1989 4341 sibi
2056 4275 2470 4366 respondens
2514 4298 2529 4344 ε

980 4386 1040 4444 el
1079 4377 1229 4445 ideo
1262 4377 1510 4446 dicitur
1536 4377 1829 4449 charitas
1859 4379 2072 4460 Deus,
2110 4407 2246 4452 non
2305 4393 2535 4453 autem

2717 1887 2781 1952 3.
2844 1885 3206 1961 Praeterea,
3269 1882 3449 1962 Quid
3503 1882 3761 1951 dicetur
3817 1881 3899 1950 de
3930 1878 4175 1960 salute,

2630 2015 2788 2061 cum
2828 1991 3073 2060 dicitur
3110 1990 3307 2060 salus
3362 2015 3535 2072 mea,
3606 1990 3941 2082 numquid
3995 1991 4178 2060 salus

2627 2121 2772 2167 non
2810 2107 2912 2167 est
2942 2097 3425 2190 exemplariter
3470 2102 3536 2166 in
3571 2098 3714 2167 Deo
3743 2101 3779 2166 ?

2720 2318 3043 2388 Somno.
3116 2319 3520 2401 Dicendum,
3581 2319 3763 2411 quod
3862 2320 4168 2412 quaedam

2628 2433 2880 2493 sonant
2926 2425 3536 2517 imperfectionem,
3586 2436 3655 2493 ut
3733 2425 3922 2508 fides,
3989 2449 4170 2517 spe5‚

2628 2536 3004 2626 patientia:
3042 2534 3210 2604 tides
3261 2544 3535 2628 propter
3596 2536 3885 2603 formam
3938 2543 4006 2604 et
4060 2560 4177 2603 ac-

2630 2652 2803 2727 tum,
2835 2667 2990 2736 spes
3019 2652 3251 2713 autem
3288 2654 3563 2736 propter
3590 2666 3805 2735 genus
3862 2643 4042 2735 quod
4071 2652 4175 2712 est

2629 2754 3071 2845 exspectatio,
3106 2754 3426 2846 patientia
3456 2762 3730 2845 propter
3768 2753 4180 2842 subjectum,

2629 2860 2814 2930 salus
2833 2869 3062 2930 autem
3092 2860 3298 2929 etiam
3318 2862 3583 2952 respicit
3602 2861 3991 2931 evasionem
4014 2861 4186 2951 peri-

2630 2966 2765 3035 culi
2800 2987 2817 3034 :
2858 2965 3040 3035 unde
3077 2966 3402 3056 patientia
3430 2975 3495 3034 et
3521 2966 3703 3034 salus
3738 2974 3898 3034 sunt
3928 2967 3995 3033 in
4027 2966 4185 3032 sub-

2624 3076 2807 3166 jecto
2845 3073 3177 3166 passibili,
3211 3084 3279 3144 et
3305 3074 3455 3143 ideo
3503 3075 3849 3168 exemplar
3895 3098 4031 3143 non
4065 3072 4184 3142 lm-

2632 3182 2799 3253 bent
2824 3181 2894 3252 in
2924 3183 3101 3253 Deo·

2728 3291 3071 3360 Dicnxnun
3102 3312 3266 3384 ergo
3295 3291 3381 3360 ad
3419 3295 3741 3383 primum,
3782 3291 3962 3383 quod
4014 3290 4178 3359 cha-

2636 3400 2799 3468 ritas
2825 3408 2929 3467 est
2964 3422 3004 3468 a
3045 3399 3216 3479 Deo,
3269 3399 3442 3468 sicut
3497 3398 3813 3468 ultimum
3862 3407 3927 3468 et
3994 3400 4177 3491 opti-

2637 3530 2854 3587 mum.
2898 3508 2985 3576 ad
3022 3507 3208 3598 quod
3240 3509 3310 3577 in
3358 3531 3603 3599 genere
3650 3508 3917 3577 virtutis
3962 3533 4032 3576 se
4061 3507 4180 3576 hu·

2636 3615 2752 3684 bet
2816 3625 3046 3686 noster
3118 3615 3451 3686 affectus:
3502 3617 3633 3684 ulia
3706 3626 3931 3685 autem
4001 3618 4179 3685 dona

2640 3748 2779 3794 non
2819 3726 2915 3792 sic
2959 3747 2974 3792 ε
3009 3734 3075 3792 et
3105 3724 3257 3793 ideo
3288 3728 3506 3816 magis
3546 3726 3795 3794 relucet
3826 3728 3891 3793 in
3968 3724 4183 3793 chari-

2640 3839 2802 3917 tate,
2844 3857 3052 3925 quam
3096 3835 3164 3902 in
3214 3835 3391 3902 aliis.

2731 3945 2834 4011 An
2872 3966 3070 4011 ,naun
3136 3943 3522 4019 dicendum,
3595 3944 3777 4036 quod
3834 3944 4184 4035 ext-inplui-

2642 4052 2911 4120 virtutis
2942 4074 3081 4121 non
3112 4061 3395 4121 vocatur
3424 4051 3570 4120 idea
3608 4052 3735 4120 sub
3794 4075 3928 4143 qua
3992 4075 4188 4120 crea-

2648 4169 2757 4228 tur
2794 4184 2998 4229 omne
3037 4160 3222 4252 quod
3278 4169 3590 4229 creatur:
3660 4160 3774 4228 sed
3841 4161 4190 4251 exemplar

2648 4275 2954 4351 vocatur,
2990 4266 3175 4359 quod
3207 4290 3326 4359 per
3370 4269 3550 4358 prius
3606 4277 3706 4335 est
3746 4268 3812 4335 in
3892 4267 4033 4334 nvo
4092 4293 4192 4335 se·

2647 4374 2947 4445 cundum
2991 4398 3160 4454 rem,
3203 4378 3372 4445 sicut
3408 4377 3568 4453 vita,
3615 4377 3968 4466 sapientia,
4037 4375 4196 4443 clm-

985 4487 1337 4576 patientia.
1380 4486 1652 4556 Cos-nu
1688 4511 1703 4556 ε
1757 4488 1944 4557 Nihil
1989 4500 2258 4560 creatur
2297 4516 2337 4560 a
2393 4492 2539 4561 Deo
2651 4487 2813 4553 ritas
2850 4494 2916 4554 el
2948 4483 3369 4574 hujusmodi·

984 4595 1130 4663 sine
1169 4595 1538 4687 exemplari
1584 4618 1601 4666 z
1658 4621 1821 4690 ergo
1862 4621 1989 4668 nec
2051 4600 2400 4691 patientia.

1057 4841 1072 4875 ¹
1109 4842 1130 4897 1
1160 4842 1331 4898 loen.
1365 4859 1440 4912 iv,
1474 4846 1529 4900 8.

2746 4594 2847 4660 An
2872 4615 3070 4660 Auun
3109 4592 3288 4662 idem
3320 4592 3703 4660 dicendum.

2733 4860 2757 4895 ¹
2783 4859 2950 4916 loon.
2986 4876 3061 4928 tv,
3095 4862 3162 4916 24
3192 4860 3477 4932 :Spiritus
3504 4868 3577 4915 cst
3619 4861 3771 4916 Deus.

4260 2379 4464 2426 Solutio.

4305 3346 4386 3392 Ad
4413 3346 4453 3392 Ι.

4314 3992 4392 4037 Ad
4419 3992 4466 4040 2.

4302 4642 4381 4686 Ad
4410 4643 4455 4689 3.
