4897 6388
437 806 503 851 Ad
532 807 579 854 3.

424 2205 502 2251 Ad
531 2207 573 2255 4.

428 2957 500 3001 Ad
526 2958 569 3004 δ.

696 303 822 368 {08

690 464 877 533 Deus
903 441 1138 535 ‘omnia
1196 471 1268 537 in
1315 494 1594 539 numero
1667 453 1924 542 fecisse.
1986 473 2073 540 Et
2125 473 2245 556 illa

687 575 1018 666 principia
1048 577 1354 668 praebent
1382 583 1676 670 speciem
1706 582 1879 648 sicut
1907 580 1978 647 in
2006 588 2242 670 poten-

690 682 782 749 tia
812 685 1029 772 prima
1067 686 1152 754 ad
1183 710 1326 755 esse
1358 688 1452 755 rei
1484 688 1737 776 species
1759 695 1881 754 est.

777 790 883 859 An
911 812 1106 859 Aemo
1137 792 1522 875 dicendum,
1558 791 1738 882 quod
1767 791 2033 881 pondus
2062 793 2241 860 acci-

687 897 874 986 pitur
909 897 1118 988 large,
1156 905 1222 965 et
1250 897 1500 964 stricte.
1544 899 1793 966 Stricte
1846 898 2113 988 pondus
2141 908 2241 968 est

622 995 628 1002 ’
686 1005 1037 1073 inclinatio
1065 1006 1369 1096 corporis
1400 1004 1671 1074 mobilis
1703 1015 1895 1075 motu
1942 1018 2121 1077 recto
2152 1010 2237 1078 ad

685 1138 886 1182 suum
941 1113 1119 1181 ubi:
1186 1116 1378 1205 larye
1441 1125 1668 1186 autem
1731 1125 1832 1185 est
1887 1117 2234 1186 inclinatio

682 1223 1044 1313 cujuslibet
1085 1226 1181 1294 rei
1222 1228 1318 1295 rei
1356 1228 1427 1294 in
1456 1226 1588 1295 hoc
1636 1229 1706 1294 in
1739 1250 1874 1318 quo
1953 1229 2237 1317 quiescit

682 1330 828 1399 fieri
870 1333 975 1401 sui
1015 1355 1160 1403 esse
1192 1342 1260 1402 et
1298 1357 1434 1403 suae
1484 1336 1791 1403 essentiae
1828 1357 1843 1400 ε
1904 1335 2049 1401 fieri
2107 1357 2235 1401 au-

679 1447 817 1507 tem
850 1462 1053 1509 suum
1108 1464 1249 1509 non
1309 1440 1594 1532 quiescit
1660 1441 1788 1507 nisi
1855 1442 1925 1507 in
1984 1440 2231 1509 factum

681 1569 853 1623 esse,
898 1556 964 1616 et
991 1547 1244 1616 factum
1286 1569 1431 1615 esse
1460 1570 1599 1615 non
1637 1555 1739 1614 est
1770 1546 1898 1614 nisi
1947 1569 2018 1614 re
2071 1570 2228 1637 per-

680 1654 854 1723 fecta
895 1656 964 1722 in
1003 1677 1151 1724 esse
1195 1678 1212 1722 ε
1254 1678 1417 1746 ergo
1458 1655 1723 1745 pondus
1765 1656 1890 1723 erit
1946 1655 2234 1723 inclina-

679 1768 779 1835 tio
809 1768 1303 1858 principiorum
1334 1769 1888 1836 constituentium
1955 1790 2098 1836 rem
2161 1768 2230 1834 in

680 1896 886 1943 suum
924 1896 1070 1943 esse
1100 1875 1223 1959 rei,
1260 1875 1328 1942 id
1365 1883 1490 1955 est,
1525 1875 1874 1966 proprium
1927 1897 2072 1943 esse
2137 1876 2231 1942 rei

684 1982 1060 2052 secundum
1110 1991 1428 2052 naturam
1510 1983 1715 2052 creati
1810 1981 2041 2072 hujuS,
2124 1999 2231 2066 vel

681 2090 893 2162 illius.

773 2201 877 2295 Ap
904 2222 1101 2269 Auno
1141 2200 1527 2278 dicendum,
1563 2199 1745 2291 quod
1790 2198 2040 2268 locatio
2105 2222 2226 2268 seu

681 2307 1036 2379 stabilitas
1075 2310 1255 2378 sistit
1318 2317 1612 2387 motum,
1648 2317 1713 2377 et
1745 2308 1896 2377 ideo
1936 2305 2232 2398 elargato

684 2418 965 2485 nomine
1005 2417 1206 2486 estin
1245 2416 1497 2486 factum
1538 2439 1683 2487 esse
1719 2438 1735 2483 :
1788 2418 1979 2508 quies
2008 2411 2233 2484 autem

683 2524 846 2594 dicit
884 2525 1369 2616 perfectionem
1403 2525 1768 2617 quamdam
1813 2525 1882 2592 in
1913 2526 2232 2593 constitu·

683 2631 867 2700 tione
915 2632 1062 2720 ejus
1107 2640 1386 2722 propter
1441 2631 1623 2723 quod
1682 2631 1808 2700 fuit
1856 2640 2107 2716 motuS,
2166 2640 2230 2700 et

682 2736 837 2808 ideo
866 2737 1026 2807 dicit
1055 2739 1541 2829 perfectionem
1573 2739 1888 2808 informa
1954 2747 2021 2807 et
2084 2762 2227 2808 esse

678 2847 800 2916 rei.

767 2957 872 3024 An
928 2979 1124 3025 amun
1191 2955 1578 3038 dicendum,
1635 2955 1819 3048 quod
1912 2978 2226 3024 mensura

678 3065 965 3158 praefigit
1004 3065 1328 3134 modum:
1375 3065 1620 3133 modus
1648 3074 1877 3136 autem
1918 3075 2020 3133 est
2050 3063 2230 3132 ultra

671 3171 856 3267 quod
885 3171 1054 3243 nibil
1085 3173 1169 3244 de
1197 3176 1491 3244 essentia
1532 3176 1625 3243 rei
1665 3172 2118 3265 progreditur,
2157 3179 2228 3241 ut

667 3282 828 3351 dicit
877 3281 1330 3373 Augustinus.
1395 3281 1589 3351 Unde
1665 3280 2037 3350 secundum
2095 3279 2228 3350 hoc

667 3391 844 3470 dicu,
878 3389 1062 3483 quod
1104 3389 1353 3460 modus
1399 3399 1498 3460 est
1548 3389 1935 3458 terminatio
1985 3390 2229 3480 princi·

669 3499 942 3589 piorum
979 3499 1544 3568 constituentium
1572 3521 1712 3566 rem
1744 3496 1870 3565 sub
1903 3519 2049 3565 esse
2088 3499 2217 3566 rei:

667 3612 744 3675 ut
774 3606 871 3676 sic
907 3606 1044 3694 sint
1083 3606 1236 3685 tria,
1297 3605 1550 3675 scilicet
1596 3627 1924 3674 numerus
1970 3606 2226 3696 princi-

663 3718 963 3808 piorum,
998 3725 1065 3786 et
1102 3714 1452 3785 inclinatio
1518 3738 1754 3783 eorum
1811 3713 1898 3782 ad
1952 3737 2123 3798 esse,
2155 3725 2219 3783 et

665 3824 1055 3893 terminatio
1085 3824 1578 3915 sive-perfectio
1619 3846 1855 3891 eorum
1894 3821 2021 3890 sub
2073 3846 2218 3893 esse

666 3933 793 4002 rei.

755 4044 1045 4111 Annum
1086 4040 1479 4124 dicendum,
1538 4040 1714 4133 quod
1762 4041 1987 4109 omnis
2044 4043 2216 4109 entis

666 4152 875 4220 creati
939 4149 1373 4220 determinati
1439 4151 1508 4217 in
1563 4156 1804 4217 natura
1870 4156 2028 4216 sunt
2091 4149 2213 4216 ista

666 4258 792 4327 tria
827 4279 843 4325 :
904 4257 1022 4325 sed
1087 4279 1227 4327 non
1296 4264 1589 4348 oportet,
1681 4254 1864 4347 quod
1931 4257 2211 4323 istorum

666 4365 870 4435 trium
899 4366 1034 4433 sint
1072 4364 1205 4434 alia
1235 4366 1364 4433 tria
1402 4387 1553 4456 qua·
1604 4363 1736 4432 sint
1794 4363 1861 4431 in
1921 4363 2085 4454 ipsis
2142 4372 2212 4432 ut

664 4473 1169 4566 dispositiones,
1213 4473 1332 4543 sed
1374 4472 1555 4565 quod
1610 4474 1736 4540 ista
1764 4472 1890 4540 tria
1920 4470 2211 4541 habeant

663 4582 1142 4674 respondentia
1173 4581 1302 4650 tria
1332 4582 1401 4648 in
1441 4579 1607 4648 ideis
1672 4580 1920 4671 quibus
1974 4603 2212 4649 crean-

663 4701 797 4770 tur,
832 4699 898 4760 et
928 4699 1251 4759 creaturae
1301 4690 1711 4757 inseruntur.
1796 4688 1987 4756 Unde
2065 4692 2209 4756 Au-

658 4798 971 4890 gustinus
1001 4799 1069 4866 in
1109 4796 1206 4864 lv
1254 4819 1457 4888 super
1493 4797 1798 4865 Genese‘m
1840 4818 1862 4862 .·
1894 4795 2209 4863 Mensura

658 4910 803 4978 sine
841 4930 1162 4978 mensura
1191 4915 1317 4987 est,
1367 4908 1474 4976 cui
1518 4914 1823 4998 aequatur
1878 4906 2059 4997 quod
2123 4906 2205 4975 de

657 5015 774 5085 illa
810 5023 933 5092 est,
968 5036 1093 5083 nec
1129 5013 1404 5082 aliunde
1452 5016 1593 5104 ipsa
1668 5022 1791 5081 est.
1867 5012 2206 5081 Numerus

657 5128 803 5195 sine
832 5145 1119 5193 numero
1160 5130 1287 5206 est,
1330 5145 1467 5214 quo
1523 5121 1903 5189 formantur
1947 5122 2204 5205 omnia,

655 5256 781 5303 nec
819 5234 962 5325 ipse
1003 5232 1356 5300 formatur.
1394 5229 1670 5298 Pondus
1717 5230 1861 5297 sine
1908 5229 2205 5320 pondere

655 5345 782 5416 est,
817 5357 952 5428 quo
982 5335 1367 5405 referuntur
1402 5345 1478 5404 ut
1507 5338 1876 5428 quiescant,
1911 5358 2202 5426 quorum

658 5445 851 5539 quies
887 5468 1138 5536 purum
1178 5445 1505 5537 gaudium
1546 5453 1671 5528 est,
1712 5468 1838 5515 nec
1884 5445 2052 5515 illud
2092 5457 2203 5517 ta-

656 5576 817 5625 men
845 5553 1132 5623 refertur
1159 5553 1247 5621 ad
1273 5552 1482 5625 aliud.
1515 5554 1599 5622 Et
1628 5554 1800 5623 infra
1863 5555 2203 5625 concludit

656 5665 802 5735 sic:
863 5661 1018 5732 Non
1100 5663 1333 5754 itaque
1413 5662 1854 5732 dubitandum
1930 5675 2033 5735 est
2086 5665 2199 5736 illa

1687 302 1769 371 D.
1820 302 2020 372 ΑΕΒ.
2071 301 2287 374 MAG.

2341 302 2546 372 ORD.
2601 303 2898 373 PRAED.

2349 496 2494 542 esse
2526 483 2711 543 extra
2742 498 2821 544 ea
2871 497 3021 566 quae
3072 473 3400 565 disposita
3455 471 3713 539 suntin
3763 474 3906 561 qui-

2347 582 2473 648 bus
2503 585 2736 650 omnia
2781 584 3109 673 disposita
3162 593 3344 652 sunt.
3402 582 3485 651 Et
3532 582 3629 650 sic
3695 587 3900 671 patet,

2346 688 2528 777 quod
2567 711 2701 756 non
2745 690 2830 756 ibi
2866 691 3114 757 dicitur
3142 693 3212 759 in
3262 692 3631 759 infinitum.

2434 795 2536 860 An
2599 818 2796 862 Amne
2862 795 3260 881 dicendum,
3340 798 3526 889 quod
3585 818 3781 865 amor
3835 803 3902 861 et

2344 900 2641 970 charitas
2708 906 2777 970 in
2835 905 3123 972 veritate
3162 906 3542 973 secundum
3610 926 3756 973 esse
3784 903 3905 971 ha-

2342 1011 2504 1081 bent
2544 1014 2848 1091 modum,
2894 1023 2961 1082 et
2999 1013 3112 1081 hic
3140 1013 3387 1082 modus
3420 1021 3522 1081 est
3557 1035 3903 1082 commen-

2342 1122 2595 1189 suratio
2646 1132 2835 1190 actus
2884 1121 2970 1190 ad
3017 1120 3395 1213 diligibile:
3460 1120 3579 1188 sed
3620 1122 3688 1186 in
3757 1119 3899 1186 Deo

2342 1226 2667 1318 diligibile
2705 1230 3045 1297 elevatum
3087 1236 3189 1297 est
3226 1228 3297 1296 in
3363 1228 3669 1296 bonitate
3726 1226 3899 1293 ultra

2340 1356 2544 1423 quam
2587 1357 2952 1425 possumus
2982 1358 3106 1425 per
3150 1336 3470 1404 affectum
3501 1335 3589 1403 ad
3619 1337 3843 1425 ipsum
3878 1354 3893 1400 ε

2341 1440 2490 1508 ideo
2522 1440 2768 1510 dicitur
2804 1465 2943 1510 non
2974 1441 3225 1511 habere
3257 1443 3568 1525 modum,
3603 1464 3684 1510 eo
3717 1438 3899 1532 quod

2339 1571 2478 1617 non
2508 1549 2714 1619 habet
2751 1552 3034 1620 modum
3065 1551 3191 1619 sub
3241 1560 3477 1620 nostro
3535 1574 3760 1644 posse.

2425 1659 2529 1726 An
2565 1682 2762 1727 Aemo
2792 1659 3182 1741 dicendum,
3218 1659 3403 1751 quod
3469 1661 3540 1727 in
3612 1659 3896 1729 veritate

2338 1775 2613 1856 peccata
2641 1767 2747 1835 his
2776 1768 2993 1836 tribus
3021 1771 3286 1858 privata
3346 1776 3532 1848 sunt,
3596 1767 3715 1836 sed
3758 1791 3896 1836 non

2339 1877 2620 1944 omnino
2657 1899 2672 1943 ε
2719 1878 2877 1968 quia
2918 1885 3227 1946 remanet
3263 1878 3333 1946 in
3375 1879 3473 1945 eis
3520 1886 3713 1946 actus
3741 1900 3898 1946 cum

2338 1983 2716 2072 privatione
2774 1991 2843 2052 et
2897 1983 3138 2052 ordine
3181 1983 3541 2075 potentiali
3588 1984 3673 2052 ad
3717 1984 3894 2052 ista:

2338 2098 2403 2157 et
2427 2089 2579 2158 ideo
2611 2092 2815 2159 etiam
2838 2089 3236 2160 deformitas
3267 2092 3460 2160 estin
3501 2099 3657 2160 actu
3696 2114 3709 2158 :
3741 2091 3900 2182 quia

2351 2203 2574 2271 sinon
2613 2209 2791 2269 esset
2825 2208 3014 2268 actus
3057 2199 3258 2269 liberi
3313 2198 3577 2267 arbitrii
3627 2199 3901 2267 ordina·

2336 2311 2493 2379 bilis
2522 2309 2608 2378 ad
2640 2311 2792 2391 ista,
2826 2315 2991 2377 tunc
3055 2308 3362 2378 carentia
3401 2309 3711 2399 ipsorum
3759 2330 3896 2376 non

2338 2417 2682 2486 inducere-t
2737 2415 3263 2484 deformitatem.
3326 2414 3639 2496 Qualiter
3666 2424 3895 2484 autem

2337 2526 2585 2596 incidat
2602 2523 2995 2613 hujusmodi
3014 2523 3340 2605 defectuS,
3361 2545 3569 2614 supra
3582 2531 3891 2592 notatum

2336 2643 2437 2704 est
2477 2635 2545 2702 in
2575 2635 2948 2726 quaestione
3002 2632 3085 2702 de
3116 2630 3386 2701 duobus
3415 2632 3797 2723 principiis.

4001 828 4071 868 ΑιΙ
4102 823 4145 870 G.

4006 1685 4083 1730 Ad
4113 1687 4153 1733 7.

2419 2852 2524 2918 An
2561 2873 2758 2918 Aaron
2787 2848 3175 2925 dicendum,
3218 2847 3406 2940 quod
3435 2846 3709 2927 moduS,
3741 2870 3890 2939 spe-
3913 2893 3993 2938 M
4012 2893 4223 2949 qua-m

2332 2959 2491 3039 cies,
2527 2967 2589 3026 et
2646 2957 2815 3026 ordo
2862 2955 3185 3025 omnibus
3244 2957 3516 3035 insunt,
3563 2955 3684 3024 sed
3747 2977 3886 3023 non

2333 3090 2471 3137 uno
2511 3067 2758 3136 modo:
2795 3075 2955 3135 sunt
2993 3065 3177 3134 enim
3211 3066 3281 3133 in
3312 3064 3726 3156 quibusdam
3757 3062 3890 3131 du-

2332 3177 2620 3269 pliciter,
2652 3178 2824 3245 sicut
2858 3177 2924 3245 in
2954 3174 3151 3267 pede,
3200 3173 3310 3244 vel
3368 3175 3505 3244 alio
3573 3196 3833 3266 organo
3870 3194 3886 3241 t

2332 3288 2388 3355 si
2419 3288 2601 3354 enim
2628 3309 2746 3378 pes
2777 3285 3247 3354 consideretur
3304 3285 3374 3351 in
3432 3307 3530 3363 se,
3596 3284 3690 3351 sic
3734 3306 3893 3374 spe-

2330 3395 2466 3463 cies
2522 3395 2710 3486 pedis
2762 3402 2864 3463 est
2920 3393 3141 3461 forma
3205 3392 3425 3483 pedis,
3496 3399 3563 3459 et
3646 3390 3891 3459 modus

2331 3503 2540 3595 ipsius
2580 3503 2894 3571 limitatio
2935 3502 3083 3590 ejus
3112 3499 3198 3568 ad
3226 3500 3547 3590 figuram,
3598 3506 3665 3567 et
3720 3497 3887 3566 ordo

2330 3612 2541 3702 ipsius
2596 3609 2681 3677 ad
2740 3608 2967 3677 locum
3011 3608 3081 3675 in
3148 3629 3456 3698 corpore.
3525 3604 3601 3673 Si
3657 3613 3884 3673 autem

2327 3719 2791 3788 consideretur
2845 3725 2920 3785 ut
2964 3738 3304 3808 organum
3358 3715 3635 3783 virtutis
3694 3737 3888 3805 gres-

2327 3828 2567 3907 sibilis,
2645 3827 2742 3895 sic
2797 3825 3056 3916 species
3104 3825 3252 3913 ejus
3319 3824 3448 3891 erit
3526 3821 3885 3913 dispositio

2327 3957 2477 4027 quae
2532 3956 2831 4025 congrue
2889 3932 3154 4002 moveri
3214 3910 3439 4021 potest
3512 3952 3553 3996 a
3634 3931 3882 3996 virtute

2325 4040 2683 4133 gressibili,
2719 4049 2785 4108 et
2813 4040 3061 4107 modus
3091 4039 3238 4126 ejus
3268 4040 3620 4129 proportio
3653 4037 3884 4105 mobi-

2324 4147 2408 4217 lis
2430 4149 2512 4217 ad
2558 4149 2876 4216 virtutem
2924 4153 3345 4219 moventem,
3389 4153 3457 4213 et
3519 4145 3690 4212 ordo
3738 4145 3884 4232 ejus

2324 4257 2407 4328 ad
2440 4254 2955 4325 ambulandum.
3005 4253 3197 4322 Unde
3263 4252 3441 4332 dice,
3495 4252 3679 4343 quod
3730 4277 3884 4319 ωο-

2323 4365 2475 4448 duS,
2509 4365 2701 4445 ord0,
2735 4372 2798 4431 et
2828 4363 3085 4452 species
3115 4359 3574 4430 diminuibilia
3613 4370 3771 4428 sunt
3813 4362 3878 4429 in

2320 4475 2629 4545 rationali
2652 4482 2987 4552 creatura,
3011 4494 3152 4542 non
3175 4472 3243 4540 in
3264 4494 3412 4540 esse
3432 4480 3692 4540 naturae
3712 4495 3883 4541 con-

2319 4583 2608 4653 siderata
2648 4581 2981 4660 absolute,
3036 4580 3154 4649 sed
3210 4582 3440 4671 potius
3499 4579 3875 4648 secundum

2318 4690 2501 4782 quod
2524 4689 2991 4760 consideratur
3010 4689 3154 4779 ipsa
3172 4687 3549 4757 secundum
3568 4687 3874 4756 ordinem

2318 4818 2522 4886 quem
2563 4794 2764 4864 babet
2812 4794 2896 4862 ad
2937 4794 3195 4862 bonum
3237 4795 3477 4884 gratiae
3513 4795 3654 4862 :sic
3691 4794 3870 4861 enim

2316 4903 2432 4970 illa
2498 4901 2971 4971 ordinabilitas
3029 4901 3501 4990 corrumpitur
3553 4924 3676 4994 per
3721 4923 3872 4992 pec·

2319 5016 2541 5078 catum
2566 5009 2797 5077 :aliter
2830 5015 3058 5076 autem
3099 5015 3388 5099 possunt
3416 5030 3564 5076 esse
3600 5009 3667 5075 in
3697 5006 3870 5075 aliis.

2404 5230 2508 5295 An
2551 5249 2850 5299 mmmm
2941 5229 3330 5311 dicendum,
3394 5229 3580 5322 quod
3627 5257 3838 5303 unum

2312 5359 2577 5418 verum,
2619 5337 2907 5423 bonum,
2941 5338 3096 5406 licet
3123 5348 3613 5410 convertantur
3638 5364 3874 5411 secun·

2314 5444 2477 5514 dum
2515 5446 2894 5538 supposita,
2943 5469 3085 5515 non
3160 5455 3391 5518 tamen
3467 5458 3875 5520 convertun-

3854 5291 3868 5319 ’
3902 5293 3981 5340 Ad
4000 5296 4219 5350 quo-u.

2311 5561 2423 5621 tur
2459 5552 2833 5623 secundum
2882 5552 3297 5624 intentiones
3354 5557 3745 5637 nominum,
3807 5564 3874 5625 et
4000 5581 4004 5585 ’

2311 5661 2409 5730 sic
2444 5660 2999 5732 condividuntur.
