4897 6388
771 1756 970 1805 solutio.

826 1810 895 1856 ad
926 1813 962 1857 t.

843 4037 920 4082 Ad
948 4034 989 4083 2.

1868 272 1959 337 ΙΝ
2011 271 2036 336 Ι
2087 263 2515 334 ΞΕΝΊῘΕΝΤ.
2572 259 2798 326 DIST.
2857 257 2976 338 ΙΧ,
3031 257 3113 335 Α,
3169 256 3366 322 ART.
3424 256 3488 322 3.

1056 449 1272 517 sentia
1318 449 1547 516 divina
1592 467 1605 512 z
1656 464 1817 532 ergo
1865 438 2157 516 videtur,
2212 433 2394 524 quod
2445 431 2609 498 nul-

1056 554 1199 621 lum
1240 554 1513 621 illorum
1552 550 1811 638 adjacet
1835 544 2025 614 alteri
2066 551 2140 609 ut
2170 563 2511 608 mensura.

1149 665 1212 727 ⁶2..
1266 662 1457 735 ltem,
1523 652 1937 723 indivisibile
1996 649 2163 718 nihil
2233 655 2604 725 mensurat,

1059 793 1185 837 nec
1216 773 1667 834 mensuratur.
1713 763 2069 830 Pacuuio.
2123 757 2363 825 Omnis
2414 777 2614 821 men-

1061 898 1219 943 sura
1249 883 1349 940 est
1394 873 1477 940 ad
1527 869 1998 940 certitudinem
2040 863 2437 956 quantitatis
2488 860 2614 925 ha-

1064 980 1355 1049 bendam
1422 1002 1438 1047 ε
1484 975 1889 1045 indivisibile
1947 981 2354 1040 autemnon
2413 964 2618 1033 habet

1065 1088 1514 1179 quantitatem
1561 1107 1576 1155 :
1612 1106 1772 1174 ergo
1804 1105 1940 1150 non
1982 1083 2437 1146 mensuratur.
2502 1072 2619 1139 Si-

1067 1199 1318 1267 militer
1360 1221 1497 1265 non
1536 1195 1895 1286 aliquoties
1940 1198 2290 1280 sumptum
2341 1184 2620 1253 remeti-

1070 1317 1181 1376 tur
1211 1308 1657 1398 quantitatem
1696 1325 1710 1370 :
1747 1321 1908 1392 ergo
1951 1322 2073 1366 nec
2111 1316 2435 1365 mensura
2466 1299 2619 1382 pot·

1070 1424 1173 1485 est
1202 1438 1349 1483 esse.
1384 1435 1400 1480 t
1437 1434 1598 1502 ergo
1629 1410 1918 1487 videtur,
1944 1405 2128 1496 quod
2148 1425 2288 1471 non
2318 1399 2626 1489 adjaceat

1070 1532 1145 1590 ut
1188 1542 1525 1590 mensura.

1167 1740 1474 1808 Somno.
1549 1737 1948 1815 Dicendum,
2036 1732 2221 1825 quod
2284 1731 2626 1799 aeternitas

1077 1858 1177 1917 est
1210 1845 1721 1940 quodammodo
1752 1844 2037 1923 infinita,
2073 1849 2140 1909 et
2178 1838 2629 1931 quodammo-

1081 1957 1169 2024 do
1213 1979 1351 2024 non
1384 1955 1672 2030 intinita,
1717 1961 1783 2020 et
1810 1951 2120 2018 similiter
2152 1948 2332 2015 Deus
2360 1945 2471 2013 vel
2508 1944 2628 2012 du·

1078 2088 1236 2135 rans
1301 2086 1447 2132 esse
1494 2063 1827 2131 divinum.
1891 2057 1964 2127 Si
2021 2058 2203 2127 enim
2261 2054 2632 2145 accipiatur

1081 2196 1228 2242 esse
1261 2174 1571 2240 divinum
1603 2170 1940 2237 infinitum
1982 2166 2339 2258 privative,
2375 2161 2633 2231 scilicet

1081 2280 1268 2373 quod
1307 2289 1540 2370 aptum
1590 2285 1824 2345 natum
1864 2284 1966 2343 est
2016 2272 2265 2341 habere
2311 2271 2516 2338 tinem
2565 2277 2632 2336 et

1080 2413 1220 2458 non
1260 2386 1518 2456 habens
1555 2407 1572 2455 t
1618 2386 1713 2453 sic
1752 2407 1877 2453 nec
1913 2381 2097 2450 Deus
2127 2402 2251 2448 nec
2288 2378 2632 2447 aeternitas

1082 2505 1240 2565 sunt
1274 2496 1561 2563 infinita.
1617 2493 1691 2560 Si
1730 2500 1956 2560 autem
2004 2488 2371 2579 accipiatur
2418 2506 2634 2575 nega-

1084 2608 1243 2689 tive,
1298 2603 1363 2672 id
1403 2613 1529 2683 est,
1569 2625 1707 2670 non
1742 2600 2005 2668 linitum
2049 2616 2067 2666 ε
2123 2599 2369 2665 iterum
2408 2600 2633 2684 potest

1084 2715 1295 2804 accipi
1334 2711 1712 2803 dupliciter,
1762 2709 2014 2778 scilicet
2061 2705 2245 2798 quod
2293 2726 2435 2772 non
2475 2701 2634 2768 tini-

1090 2832 1221 2901 tur,
1258 2846 1339 2890 eo
1371 2819 1553 2912 quod
1583 2820 1668 2887 sit
1701 2820 1764 2885 in
1797 2814 2101 2908 partibus
2121 2815 2268 2881 sine
2300 2815 2431 2879 tine
2473 2832 2637 2901 pro-

1091 2940 1357 3000 tensum
1395 2952 1408 2996 :
1445 2936 1511 2995 et
1547 2925 1677 2997 hoc
1707 2924 1912 2993 modo
1951 2945 2090 2991 non
2118 2921 2365 2991 dicitur
2404 2918 2639 2986 intini-

1088 3047 1196 3106 tus
1239 3038 1419 3104 Deus
1463 3034 1572 3103 vel
1612 3033 1948 3101 aeternitas
1987 3032 2155 3121 ejus.
2212 3027 2346 3096 Sed
2392 3026 2640 3094 dicitur

1091 3147 1394 3216 intinitus
1435 3143 1616 3212 Deus
1653 3148 1720 3211 et
1754 3140 2093 3209 aeternitas
2121 3136 2292 3228 ejus,
2339 3159 2419 3204 eo
2454 3131 2639 3225 quod

1092 3265 1456 3345 utrumque
1486 3259 1704 3319 totum
1737 3246 1941 3316 simul
1980 3247 2301 3323 existenS,
2345 3265 2483 3312 non
2529 3241 2641 3309 de·

1093 3363 1242 3442 fuit,
1294 3384 1419 3429 nec
1455 3359 1665 3437 deest,
1711 3379 1832 3426 nec
1868 3356 2106 3433 deerit,
2148 3363 2214 3422 et
2251 3352 2385 3421 hoc
2412 3361 2512 3419 est
2545 3351 2644 3417 in·

1097 3472 1362 3539 linitum
1385 3466 1566 3559 quod
1595 3466 1947 3535 conficitur
1966 3472 2144 3531 statu
2175 3457 2642 3552 perfectissimi

1098 3580 1281 3672 quod
1323 3576 1487 3646 nihil
1520 3599 1558 3643 a
1598 3599 1668 3643 se
1706 3572 1959 3662 abjicit,
2011 3594 2137 3639 nec
2183 3565 2438 3660 aliquid
2479 3567 2650 3633 acci-

1104 3691 1201 3781 pit
1251 3711 1269 3756 2
1323 3695 1389 3754 et
1426 3683 1556 3753 hoc
1615 3683 1952 3750 inlinitum
2003 3702 2140 3747 non
2197 3676 2653 3745 contrariatur

1108 3794 1349 3863 rationi
1377 3812 1713 3859 mensura:
1745 3796 1811 3855 et
1850 3786 2246 3869 mensurati,
2280 3782 2400 3851 sed
2428 3780 2651 3848 intini-

1111 3913 1256 3971 tum
1287 3901 1507 3991 primo
1538 3906 1604 3965 et
1630 3894 1925 3964 secundo
1948 3892 2152 3963 modo
2182 3899 2561 3981 acceptum.

1207 4015 1310 4081 An
1355 4033 1551 4078 ALttJn
1580 4005 1966 4083 dicendum,
2022 4001 2204 4094 quod
2246 3995 2657 4069 indivisibile

1118 4126 1186 4192 in
1231 4123 1489 4190 ratione
1548 4114 1974 4185 indivisibilis
2041 4134 2178 4180 non
2228 4114 2577 4178 mensurat
2639 4126 2654 4170 :

1116 4234 1274 4323 quia
1329 4231 1550 4318 ipsum
1605 4233 1704 4294 est
1748 4232 2030 4297 certum,
2085 4243 2221 4289 non
2287 4216 2659 4286 secundum

1116 4338 1587 4431 quantitatem,
1620 4332 1734 4401 sed
1767 4333 1834 4399 in
1874 4354 1945 4398 se
1989 4352 2003 4396 ε
2049 4326 2389 4396 aeternitas
2433 4331 2662 4391 autem

1116 4457 1213 4515 est
1246 4440 1652 4513 indivisibile
1682 4437 1938 4506 habens
1959 4434 2491 4527 protensionem,
2528 4451 2667 4497 non

1119 4553 1395 4647 quidem
1425 4553 1492 4618 in
1530 4546 1835 4639 partibus
1873 4544 2246 4612 secundum
2302 4539 2670 4607 successio-

1121 4688 1276 4733 nem
1337 4660 1443 4727 vel
1512 4658 1912 4749 potentiam,
1972 4651 2087 4720 sed
2129 4654 2354 4743 potius
2401 4658 2475 4716 ut
2534 4668 2670 4713 non

1124 4769 1493 4840 deficientis
1523 4765 1722 4834 alicui
1751 4761 1933 4853 quod
1965 4768 2096 4828 stat
2125 4758 2232 4826 vel
2280 4758 2489 4825 currit
2547 4752 2672 4819 sub

1127 4882 1272 4970 ipso
1315 4885 1430 4945 :et
1458 4875 1550 4941 sic
1581 4872 1734 4940 licet
1762 4871 1845 4938 sit
1889 4865 2339 4942 indivisibilis,
2384 4886 2525 4931 non
2573 4869 2674 4927 ta·

3146 743 3650 814 ARTlCULUS
3719 739 3836 807 111.

2723 966 3079 1052 Quomodo
3110 964 3584 1055 distinquatur
3611 960 3951 1027 oecemitas
3989 957 4074 1025 ab
4101 979 4266 1031 aevo,

2810 1085 2873 1142 et
2922 1085 3244 1164 tempore,
3278 1082 3342 1139 et
3382 1080 3618 1139 ulrum
3656 1069 3900 1158 aliqua
3941 1089 4076 1132 non
4122 1066 4274 1132 viva

2811 1193 3302 1254 memurantur
3345 1204 3510 1260 seve,
3553 1190 3615 1247 et
3655 1189 3887 1245 utrum
3934 1196 4149 1242 aevu-m
4184 1173 4276 1240 sit

2814 1296 2889 1360 in
2930 1317 3066 1361 uno
3104 1295 3285 1360 sicut
3312 1289 3658 1357 aeternitas
3687 1296 3750 1353 et
3778 1280 4102 1376 tempus?
4141 1348 4149 1356 .

2815 1641 3073 1719 Tertio,
3099 1638 3443 1719 Quaeritur
3472 1637 3553 1705 de
3576 1637 4004 1705 distinctione
4024 1635 4287 1704 aeterni-

2732 1748 2888 1815 tatis
2920 1745 3003 1814 ab
3060 1768 3238 1827 aevo,
3296 1754 3364 1812 et
3404 1752 3730 1834 tempore.
3790 1742 4048 1810 AEvum
4102 1743 4283 1810 enim

2733 1864 2836 1924 est
2867 1877 3189 1922 mensura
3229 1875 3468 1921 eorum
3519 1875 3668 1942 quae
3717 1853 3785 1919 in
3822 1858 3967 1919 toto
4007 1858 4166 1918 sunt
4202 1852 4290 1917 si-

2733 1959 2879 2028 mul
2944 1983 2959 2027 ε
3023 1981 3187 2050 ergo
3247 1958 3544 2036 videtur,
3577 1957 3754 2048 quod
3786 1958 3873 2025 sit
3911 1954 4091 2024 idem
4132 1978 4287 2025 cum

2736 2068 3138 2136 aeternitate.

2828 2175 3166 2242 PROBA‘rto
3196 2173 3384 2266 quod
3424 2196 3644 2240 aevum
3676 2181 3777 2240 est
3814 2179 4031 2240 totum
4060 2170 4290 2241 simul.

2829 2283 2891 2347 1.
2940 2279 3134 2348 Sicut
3172 2278 3486 2347 videmus
3525 2277 3707 2369 quod
3751 2280 3935 2368 prius
3972 2287 4039 2347 et
4067 2286 4292 2368 poste-

2737 2389 2876 2455 rius
2906 2387 2977 2454 in
3014 2395 3326 2477 tempore
3357 2393 3721 2454 causantur
3756 2408 3794 2453 a
3826 2386 4030 2476 priori
4062 2395 4128 2454 et
4165 2407 4297 2476 po-

2736 2494 3002 2563 steriori
3036 2495 3104 2561 in
3138 2501 3356 2575 motu,
3404 2501 3471 2560 et
3524 2500 3739 2560 totum
3781 2514 3925 2559 esse
3983 2491 4185 2559 simul
4224 2492 4294 2558 in

2741 2603 3117 2672 aeternitate
3146 2609 3465 2671 causatur
3492 2623 3532 2669 a
3560 2600 3986 2690 simplicitate
4033 2602 4292 2680 aeterni,

2746 2713 2838 2778 ita
2877 2731 3151 2779 necesse
3190 2717 3290 2779 est
3322 2709 3762 2800 proprietates
3790 2709 3916 2777 aevi
3947 2706 4296 2778 extrahere

2742 2841 2780 2886 a
2811 2819 3222 2909 proprietate
3251 2817 3731 2885 aeviternorum
3767 2841 3784 2884 z
3818 2818 4296 2885 aeviternorum

2744 2935 2973 2996 autem
3029 2948 3179 2995 esse
3230 2949 3369 2994 non
3430 2924 3632 2993 habet
3678 2947 3875 3015 posse
3924 2931 4078 2994 ante
4122 2946 4293 3003 esse,

2746 3059 2866 3104 nec
2918 3036 3296 3127 potentiam
3336 3036 3484 3102 sine
3534 3042 3684 3101 actu
3742 3031 3972 3124 aliquo
4022 3031 4225 3101 modo
4279 3054 4295 3099 ι

2746 3165 2912 3234 ergo
2942 3163 3099 3211 cum
3132 3162 3273 3208 non
3303 3162 3449 3209 esse
3490 3139 3691 3208 simul
3738 3148 4051 3210 causetur
4093 3161 4134 3208 a
4171 3160 4301 3231 po·

2751 3250 2959 3319 tentia
2979 3249 3369 3339 abjiciente,
3397 3257 3461 3317 et
3483 3249 3848 3340 accipiente
3876 3256 4131 3331 actum,
4156 3248 4301 3338 ipsa

2749 3364 2948 3425 erunt
2987 3364 3132 3425 tota
3178 3355 3414 3438 simul,
3468 3377 3759 3447 quorum
3799 3378 3996 3446 posse
4033 3375 4303 3445 semper

2750 3475 2848 3534 est
2883 3464 2952 3531 in
2983 3471 3137 3532 actu
3178 3462 3285 3531 vel
3320 3464 3388 3530 in
3418 3486 3587 3531 esse.

2843 3574 2908 3637 2.
2950 3570 3145 3646 ltem,
3180 3569 3422 3636 (imnis
3442 3569 3773 3637 successio
3798 3569 4120 3660 temporis
4148 3590 4305 3637 cau-

2755 3688 2946 3747 satur
2975 3701 3016 3747 a
3047 3686 3286 3746 motu:
3330 3700 3496 3768 ergo
3535 3676 3603 3743 in
3647 3699 3936 3767 quorum
3976 3700 4120 3745 esse
4161 3675 4311 3744 nul-

2761 3787 2866 3854 lus
2914 3794 3017 3855 est
3063 3794 3319 3864 motus,
3365 3785 3511 3874 ipsa
3559 3782 3814 3852 nullam
3863 3783 4113 3852 liabent
4153 3806 4312 3852 sue-

2760 3894 3141 3963 cessionem
3203 3914 3222 3959 z
3264 3890 3385 3960 sed
3441 3914 3586 3960 esse
3638 3893 4114 3960 aeviternorum
4155 3889 4315 3958 nul-

2763 4003 2905 4070 lum
2957 3998 3164 4068 habet
3209 4008 3474 4068 motum
3531 4023 3547 4068 ε
3589 4023 3749 4091 ergo
3790 3999 4046 4068 nullam
4086 4001 4153 4067 in
4191 4021 4315 4066 sua

2768 4133 3089 4179 mensura
3140 4118 3426 4179 causant
3503 4108 3997 4179 successionem
4068 4131 4085 4178 ε
4151 4131 4314 4200 ergo

2768 4242 2995 4287 {evum
3038 4216 3223 4309 quod
3261 4226 3361 4285 est
3412 4240 3727 4286 mensura
3778 4240 4039 4295 eorum,
4078 4224 4178 4286 est
4208 4224 4316 4284 to-

2771 4337 2917 4395 tuin
2949 4326 3179 4399 simul.
3217 4334 3292 4393 ut
3318 4326 3608 4395 videtur.

2867 4436 3001 4502 Seu
3047 4456 3298 4501 cosi-na
3343 4455 3359 4500 ε

2875 4546 2932 4610 l.
3004 4544 3474 4633 Quaecumque
3541 4542 3608 4609 in
3667 4549 3808 4609 toto
3872 4541 4075 4609 simul
4138 4546 4321 4619 sunt,

2777 4672 2937 4717 vere
2972 4648 3426 4716 immutabilia
3484 4657 3636 4715 sunt
3674 4670 3689 4715 :
3741 4648 3858 4717 sed
3886 4671 4043 4717 vera
4079 4650 4334 4716 immu-

2786 4756 3083 4825 tabilitas
3123 4765 3222 4824 est
3280 4778 3440 4823 vera
3483 4758 3844 4835 aeternitaS,
3888 4764 3962 4823 ut
4006 4756 4163 4823 dicit
4202 4756 4339 4822 Au-

2789 4864 3105 4956 gustinus
3140 4886 3155 4930 :
3191 4886 3356 4954 ergo
3397 4885 3846 4954 qua-cumque
3884 4872 4042 4931 sunt
4092 4864 4158 4929 in
4198 4869 4339 4930 toto

4347 4468 4445 4517 Sed
4472 4473 4658 4513 eontra.

1129 5009 1288 5055 meu
1328 4982 1651 5073 accipitur
1680 4987 1754 5046 ut
1791 4973 2242 5054 indivisibili5‚
2287 4972 2425 5039 imo
2461 4970 2527 5037 in
2573 4990 2681 5035 ra·
2787 4973 3020 5052 simul,
3055 4981 3216 5041 sunt
3254 4981 3509 5040 aeterna
3552 4993 3566 5039 ζ
3628 4994 3788 5063 ergo
3822 4973 4143 5041 aeviterna
4186 4980 4344 5039 sunt,

1133 5094 1316 5163 tione
1356 5088 1730 5159 durationis
1776 5084 1904 5152 hoe
1944 5081 2150 5149 modo
2195 5087 2555 5169 protensae,
2618 5082 2681 5143 et
2787 5091 3068 5160 aeternn,
3102 5079 3567 5173 quodfalsum
3613 5087 3762 5148 est:
3807 5103 3969 5172 ergo
4026 5081 4345 5149 aeviterna

1134 5204 1231 5272 sic
1262 5205 1629 5269 mensurat.
1665 5195 1746 5262 tit
1778 5215 1921 5262 esse
1950 5190 2256 5259 divinum
2297 5188 2427 5255 hoc
2478 5184 2683 5254 modo
2792 5215 2932 5261 non
2962 5200 3123 5260 sunt
3162 5192 3233 5259 in
3275 5198 3421 5260 1010
3453 5190 3678 5258 simul,

1139 5318 1491 5400 acceptum
1555 5311 1630 5371 ut
1676 5302 1950 5378 durans,
2015 5303 2451 5365 mensuratur
2490 5292 2689 5359 dura·
2885 5302 2950 5365 2.
2999 5297 3196 5378 item,
3245 5296 3410 5366 Esse
3469 5297 3717 5365 durans
3764 5296 4007 5389 Angeli
4074 5320 4213 5367 non
4250 5305 4353 5365 est

1139 5423 1325 5488 tione
1354 5439 1501 5493 sua,
1537 5436 1691 5504 quae
1724 5419 1822 5480 est
1861 5407 2039 5477 idem
2071 5404 2252 5498 quod
2287 5406 2510 5495 ipsum
2544 5423 2688 5468 esse
2795 5426 2924 5472 sua
2963 5403 3234 5471 duratio
3270 5426 3286 5472 z
3342 5425 3501 5470 cum
3550 5402 3755 5493 igitur
3795 5403 4059 5472 duratio
4107 5426 4244 5472 non
4270 5403 4355 5470 sit

1146 5527 1255 5598 vel
1286 5526 1576 5596 essentia
1605 5523 1857 5591 divina.
2798 5511 2929 5579 nisi
2999 5512 3348 5602 protensio
3407 5532 3554 5579 esse
3613 5510 4025 5590 indeficiens,
4091 5511 4361 5580 videtur

2802 5618 2989 5711 quod
3020 5641 3157 5687 non
3200 5616 3449 5686 habeat
3481 5615 3665 5687 illam
3695 5628 3954 5709 partem
3987 5619 4361 5689 durationis

1408 5784 1515 5825 xxv
4034 5760 4095 5812 ¹8
