4897 6388
1849 248 1944 315 IN
1989 247 2018 314 1
2069 244 2494 350 SENTENT.
2544 241 2775 310 mss.
2828 207 3159 330 x111,A,
3203 248 3403 316 ART.
3456 249 3517 313 1.

1063 427 1218 487 tura
1246 419 1431 487 enim
1464 416 1785 507 processit
1815 417 1883 482 in
1920 413 2609 483 communicationem

1059 549 1180 616 per
1219 536 1446 595 actum
1486 522 1966 613 generationis,
2001 523 2114 611 qui
2159 529 2435 611 propter
2473 519 2613 585 im-

1065 632 1550 723 perfectionem
1582 638 1685 697 est
1722 628 1803 696 de
1841 630 2141 718 potentia
2201 631 2268 695 in
2325 635 2554 695 actum
2590 647 2606 691 :

1063 740 1381 806 voluntas
1412 745 1638 803 autem
1680 735 1879 801 unius
1927 734 2230 824 procedit
2275 738 2345 801 in
2397 733 2611 801 alium

1062 869 1187 937 per
1216 866 1549 924 amorem,
1608 843 1722 932 qui
1772 865 2123 933 processus
2160 850 2439 934 propter
2484 841 2610 907 im·

1065 952 1550 1045 perfectionem
1617 958 1878 1018 naturae
1954 960 2056 1019 est
2135 947 2607 1018 accidentalis:

1068 1085 1227 1130 cum
1257 1062 1463 1152 igitur
1501 1068 1744 1127 natura
1780 1060 2059 1128 inferior
2103 1058 2484 1150 exemplata
2529 1059 2617 1126 sit

1069 1193 1109 1237 a
1148 1166 1510 1258 superiori,
1564 1166 1833 1235 videtur
1887 1167 2068 1258 quod
2129 1168 2237 1235 isti
2286 1167 2421 1234 duo
2462 1188 2618 1256 pro-

1070 1299 1301 1346 cessus
1331 1276 1630 1344 nobilius
1667 1284 1826 1343 sunt
1857 1277 1924 1343 in
1955 1276 2286 1367 superiori
2316 1283 2562 1343 natura
2594 1298 2611 1343 ε

1071 1409 1234 1477 ergo
1275 1386 1403 1453 erit
1439 1384 1532 1451 ibi
1563 1386 1909 1476 generatio
1946 1385 2092 1454 sine
2140 1386 2321 1452 exitu
2378 1384 2460 1452 de
2498 1406 2621 1474 po-

1069 1497 1285 1564 tentia
1349 1493 1434 1561 ad
1492 1501 1744 1573 actum,
1805 1502 1873 1563 et
1926 1495 2054 1562 erit
2106 1494 2199 1561 ibi
2272 1493 2617 1584 processio

1070 1603 1323 1672 amoris
1353 1602 1499 1670 sine
1528 1600 1923 1670 accidentali
1950 1610 2230 1671 natura:
2266 1611 2331 1670 et
2358 1602 2457 1670 sic
2483 1602 2620 1669 sic-

1074 1719 1149 1778 ut
1204 1708 1416 1777 Filius
1476 1717 1839 1800 generatur
1891 1709 2264 1778 secundum
2310 1709 2623 1777 substan-

1068 1818 1235 1885 tiam
1275 1839 1315 1884 a
1342 1815 1571 1894 Patre,
1604 1816 1699 1883 ita
1729 1814 2022 1907 Spiritus
2050 1815 2425 1885 secundum
2454 1816 2624 1884 sub-

1078 1923 1401 1992 stantiam
1437 1922 1743 2013 procedit
1779 1922 1863 1990 ab
1890 1932 2183 2014 utroque
2217 1945 2232 1991 :
2286 1931 2354 1992 et
2391 1930 2621 1992 tamen

1075 2052 1254 2098 unus
1286 2029 1531 2098 modus
1561 2053 1699 2098 non
1737 2038 1839 2099 est
1866 2029 2057 2100 alter.

1167 2138 1234 2206 4.
1276 2136 1475 2217 Item,
1540 2136 2142 2229 Quorumcumque
2184 2159 2624 2229 processuum

1077 2245 1352 2336 propria
1384 2245 1713 2336 principia
1740 2244 2119 2315 differentia
2156 2253 2336 2324 sunt,
2380 2254 2447 2314 et
2493 2244 2626 2336 ipsi

1077 2350 1466 2420 differentes
1503 2361 1698 2420 sunt:
1757 2350 1878 2421 sed
1915 2352 2320 2443 principium
2370 2353 2626 2420 amoris

1080 2470 1182 2530 est
1209 2461 1554 2541 voluntas,
1588 2461 2000 2553 principium
2027 2463 2484 2554 generationis
2523 2470 2628 2530 est

1077 2579 1353 2639 natura:
1389 2591 1554 2660 ergo
1583 2571 1926 2660 processio
1951 2569 2241 2662 Spiritus
2260 2571 2479 2640 sancti
2506 2569 2651 2637 dit:

1073 2677 1201 2748 fert
1255 2704 1297 2748 a
1333 2678 1772 2770 generatione
1831 2678 2006 2756 Filii,
2059 2680 2231 2748 sicut
2303 2677 2627 2747 differunt

1073 2787 1392 2855 voluntas
1421 2794 1491 2854 et
1530 2793 1795 2853 natura.
1833 2784 1906 2853 Si
1956 2784 2124 2855 forte
2175 2785 2382 2866 dicas,
2438 2784 2627 2878 quod

1074 2891 1395 2962 voluntas
1426 2893 1494 2960 in
1549 2891 1697 2962 Deo
1741 2891 1924 2962 idem
1983 2901 2087 2961 est
2122 2891 2307 2985 quod
2351 2902 2622 2978 natura,

1075 3022 1212 3068 non
1252 3008 1354 3069 cst
1382 3000 1742 3068 instantia:
1777 3001 1936 3090 quia
1973 3022 2177 3091 snpra
2207 3006 2223 3041 ¹
2258 2998 2623 3091 probatum

1073 3118 1200 3185 est,
1245 3108 1431 3201 quod
1458 3107 1618 3177 licet
1653 3107 1813 3176 talia
1844 3109 2166 3177 attributa
2193 3111 2328 3178 sint
2376 3111 2446 3179 in
2477 3108 2623 3177 Deo

1077 3217 1283 3300 idem,
1327 3226 1559 3286 tamen
1599 3240 1738 3286 non
1768 3225 1928 3287 sunt
1959 3240 2369 3310 synonyma,
2393 3225 2461 3287 et
2485 3218 2624 3287 dir-

1072 3325 1297 3393 serunt
1330 3325 1396 3392 in
1438 3323 1764 3393 relatione
1803 3324 1890 3393 ad
1943 3335 2181 3395 actus:
2226 3325 2338 3395 bic
2391 3335 2622 3394 autem

1070 3453 1199 3522 ego
1222 3431 1481 3522 accipio
1511 3441 1822 3500 naturam
1853 3440 2184 3501 utnatura
2205 3433 2617 3525 principium

1071 3547 1174 3606 est
1211 3539 1693 3631 generationis,
1733 3547 1802 3608 et
1828 3537 2248 3608 voluntatem
2270 3549 2344 3609 ut
2364 3539 2628 3631 princi·

1074 3645 1265 3735 pium
1301 3655 1405 3715 est
1433 3645 1711 3731 amoris,
1752 3669 1914 3737 ergo
1944 3645 2245 3737 procedit
2287 3649 2459 3715 ratio
2513 3647 2629 3714 in-

1076 3754 1279 3823 ducta
1308 3754 1454 3823 sine
1476 3754 1962 3845 impedimento
1991 3755 2352 3826 instantiae.

1165 3864 1232 3929 5.
1278 3860 1476 3944 Item,
1517 3861 1689 3931 Cum
1728 3861 1879 3930 duae
1918 3862 2054 3931 sint
2107 3864 2626 3932 communiones

1081 3972 1151 4037 in
1192 3980 1432 4038 natura
1472 3970 1713 4050 nobili,
1746 3994 1881 4038 una
1927 3972 2013 4039 ad
2067 3994 2238 4053 esse,
2290 3972 2501 4042 altera
2540 3972 2628 4040 ad

1084 4077 1255 4147 bene
1293 4100 1469 4157 esse,
1529 4077 1748 4146 ambae
1787 4077 2146 4147 habebunt
2201 4080 2476 4171 aliquid
2515 4103 2631 4149 re·

1085 4186 1429 4276 spondens
1467 4186 1536 4254 in
1578 4187 1747 4267 l)e0,
1789 4210 1944 4255 cum
1974 4195 2285 4279 utraquet
2306 4190 2360 4255 si
2388 4187 2633 4256 nobili-

1078 4296 1236 4361 tatis
1272 4317 1289 4362 :
1343 4293 1463 4361 sed
1507 4293 1619 4361 illa
1659 4317 1809 4385 quae
1846 4304 1946 4363 est
2002 4295 2087 4363 ad
2141 4296 2314 4363 bene
2352 4318 2501 4364 esse
2559 4296 2630 4363 in

1081 4409 1391 4470 creatura
1432 4400 1670 4478 nobili,
1706 4401 1929 4471 differt
1956 4401 2041 4470 ab
2069 4403 2187 4471 illa
2221 4425 2375 4496 quae
2406 4412 2509 4472 est
2545 4401 2635 4471 ad

1083 4531 1229 4576 esse
1271 4508 1340 4575 in
1373 4531 1442 4576 re
1488 4511 2015 4595 communicata,
2056 4520 2123 4578 et
2188 4510 2392 4579 modo
2438 4533 2633 4581 com-

1088 4615 1570 4683 municationis
1603 4638 1618 4683 :
1662 4617 1822 4707 quia
1863 4640 1967 4686 res
2024 4620 2525 4686 communicata
2564 4619 2636 4686 iu

1088 4748 1222 4793 una
1261 4735 1363 4795 est
1393 4748 1538 4794 esse
1557 4733 1840 4805 naturae,
1876 4751 1980 4795 res
1995 4736 2222 4796 autem
2247 4729 2634 4797 communi-

1089 4841 1237 4901 cata
1269 4834 1337 4900 in
1376 4831 1510 4901 alia
1566 4842 1665 4901 est
1705 4854 1947 4902 amor:
1990 4857 2146 4903 cum
2203 4858 2366 4926 ergo
2404 4836 2638 4904 omni·

1085 4939 1291 5008 moda
1329 4942 1417 5010 sit
1454 4940 1850 5032 simplicitas
1894 4942 1965 5009 in
2003 4942 2361 5034 superiori,
2395 4944 2450 5011 si
2501 4942 2637 5011 iuae

1084 5052 1738 5119 communicationes
1787 5052 2172 5121 inferuntur
2243 5054 2312 5120 in
2377 5052 2635 5132 divina,

1089 5166 1357 5248 oportet
1385 5159 1571 5251 quod
1592 5182 1730 5228 non
1760 5159 2079 5230 differant
2109 5184 2178 5230 re
2209 5170 2491 5244 naturae,
2521 5162 2643 5230 sed

1090 5266 1293 5336 modo
1329 5290 1345 5335 ε
1380 5269 1542 5358 quia
1570 5268 1768 5338 aliter
1804 5293 1941 5339 non
1976 5280 2201 5340 essent
2239 5272 2389 5340 duae
2422 5293 2439 5339 ε
2475 5294 2640 5362 ergo

1088 5375 1162 5442 in
1202 5374 1451 5444 divinis
1481 5377 1726 5446 modus
1754 5380 2207 5470 processionis
2238 5378 2386 5447 Filii
2416 5378 2646 5448 diss'ert

1165 5615 1182 5651 ¹
1215 5612 1302 5671 Cf.
1335 5612 1547 5685 Supra,
1577 5612 1725 5673 Dist.
1756 5614 1902 5670 xlv,

1374 5744 1488 5783 XXV

4152 237 4278 306 369

2727 433 2767 477 a
2806 412 3011 480 modo
3051 416 3506 503 processionis
3555 402 3852 503 Spiritus
3909 412 4121 482 sancti
4159 433 4173 478 ε
4218 417 4284 477 et

2726 527 2962 587 tamen
3018 520 3087 588 id
3155 522 3338 611 quod
3392 522 3941 590 communicatur
3994 528 4284 607 utroque

2729 626 2963 706 mod0,
2998 628 3126 695 erit
3164 627 3698 696 substantialiter
3726 648 3941 694 unum
3974 622 4158 718 quod
4187 631 4288 690 est

2732 741 2976 801 natura
3004 734 3115 802 vel
3154 736 3535 804 substantia
3569 757 3584 802 :
3620 742 3688 801 et
3725 732 3857 801 hoc
3886 739 3988 800 est
4016 752 4285 797 verum.

2819 845 2883 911 6.
2930 843 3131 924 Item,
3186 844 3520 936 Objicitur
3568 867 3689 936 per
3739 842 4041 912 similia:
4093 839 4292 908 vide-

2735 973 2889 1018 mus
2929 956 3113 1019 enim
3181 955 3403 1022 simile
3449 955 3521 1021 in
3559 959 3792 1021 mente
3848 950 4180 1032 bumana,
4225 956 4292 1016 et

2729 1058 3061 1148 angelica,
3097 1084 3249 1152 quae
3278 1062 3508 1151 imago
3546 1059 3891 1154 Trinitatis
3930 1067 4055 1141 est,
4105 1054 4291 1147 quod

2730 1165 2904 1233 alius
2945 1175 3045 1234 est
3101 1190 3458 1257 processus
3515 1167 3774 1235 notitiae
3809 1188 3850 1233 a
3904 1171 4157 1242 mente,
4225 1169 4292 1229 et

2731 1271 2906 1341 alius
2962 1283 3064 1343 est
3118 1297 3477 1366 processus
3543 1275 3848 1344 amoris:
3927 1280 3995 1339 et
4057 1271 4290 1338 tamen

2731 1377 3025 1450 reidem
3056 1393 3159 1452 est
3186 1394 3530 1467 amatum,
3550 1392 3617 1452 et
3645 1389 3912 1461 notum,
3948 1379 4108 1471 quia
4136 1378 4295 1447 sub-

2733 1491 2983 1559 stantia
3012 1495 3263 1561 mentis
3298 1515 3313 1560 :
3350 1515 3514 1583 ergo
3546 1490 3863 1575 similiter
3898 1488 4027 1557 erit
4065 1487 4136 1554 in
4188 1486 4294 1554 di-

2731 1598 2939 1668 vinis·
4224 1671 4245 1693 κ

2823 1704 2890 1773 7.
2932 1703 3133 1789 Item,
3175 1706 3510 1775 Videmus
3548 1729 3589 1773 a
3618 1704 3763 1774 sole
3794 1700 4157 1794 procedere
4194 1697 4296 1765 lu-

2736 1834 2923 1895 men,
2943 1823 3012 1882 et
3032 1814 3327 1896 radium,
3353 1824 3421 1883 et
3440 1815 3509 1882 in
3540 1813 3732 1882 radio
3770 1811 3855 1879 ab
3878 1808 4119 1879 eodem
4149 1806 4294 1875 sole

2733 1923 3104 2011 procedere
3166 1924 3495 1993 virtutem
3549 1920 4093 1990 vivificativum:
4139 1940 4297 1986 cum

2735 2050 2900 2122 ergo
2934 2030 3233 2122 Spiritus
3260 2033 3477 2101 vitam
3507 2031 3646 2111 det,
3680 2038 3749 2099 et
3795 2027 4007 2097 Filius
4062 2024 4299 2094 lumen

2735 2141 3034 2210 scientiae
3080 2141 3420 2219 infundat,
3480 2147 3670 2232 patet
3715 2135 3903 2228 quod
3940 2133 4144 2204 ambo
4186 2133 4296 2201 isti

2737 2249 3007 2319 diverso
3038 2249 3275 2330 modo,
3319 2248 3527 2318 simul
3575 2257 3809 2316 tamen
3859 2267 3900 2313 a
3935 2243 4079 2313 sole
4118 2241 4301 2311 divi-

2735 2379 2828 2426 no
2860 2358 3204 2427 oriuntur.

2826 2468 2894 2534 8.
2928 2465 3131 2547 Item,
3175 2465 3336 2534 Non
3382 2473 3486 2534 est
3540 2462 3723 2533 idem
3780 2459 4027 2530 modus
4064 2480 4303 2550 proce-

2735 2573 2960 2646 dentis
2988 2582 3067 2642 ut
3103 2596 3324 2643 nexus
3373 2573 3884 2656 distinctorum,
3944 2577 4013 2637 et
4067 2589 4302 2659 proce·

2736 2682 2959 2752 dentis
2986 2691 3065 2751 ut
3103 2682 3403 2752 distincti
3445 2705 3462 2750 :
3523 2679 3736 2748 Filius
3793 2685 4021 2747 autem
4072 2677 4299 2745 omnis

2736 2794 2882 2863 sive
2939 2795 3011 2861 in
3038 2792 3215 2874 Deo,
3258 2793 3405 2862 sive
3463 2793 3534 2859 in
3593 2797 3866 2873 natura,
3916 2786 4223 2879 procedit
4257 2808 4299 2852 a

2737 2901 2944 2970 Patre
2998 2910 3078 2970 ut
3114 2900 3496 2978 distinctus,
3544 2919 3746 2967 amor
3793 2903 4025 2965 autem
4070 2895 4297 2964 omnis

2733 3009 3046 3103 procedit
3081 3018 3161 3077 ut
3199 3019 3477 3079 nectens
3507 3007 3863 3076 distinctos
3898 3027 3914 3075 ε
3950 3026 4114 3096 ergo
4155 3025 4296 3072 non

2734 3127 2839 3188 est
2904 3117 3089 3186 idem
3157 3116 3409 3186 modus
3472 3114 3935 3210 processionis
4006 3113 4297 3181 istorum

2732 3226 3062 3297 duorum.

2826 3437 3141 3508 Somno.
3195 3436 3602 3517 Dicendum,
3645 3434 3828 3528 quod
3877 3436 3950 3503 in
4003 3434 4286 3503 veritate
4366 3472 4573 3521 sotum

2731 3547 3080 3638 processio
3136 3545 3435 3638 Spiritus
3473 3545 3690 3614 sancti
3729 3541 3956 3612 differt
3990 3563 4033 3610 a
4067 3563 4284 3634 gene·-

2735 3656 3000 3723 ratione
3039 3651 3191 3721 Filii
3227 3674 3244 3720 :
3289 3660 3355 3721 et
3404 3651 3631 3721 media
3677 3650 3966 3719 istarum
4002 3647 4287 3718 ultima-

2733 3782 2888 3828 rum
2920 3760 3268 3829 rationum
3311 3757 3609 3829 ostendit
3653 3778 4020 3826 numerum
4068 3764 4138 3824 et
4181 3778 4295 3825 ra·

2734 3868 2996 3955 tionem
3010 3867 3547 3936 differentiarum
3573 3886 3590 3933 ε
3621 3881 3690 3935 et
3709 3871 3871 3934 sunt
3885 3864 3955 3933 in
3973 3863 4297 3933 universo

2734 3983 2997 4068 septem
3035 3975 3435 4046 differentiae
3458 3997 3611 4067 quae
3637 3972 3866 4065 colligi
3898 3979 4207 4064 possunt.

2827 4084 3068 4154 Prima
3105 4092 3212 4175 est
3263 4106 3350 4153 ex
3414 4092 3605 4174 parte
3660 4079 3978 4173 principii
4017 4103 4056 4148 a
4109 4098 4299 4171 quo:

2740 4194 2903 4284 quia
2943 4213 3083 4260 una
3110 4199 3216 4261 est
3244 4214 3282 4259 a
3311 4190 3619 4283 potentia
3638 4186 4008 4280 generandi
4055 4187 4129 4256 in
4167 4185 4310 4255 Pa·

2739 4306 2868 4378 tre,
2909 4298 3045 4368 alia
3072 4305 3305 4367 autem
3336 4319 3375 4365 a
3405 4295 3715 4388 potentia
3751 4294 4119 4386 spiratiwi:
4153 4314 4307 4384 quae

2740 4404 2900 4475 licet
2930 4405 3308 4475 secundum
3351 4426 3494 4472 rem
3527 4425 3671 4472 non
3699 4401 4041 4476 differant,
4075 4407 4309 4468 tamen

2738 4536 2907 4586 vere
2936 4522 3006 4584 et
3043 4535 3183 4583 non
3214 4533 3601 4606 synonyme
3630 4511 3891 4580 suntin
3930 4508 4103 4578 Deo.

2836 4622 3155 4692 Secunda
3193 4630 3297 4691 est
3330 4643 3538 4713 quam
3573 4618 3686 4689 hic
3724 4620 3946 4710 tangit
3975 4615 4310 4708 Augusti-

2743 4754 2900 4811 nus»,
2935 4729 3129 4824 quod
3171 4729 3386 4798 Filius
3416 4737 3520 4798 est
3547 4729 3632 4796 ab
3664 4749 3834 4808 uno,
3868 4724 4169 4817 Spiritus
4189 4746 4310 4793 au·

2741 4848 2883 4908 tem
2923 4846 3206 4909 sanctus
3226 4847 3390 4906 esta
3411 4834 3682 4904 duobus
3715 4854 3734 4906 ε
3769 4856 3909 4903 non
3940 4839 4079 4901 uta
4114 4838 4309 4923 patre

2744 4958 2813 5018 et
2837 4971 2879 5017 a
2918 4954 3166 5028 matre,
3199 4944 3320 5015 sed
3347 4952 3424 5013 ut
3461 4966 3602 5012 una
3640 4949 3706 5012 et
3744 4940 4052 5033 ejusdem
4094 4938 4313 5007 ratio·

2745 5057 2854 5126 nis
2880 5057 3187 5149 potentia
3215 5052 3637 5147 spirantibus
3667 5073 3848 5120 eum.

2831 5164 3060 5234 Tertia
3097 5171 3226 5246 est,
3259 5163 3420 5254 quia
3446 5160 3792 5253 processio
3826 5154 4122 5248 Spiritus
4150 5176 4316 5224 san-

2747 5276 2838 5346 cti
2876 5283 3093 5347 estex
3122 5273 3618 5344 communione
3654 5289 4031 5339 consensus
4086 5265 4315 5335 Patris

2747 5392 2818 5452 et
2853 5382 3010 5451 Filii
3066 5381 3549 5451 distinctorum
3584 5400 3602 5448 ε
3661 5376 3716 5445 F
3720 5375 3877 5445 ilius
3930 5381 4162 5445 autem
4214 5379 4320 5441 est
