4897 6388
742 4905 944 4959 ulnae.

1753 288 1847 357 IN
1895 288 1924 353 1
1976 286 2405 386 SENTENT.
2464 286 2687 389 DIST.
2741 286 2830 369 11,
2883 286 2966 369 B,
3019 289 3221 358 ART.
3274 291 3313 359 8
3362 291 3473 360 ET
3518 297 3582 362 9.
4194 293 4273 360 6¹

1066 459 1502 561 Scripturas
1534 460 1836 553 docere,
1882 459 2088 559 quod
2146 461 2401 557 Pater,
2447 472 2524 539 et
2577 460 2842 549 Filius.
2905 472 2981 540 et
3034 461 3368 564 Spiritus
3425 476 3760 559 sanctuS,
3838 467 4065 543 unius
4130 468 4282 544 sint

1063 595 1544 688 substantiae,
1580 603 1656 670 et
1701 593 2197 696 inseparabili
2257 599 2703 698 aequalitate
2759 623 2963 675 unus
3023 599 3179 675 sint
3218 600 3480 676 Deus:
3557 613 3638 676 ut
3703 601 3800 675 sit
3877 601 4129 677 unitas
4193 605 4271 679 in

1062 733 1424 826 essentia,
1471 741 1544 808 et
1598 733 1997 832 pluralitas
2035 735 2113 808 in
2178 734 2588 833 personis:
2645 734 2977 831 ideoque
3033 757 3189 809 non
3250 746 3432 810 sunt
3491 747 3639 813 tres
3679 738 3809 826 dii,
3873 739 4003 814 sed
4075 763 4277 814 unus

1058 865 1297 959 Deus,
1344 864 1518 941 licet
1546 864 1775 943 Pater
1812 865 2092 941 Filium
2133 866 2517 963 genuerit,
2563 875 2640 941 ct
2678 865 2850 941 ideo
2894 864 3135 943 Filius
3178 890 3332 942 non
3376 868 3473 943 sit
3511 870 3641 966 qui
3685 871 3910 946 Pater
3949 882 4102 948 est:
4150 872 4276 947 Fi-

1059 999 1366 1097 liusque
1407 1024 1454 1078 a
1492 1002 1717 1078 Patre
1758 1002 1855 1076 sit
1892 1000 2227 1098 genitus,
2270 1011 2346 1078 et
2383 1002 2558 1076 ideo
2600 1000 2832 1077 Pater
2863 1025 3021 1077 non
3058 1002 3157 1078 sit
3185 1003 3318 1101 qui
3361 1003 3599 1079 Filius
3639 1015 3801 1080 est:
3840 1017 3911 1081 et
3947 1005 4276 1105 Spiritus

1058 1148 1371 1212 sanctus
1403 1160 1547 1212 nec
1587 1137 1813 1212 Pater
1852 1135 1950 1211 sit
1982 1159 2124 1213 nec
2156 1136 2425 1232 Filius,
2461 1136 2597 1212 sed
2630 1146 2931 1212 tantum
2966 1136 3218 1213 Patris
3250 1149 3324 1213 et
3354 1139 3522 1214 Filii
3556 1140 3912 1239 SpirituS,
3973 1144 4273 1243 utrique

1008 1263 1012 1267 ⁴
1057 1273 1505 1373 coaequalis,
1542 1282 1617 1349 et
1644 1271 1740 1348 ad
1768 1271 2162 1349 Trinitatis
2198 1271 2602 1373 pertinens
2644 1271 3052 1349 unitatem.
3097 1272 3528 1350 Teneamus
3567 1299 3749 1374 crgo
3808 1277 4139 1373 Patrem,
4197 1290 4274 1355 et

1055 1410 1364 1503 Filium,
1408 1417 1485 1484 et
1522 1406 1892 1506 Spiritum
1933 1420 2285 1485 sanctum
2332 1432 2574 1483 unum
2608 1430 2778 1484 esse
2821 1408 3277 1486 naturaliter
3318 1410 3593 1506 Deum,
3641 1423 3722 1487 ut
3758 1414 3861 1488 ait
3910 1416 4276 1513 Augusti-

1060 1568 1210 1619 nus
1252 1544 1330 1618 in
1375 1542 1570 1619 libro
1612 1543 1705 1619 de
1732 1542 1932 1618 Fide
1962 1543 2069 1618 ad
2100 1542 2427 1618 Petrum
2455 1570 2483 1618 .·
2521 1517 2777 1641 neque
2810 1553 3072 1619 tamen
3115 1544 3372 1643 ipsum
3413 1546 3717 1622 Patrem
3746 1570 3942 1643 esse,
3982 1550 4115 1647 qui
4151 1550 4279 1625 Fi-

1056 1682 1209 1758 lius
1241 1691 1407 1758 est:
1455 1702 1598 1757 nec
1626 1678 1907 1755 Filium
1949 1679 2207 1779 ipsum
2249 1702 2451 1775 esse,
2495 1678 2631 1780 qui
2675 1679 2910 1757 Pater
2948 1691 3112 1757 est:
3172 1704 3314 1758 nec
3373 1681 3741 1781 Spiritum
3785 1698 4132 1763 sanctum
4173 1688 4280 1788 ip-

1055 1844 1227 1897 sum
1260 1843 1430 1898 esse
1470 1819 1603 1918 qui
1637 1816 1867 1895 Pater
1904 1826 2020 1893 est
2058 1828 2190 1893 aut
2234 1816 2501 1894 Filius·
2538 1814 2714 1894 Una
2743 1827 2870 1894 est
2915 1816 3125 1895 enim
3158 1818 3432 1907 Patris,
3474 1832 3549 1896 et
3585 1821 3780 1914 Filii,
3835 1834 3907 1899 et
3946 1823 4275 1923 Spiritus

1052 1956 1295 2034 sancti
1347 1955 1708 2050 essentia,
1754 1978 1986 2054 quarn
2046 1953 2296 2032 Graeci
2328 1951 2568 2026 οὐσὶωι*
2613 1963 2951 2031 vocant:
3017 1952 3097 2029 in
3152 1977 3310 2057 qua
3364 1979 3520 2032 non
3579 1968 3696 2034 est
3744 1958 3953 2035 aliud
4010 1960 4264 2060 Pater,

1053 2091 1264 2169 aliud
1312 2091 1580 2187 Filius,
1625 2089 1835 2167 aliud
1887 2091 2224 2192 Spiritus
2276 2102 2640 2169 sanctus:
2687 2088 3051 2189 quamvis
3090 2088 3190 2166 sit
3226 2093 3733 2190 personaliter
3770 2094 3969 2172 alius
4011 2094 4266 2194 Pater,

1054 2229 1253 2307 alius
1294 2228 1562 2324 Filius,
1599 2228 1798 2305 alius
1837 2228 2173 2331 Spiritus
2204 2238 2548 2307 sanctus.

2712 2614 3097 2704 supposito,
3141 2634 3415 2683 necesse
3451 2622 3554 2684 est
3597 2613 3881 2707 intelligi
3919 2616 4258 2684 numerari

1450 2720 1952 2794 ARTICULUS
2000 2718 2189 2788 vul.

2713 2828 2785 2896 in
2814 2851 3105 2899 numero
3149 2828 3395 2923 plurali
3431 2853 3449 2898 ε
3511 2840 3577 2901 et
3613 2833 3763 2902 ideo
3821 2832 4062 2902 melius
4108 2831 4270 2901 dici-

2712 2943 2850 3016 tur,
2895 2959 3113 3005 unum
3159 2948 3348 3017 sune,
3398 2960 3629 3029 quam,
3685 2962 3893 3006 unum
3952 2947 4074 3007 est.
4130 2937 4265 3008 Ob·

2710 3047 2922 3135 jectio
2962 3056 3192 3117 autem
3236 3047 3537 3140 procedit
3585 3049 3664 3118 de
3705 3049 4080 3117 substantia
4116 3052 4258 3143 sig-

2719 3153 3014 3234 nificata,
3068 3157 3243 3225 utin
3300 3156 3551 3247 quiete,
3606 3157 3775 3227 sicut
3832 3158 4263 3229 nominaliter

2718 3265 3168 3357 significatur.

1053 2942 1244 3028 Quid
1285 2942 1534 3010 melius
1571 2940 1829 3008 dicitur
1882 2937 1966 3006 de
2002 2937 2237 3017 Patre,
2281 2933 2497 3017 Filio,
2539 2944 2603 3002 et

1138 3053 1414 3145 Spiritu
1450 3058 1711 3134 sancta,
1769 3047 1960 3142 quod
1995 3069 2215 3116 unum
2246 3054 2436 3124 sunt,
2502 3042 2610 3110 vel

1138 3158 1329 3251 quod
1357 3180 1572 3228 unum
1602 3167 1698 3226 est
1733 3154 1774 3225 ?

1137 3487 1398 3559 Deinde
1437 3486 1759 3579 quaeritur
1806 3484 1892 3556 de
1937 3482 2047 3553 his
2085 3502 2239 3576 quo
2283 3481 2603 3550 dicuntur

1044 3599 1115 3665 in
1149 3594 1448 3666 secunda
1488 3603 1675 3687 parte
1705 3614 1854 3685 quae
1903 3590 2162 3683 incipit,
2208 3587 2327 3667 ibi.
2365 3614 2402 3654 ι
2440 3587 2601 3657 Om-

1041 3727 1158 3774 nes
1196 3713 1426 3774 autem
1470 3700 1831 3774 Catholici.
1872 3730 1904 3763 ι»
1942 3697 2042 3769 lbi
2075 3699 2260 3768 enim
2290 3706 2392 3767 est
2421 3716 2603 3788 quae·

1041 3813 1199 3884 dam
1244 3811 1479 3883 notula
1508 3835 1657 3904 quae
1680 3810 1842 3880 dicit
1878 3830 1895 3879 ε
1933 3837 1971 3875 κ
2008 3807 2137 3878 Ubi
2163 3808 2487 3878 dixerunt
2515 3803 2597 3873 de

3146 3707 3201 3770 A
3212 3701 3648 3775 RTICULUS
3698 3703 3817 3779 tx.

2712 2729 2943 2791 actum
2980 2743 2997 2789 z
3034 2730 3100 2792 et
3149 2723 3243 2791 ita
3279 2722 3565 2792 verbum
3624 2746 3891 2793 necesse
3947 2733 4043 2794 est
4101 2725 4267 2816 poni
4390 2773 4398 2782 .

1043 3920 1244 3991 Patre
1269 3929 1332 3990 et
1366 3919 1535 3988 Filio
1569 3941 1585 3988 :
1617 3920 1732 4010 qui
1763 3919 2007 4011 gignit,
2030 3925 2097 3985 et
2118 3938 2325 4008 quem
2345 3914 2594 4006 gignit,

1046 4054 1259 4101 unum
1300 4040 1427 4100 est.
1466 4058 1502 4093 n
1573 4028 1916 4109 Quaeritur
1968 4028 2153 4096 enim
2195 4025 2287 4093 ibi
2354 4022 2438 4092 de
2484 4045 2599 4091 ra-

1042 4142 1230 4209 tione
1264 4136 1752 4208 retractationis
1772 4136 2166 4228 Augustini.
2200 4130 2375 4202 Cum
2408 4132 2596 4200 enim

1041 4246 1111 4338 ly
1149 4258 1248 4314 est
1277 4249 1361 4314 sit
1387 4244 1673 4315 verbum
1705 4242 2239 4321 substantivum,
2284 4247 2351 4309 et
2386 4237 2597 4329 signi·

1041 4355 1194 4422 licet
1248 4354 1699 4422 substantiam
1732 4351 2051 4421 :videtur
2112 4350 2342 4441 potius
2397 4347 2593 4438 sequi

1040 4485 1404 4533 numerum
1489 4461 1827 4539 essentiae.
1927 4482 2135 4551 quam
2222 4476 2592 4525 numerum

1038 4592 1486 4665 personarum
1518 4591 1536 4639 t
1573 4578 1641 4639 et
1679 4571 1771 4638 ita
1809 4566 2172 4637 dicendum
2202 4572 2372 4643 erat,
2407 4560 2594 4655 quod

1040 4683 1245 4753 Pater
1280 4690 1344 4751 et
1375 4681 1586 4751 Filius
1624 4701 1837 4748 unum
1877 4686 2000 4747 est.

1134 4899 1448 4968 Sotcno.
1491 4894 1897 4972 Dicendum,
1931 4891 2116 4984 quod
2158 4891 2316 4959 licet
2372 4890 2443 4982 ly
2496 4898 2593 4959 est

1036 5008 1372 5100 significet
1400 5005 1875 5083 substantiam,
1908 5010 2141 5072 tamen
2171 5002 2394 5091 signat
2436 5022 2588 5069 eam

1035 5124 1109 5184 ut
1142 5125 1391 5190 actum.
1429 5122 1495 5181 et
1526 5135 1643 5205 per
1679 5132 2103 5202 consequens
2132 5118 2208 5177 ut
2244 5109 2316 5175 in
2355 5107 2587 5198 aliquo

1036 5224 1390 5315 supposito
1449 5221 1633 5313 quod
1711 5220 1923 5289 reddit
1982 5218 2107 5286 sibi
2163 5239 2584 5308 personam:

1037 5342 1279 5402 etcum
1311 5328 1598 5399 verbum
1626 5350 1987 5397 numerum
2030 5326 2318 5417 accipiat
2349 5347 2389 5393 a
2418 5324 2591 5393 sub-

1036 5442 1282 5509 stantia
1340 5444 1765 5530 supponente
1826 5436 1980 5515 sibi,
2049 5443 2414 5505 numerato
2470 5432 2589 5502 illo

1106 5675 1127 5710 ¹
1157 5675 1349 5732 Editio
1387 5675 1436 5730 J.
1476 5673 1779 5730 Alleaume
1810 5669 1990 5729 habet
2008 5669 2299 5746 ὁμουσίαν.

2709 3918 2817 3982 An
2875 3914 3129 3983 melius
3183 3913 3482 3996 dicatur,
3540 3915 3734 3985 Alter
3797 3916 4027 3989 Pater.
4072 3913 4253 3982 alter

2937 4023 3212 4093 Filius:
3252 4025 3362 4094 νεῖ
3415 4025 3624 4108 alius,
3673 4038 3737 4094 ee
3794 4021 4040 4093 alius?

2797 4348 3058 4418 Deinde
3097 4349 3417 4440 objicitur
3436 4373 3636 4444 super
3674 4349 3801 4418 hoc
3830 4350 4009 4440 quod
4055 4350 4257 4421 babe-

2705 4465 2818 4526 tur
2863 4458 2933 4527 in
2974 4458 3110 4528 line
3165 4458 3468 4548 ejusdem
3527 4458 3851 4550 capituli:
3899 4486 3928 4522 α
3978 4460 4055 4527 ln
4112 4481 4251 4552 qua

2704 4589 2841 4636 non
2880 4576 2979 4636 est
3016 4566 3228 4637 aliud
3251 4570 3487 4647 Pater,
3519 4567 3724 4636 aliud
3758 4567 4010 4646 Filius,
4042 4577 4170 4640 etc.
4209 4595 4245 4632 n

2795 4673 3140 4756 Quaeritur
3176 4676 3388 4755 enim,
3414 4675 3657 4747 Utrum
3691 4673 3930 4744 melius
3959 4676 4244 4755 dicatur,

2703 4781 2899 4851 Alter
2920 4781 3150 4863 Pater,
3181 4782 3355 4853 alter
3381 4782 3613 4862 Filius,
3646 4781 3753 4853 vel
3783 4782 4007 4851 alius?
4038 4782 4117 4852 Et
4149 4783 4250 4851 vi·

2705 4888 2905 4958 detur
2944 4889 3129 4982 quod
3167 4889 3374 4960 alter:
3418 4892 3575 4983 quia
3614 4891 3782 4959 alius
3836 4892 3992 4960 dicit
4033 4890 4249 4961 diver-

2704 5001 2975 5069 sitatem
3017 5001 3413 5069 substantias
3449 5023 3463 5067 :
3501 5000 3665 5070 alter
3710 5010 3933 5070 autem
3974 5001 4245 5070 diversi·

2705 5115 2916 5174 tatem
2956 5109 3346 5191 accidentis,
3379 5107 3487 5174 vel
3537 5109 3963 5198 proprietatis
4001 5132 4246 5177 secun·

2704 5216 2868 5285 dum
2924 5216 3409 5310 Porphyrium.
3447 5217 3617 5287 Cum
3677 5220 3878 5311 igitur
3929 5219 4127 5288 Pater
4179 5228 4244 5288 et

2703 5323 2916 5394 Filius
2994 5325 3310 5395 differant
3380 5326 3902 5419 proprietatibus
3957 5328 4121 5408 suis,
4178 5336 4245 5397 et

2700 5456 2843 5503 non
2882 5433 3287 5516 substantia,
3329 5436 3596 5507 videtur
3633 5436 3872 5505 melius
3919 5436 4073 5516 dici,
4117 5437 4245 5505 Al-
