4897 6388
734 877 934 926 solutio.

751 2945 830 2989 Ad
860 2945 897 2991 ¹.

737 4449 885 4506 aaz.

1693 314 1704 328 -
1827 276 1919 343 IN
1973 277 1996 341 1
2050 272 2475 358 SENTENT.
2530 215 2936 382 msc-w,
2990 274 3077 353 A,
3127 271 3329 341 ART.
3380 273 3444 342 6.

1030 463 1324 530 persona
1364 454 1467 514 est
1501 466 1833 537 generans
1873 455 1938 511 et
1977 446 2275 533 genitus.
2331 440 2406 510 Si
2446 464 2586 511 non

1032 571 1130 628 se,
1166 560 1229 617 et
1289 551 1504 618 Deum
1547 552 1834 638 genuit:
1900 574 2063 641 ergo
2113 550 2588 618 aliumDeum

1032 660 1291 746 genuit,
1328 658 1510 747 quod
1546 657 1867 749 Magister
1906 670 2132 749 negat.

1125 874 1435 942 Somno.
1475 875 1621 944 Hoc
1653 878 2004 967 tripliciter
2025 878 2382 944 cousuevit
2410 876 2585 944 solvi

1032 1003 1070 1047 a
1091 981 1454 1070 Magistris.
1483 981 1776 1060 Quidam
1794 984 2025 1050 dicunt
2047 983 2230 1072 quod
2262 982 2330 1073 ly
2359 984 2586 1051 alium

1030 1109 1114 1152 ex
1145 1096 1331 1176 parte
1369 1088 1717 1178 praedicati
1762 1097 1983 1177 potest
2014 1111 2160 1156 esse
2209 1089 2588 1157 substanti-

1027 1215 1220 1271 vum,
1256 1195 1362 1262 vel
1422 1195 1859 1281 adjectivum.
1901 1194 1971 1261 Si
2005 1197 2092 1263 sit
2139 1196 2579 1285 adjectivum,

1031 1312 1192 1371 tunc
1238 1303 1473 1370 dicunt
1539 1304 1736 1371 istam
1797 1326 1943 1372 esse
2001 1304 2264 1383 falsam,
2334 1306 2586 1396 genuit

1030 1411 1239 1479 alium
1286 1411 1547 1479 Deum:
1592 1414 1752 1502 quia
1793 1421 1953 1480 tunc
2002 1413 2070 1503 ly
2120 1414 2345 1480 alium
2390 1416 2583 1502 ponit

1028 1517 1485 1584 diversitatem
1520 1527 1825 1607 respectu
1860 1519 2095 1586 formae
2137 1518 2340 1607 hujus
2362 1522 2586 1587 nomi-

1027 1628 1162 1704 nis,
1198 1625 1417 1693 Deum
1454 1649 1469 1691 :
1507 1629 1667 1717 quia
1697 1626 2027 1716 adJectiva
2047 1627 2337 1694 sormam
2371 1649 2579 1717 quam

1026 1734 1415 1824 significant
1443 1743 1708 1825 ponunt
1739 1736 1917 1803 circa
1958 1735 2387 1804 substantiva
2425 1759 2571 1803 sua.

1029 1839 1100 1907 Si
1133 1850 1358 1908 autem
1419 1842 1504 1908 sit
1553 1840 2081 1921 substantivum,
2136 1842 2372 1910 dicunt
2430 1864 2580 1911 esse

1026 1970 1260 2015 veram
1301 1949 1424 2033 sic,
1479 1948 1717 2038 genuit
1772 1947 1982 2015 alium
2042 1949 2156 2039 qui
2202 1948 2385 2017 Deus
2446 1956 2574 2018 est.

1023 2054 1162 2121 Alii
1194 2055 1453 2134 dicunt,
1498 2055 1683 2145 quod
1714 2065 1934 2145 potest
1965 2056 2183 2124 facore
2240 2057 2580 2146 appositi-

1023 2185 1183 2229 vam
1208 2165 1810 2243 constructionem,
1856 2164 1963 2231 vel
2023 2165 2473 2251 adjectivam:
2519 2166 2577 2233 si

1023 2273 1503 2361 appositivam,
1574 2296 1734 2341 vera
1801 2281 1900 2340 est
1947 2295 1964 2341 ε
2007 2274 2059 2338 si
2137 2273 2572 2361 adjectivum,

1020 2377 1188 2446 falsa
1235 2388 1360 2447 est.
1409 2378 1633 2448 Tertia
1696 2381 1930 2469 opinio
1986 2389 2085 2447 est
2126 2380 2437 2471 Magistri
2503 2383 2575 2449 in

1022 2487 1283 2554 Littera
1312 2509 1335 2552 .·
1364 2495 1427 2554 et
1449 2486 1633 2555 illam
1665 2488 2043 2577 sequimur,
2080 2486 2369 2555 dicendo
2391 2487 2574 2579 quod

1022 2618 1145 2663 nec
1174 2596 1505 2687 sequitur,
1558 2618 1721 2686 ergo
1780 2618 1850 2663 se
1886 2595 2103 2663 Deum
2141 2619 2156 2663 ε
2197 2618 2321 2664 nec
2337 2597 2577 2686 sequi-

1023 2713 1157 2785 tur,
1191 2725 1354 2793 ergo
1384 2702 1591 2770 atium
1635 2703 1883 2780 Deum,
1918 2712 2197 2794 propter
2236 2705 2573 2772 rationem

1019 2809 1334 2899 superius
1372 2810 1811 2899 assignatam.

1108 2916 1460 2984 Dicesnmi
1499 2939 1661 3007 ergo
1695 2915 1778 2984 ad
1812 2917 2138 3007 primum,
2181 2917 2369 3008 quod
2417 2916 2570 2986 licet

1022 3025 1087 3115 ty
1118 3025 1341 3092 alium
1373 3024 1458 3090 sit
1491 3023 1875 3098 relativum,
1910 3047 2046 3090 non
2090 3034 2314 3092 tamen
2348 3048 2471 3115 per
2497 3049 2571 3094 se

1020 3141 1209 3201 notat
1265 3132 1771 3201 distinctionem
1821 3134 2296 3223 personalem:
2342 3143 2408 3202 et
2440 3132 2571 3203 boc

1012 3250 1192 3332 patet
1224 3243 1419 3331 :quia
1448 3244 1767 3308 convenit
1797 3244 2104 3308 essentiae
2127 3250 2189 3309 et
2212 3265 2561 3333 personoe:

1011 3362 1109 3419 est
1151 3351 1338 3417 enim
1381 3352 1669 3418 essentia
1701 3348 1831 3416 alia
1861 3347 1946 3415 ab
1986 3352 2276 3417 essentia
2327 3353 2562 3431 creati,

1010 3469 1074 3526 et
1105 3481 1397 3548 persona
1454 3465 1553 3524 est
1584 3457 1711 3525 alia
1762 3457 1848 3525 ab
1923 3457 2055 3525 alia
2106 3481 2434 3547 persona:
2498 3468 2566 3528 et

1011 3566 1164 3633 ideo
1199 3588 1333 3632 uon
1369 3588 1488 3655 per
1514 3589 1584 3632 se
1609 3574 1708 3632 est
1750 3566 2122 3643 notionate,
2157 3565 2330 3633 sicut
2357 3590 2567 3656 gene·

1009 3696 1183 3753 rare,
1226 3683 1289 3740 et
1322 3671 1740 3761 hujusmodi.
1771 3672 1962 3739 Unde
1994 3674 2362 3742 terminum
2393 3675 2565 3743 sub-

1007 3778 1394 3846 stantialem
1435 3777 1516 3844 ad
1566 3777 1883 3845 standum
1915 3802 2039 3869 pro
2099 3801 2389 3868 persona
2436 3803 2563 3849 co-

1006 3909 1165 3975 gere
1199 3908 1333 3952 non
1379 3894 1643 3975 potest:
1688 3886 1827 3952 imo
1869 3907 2022 3951 cum
2076 3894 2259 3953 notet
2323 3885 2559 3955 alieta-

1006 4002 1168 4067 tem,
1204 4001 1267 4057 et
1307 3993 1533 4058 omnis
1571 3989 1807 4058 alietas
1827 4014 1980 4081 quae
2019 3991 2424 4081 simpliciter
2459 4005 2559 4063 est

1004 4102 1270 4183 alietas,
1310 4109 1411 4167 est
1432 4101 1649 4191 gratia
1689 4101 1948 4183 formae,
2003 4102 2315 4191 respiciet
2374 4102 2562 4172 hunc

1007 4214 1401 4287 terminum,
1452 4214 1662 4296 Deus,
1696 4212 1910 4302 gratia
1987 4211 2275 4280 forium:
2336 4222 2403 4282 et
2462 4216 2560 4283 sic

1005 4320 1260 4387 locutio
1291 4329 1391 4385 est
1425 4318 1613 4386 salsa.

1094 4430 1197 4493 Ao
1244 4449 1443 4492 Anien
1498 4424 1885 4509 dicendum,
1950 4427 2134 4517 quod
2180 4437 2336 4494 sunt
2398 4428 2562 4518 qui-

1003 4537 1157 4605 dam
1192 4546 1381 4605 actus
1411 4537 1528 4603 uni
1559 4535 1686 4604 soli
1728 4537 2213 4605 convenientes
2273 4538 2339 4604 in
2396 4562 2560 4630 sup-

1000 4649 1245 4740 positis
1284 4647 1570 4736 alicujus
1612 4654 1870 4715 naturae
1905 4668 1921 4715 ε
1968 4655 2031 4713 et
2073 4649 2348 4737 quando
2416 4658 2559 4718 ter-

1004 4762 1232 4827 minus
1262 4759 1647 4825 communis
1679 4759 1747 4824 in
1787 4765 2027 4826 natura
2060 4756 2172 4824 illa
2228 4761 2557 4849 supponit

1000 4867 1228 4935 verbis
1259 4864 1801 4957 significantibus
1843 4865 2236 4955 hujusmodi
2294 4876 2550 4948 actum,

1001 4975 1404 5064 intelligitur
1446 4972 1626 5063 quod
1668 4977 1887 5064 gratia
1922 4976 2254 5063 suppositi
2288 4975 2396 5041 cui
2439 4975 2552 5044 ille

998 5091 1187 5151 actus
1226 5083 1570 5158 convenit,
1604 5082 1924 5172 supponit
1961 5090 2076 5149 :ut
2099 5104 2253 5148 cum
2278 5081 2552 5167 dicitur,

999 5191 1180 5258 Deus
1213 5197 1428 5269 tonat,
1463 5198 1794 5273 coruscat,
1851 5190 2030 5280 apud
2088 5190 2392 5258 Gentiles
2454 5192 2555 5258 in·

997 5300 1324 5390 telligitur
1350 5297 1620 5388 Jupiter
1652 5320 1666 5364 :
1713 5297 1951 5366 ettalis
1990 5307 2182 5366 actus
2205 5308 2306 5367 est
2344 5322 2552 5390 gene-

997 5431 1144 5475 rare
1184 5409 1299 5497 qui
1333 5405 1455 5474 soli
1479 5408 1800 5474 convenit
1832 5405 2010 5474 Patri
2041 5428 2055 5472 ε
2093 5415 2153 5473 et
2189 5406 2341 5474 ideo
2366 5406 2551 5475 Deus

993 5517 1281 5607 appellat
1310 5516 1600 5590 Patrem,
1629 5540 1782 5582 cum
1803 5515 2070 5594 dicitur,
2110 5520 2294 5586 Deus
2308 5519 2552 5608 qenai!

991 5627 1261 5693 Deum:
1304 5631 1368 5690 et
1409 5645 1546 5690 nou
1587 5622 2014 5714 restringitur
2058 5624 2142 5690 ab
2202 5627 2347 5717 ipso
2393 5647 2554 5692 ver-

4087 271 4252 387 „16⁸3

2707 442 2823 523 bo,
2859 444 2978 512 sed
3009 447 3233 535 potius
3282 443 3575 536 appellat
3618 441 3749 524 hoc
3823 442 4250 531 suppositum

2708 551 2816 616 cui
2849 550 2978 617 soli
3009 554 3329 619 convenit
3356 551 3468 620 ille
3500 561 3708 620 actus,

2793 660 2901 726 An
2950 682 3015 726 m
3048 660 3230 750 quod
3262 659 3579 748 objicitur
3606 659 3687 727 de
3725 659 4087 735 solutione,
4140 655 4249 722 di-

2706 766 3002 833 cendum
3036 765 3218 856 quod
3259 766 3532 856 quidam
3567 769 3654 834 ita
3701 766 4037 845 dixerunt,
4092 763 4251 831 licet

2705 873 3164 964 improbabile
3212 876 3340 943 sit:
3376 885 3602 943 tamen
3633 875 3717 943 ad
3770 883 4250 967 argumentum

2702 990 2968 1061 contra,
3035 981 3392 1050 solverunt
3442 983 3626 1072 quod
3679 982 3830 1049 licet
3891 980 3960 1072 ly
4025 981 4251 1049 alium

2701 1108 2842 1153 non
2876 1087 3127 1156 habeat
3163 1111 3233 1156 se
3287 1092 3356 1155 in
3423 1090 3680 1157 ratione
3719 1089 4102 1156 communis
4166 1087 4252 1153 ad

2702 1194 2771 1284 ly
2790 1198 3044 1280 Deum,
3080 1205 3309 1263 tamen
3341 1205 3563 1287 potest
3590 1205 3823 1266 notare
3865 1195 4252 1263 distinctio-

2700 1325 2859 1369 nem
2903 1303 2972 1369 in
3025 1325 3341 1394 persona,
3409 1307 3516 1373 cui
3574 1326 3874 1395 personae
3927 1302 4250 1371 convenit

2698 1432 2846 1477 esse
2884 1411 3109 1478 Deum
3146 1435 3161 1479 :
3200 1421 3265 1480 et
3307 1414 3400 1480 ita
3452 1413 3829 1503 appositive
3883 1411 3993 1480 vel
4051 1410 4246 1502 quasi

2697 1519 3079 1608 appositive
3110 1523 3549 1589 construitur.
4107 1535 4108 1540 ’

2786 1625 2892 1693 An
2941 1648 3006 1693 ln
3038 1627 3216 1716 quod
3250 1628 3567 1717 objicitur
3593 1628 3675 1696 de
3712 1628 3842 1696 alia
3872 1624 4236 1707 solutione,

2698 1731 3065 1801 dicendum
3099 1734 3283 1825 quod
3318 1738 3371 1803 si
3400 1735 3469 1827 ly
3514 1734 3738 1803 aliur'n
3779 1734 4244 1806 substantiva-

2697 1850 2832 1923 tur,
2946 1853 3107 1912 tunc
3200 1844 3731 1937 subintelligitur
3804 1846 4237 1938 participium

2693 1960 2942 2033 entem,
2975 1961 3052 2019 ut
3078 1954 3168 2020 sit
3202 1976 3468 2036 sensus,
3510 1940 3982 2044 genuit'alium
4003 1962 4233 2022 entem

2698 2058 2921 2127 Deum
2954 2070 3066 2129 :et
3129 2063 3226 2128 sic
3269 2083 3409 2128 non
3475 2062 3852 2129 necessario
3881 2059 3950 2152 ly
3997 2061 4222 2129 alium

2698 2163 2909 2231 trahit
2939 2186 3301 2232 numerum
3337 2173 3404 2232 et
3441 2187 3654 2255 genus
3684 2187 3723 2232 a
3752 2164 4177 2233 substantivo
4215 2188 4231 2233 ε

2693 2293 2997 2361 congrue
3019 2272 3203 2339 enim
3237 2271 3503 2354 dicitur,
3549 2272 3785 2362 genuit
3837 2268 4049 2338 alium
4115 2293 4236 2339 en-

2690 2385 2832 2446 tem
2864 2378 3114 2458 Deum,
3159 2378 3315 2445 licet
3342 2376 3511 2446 falso
3543 2377 3821 2446 dicatur.

2780 2488 2887 2554 An
2927 2509 3125 2554 Amen
3163 2486 3553 2571 dicendum,
3587 2487 3768 2578 quod
3797 2487 3975 2556 idem
4034 2496 4102 2557 et
4138 2488 4239 2557 di-

2688 2616 2968 2662 versum
3012 2592 3325 2660 dividunt
3362 2615 3481 2661 ens
3537 2601 3833 2662 creatum
3867 2615 3885 2662 ε
3947 2602 4014 2663 et
4052 2594 4233 2666 idem

2689 2699 2944 2768 dicitur
2973 2723 3012 2767 a
3053 2722 3191 2791 quo
3230 2722 3370 2768 non
3411 2697 3635 2768 dissert
3664 2699 4065 2786 differentia,
4124 2701 4237 2770 di·-

2687 2831 2963 2876 versum
3045 2816 3273 2875 autem
3340 2806 3681 2876 diversum
3759 2809 3827 2876 in
3881 2811 4174 2879 essentia
4211 2829 4230 2880 ε

2686 2915 2868 2984 unde
2912 2915 3057 2985 liaec
3098 2938 3236 2983 non
3303 2915 3616 2984 dividunt
3663 2938 3783 2984 ens
3857 2917 4233 2986 increatum

2686 3021 2874 3112 quod
2905 3021 3285 3090 secundum
3343 3023 3765 3112 suppositum
3823 3032 3924 3092 est
3994 3024 4226 3092 distin·

2682 3141 2900 3211 ctum.
2946 3131 3321 3201 secundum
3371 3134 3733 3202 essentiam
3764 3141 3991 3202 autem
4048 3133 4234 3203 indi-

2682 3244 3036 3312 stinctum.

2772 3351 2878 3417 An
2928 3372 3125 3419 Αιιυυ
3191 3349 3577 3430 dicendum,
3637 3351 3821 3442 quod
3879 3348 4026 3420 istae
4079 3373 4222 3420 non

2679 3469 2838 3526 sunt
2868 3458 3435 3538 contradictoriae,
3458 3460 3691 3548 genuit
3707 3481 3803 3536 se,
3826 3459 4061 3550 genuit
4082 3481 4223 3529 non

2678 3593 2750 3636 se
2785 3588 2802 3637 t
2837 3567 2957 3636 sed
2997 3590 3134 3637 non
3169 3570 3403 3658 genuit
3439 3591 3534 3644 se,
3577 3576 3642 3636 et
3684 3566 3828 3635 haec
3859 3577 3960 3636 est
4003 3593 4170 3639 vera
4202 3592 4220 3639 ε

2677 3676 2794 3745 sed
2828 3699 2912 3744 ex
2983 3674 3098 3743 illa
3145 3699 3284 3744 non
3339 3675 3692 3767 sequitur:
3736 3699 3897 3768 ergo
3984 3679 4224 3769 genuit

2675 3783 2890 3868 alium
2923 3805 2940 3850 z
2985 3782 3283 3874 quiailla
3323 3806 3455 3874 qua
3485 3782 3752 3862 dicitur,
3813 3805 3950 3852 non
3985 3785 4225 3876 genuit

2676 3916 2773 3974 se,
2806 3915 2969 3961 vera
3000 3901 3099 3960 est
3126 3915 3142 3958 :
3177 3891 3294 3960 sed
3334 3914 3473 3960 non
3503 3901 3724 3983 potest
3753 3892 3979 3962 inferri
4012 3916 4221 3987 :ergo

2673 4003 2913 4093 genuit
2946 4025 3083 4068 non
3114 4026 3186 4069 se
3212 4020 3228 4070 ε
3255 4001 3415 4093 quia
3445 4000 3574 4069 illae
3606 4025 3740 4069 non
3775 4002 4217 4093 aequivalent,

2674 4118 2748 4178 ut
2787 4118 2975 4201 patet
3004 4133 3086 4177 ex
3143 4108 3502 4200 praedictis.

3116 4545 3617 4616 ARTICULUS
3668 4546 3784 4615 vl.

2675 4756 3036 4842 Quomodo
3062 4768 3459 4850 supponunt
3480 4757 3596 4826 illi
3614 4761 3910 4842 termini,
3934 4762 4215 4852 quando

2762 4864 3043 4944 dicitur,
3079 4864 3261 4933 Deus
3282 4865 3362 4933 de
3385 4864 3553 4953 Dec),
3576 4865 3806 4935 lumen
3827 4866 3910 4936 de
3929 4866 4214 4951 lumine,

2761 4971 2881 5041 lux
2923 4972 3005 5042 de
3037 4972 3186 5043 luce
3206 4974 3242 5041 ⁶?

2759 5300 3276 5391 consequenter
3338 5299 3661 5390 quaeritur
3714 5300 3796 5369 de
3857 5300 3989 5371 hoc
4026 5302 4213 5393 quod

2666 5405 2829 5474 dicit
2854 5405 2937 5473 de
2978 5403 3335 5497 symbolo:
3376 5432 3409 5470 ι
3435 5408 3652 5474 Deum
3676 5406 3760 5475 de
3778 5410 3942 5490 Deo,
3981 5408 4214 5477 lumen

2665 5514 2750 5581 de
2791 5512 3080 5595 Iemeine,
3115 5522 3242 5582 etc.
3288 5538 3322 5579 ι

2757 5629 2789 5694 1
2803 5623 3118 5693 ‚Videtur
3133 5625 3316 5693 enim
3339 5624 3519 5717 quod
3537 5647 3688 5694 cum
3708 5625 3972 5702 dicitur.
3987 5630 4213 5701 Deum

4357 663 4438 707 Ad
4464 664 4506 710 8.

4350 1658 4427 1703 Ad
4458 1661 4501 1707 4.

4344 2520 4415 2563 ΑΔ
4447 2519 4486 2565 1.

4335 3379 4412 3429 Ad
4439 3382 4484 3433 8.
