4897 6388
1850 368 1946 447 JN
1993 367 2020 432 1
2071 334 2495 434 SEN‘rss'Nr.
2546 357 2774 468 msftr,
2827 356 2982 435 xv,
3035 356 3130 435 Μ,
3165 354 3363 423 ART.
3417 359 3526 426 20.
3779 361 3835 437 ,γ
3930 403 3941 414 .

1523 951 2024 1024 ARTICULUS
2067 949 2222 1019 XX.

1094 1180 1204 1245 An
1235 1175 1476 1243 anima
1507 1179 1723 1239 mente
1750 1169 2020 1258 capiens
2065 1163 2252 1256 quod
2303 1170 2399 1229 est
2445 1169 2645 1227 κίεν-

1182 1305 1377 1360 num,
1410 1280 1503 1347 sit
1532 1275 1982 1346 essentialiler
2011 1275 2081 1340 in
2129 1271 2293 1339 coelo
2338 1280 2401 1337 et
2448 1278 2644 1335 extra

1181 1391 1364 1458 hunc
1394 1381 1786 1456 mundum?

1186 1705 1453 1774 Deinde
1511 1703 1835 1794 quaeritur
1873 1699 1956 1767 de
2014 1697 2144 1765 hoc
2200 1694 2381 1787 quod
2429 1693 2644 1761 dicit:

1103 1841 1138 1883 ι
1171 1816 1355 1884 Nam
1385 1822 1450 1881 et
1478 1834 1625 1895 ηοε,
1655 1799 2028 1877 secundum
2058 1803 2245 1896 quod
2269 1811 2487 1870 mente
2516 1801 2651 1868 ali-

1101 1925 1278 2017 quid
1345 1930 1675 1991 aeternum
1741 1917 2076 2008 capimus,
2149 1936 2285 1982 non
2362 1913 2434 1979 in
2525 1910 2653 1977 hoc

1099 2032 1364 2102 mundo
1393 2050 1663 2107 sumus,
1707 2034 1834 2095 etc.
1881 2050 1914 2086 n

1191 2143 1252 2208 1.
1276 2139 1380 2206 Ex
1397 2137 1530 2206 hoc
1549 2136 1732 2204 enim
1751 2132 2022 2201 videtur
2040 2129 2276 2219 accipi,
2303 2126 2488 2219 quod
2511 2127 2652 2192 ani·

1103 2271 1218 2317 ma
1258 2252 1486 2315 mente
1516 2241 1776 2334 aliquid
1804 2247 2134 2309 aeternum
2175 2237 2473 2326 capienS,
2540 2256 2654 2301 es-

1100 2353 1482 2424 sentialiter
1519 2353 1608 2420 sit
1645 2350 1715 2417 in
1745 2346 1944 2427 coelO,
1985 2345 2139 2415 licet
2166 2366 2286 2436 per
2312 2340 2650 2420 accidens,

1104 2463 1362 2533 scilicet
1387 2462 1550 2553 quia
1589 2451 1815 2527 me'nte
1875 2455 1941 2523 id
2001 2453 2280 2545 percipit
2324 2450 2509 2542 quod
2555 2456 2658 2517 est

1112 2574 1182 2641 in
1213 2568 1413 2640 coelo.

1200 2680 1266 2745 2.
1312 2673 1516 2756 Quod
1554 2675 1758 2742 etiam
1791 2667 2025 2739 multis
2057 2664 2433 2736 rationibus
2461 2662 2660 2732 vide-

1121 2795 1236 2856 tur
1264 2804 1465 2877 posse
1489 2778 1764 2874 probari
1803 2778 1900 2846 sic
1941 2798 1958 2843 :
1991 2775 2239 2844 Anima
2268 2795 2407 2841 non
2446 2771 2662 2840 refer-

1122 2901 1237 2962 tur
1263 2890 1351 2960 ad
1380 2890 1610 2958 locum
1648 2887 1779 2954 nisi
1809 2906 1929 2977 per
1965 2881 2272 2951 accidens
2305 2902 2320 2946 :
2380 2901 2521 2949 non
2559 2888 2663 2948 est

1115 3003 1304 3072 enim
1337 3001 1407 3070 in
1438 2999 1591 3068 loco
1624 2999 1752 3065 isto
1809 2995 1879 3063 in
1917 3015 2053 3086 quo
2082 3013 2211 3083 ego
2239 3013 2391 3058 sum
2430 2988 2664 3057 anima

1115 3134 1301 3197 mea,
1334 3107 1463 3177 nisi
1495 3107 1656 3201 quia
1695 3125 1938 3194 corpus
1966 3102 2036 3169 in
2067 3122 2202 3192 quo
2254 3105 2379 3177 est,
2438 3106 2542 3167 est
2592 3097 2662 3166 in

1124 3220 1276 3289 loco
1306 3218 1496 3285 isto:
1567 3216 1623 3282 si
1680 3234 1842 3304 ergo
1881 3233 2002 3303 per
2054 3205 2361 3277 accidens
2414 3228 2563 3275 esse
2593 3206 2663 3273 in

1115 3326 1270 3395 loco
1308 3323 1543 3416 aliquo
1583 3320 1916 3389 faciteam
1957 3312 2490 3385 substantialiter
2515 3333 2665 3381 esse

1117 3433 1402 3511 ibidem,
1444 3451 1601 3498 cum
1638 3450 1763 3520 per
1816 3423 2124 3494 accidens
2185 3424 2270 3491 sit
2335 3421 2405 3490 in
2461 3418 2664 3504 coelo,

1117 3545 1263 3633 ipsa
1295 3534 1832 3608 substantialiter
1860 3533 1986 3602 erit
2022 3530 2271 3599 ibidem
2320 3535 2387 3598 et
2431 3551 2669 3597 essen-

1118 3647 1394 3718 tialiter.

1209 3759 1275 3825 3.
1344 3753 1541 3831 Item,
1613 3751 1858 3818 Forma
1898 3770 2035 3816 non
2103 3744 2507 3814 determinat
2535 3740 2666 3810 sibi

1117 3867 1348 3934 locum
1383 3883 1506 3951 per
1532 3881 1632 3937 se,
1666 3857 1867 3926 etiam
1906 3852 2279 3945 corporalis
2312 3874 2328 3920 :
2371 3851 2534 3942 quia
2559 3849 2668 3918 vi·

1118 3975 1392 4052 demus,
1463 3966 1648 4060 quod
1705 3963 1941 4034 eadem
2001 3963 2215 4030 forma
2291 3957 2668 4028 secundum

1123 4082 1460 4149 rationem
1498 4075 1739 4143 forma!
1777 4082 1876 4140 est
1908 4072 1975 4140 in
2015 4070 2202 4138 omni
2232 4069 2366 4136 situ
2418 4089 2672 4157 corpo-

1123 4190 1214 4257 ris
1242 4209 1450 4277 supra
1479 4191 1545 4253 et
1585 4180 1777 4250 inira.
1816 4178 1977 4247 Inde
2006 4177 2103 4245 sic
2151 4200 2168 4245 z
2211 4174 2412 4243 Nulla
2450 4174 2672 4244 forma

1121 4296 1535 4365 determinat
1564 4289 1691 4360 sibi
1723 4287 1945 4357 locum
1975 4309 2095 4378 per
2120 4308 2217 4366 se,
2249 4282 2365 4352 sed
2395 4305 2517 4373 per
2553 4305 2673 4350 ac-

1122 4405 1357 4476 cidens
1402 4426 1418 4470 :
1454 4423 1659 4470 omne
1689 4407 1911 4467 autem
1964 4395 2092 4464 tale
2123 4402 2220 4462 est
2251 4394 2320 4461 in
2350 4390 2672 4460 omnibus

1126 4516 1292 4584 locis
1322 4511 1409 4579 ad
1449 4531 1600 4603 quae
1642 4530 1761 4600 per
1787 4503 2096 4573 accidens
2124 4501 2611 4569 determinatur
2651 4521 2667 4566 ε

1122 4646 1289 4714 ergo
1322 4621 1545 4689 forma
1573 4624 1677 4685 est
1714 4618 1781 4683 in
1811 4612 2130 4683 omnibus
2161 4611 2325 4679 locis
2379 4608 2464 4676 ad
2520 4629 2673 4700 qum

1124 4753 1249 4821 per
1287 4725 1605 4796 accidens
1643 4722 2128 4790 determinatur
2185 4738 2202 4786 ε
2265 4716 2380 4784 sed
2439 4715 2675 4783 anima

1119 4850 1218 4907 est
1260 4836 1689 4906 nobilissima
1737 4831 2152 4899 formarum:
2219 4848 2383 4917 ergo
2440 4826 2674 4893 anima

1126 4955 1228 5015 est
1259 4948 1329 5013 in
1360 4941 1686 5012 omnibus
1725 4939 1890 5007 locis
1915 4935 1996 5003 ad
2032 4957 2185 5027 quae
2217 4957 2336 5026 per
2365 4930 2677 5001 accidens

1130 5052 1628 5121 determinatur
1659 5070 1676 5115 ε
1712 5068 1830 5138 per
1858 5041 2164 5112 accidens
2195 5051 2422 5109 autem
2460 5038 2678 5107 deter-

1131 5164 1436 5230 minatur
1472 5156 1652 5225 adid
1682 5152 1864 5247 quod
1893 5152 2072 5242 capit
2112 5172 2127 5217 ε
2173 5172 2335 5245 ergo
2377 5149 2521 5239 ipsa
2578 5155 2681 5214 est

1132 5272 1200 5337 in
1267 5268 1422 5336 loco
1479 5267 1693 5357 ipsius
1730 5259 1912 5355 quod
1954 5267 2176 5328 mente
2231 5256 2460 5347 capit:
2514 5276 2679 5344 ergo

1130 5400 1288 5446 cum
1349 5374 1480 5443 hoc
1539 5370 1721 5465 quod
1798 5377 2021 5438 mente
2085 5368 2261 5456 capit
2317 5365 2403 5431 sit
2489 5370 2681 5430 extra

1202 5651 1220 5686 ¹
1255 5645 1344 5703 Ad
1377 5643 1593 5718 Philip.
1626 5658 1708 5711 ιιι,
1737 5644 1826 5697 20.

1205 5737 1314 5794 ²5.
1358 5736 1685 5801 Dmxrsoes,
1739 5728 1860 5786 Lib.
1909 5729 1983 5786 de
2032 5728 2253 5785 Divinis
2304 5724 2677 5795 nominibus,

4175 356 4304 423 437

2754 526 3112 601 mundum,
3151 527 3296 615 ipsa
3333 528 3462 594 erit
3490 529 3936 595 essentialiter
3972 535 4050 594 ut
4087 528 4155 593 in
4198 526 4309 594 lo-

2753 658 2832 701 co
2864 643 3051 702 extra
3085 635 3444 702 mundum.

2841 744 2906 809 4.
2944 742 3139 822 Item,
3185 743 3331 811 Hoc
3385 743 3657 813 videtur
3703 745 3924 814 dicere
3972 746 4307 835 Augusti-

2754 873 2905 929 nuS,
2970 850 3154 940 quod
3222 852 3454 918 anima
3489 853 3717 920 verius
3756 860 3858 920 est
3922 851 4039 918 ubi
4090 860 4301 928 amat,

2753 977 2959 1045 quam
2991 954 3108 1022 ubi
3165 962 3287 1023 est.
3350 956 3548 1036 Item,
3590 957 3966 1048 Apostolus
4003 979 4019 1026 ε
4052 958 4308 1025 Nostra

2751 1064 3165 1130 conversatio
3198 1066 3269 1129 in
3299 1062 3487 1131 coelis
3524 1075 3622 1132 est
3649 1070 3695 1133 ¹.

2842 1173 2910 1238 5.
2943 1170 3141 1249 Item,
3175 1170 3550 1263 Dionysius
3590 1172 3659 1239 in
3687 1172 3861 1240 libro
3894 1171 3977 1240 de
4037 1173 4312 1241 Divinis

2750 1278 3144 1346 nominibus
3202 1278 3386 1366 dicit,
3444 1280 3629 1371 quod
3687 1281 3937 1350 virtute
3983 1282 4310 1348 orationis

2755 1406 2892 1451 non
2924 1383 3329 1453 attrahimus
3358 1384 3558 1453 nobis
3594 1386 3819 1454 Deum
3859 1386 4113 1477 ubique
4143 1407 4311 1476 prae-

2753 1502 3040 1573 sentem,
3083 1493 3202 1561 sed
3233 1517 3359 1562 nos
3399 1495 3828 1563 extendimus
3866 1496 4183 1587 nosipsos
4237 1495 4307 1560 in

2752 1601 2976 1669 Deum
2998 1609 3044 1666 ².

2848 1707 2980 1775 San
3009 1731 3261 1777 CONTRA
3297 1709 3566 1779 videtur
3590 1733 3761 1793 esse,
3795 1710 3977 1802 quod

2851 1816 2913 1883 1.
2954 1813 3205 1882 Forma
3238 1837 3376 1883 non
3404 1814 3609 1886 habet
3637 1839 3783 1885 esse
3815 1815 4123 1885 naturale
4172 1816 4305 1882 nisi

2757 1923 2827 1989 in
2862 1922 3141 1991 materia
3178 1945 3194 1989 ε
3229 1931 3297 1992 et
3319 1923 3625 1992 naturale
3653 1947 3801 1994 esse
3829 1932 3932 1993 est
3955 1925 4304 2016 proprium

2759 2051 2906 2098 esse
2973 2028 3212 2097 Iormae
3257 2052 3272 2096 ε
3316 2053 3482 2122 ergo
3547 2032 3775 2099 anima
3831 2054 3953 2123 per
4008 2029 4076 2099 id
4127 2027 4310 2122 quod

2760 2146 2886 2216 est,
2921 2160 3060 2205 non
3099 2147 3200 2206 est
3230 2139 3359 2206 nisi
3393 2141 3461 2206 in
3504 2142 3787 2208 materia
3815 2141 4147 2232 corporis,

2851 2248 2917 2314 2.
2962 2247 3158 2328 Item,
3195 2246 3383 2315 Idem
3422 2258 3526 2317 est
3555 2249 3623 2316 in
3673 2247 4083 2340 quibusdam
4161 2271 4318 2315 mo-

2761 2377 2932 2425 vens
2982 2354 3069 2422 ad
3129 2354 3421 2422 formam
3477 2363 3546 2424 et
3601 2355 3687 2424 ad
3740 2356 3999 2443 locum,
4041 2362 4119 2423 ut
4157 2354 4316 2422 dicit

2764 2461 3250 2555 Philosophus,
3284 2485 3367 2531 eo
3408 2463 3595 2556 quod
3624 2471 3853 2533 motor
3898 2463 4015 2532 dat
4080 2459 4317 2532 mobili

2766 2580 2833 2639 et
2873 2592 3068 2639 suam
3098 2570 3391 2638 formam
3432 2579 3500 2639 et
3529 2571 3765 2641 omnia
3796 2568 4133 2640 naturalia
4160 2591 4325 2638 con·

2767 2679 3123 2772 sequentia
3162 2676 3352 2746 illam
3423 2700 3441 2748 ε
3497 2688 3564 2748 et
3627 2679 3790 2749 dicit
3828 2676 4322 2770 PhilosophuS,

2770 2786 2957 2880 quod
2986 2784 3294 2855 naturale
3324 2810 3751 2879 consequens
3817 2787 4110 2856 formam
4147 2784 4327 2876 ignis

2772 2901 2876 2963 est
2911 2892 3104 2963 locus
3141 2893 3504 2986 superior:
3547 2916 3739 2995 'ergo
3786 2892 4084 2977 videtur,
4139 2888 4330 2983 quod

2770 3000 2991 3072 torma
3031 3002 3101 3069 in
3129 3024 3257 3070 suo
3287 3022 3435 3070 esse
3465 3001 3872 3070 determinet
3908 2999 4162 3070 locum.

2779 3183 2787 3190 ,
2857 3110 2922 3177 3.
2958 3107 3157 3191 Item,
3196 3106 3271 3176 Si
3311 3107 3491 3192 dico,
3524 3107 3772 3177 Forma
3810 3116 3913 3177 est
3980 3108 4050 3176 in
4106 3113 4316 3176 mate·

2774 3218 2873 3287 ria
2905 3240 2923 3287 t
2967 3226 3086 3286 aut
3115 3240 3238 3309 per
3264 3215 3576 3287 accidens
3612 3227 3713 3285 est
3743 3217 3813 3286 in
3852 3218 4159 3296 materia,
4202 3224 4321 3283 aut

2773 3349 2896 3419 per
2920 3348 3018 3395 se.
3053 3324 3363 3406 Constat,
3394 3326 3579 3418 quod
3609 3347 3748 3395 non
3788 3348 3913 3418 per
3956 3324 4268 3394 accidens
4303 3345 4318 3390 t

2775 3431 2934 3525 quia
2957 3433 3054 3501 sic
3075 3454 3215 3501 non
3244 3432 3773 3503 constitueretur
3802 3429 4083 3524 aliquod
4110 3453 4327 3498 unum

2777 3539 2846 3607 in
2876 3549 3120 3609 natura
3154 3563 3170 3607 ι
3206 3562 3371 3633 ergo
3399 3562 3526 3631 per
3559 3562 3632 3609 se
3672 3546 3775 3608 est
3806 3540 3879 3607 in
3927 3539 4076 3631 ipsa
4109 3561 4127 3608 ι
4170 3558 4335 3629 ergo

2775 3651 2996 3743 magis
3026 3649 3315 3719 refertur
3342 3649 3427 3719 ad
3468 3649 3699 3718 locum
3734 3649 4068 3730 materne,
4128 3668 4337 3739 quam

2775 3758 2861 3827 ad
2916 3758 3144 3828 locum
3184 3757 3467 3828 alterius
3532 3758 3642 3827 cui
3695 3780 3836 3825 non
3893 3755 4336 3846 conjungitur

2777 3868 2906 3936 nisi
2938 3890 3058 3959 per
3094 3866 3432 3936 accidens.

2872 4077 3182 4145 Somno.
3221 4075 3626 4156 Dicendum,
3683 4076 3866 4167 quod
3924 4076 4156 4144 anima
4220 4097 4333 4143 se-

2778 4185 3080 4253 cundum
3123 4183 3186 4252 id
3227 4181 3411 4275 quod
3467 4192 3570 4252 est
3637 4193 3705 4251 et
3758 4206 3881 4275 per
3933 4183 4327 4262 essentiam,

2782 4292 3110 4386 quamdiu
3148 4292 3318 4359 vivit
3358 4289 3569 4359 homo
3604 4314 3740 4359 non
3772 4301 3874 4359 est
3914 4291 4043 4358 nisi
4076 4291 4141 4358 in
4190 4312 4337 4358 cor·

2782 4423 2972 4491 pore.
3006 4399 3084 4467 In
3142 4398 3452 4491 quolibet
3509 4406 3737 4467 autem
3788 4398 3871 4467 de
3903 4421 4043 4490 quo
4083 4399 4335 4487 cogitat

2783 4505 2890 4575 vel
2920 4528 2959 4573 a
2992 4529 3128 4598 quo
3158 4505 3473 4580 aflicitur,
3498 4514 3598 4574 est
3629 4506 3805 4574 sicut
3835 4505 3903 4572 in
3934 4504 4228 4593 objecto,
4253 4504 4337 4570 ad

2786 4615 2979 4705 cujus
3008 4613 3234 4682 locum
3272 4614 3340 4681 in
3380 4635 3503 4681 sua
3559 4613 3850 4681 essentia
3915 4635 4040 4680 nec
4092 4635 4213 4702 per
4266 4635 4337 4679 se

2787 4744 2911 4791 nec
2948 4744 3069 4813 per
3105 4719 3415 4789 accidens
3448 4720 3753 4790 refertur.

2874 4832 2981 4898 Ao
3030 4852 3285 4898 ιἰιηιυιιι
3324 4853 3489 4917 ergo
3529 4828 3919 4913 dicendum,
3961 4827 4146 4920 quod
4185 4829 4339 4897 Au-

2788 4937 3103 5027 gustinus
3130 4935 3457 5026 loquitur,
3503 4935 3687 5027 quod
3716 4959 3853 5005 non
3886 4936 3957 5003 in
3981 4932 4114 5003 hoc
4142 4957 4339 5003 mun·

2788 5046 2878 5113 do
2916 5066 3157 5112 sumus
3216 5051 3547 5135 quantum
3598 5042 3684 5110 ad
3743 5041 4025 5111 modum
4074 5064 4339 5136 cogno-

2789 5151 3016 5219 scendi
3049 5150 3157 5219 vel
3188 5151 3463 5219 vivendi
3501 5174 3517 5218 ε
3551 5153 3710 5241 quia
3741 5149 4115 5219 secundum
4155 5151 4337 5218 viam

2791 5259 3029 5327 mundi
3083 5259 3564 5348 cognoscimus
3630 5280 3750 5347 per
3812 5256 4165 5348 speculum
4271 5259 4342 5326 in

2790 5368 3154 5458 aenigmate
3191 5389 3208 5436 t
3243 5367 3361 5435 sed
3394 5368 3461 5434 in
3493 5376 3826 5458 quantum
3851 5375 4184 5435 aeternum
4216 5364 4347 5434 ali-

2796 5648 2930 5706 cap.
2961 5635 3015 5689 3.

4348 1763 4445 1810 sad
4471 1765 4658 1809 eontra.

4412 4130 4619 4179 snt-«to.

4446 4882 4530 4934 Ad
4559 4883 4599 4932 t.
