<?xml version="1.0" encoding="UTF-8"?>
<!DOCTYPE html PUBLIC "-//W3C//DTD XHTML 1.0 Transitional//EN"
    "http://www.w3.org/TR/xhtml1/DTD/xhtml1-transitional.dtd">
<html xmlns="http://www.w3.org/1999/xhtml" xml:lang="en" lang="en">
 <head>
  <title>
</title>
<meta http-equiv="Content-Type" content="text/html;charset=utf-8" />
  <meta name='ocr-system' content='tesseract 3.04.00' />
  <meta name='ocr-capabilities' content='ocr_page ocr_carea ocr_par ocr_line ocrx_word'/>
</head>
<body>
  <div class='ocr_page' id='page_1' title='image "balbertimagnira03chgoog_0230.png"; bbox 0 0 4897 6388; ppageno 0'>
   <div class='ocr_carea' id='block_1_1' title="bbox 701 336 831 403">
    <p class='ocr_par' dir='ltr' id='par_1_1' title="bbox 701 336 831 403">
     <span class='ocr_line' id='line_1_1' title="bbox 701 336 831 403; baseline 0.031 -4"><span class='ocrx_word' id='word_1_1' title='bbox 701 336 831 403; x_wconf 80' lang='lat'>218</span> 
     </span>
    </p>
   </div>
   <div class='ocr_carea' id='block_1_2' title="bbox 689 504 2240 1352">
    <p class='ocr_par' dir='ltr' id='par_1_2' title="bbox 689 504 2240 1352">
     <span class='ocr_line' id='line_1_2' title="bbox 700 504 2238 603; baseline 0.006 -33"><span class='ocrx_word' id='word_1_2' title='bbox 700 504 1002 574; x_wconf 82' lang='lat' dir='ltr'>cundum</span> <span class='ocrx_word' id='word_1_3' title='bbox 1032 506 1326 598; x_wconf 70' lang='lat' dir='ltr'>aliquem</span> <span class='ocrx_word' id='word_1_4' title='bbox 1354 517 1582 581; x_wconf 77' lang='lat' dir='ltr'>,actum</span> <span class='ocrx_word' id='word_1_5' title='bbox 1623 514 1989 581; x_wconf 88' lang='lat' dir='ltr'>secundum</span> <span class='ocrx_word' id='word_1_6' title='bbox 2038 536 2238 603; x_wconf 89' lang='lat' dir='ltr'>quem</span> 
     </span>
     <span class='ocr_line' id='line_1_3' title="bbox 702 611 2238 703; baseline 0.005 -23"><span class='ocrx_word' id='word_1_7' title='bbox 702 611 940 680; x_wconf 82' lang='lat' dir='ltr'>eadem</span> <span class='ocrx_word' id='word_1_8' title='bbox 971 616 1276 703; x_wconf 84' lang='lat' dir='ltr'>potentia</span> <span class='ocrx_word' id='word_1_9' title='bbox 1304 617 1374 683; x_wconf 89' lang='lat' dir='ltr'>in</span> <span class='ocrx_word' id='word_1_10' title='bbox 1431 627 1672 686; x_wconf 82' lang='lat' dir='ltr'>natura</span> <span class='ocrx_word' id='word_1_11' title='bbox 1726 629 2036 688; x_wconf 86' lang='lat' dir='ltr'>manente</span> <span class='ocrx_word' id='word_1_12' title='bbox 2081 642 2238 688; x_wconf 63' lang='lat' dir='ltr'>&gt;non</span> 
     </span>
     <span class='ocr_line' id='line_1_4' title="bbox 702 728 2236 820; baseline 0.006 -29"><span class='ocrx_word' id='word_1_13' title='bbox 702 731 927 811; x_wconf 89' lang='lat' dir='ltr'>potest</span> <span class='ocrx_word' id='word_1_14' title='bbox 942 730 1321 817; x_wconf 85' lang='lat' dir='ltr'>comparari</span> <span class='ocrx_word' id='word_1_15' title='bbox 1342 729 1411 795; x_wconf 90' lang='lat' dir='ltr'>in</span> <span class='ocrx_word' id='word_1_16' title='bbox 1430 728 1591 796; x_wconf 83' lang='lat' dir='ltr'>alia:</span> <span class='ocrx_word' id='word_1_17' title='bbox 1611 731 1766 820; x_wconf 89' lang='lat' dir='ltr'>quia</span> <span class='ocrx_word' id='word_1_18' title='bbox 1785 753 1920 798; x_wconf 89' lang='lat' dir='ltr'>non</span> <span class='ocrx_word' id='word_1_19' title='bbox 1943 739 2042 799; x_wconf 89' lang='lat' dir='ltr'>est</span> <span class='ocrx_word' id='word_1_20' title='bbox 2062 730 2236 800; x_wconf 89' lang='lat' dir='ltr'>idem</span> 
     </span>
     <span class='ocr_line' id='line_1_5' title="bbox 703 837 2240 929; baseline 0.007 -31"><span class='ocrx_word' id='word_1_21' title='bbox 703 840 919 917; x_wconf 85' lang='lat' dir='ltr'>actus,</span> <span class='ocrx_word' id='word_1_22' title='bbox 983 842 1058 902; x_wconf 88' lang='lat' dir='ltr'>ut</span> <span class='ocrx_word' id='word_1_23' title='bbox 1130 859 1335 926; x_wconf 84' lang='lat' dir='ltr'>supra</span> <span class='ocrx_word' id='word_1_24' title='bbox 1400 837 1722 917; x_wconf 84' lang='lat' dir='ltr'>diximus,</span> <span class='ocrx_word' id='word_1_25' title='bbox 1766 862 1845 907; x_wconf 88' lang='lat' dir='ltr'>eo</span> <span class='ocrx_word' id='word_1_26' title='bbox 1888 840 2067 929; x_wconf 89' lang='lat' dir='ltr'>quod</span> <span class='ocrx_word' id='word_1_27' title='bbox 2112 862 2240 929; x_wconf 88' lang='lat' dir='ltr'>po-</span> 
     </span>
     <span class='ocr_line' id='line_1_6' title="bbox 701 940 2235 1033; baseline 0.003 -28"><span class='ocrx_word' id='word_1_28' title='bbox 701 940 913 1005; x_wconf 88' lang='lat' dir='ltr'>tentia</span> <span class='ocrx_word' id='word_1_29' title='bbox 952 940 1321 1030; x_wconf 84' lang='lat' dir='ltr'>generandi</span> <span class='ocrx_word' id='word_1_30' title='bbox 1369 964 1490 1031; x_wconf 86' lang='lat' dir='ltr'>per</span> <span class='ocrx_word' id='word_1_31' title='bbox 1528 942 1597 1031; x_wconf 85' lang='lat' dir='ltr'>ly</span> <span class='ocrx_word' id='word_1_32' title='bbox 1647 945 2020 1033; x_wconf 78' lang='lat' dir='ltr'>qenerandi</span> <span class='ocrx_word' id='word_1_33' title='bbox 2080 966 2235 1011; x_wconf 86' lang='lat' dir='ltr'>con-</span> 
     </span>
     <span class='ocr_line' id='line_1_7' title="bbox 689 1045 2234 1141; baseline 0.005 -31"><span class='ocrx_word' id='word_1_34' title='bbox 689 1045 1006 1134; x_wconf 87' lang='lat' dir='ltr'>jungitur</span> <span class='ocrx_word' id='word_1_35' title='bbox 1055 1046 1302 1114; x_wconf 88' lang='lat' dir='ltr'>rationi</span> <span class='ocrx_word' id='word_1_36' title='bbox 1367 1048 1665 1117; x_wconf 83' lang='lat' dir='ltr'>notionis</span> <span class='ocrx_word' id='word_1_37' title='bbox 1730 1048 1969 1129; x_wconf 75' lang='lat' dir='ltr'>Patris,</span> <span class='ocrx_word' id='word_1_38' title='bbox 2032 1072 2234 1141; x_wconf 82' lang='lat' dir='ltr'>quam</span> 
     </span>
     <span class='ocr_line' id='line_1_8' title="bbox 694 1155 2231 1249; baseline 0.005 -29"><span class='ocrx_word' id='word_1_39' title='bbox 694 1155 1248 1242; x_wconf 86' lang='lat' dir='ltr'>conjunctionem</span> <span class='ocrx_word' id='word_1_40' title='bbox 1277 1181 1417 1227; x_wconf 91' lang='lat' dir='ltr'>non</span> <span class='ocrx_word' id='word_1_41' title='bbox 1439 1168 1660 1249; x_wconf 87' lang='lat' dir='ltr'>potest</span> <span class='ocrx_word' id='word_1_42' title='bbox 1678 1159 1926 1230; x_wconf 87' lang='lat' dir='ltr'>habere</span> <span class='ocrx_word' id='word_1_43' title='bbox 1965 1163 2035 1228; x_wconf 89' lang='lat' dir='ltr'>in</span> <span class='ocrx_word' id='word_1_44' title='bbox 2064 1161 2231 1228; x_wconf 89' lang='lat' dir='ltr'>Filio</span> 
     </span>
     <span class='ocr_line' id='line_1_9' title="bbox 693 1261 1441 1352; baseline 0.008 -24"><span class='ocrx_word' id='word_1_45' title='bbox 693 1261 803 1329; x_wconf 91' lang='lat' dir='ltr'>vel</span> <span class='ocrx_word' id='word_1_46' title='bbox 847 1261 1102 1352; x_wconf 82' lang='lat' dir='ltr'>Spiritu</span> <span class='ocrx_word' id='word_1_47' title='bbox 1142 1274 1401 1335; x_wconf 77' lang='lat' dir='ltr'>sancto·</span> <span class='ocrx_word' id='word_1_48' title='bbox 1438 1291 1441 1294; x_wconf 89' lang='lat'>·</span> 
     </span>
    </p>
   </div>
   <div class='ocr_carea' id='block_1_3' title="bbox 1146 1785 1772 1857">
    <p class='ocr_par' dir='ltr' id='par_1_3' title="bbox 1146 1785 1772 1857">
     <span class='ocr_line' id='line_1_10' title="bbox 1146 1785 1772 1857; baseline 0.002 -5"><span class='ocrx_word' id='word_1_49' title='bbox 1146 1785 1646 1857; x_wconf 84' lang='lat' dir='ltr'><strong>ARTICULUS</strong></span> <span class='ocrx_word' id='word_1_50' title='bbox 1687 1787 1772 1857; x_wconf 87' lang='lat' dir='ltr'>X.</span> 
     </span>
    </p>
   </div>
   <div class='ocr_carea' id='block_1_4' title="bbox 685 1998 2228 2203">
    <p class='ocr_par' dir='ltr' id='par_1_4' title="bbox 685 1998 2228 2203">
     <span class='ocr_line' id='line_1_11' title="bbox 685 1998 2228 2096; baseline 0.006 -29"><span class='ocrx_word' id='word_1_51' title='bbox 685 1999 796 2069; x_wconf 84' lang='lat' dir='ltr'>An</span> <span class='ocrx_word' id='word_1_52' title='bbox 824 1998 1060 2068; x_wconf 81' lang='lat' dir='ltr'>eadem</span> <span class='ocrx_word' id='word_1_53' title='bbox 1086 2001 1180 2067; x_wconf 80' lang='lat' dir='ltr'>sit</span> <span class='ocrx_word' id='word_1_54' title='bbox 1198 2003 1512 2092; x_wconf 81' lang='lat' dir='ltr'>potentia</span> <span class='ocrx_word' id='word_1_55' title='bbox 1548 2025 1688 2093; x_wconf 85' lang='lat' dir='ltr'>qua</span> <span class='ocrx_word' id='word_1_56' title='bbox 1733 2006 1945 2073; x_wconf 79' lang='lat' dir='ltr'>Pater</span> <span class='ocrx_word' id='word_1_57' title='bbox 1996 2008 2228 2096; x_wconf 78' lang='lat' dir='ltr'>potuit</span> 
     </span>
     <span class='ocr_line' id='line_1_12' title="bbox 813 2111 2098 2203; baseline 0.005 -29"><span class='ocrx_word' id='word_1_58' title='bbox 813 2130 1162 2199; x_wconf 76' lang='lat' dir='ltr'>qenerare,</span> <span class='ocrx_word' id='word_1_59' title='bbox 1201 2119 1264 2180; x_wconf 71' lang='lat' dir='ltr'>et,</span> <span class='ocrx_word' id='word_1_60' title='bbox 1293 2131 1431 2201; x_wconf 82' lang='lat' dir='ltr'>qua</span> <span class='ocrx_word' id='word_1_61' title='bbox 1467 2111 1700 2180; x_wconf 80' lang='lat' dir='ltr'>Filius</span> <span class='ocrx_word' id='word_1_62' title='bbox 1724 2114 2038 2203; x_wconf 74' lang='lat' dir='ltr'>qenerari</span> <span class='ocrx_word' id='word_1_63' title='bbox 2057 2111 2098 2180; x_wconf 75' lang='lat'>,9</span> 
     </span>
    </p>
   </div>
   <div class='ocr_carea' id='block_1_5' title="bbox 680 2429 2229 3384">
    <p class='ocr_par' dir='ltr' id='par_1_5' title="bbox 686 2429 2227 2847">
     <span class='ocr_line' id='line_1_13' title="bbox 773 2429 2226 2525; baseline 0.003 -24"><span class='ocrx_word' id='word_1_64' title='bbox 773 2429 1036 2502; x_wconf 80' lang='lat' dir='ltr'><strong>Deinde</strong></span> <span class='ocrx_word' id='word_1_65' title='bbox 1102 2430 1426 2524; x_wconf 83' lang='lat' dir='ltr'>quaeritur</span> <span class='ocrx_word' id='word_1_66' title='bbox 1490 2431 1573 2502; x_wconf 87' lang='lat' dir='ltr'>de</span> <span class='ocrx_word' id='word_1_67' title='bbox 1628 2431 1759 2504; x_wconf 87' lang='lat' dir='ltr'>hoc</span> <span class='ocrx_word' id='word_1_68' title='bbox 1833 2435 2016 2525; x_wconf 89' lang='lat' dir='ltr'>quod</span> <span class='ocrx_word' id='word_1_69' title='bbox 2067 2435 2226 2506; x_wconf 85' lang='lat' dir='ltr'>dicit</span> 
     </span>
     <span class='ocr_line' id='line_1_14' title="bbox 687 2537 2225 2632; baseline 0.005 -27"><span class='ocrx_word' id='word_1_70' title='bbox 687 2537 1017 2629; x_wconf 80' lang='lat' dir='ltr'><strong>Magister</strong></span> <span class='ocrx_word' id='word_1_71' title='bbox 1056 2561 1072 2606; x_wconf 74' lang='grc' dir='ltr'>ε</span> <span class='ocrx_word' id='word_1_72' title='bbox 1112 2566 1147 2604; x_wconf 75' lang='grc' dir='ltr'><strong>α</strong></span> <span class='ocrx_word' id='word_1_73' title='bbox 1177 2540 1447 2611; x_wconf 81' lang='lat' dir='ltr'>Eadem</span> <span class='ocrx_word' id='word_1_74' title='bbox 1475 2541 1653 2608; x_wconf 80' lang='lat' dir='ltr'>enim</span> <span class='ocrx_word' id='word_1_75' title='bbox 1687 2546 1994 2632; x_wconf 82' lang='lat' dir='ltr'>potentia</span> <span class='ocrx_word' id='word_1_76' title='bbox 2031 2546 2225 2615; x_wconf 79' lang='lat' dir='ltr'>estin</span> 
     </span>
     <span class='ocr_line' id='line_1_15' title="bbox 686 2645 2227 2741; baseline 0.005 -30"><span class='ocrx_word' id='word_1_77' title='bbox 686 2645 899 2725; x_wconf 77' lang='lat' dir='ltr'>Filio,</span> <span class='ocrx_word' id='word_1_78' title='bbox 943 2668 1084 2736; x_wconf 83' lang='lat' dir='ltr'>qua</span> <span class='ocrx_word' id='word_1_79' title='bbox 1115 2647 1348 2737; x_wconf 77' lang='lat' dir='ltr'>potuit</span> <span class='ocrx_word' id='word_1_80' title='bbox 1380 2648 1605 2737; x_wconf 72' lang='grc' dir='ltr'><em>9ἰ9ηἰ,</em></span> <span class='ocrx_word' id='word_1_81' title='bbox 1637 2670 1788 2741; x_wconf 78' lang='lat' dir='ltr'>quae</span> <span class='ocrx_word' id='word_1_82' title='bbox 1814 2659 1910 2717; x_wconf 78' lang='lat' dir='ltr'>est</span> <span class='ocrx_word' id='word_1_83' title='bbox 1955 2651 2025 2718; x_wconf 83' lang='lat' dir='ltr'>in</span> <span class='ocrx_word' id='word_1_84' title='bbox 2082 2653 2227 2720; x_wconf 79' lang='lat' dir='ltr'>Pa-</span> 
     </span>
     <span class='ocr_line' id='line_1_16' title="bbox 689 2755 1860 2847; baseline 0.001 -26"><span class='ocrx_word' id='word_1_85' title='bbox 689 2765 813 2834; x_wconf 81' lang='lat' dir='ltr'>tre,</span> <span class='ocrx_word' id='word_1_86' title='bbox 846 2777 986 2846; x_wconf 81' lang='lat' dir='ltr'>qua</span> <span class='ocrx_word' id='word_1_87' title='bbox 1011 2755 1244 2847; x_wconf 79' lang='lat' dir='ltr'>potuit</span> <span class='ocrx_word' id='word_1_88' title='bbox 1266 2778 1619 2846; x_wconf 64' lang='lat' dir='ltr'>ymerum,</span> <span class='ocrx_word' id='word_1_89' title='bbox 1652 2766 1778 2827; x_wconf 87' lang='lat' dir='ltr'>etc.</span> <span class='ocrx_word' id='word_1_90' title='bbox 1827 2783 1860 2822; x_wconf 68' lang='lat' dir='ltr'>n</span> 
     </span>
    </p>

    <p class='ocr_par' dir='ltr' id='par_1_6' title="bbox 680 2861 2229 3274">
     <span class='ocr_line' id='line_1_17' title="bbox 777 2861 2227 2959; baseline 0.005 -31"><span class='ocrx_word' id='word_1_91' title='bbox 777 2864 840 2931; x_wconf 83' lang='lat' dir='ltr'>l.</span> <span class='ocrx_word' id='word_1_92' title='bbox 877 2861 1024 2930; x_wconf 81' lang='lat'><em>1100</em></span> <span class='ocrx_word' id='word_1_93' title='bbox 1057 2861 1241 2930; x_wconf 89' lang='lat' dir='ltr'>enim</span> <span class='ocrx_word' id='word_1_94' title='bbox 1273 2885 1413 2931; x_wconf 90' lang='lat' dir='ltr'>non</span> <span class='ocrx_word' id='word_1_95' title='bbox 1451 2862 1720 2932; x_wconf 86' lang='lat' dir='ltr'>videtur</span> <span class='ocrx_word' id='word_1_96' title='bbox 1761 2886 2034 2934; x_wconf 79' lang='lat' dir='ltr'>verum:</span> <span class='ocrx_word' id='word_1_97' title='bbox 2068 2868 2227 2959; x_wconf 88' lang='lat' dir='ltr'>quia</span> 
     </span>
     <span class='ocr_line' id='line_1_18' title="bbox 681 2966 2229 3064; baseline 0.005 -28"><span class='ocrx_word' id='word_1_98' title='bbox 681 2991 822 3038; x_wconf 88' lang='lat' dir='ltr'>non</span> <span class='ocrx_word' id='word_1_99' title='bbox 862 2977 963 3038; x_wconf 81' lang='lat' dir='ltr'>est</span> <span class='ocrx_word' id='word_1_100' title='bbox 993 2966 1232 3038; x_wconf 83' lang='lat' dir='ltr'>cadem</span> <span class='ocrx_word' id='word_1_101' title='bbox 1270 2972 1573 3059; x_wconf 85' lang='lat' dir='ltr'>potentia</span> <span class='ocrx_word' id='word_1_102' title='bbox 1623 2971 1822 3041; x_wconf 83' lang='lat' dir='ltr'>activi</span> <span class='ocrx_word' id='word_1_103' title='bbox 1887 2981 1952 3042; x_wconf 87' lang='lat' dir='ltr'>et</span> <span class='ocrx_word' id='word_1_104' title='bbox 2019 2974 2229 3064; x_wconf 82' lang='lat' dir='ltr'>passi·</span> 
     </span>
     <span class='ocr_line' id='line_1_19' title="bbox 680 3076 2224 3173; baseline 0.005 -32"><span class='ocrx_word' id='word_1_105' title='bbox 680 3076 791 3147; x_wconf 82' lang='lat' dir='ltr'>vi:</span> <span class='ocrx_word' id='word_1_106' title='bbox 833 3076 1113 3167; x_wconf 79' lang='lat' dir='ltr'>gignere</span> <span class='ocrx_word' id='word_1_107' title='bbox 1142 3084 1371 3144; x_wconf 86' lang='lat' dir='ltr'>autem</span> <span class='ocrx_word' id='word_1_108' title='bbox 1420 3084 1522 3144; x_wconf 82' lang='lat' dir='ltr'>est</span> <span class='ocrx_word' id='word_1_109' title='bbox 1550 3078 1873 3158; x_wconf 83' lang='lat' dir='ltr'>activum,</span> <span class='ocrx_word' id='word_1_110' title='bbox 1909 3093 1975 3150; x_wconf 87' lang='lat' dir='ltr'>et</span> <span class='ocrx_word' id='word_1_111' title='bbox 2037 3081 2224 3173; x_wconf 83' lang='lat' dir='ltr'>gigni</span> 
     </span>
     <span class='ocr_line' id='line_1_20' title="bbox 685 3182 1062 3274; baseline 0.005 -23"><span class='ocrx_word' id='word_1_112' title='bbox 685 3182 1062 3274; x_wconf 80' lang='lat' dir='ltr'>passivum.</span> 
     </span>
    </p>

    <p class='ocr_par' dir='ltr' id='par_1_7' title="bbox 776 3287 2225 3384">
     <span class='ocr_line' id='line_1_21' title="bbox 776 3287 2225 3384; baseline 0.003 -26"><span class='ocrx_word' id='word_1_113' title='bbox 776 3291 841 3358; x_wconf 87' lang='grc'>2.</span> <span class='ocrx_word' id='word_1_114' title='bbox 916 3287 1283 3374; x_wconf 69' lang='lat' dir='ltr'>Praeterea,</span> <span class='ocrx_word' id='word_1_115' title='bbox 1359 3290 1679 3359; x_wconf 83' lang='lat' dir='ltr'>Activum</span> <span class='ocrx_word' id='word_1_116' title='bbox 1736 3301 1797 3360; x_wconf 87' lang='lat' dir='ltr'>et</span> <span class='ocrx_word' id='word_1_117' title='bbox 1883 3294 2225 3384; x_wconf 77' lang='lat' dir='ltr'>passivum</span> 
     </span>
    </p>
   </div>
   <div class='ocr_carea' id='block_1_6' title="bbox 590 3394 2228 3480">
    <p class='ocr_par' dir='ltr' id='par_1_8' title="bbox 590 3394 2228 3480">
     <span class='ocr_line' id='line_1_22' title="bbox 590 3394 2228 3480; baseline 0.004 -15"><span class='ocrx_word' id='word_1_118' title='bbox 590 3394 595 3398; x_wconf 71' lang='grc'><strong><em>’</em></strong></span> <span class='ocrx_word' id='word_1_119' title='bbox 691 3397 966 3480; x_wconf 84' lang='lat' dir='ltr'>distant,</span> <span class='ocrx_word' id='word_1_120' title='bbox 1027 3396 1202 3464; x_wconf 83' lang='lat' dir='ltr'>sicut</span> <span class='ocrx_word' id='word_1_121' title='bbox 1264 3396 1564 3466; x_wconf 81' lang='lat' dir='ltr'>efficiens</span> <span class='ocrx_word' id='word_1_122' title='bbox 1627 3405 1693 3466; x_wconf 85' lang='lat' dir='ltr'>et</span> <span class='ocrx_word' id='word_1_123' title='bbox 1748 3401 2069 3469; x_wconf 85' lang='lat' dir='ltr'>materia:</span> <span class='ocrx_word' id='word_1_124' title='bbox 2110 3402 2228 3472; x_wconf 78' lang='lat' dir='ltr'>scd</span> 
     </span>
    </p>
   </div>
   <div class='ocr_carea' id='block_1_7' title="bbox 683 3503 2232 4444">
    <p class='ocr_par' dir='ltr' id='par_1_9' title="bbox 683 3503 2232 3923">
     <span class='ocr_line' id='line_1_23' title="bbox 688 3503 2232 3600; baseline 0.006 -29"><span class='ocrx_word' id='word_1_125' title='bbox 688 3503 990 3573; x_wconf 80' lang='lat' dir='ltr'>efficiens</span> <span class='ocrx_word' id='word_1_126' title='bbox 1027 3526 1182 3573; x_wconf 88' lang='lat' dir='ltr'>cum</span> <span class='ocrx_word' id='word_1_127' title='bbox 1236 3505 1519 3573; x_wconf 82' lang='lat' dir='ltr'>materia</span> <span class='ocrx_word' id='word_1_128' title='bbox 1581 3528 1954 3599; x_wconf 85' lang='lat' dir='ltr'><strong>numquam</strong></span> <span class='ocrx_word' id='word_1_129' title='bbox 2009 3518 2232 3600; x_wconf 88' lang='lat' dir='ltr'>potest</span> 
     </span>
     <span class='ocr_line' id='line_1_24' title="bbox 688 3609 2230 3702; baseline 0.005 -23"><span class='ocrx_word' id='word_1_130' title='bbox 688 3633 835 3679; x_wconf 81' lang='lat' dir='ltr'>esse</span> <span class='ocrx_word' id='word_1_131' title='bbox 899 3609 1081 3679; x_wconf 89' lang='lat' dir='ltr'>idem</span> <span class='ocrx_word' id='word_1_132' title='bbox 1136 3612 1454 3688; x_wconf 78' lang='lat' dir='ltr'>essentia,</span> <span class='ocrx_word' id='word_1_133' title='bbox 1523 3620 1599 3680; x_wconf 89' lang='lat' dir='ltr'>ut</span> <span class='ocrx_word' id='word_1_134' title='bbox 1628 3612 1868 3702; x_wconf 86' lang='lat' dir='ltr'>prohat</span> <span class='ocrx_word' id='word_1_135' title='bbox 1914 3614 2230 3685; x_wconf 86' lang='lat' dir='ltr'>Philoso-</span> 
     </span>
     <span class='ocr_line' id='line_1_25' title="bbox 686 3720 2225 3819; baseline 0.005 -31"><span class='ocrx_word' id='word_1_136' title='bbox 686 3720 906 3813; x_wconf 86' lang='lat' dir='ltr'>phus:</span> <span class='ocrx_word' id='word_1_137' title='bbox 967 3744 1131 3815; x_wconf 88' lang='lat' dir='ltr'>ergo</span> <span class='ocrx_word' id='word_1_138' title='bbox 1188 3744 1313 3792; x_wconf 87' lang='lat' dir='ltr'>nec</span> <span class='ocrx_word' id='word_1_139' title='bbox 1368 3722 1607 3793; x_wconf 89' lang='lat' dir='ltr'>eadem</span> <span class='ocrx_word' id='word_1_140' title='bbox 1665 3733 1766 3795; x_wconf 90' lang='lat' dir='ltr'>est</span> <span class='ocrx_word' id='word_1_141' title='bbox 1819 3728 2115 3819; x_wconf 81' lang='lat' dir='ltr'>potentia</span> <span class='ocrx_word' id='word_1_142' title='bbox 2142 3727 2225 3795; x_wconf 90' lang='lat' dir='ltr'>ad</span> 
     </span>
     <span class='ocr_line' id='line_1_26' title="bbox 683 3829 1443 3923; baseline 0.004 -27"><span class='ocrx_word' id='word_1_143' title='bbox 683 3831 986 3922; x_wconf 84' lang='lat' dir='ltr'>gignere,</span> <span class='ocrx_word' id='word_1_144' title='bbox 1021 3840 1086 3899; x_wconf 89' lang='lat' dir='ltr'>et</span> <span class='ocrx_word' id='word_1_145' title='bbox 1116 3829 1199 3899; x_wconf 84' lang='lat' dir='ltr'>ad</span> <span class='ocrx_word' id='word_1_146' title='bbox 1231 3832 1443 3923; x_wconf 84' lang='lat' dir='ltr'>gigni.</span> 
     </span>
    </p>

    <p class='ocr_par' dir='ltr' id='par_1_10' title="bbox 687 3937 2228 4444">
     <span class='ocr_line' id='line_1_27' title="bbox 777 3937 2225 4017; baseline 0.004 -11"><span class='ocrx_word' id='word_1_147' title='bbox 777 3939 842 4008; x_wconf 84' lang='lat'>3.</span> <span class='ocrx_word' id='word_1_148' title='bbox 888 3937 1246 4017; x_wconf 81' lang='lat' dir='ltr'>Proeterea‚</span> <span class='ocrx_word' id='word_1_149' title='bbox 1302 3938 1378 4007; x_wconf 89' lang='lat' dir='ltr'>ln</span> <span class='ocrx_word' id='word_1_150' title='bbox 1425 3941 1817 4011; x_wconf 82' lang='lat' dir='ltr'>nominibus</span> <span class='ocrx_word' id='word_1_151' title='bbox 1859 3944 2059 4014; x_wconf 87' lang='lat' dir='ltr'>etiam</span> <span class='ocrx_word' id='word_1_152' title='bbox 2121 3945 2225 4012; x_wconf 75' lang='lat' dir='ltr'>vi·</span> 
     </span>
     <span class='ocr_line' id='line_1_28' title="bbox 687 4050 2226 4148; baseline 0.003 -30"><span class='ocrx_word' id='word_1_153' title='bbox 687 4050 953 4129; x_wconf 74' lang='lat' dir='ltr'>demuS,</span> <span class='ocrx_word' id='word_1_154' title='bbox 1035 4050 1220 4142; x_wconf 88' lang='lat' dir='ltr'>quod</span> <span class='ocrx_word' id='word_1_155' title='bbox 1282 4074 1419 4121; x_wconf 88' lang='lat' dir='ltr'>non</span> <span class='ocrx_word' id='word_1_156' title='bbox 1495 4062 1596 4125; x_wconf 85' lang='lat' dir='ltr'>est</span> <span class='ocrx_word' id='word_1_157' title='bbox 1659 4076 1796 4123; x_wconf 89' lang='lat' dir='ltr'>una</span> <span class='ocrx_word' id='word_1_158' title='bbox 1870 4054 2056 4124; x_wconf 84' lang='lat' dir='ltr'>notio</span> <span class='ocrx_word' id='word_1_159' title='bbox 2094 4077 2226 4148; x_wconf 88' lang='lat' dir='ltr'>qua</span> 
     </span>
     <span class='ocr_line' id='line_1_29' title="bbox 691 4156 2228 4254; baseline 0.003 -30"><span class='ocrx_word' id='word_1_160' title='bbox 691 4156 894 4227; x_wconf 81' lang='lat' dir='ltr'>Pater</span> <span class='ocrx_word' id='word_1_161' title='bbox 921 4165 1024 4228; x_wconf 89' lang='lat' dir='ltr'>est</span> <span class='ocrx_word' id='word_1_162' title='bbox 1050 4160 1363 4250; x_wconf 80' lang='lat' dir='ltr'>gignens,</span> <span class='ocrx_word' id='word_1_163' title='bbox 1403 4167 1469 4228; x_wconf 87' lang='lat' dir='ltr'>et</span> <span class='ocrx_word' id='word_1_164' title='bbox 1499 4184 1632 4252; x_wconf 84' lang='lat' dir='ltr'>qua</span> <span class='ocrx_word' id='word_1_165' title='bbox 1676 4160 1882 4230; x_wconf 85' lang='lat' dir='ltr'>Filius</span> <span class='ocrx_word' id='word_1_166' title='bbox 1906 4168 2006 4229; x_wconf 86' lang='lat' dir='ltr'>est</span> <span class='ocrx_word' id='word_1_167' title='bbox 2032 4162 2228 4254; x_wconf 83' lang='lat' dir='ltr'>geni-</span> 
     </span>
     <span class='ocr_line' id='line_1_30' title="bbox 690 4268 2228 4359; baseline 0.003 -23"><span class='ocrx_word' id='word_1_168' title='bbox 690 4276 839 4338; x_wconf 77' lang='lat' dir='ltr'>tus:</span> <span class='ocrx_word' id='word_1_169' title='bbox 876 4290 1040 4359; x_wconf 87' lang='lat' dir='ltr'>ergo</span> <span class='ocrx_word' id='word_1_170' title='bbox 1079 4290 1206 4337; x_wconf 86' lang='lat' dir='ltr'>nec</span> <span class='ocrx_word' id='word_1_171' title='bbox 1233 4271 1357 4339; x_wconf 83' lang='lat' dir='ltr'>crit</span> <span class='ocrx_word' id='word_1_172' title='bbox 1391 4292 1526 4337; x_wconf 89' lang='lat' dir='ltr'>una</span> <span class='ocrx_word' id='word_1_173' title='bbox 1574 4268 1900 4359; x_wconf 82' lang='lat' dir='ltr'>potentia,</span> <span class='ocrx_word' id='word_1_174' title='bbox 1934 4277 2003 4338; x_wconf 87' lang='lat' dir='ltr'>ut</span> <span class='ocrx_word' id='word_1_175' title='bbox 2034 4269 2228 4341; x_wconf 84' lang='lat' dir='ltr'>vidc-</span> 
     </span>
     <span class='ocr_line' id='line_1_31' title="bbox 693 4384 822 4444; baseline -0.023 0"><span class='ocrx_word' id='word_1_176' title='bbox 693 4384 822 4444; x_wconf 90' lang='lat' dir='ltr'>tur.</span> 
     </span>
    </p>
   </div>
   <div class='ocr_carea' id='block_1_8' title="bbox 1518 341 2908 438">
    <p class='ocr_par' dir='ltr' id='par_1_11' title="bbox 1518 341 2908 438">
     <span class='ocr_line' id='line_1_32' title="bbox 1518 341 2908 438; baseline 0.01 -35"><span class='ocrx_word' id='word_1_177' title='bbox 1518 377 1557 435; x_wconf 61' lang='lat'>4</span> <span class='ocrx_word' id='word_1_178' title='bbox 1659 341 1779 408; x_wconf 76' lang='lat' dir='ltr'>n.</span> <span class='ocrx_word' id='word_1_179' title='bbox 1840 343 2039 436; x_wconf 68' lang='lat' dir='ltr'>Am.-</span> <span class='ocrx_word' id='word_1_180' title='bbox 2083 344 2298 438; x_wconf 69' lang='lat' dir='ltr'><strong>MAG.</strong></span> <span class='ocrx_word' id='word_1_181' title='bbox 2346 343 2559 430; x_wconf 76' lang='lat' dir='ltr'>om).</span> <span class='ocrx_word' id='word_1_182' title='bbox 2611 347 2908 420; x_wconf 81' lang='lat' dir='ltr'><strong>PRAED.</strong></span> 
     </span>
    </p>
   </div>
   <div class='ocr_carea' id='block_1_9' title="bbox 3655 463 3690 484">
    <p class='ocr_par' dir='ltr' id='par_1_12' title="bbox 3655 463 3690 484">
     <span class='ocr_line' id='line_1_33' title="bbox 3655 463 3690 484; baseline 0 0"><span class='ocrx_word' id='word_1_183' title='bbox 3655 463 3690 484; x_wconf 64' lang='grc' dir='ltr'>Δ*</span> 
     </span>
    </p>
   </div>
   <div class='ocr_carea' id='block_1_10' title="bbox 2440 507 4184 605">
    <p class='ocr_par' dir='ltr' id='par_1_13' title="bbox 2440 507 4184 605">
     <span class='ocr_line' id='line_1_34' title="bbox 2440 507 4184 605; baseline -0.003 -25"><span class='ocrx_word' id='word_1_184' title='bbox 2440 513 2758 584; x_wconf 62' lang='lat' dir='ltr'>Sonti-nm</span> <span class='ocrx_word' id='word_1_185' title='bbox 2794 513 3431 605; x_wconf 88' lang='lat' dir='ltr'>Dicendum‚·quod</span> <span class='ocrx_word' id='word_1_186' title='bbox 3462 533 3602 579; x_wconf 89' lang='lat' dir='ltr'>una</span> <span class='ocrx_word' id='word_1_187' title='bbox 3642 516 3745 578; x_wconf 85' lang='lat' dir='ltr'>eat</span> <span class='ocrx_word' id='word_1_188' title='bbox 3774 507 3902 598; x_wconf 71' lang='lat' dir='ltr'>po-</span> <span class='ocrx_word' id='word_1_189' title='bbox 3985 529 4184 575; x_wconf 62' lang='lat' dir='ltr'>solutio.</span> 
     </span>
    </p>
   </div>
   <div class='ocr_carea' id='block_1_11' title="bbox 2346 611 3903 711">
    <p class='ocr_par' dir='ltr' id='par_1_14' title="bbox 2346 611 3903 711">
     <span class='ocr_line' id='line_1_35' title="bbox 2346 611 3903 711; baseline -0.005 -24"><span class='ocrx_word' id='word_1_190' title='bbox 2346 620 2557 687; x_wconf 89' lang='lat' dir='ltr'>tentia</span> <span class='ocrx_word' id='word_1_191' title='bbox 2593 619 2664 687; x_wconf 91' lang='lat' dir='ltr'>in</span> <span class='ocrx_word' id='word_1_192' title='bbox 2695 622 2956 688; x_wconf 85' lang='lat' dir='ltr'>ratione</span> <span class='ocrx_word' id='word_1_193' title='bbox 3022 621 3341 711; x_wconf 81' lang='lat' dir='ltr'>potentiae</span> <span class='ocrx_word' id='word_1_194' title='bbox 3397 612 3752 692; x_wconf 77' lang='lat' dir='ltr'>naturalia,</span> <span class='ocrx_word' id='word_1_195' title='bbox 3785 611 3903 681; x_wconf 82' lang='lat' dir='ltr'>sed</span> 
     </span>
    </p>
   </div>
   <div class='ocr_carea' id='block_1_12' title="bbox 2346 724 3981 818">
    <p class='ocr_par' dir='ltr' id='par_1_15' title="bbox 2346 724 3981 818">
     <span class='ocr_line' id='line_1_36' title="bbox 2346 724 3981 818; baseline -0.005 -24"><span class='ocrx_word' id='word_1_196' title='bbox 2346 747 2483 794; x_wconf 86' lang='lat' dir='ltr'>non</span> <span class='ocrx_word' id='word_1_197' title='bbox 2524 751 2659 795; x_wconf 87' lang='lat' dir='ltr'>una</span> <span class='ocrx_word' id='word_1_198' title='bbox 2692 730 2760 795; x_wconf 90' lang='lat' dir='ltr'>in</span> <span class='ocrx_word' id='word_1_199' title='bbox 2792 730 3053 797; x_wconf 84' lang='lat' dir='ltr'>ratione</span> <span class='ocrx_word' id='word_1_200' title='bbox 3094 729 3421 818; x_wconf 83' lang='lat' dir='ltr'>potentiae</span> <span class='ocrx_word' id='word_1_201' title='bbox 3482 724 3567 791; x_wconf 89' lang='lat' dir='ltr'>ad</span> <span class='ocrx_word' id='word_1_202' title='bbox 3625 730 3896 789; x_wconf 82' lang='lat' dir='ltr'>actum:</span> <span class='ocrx_word' id='word_1_203' title='bbox 3972 755 3981 766; x_wconf 95' lang='lat'><em>·</em></span> 
     </span>
    </p>
   </div>
   <div class='ocr_carea' id='block_1_13' title="bbox 2339 830 3904 1253">
    <p class='ocr_par' dir='ltr' id='par_1_16' title="bbox 2339 830 3904 1253">
     <span class='ocr_line' id='line_1_37' title="bbox 2345 830 3902 927; baseline -0.003 -23"><span class='ocrx_word' id='word_1_204' title='bbox 2345 839 2506 926; x_wconf 89' lang='lat' dir='ltr'>quia</span> <span class='ocrx_word' id='word_1_205' title='bbox 2558 841 2860 927; x_wconf 88' lang='lat' dir='ltr'>potentia</span> <span class='ocrx_word' id='word_1_206' title='bbox 2917 838 3294 907; x_wconf 88' lang='lat' dir='ltr'>secundum</span> <span class='ocrx_word' id='word_1_207' title='bbox 3375 834 3715 903; x_wconf 83' lang='lat' dir='ltr'>rationem</span> <span class='ocrx_word' id='word_1_208' title='bbox 3791 830 3902 899; x_wconf 89' lang='lat' dir='ltr'>in·-</span> 
     </span>
     <span class='ocr_line' id='line_1_38' title="bbox 2344 940 3898 1034; baseline -0.005 -22"><span class='ocrx_word' id='word_1_209' title='bbox 2344 942 2689 1034; x_wconf 86' lang='lat' dir='ltr'>telligendi</span> <span class='ocrx_word' id='word_1_210' title='bbox 2745 955 2844 1014; x_wconf 88' lang='lat' dir='ltr'>est</span> <span class='ocrx_word' id='word_1_211' title='bbox 2921 945 3145 1013; x_wconf 88' lang='lat' dir='ltr'>media</span> <span class='ocrx_word' id='word_1_212' title='bbox 3219 946 3399 1012; x_wconf 86' lang='lat' dir='ltr'>inter</span> <span class='ocrx_word' id='word_1_213' title='bbox 3463 949 3779 1009; x_wconf 86' lang='lat' dir='ltr'>naturam</span> <span class='ocrx_word' id='word_1_214' title='bbox 3829 940 3898 1005; x_wconf 92' lang='lat' dir='ltr'>in</span> 
     </span>
     <span class='ocr_line' id='line_1_39' title="bbox 2342 1044 3898 1143; baseline -0.006 -24"><span class='ocrx_word' id='word_1_215' title='bbox 2342 1075 2476 1143; x_wconf 91' lang='lat' dir='ltr'>qua</span> <span class='ocrx_word' id='word_1_216' title='bbox 2514 1053 2877 1137; x_wconf 82' lang='lat' dir='ltr'>radicatur,</span> <span class='ocrx_word' id='word_1_217' title='bbox 2912 1044 2979 1122; x_wconf 81' lang='lat' dir='ltr'>et</span> <span class='ocrx_word' id='word_1_218' title='bbox 3008 1062 3235 1122; x_wconf 86' lang='lat' dir='ltr'>actum</span> <span class='ocrx_word' id='word_1_219' title='bbox 3268 1052 3384 1142; x_wconf 92' lang='lat' dir='ltr'>qui</span> <span class='ocrx_word' id='word_1_220' title='bbox 3435 1047 3787 1139; x_wconf 87' lang='lat' dir='ltr'>egreditur</span> <span class='ocrx_word' id='word_1_221' title='bbox 3816 1044 3898 1111; x_wconf 86' lang='lat' dir='ltr'>ab</span> 
     </span>
     <span class='ocr_line' id='line_1_40' title="bbox 2339 1158 3904 1253; baseline -0.003 -26"><span class='ocrx_word' id='word_1_222' title='bbox 2339 1162 2510 1251; x_wconf 83' lang='lat' dir='ltr'>ipsa,</span> <span class='ocrx_word' id='word_1_223' title='bbox 2546 1171 2611 1230; x_wconf 91' lang='lat' dir='ltr'>et</span> <span class='ocrx_word' id='word_1_224' title='bbox 2631 1161 2953 1253; x_wconf 86' lang='lat' dir='ltr'>Magister</span> <span class='ocrx_word' id='word_1_225' title='bbox 2973 1162 3279 1253; x_wconf 86' lang='lat' dir='ltr'>loquitur</span> <span class='ocrx_word' id='word_1_226' title='bbox 3307 1158 3686 1229; x_wconf 88' lang='lat' dir='ltr'>secundum</span> <span class='ocrx_word' id='word_1_227' title='bbox 3719 1178 3904 1224; x_wconf 91' lang='lat' dir='ltr'>com-</span> 
     </span>
    </p>
   </div>
   <div class='ocr_carea' id='block_1_14' title="bbox 2305 1264 3899 1372">
    <p class='ocr_par' dir='ltr' id='par_1_17' title="bbox 2305 1264 3899 1372">
     <span class='ocr_line' id='line_1_41' title="bbox 2305 1264 3899 1372; baseline -0.005 -33"><span class='ocrx_word' id='word_1_228' title='bbox 2305 1356 2317 1372; x_wconf 46' lang='lat'>.</span> <span class='ocrx_word' id='word_1_229' title='bbox 2340 1273 2761 1362; x_wconf 85' lang='lat' dir='ltr'>parationem</span> <span class='ocrx_word' id='word_1_230' title='bbox 2822 1271 3005 1340; x_wconf 88' lang='lat' dir='ltr'>illam</span> <span class='ocrx_word' id='word_1_231' title='bbox 3063 1273 3135 1339; x_wconf 92' lang='lat' dir='ltr'>in</span> <span class='ocrx_word' id='word_1_232' title='bbox 3175 1293 3310 1362; x_wconf 80' lang='lat' dir='ltr'>qua</span> <span class='ocrx_word' id='word_1_233' title='bbox 3348 1273 3786 1358; x_wconf 86' lang='lat' dir='ltr'>comparatur</span> <span class='ocrx_word' id='word_1_234' title='bbox 3813 1264 3899 1333; x_wconf 91' lang='lat' dir='ltr'>ad</span> 
     </span>
    </p>
   </div>
   <div class='ocr_carea' id='block_1_15' title="bbox 2329 1380 3896 4469">
    <p class='ocr_par' dir='ltr' id='par_1_18' title="bbox 2338 1380 3339 1471">
     <span class='ocr_line' id='line_1_42' title="bbox 2338 1380 3339 1471; baseline -0.003 -24"><span class='ocrx_word' id='word_1_235' title='bbox 2338 1388 2651 1448; x_wconf 89' lang='lat' dir='ltr'>naturam</span> <span class='ocrx_word' id='word_1_236' title='bbox 2693 1383 2761 1448; x_wconf 92' lang='lat' dir='ltr'>in</span> <span class='ocrx_word' id='word_1_237' title='bbox 2802 1403 2935 1471; x_wconf 86' lang='lat' dir='ltr'>qua</span> <span class='ocrx_word' id='word_1_238' title='bbox 2975 1380 3339 1448; x_wconf 75' lang='lat' dir='ltr'>radicatur.</span> 
     </span>
    </p>

    <p class='ocr_par' dir='ltr' id='par_1_19' title="bbox 2333 1481 3896 2305">
     <span class='ocr_line' id='line_1_43' title="bbox 2422 1481 3893 1578; baseline -0.004 -24"><span class='ocrx_word' id='word_1_239' title='bbox 2422 1486 2527 1554; x_wconf 85' lang='lat' dir='ltr'>An</span> <span class='ocrx_word' id='word_1_240' title='bbox 2579 1511 2838 1556; x_wconf 65' lang='lat' dir='ltr'>ramum</span> <span class='ocrx_word' id='word_1_241' title='bbox 2894 1511 3058 1578; x_wconf 86' lang='lat' dir='ltr'>ergo</span> <span class='ocrx_word' id='word_1_242' title='bbox 3116 1485 3509 1563; x_wconf 89' lang='lat' dir='ltr'>dicendum,</span> <span class='ocrx_word' id='word_1_243' title='bbox 3582 1481 3768 1574; x_wconf 88' lang='lat' dir='ltr'>quod</span> <span class='ocrx_word' id='word_1_244' title='bbox 3823 1481 3893 1548; x_wconf 90' lang='lat' dir='ltr'>in</span> 
     </span>
     <span class='ocr_line' id='line_1_44' title="bbox 2336 1589 3895 1685; baseline -0.004 -25"><span class='ocrx_word' id='word_1_245' title='bbox 2336 1592 2584 1660; x_wconf 84' lang='lat' dir='ltr'>divinis</span> <span class='ocrx_word' id='word_1_246' title='bbox 2621 1592 2791 1661; x_wconf 87' lang='lat' dir='ltr'>nihil</span> <span class='ocrx_word' id='word_1_247' title='bbox 2842 1601 2943 1663; x_wconf 88' lang='lat' dir='ltr'>est</span> <span class='ocrx_word' id='word_1_248' title='bbox 3003 1596 3398 1685; x_wconf 85' lang='lat' dir='ltr'>passivum:</span> <span class='ocrx_word' id='word_1_249' title='bbox 3463 1590 3586 1659; x_wconf 88' lang='lat' dir='ltr'>sed</span> <span class='ocrx_word' id='word_1_250' title='bbox 3650 1589 3895 1680; x_wconf 87' lang='lat' dir='ltr'>princi-</span> 
     </span>
     <span class='ocr_line' id='line_1_45' title="bbox 2335 1695 3891 1793; baseline -0.001 -25"><span class='ocrx_word' id='word_1_251' title='bbox 2335 1702 2529 1792; x_wconf 84' lang='lat' dir='ltr'>pians</span> <span class='ocrx_word' id='word_1_252' title='bbox 2567 1708 2635 1769; x_wconf 89' lang='lat' dir='ltr'>et</span> <span class='ocrx_word' id='word_1_253' title='bbox 2664 1703 3146 1793; x_wconf 87' lang='lat' dir='ltr'>principiatum</span> <span class='ocrx_word' id='word_1_254' title='bbox 3177 1702 3297 1769; x_wconf 84' lang='lat' dir='ltr'>vix</span> <span class='ocrx_word' id='word_1_255' title='bbox 3333 1698 3718 1768; x_wconf 77' lang='lat' dir='ltr'>admittitur</span> <span class='ocrx_word' id='word_1_256' title='bbox 3752 1695 3891 1766; x_wconf 83' lang='lat' dir='ltr'>ihi:</span> 
     </span>
     <span class='ocr_line' id='line_1_46' title="bbox 2335 1806 3893 1898; baseline -0.003 -24"><span class='ocrx_word' id='word_1_257' title='bbox 2335 1815 2402 1874; x_wconf 92' lang='lat' dir='ltr'>et</span> <span class='ocrx_word' id='word_1_258' title='bbox 2427 1806 2602 1876; x_wconf 89' lang='lat' dir='ltr'>bene</span> <span class='ocrx_word' id='word_1_259' title='bbox 2638 1816 2863 1898; x_wconf 89' lang='lat' dir='ltr'>potest</span> <span class='ocrx_word' id='word_1_260' title='bbox 2892 1831 3031 1876; x_wconf 89' lang='lat' dir='ltr'>una</span> <span class='ocrx_word' id='word_1_261' title='bbox 3094 1809 3404 1898; x_wconf 86' lang='lat' dir='ltr'>potentia</span> <span class='ocrx_word' id='word_1_262' title='bbox 3470 1811 3731 1872; x_wconf 85' lang='lat' dir='ltr'>naturae</span> <span class='ocrx_word' id='word_1_263' title='bbox 3787 1824 3893 1870; x_wconf 88' lang='lat' dir='ltr'>se-</span> 
     </span>
     <span class='ocr_line' id='line_1_47' title="bbox 2333 1911 3896 2006; baseline -0.004 -24"><span class='ocrx_word' id='word_1_264' title='bbox 2333 1914 2633 1983; x_wconf 86' lang='lat' dir='ltr'>cundum</span> <span class='ocrx_word' id='word_1_265' title='bbox 2700 1915 2885 2005; x_wconf 90' lang='lat' dir='ltr'>quod</span> <span class='ocrx_word' id='word_1_266' title='bbox 2950 1913 3380 2006; x_wconf 83' lang='lat' dir='ltr'>hujusmodi,</span> <span class='ocrx_word' id='word_1_267' title='bbox 3441 1911 3703 2001; x_wconf 89' lang='lat' dir='ltr'>aliquid</span> <span class='ocrx_word' id='word_1_268' title='bbox 3749 1931 3896 1977; x_wconf 87' lang='lat' dir='ltr'>esse</span> 
     </span>
     <span class='ocr_line' id='line_1_48' title="bbox 2333 2013 3896 2112; baseline -0.004 -24"><span class='ocrx_word' id='word_1_269' title='bbox 2333 2020 2746 2112; x_wconf 88' lang='lat' dir='ltr'>principians</span> <span class='ocrx_word' id='word_1_270' title='bbox 2821 2031 2888 2090; x_wconf 93' lang='lat' dir='ltr'>et</span> <span class='ocrx_word' id='word_1_271' title='bbox 2941 2022 3461 2111; x_wconf 85' lang='lat' dir='ltr'>principiatum‚</span> <span class='ocrx_word' id='word_1_272' title='bbox 3532 2018 3690 2085; x_wconf 86' lang='lat' dir='ltr'>licet</span> <span class='ocrx_word' id='word_1_273' title='bbox 3751 2013 3896 2082; x_wconf 85' lang='lat' dir='ltr'>haec</span> 
     </span>
     <span class='ocr_line' id='line_1_49' title="bbox 2335 2122 3893 2220; baseline -0.004 -23"><span class='ocrx_word' id='word_1_274' title='bbox 2335 2152 2474 2197; x_wconf 88' lang='lat' dir='ltr'>non</span> <span class='ocrx_word' id='word_1_275' title='bbox 2509 2131 2729 2220; x_wconf 77' lang='lat' dir='ltr'>possit</span> <span class='ocrx_word' id='word_1_276' title='bbox 2796 2152 2943 2199; x_wconf 81' lang='lat' dir='ltr'>esse</span> <span class='ocrx_word' id='word_1_277' title='bbox 2997 2151 3136 2197; x_wconf 89' lang='lat' dir='ltr'>una</span> <span class='ocrx_word' id='word_1_278' title='bbox 3204 2128 3515 2219; x_wconf 84' lang='lat' dir='ltr'>potentia</span> <span class='ocrx_word' id='word_1_279' title='bbox 3559 2126 3771 2195; x_wconf 88' lang='lat' dir='ltr'>relata</span> <span class='ocrx_word' id='word_1_280' title='bbox 3807 2122 3893 2191; x_wconf 89' lang='lat' dir='ltr'>ad</span> 
     </span>
     <span class='ocr_line' id='line_1_50' title="bbox 2333 2244 2583 2305; baseline 0.004 -2"><span class='ocrx_word' id='word_1_281' title='bbox 2333 2244 2583 2305; x_wconf 87' lang='lat' dir='ltr'>actum.</span> 
     </span>
    </p>

    <p class='ocr_par' dir='ltr' id='par_1_20' title="bbox 2331 2340 3896 3722">
     <span class='ocr_line' id='line_1_51' title="bbox 2422 2340 3893 2433; baseline -0.003 -24"><span class='ocrx_word' id='word_1_282' title='bbox 2422 2343 2524 2409; x_wconf 85' lang='lat' dir='ltr'>An</span> <span class='ocrx_word' id='word_1_283' title='bbox 2560 2366 2760 2411; x_wconf 73' lang='lat' dir='ltr'>Amun</span> <span class='ocrx_word' id='word_1_284' title='bbox 2790 2342 3180 2422; x_wconf 88' lang='lat' dir='ltr'>dicendum,</span> <span class='ocrx_word' id='word_1_285' title='bbox 3224 2342 3411 2433; x_wconf 88' lang='lat' dir='ltr'>quod</span> <span class='ocrx_word' id='word_1_286' title='bbox 3488 2340 3604 2409; x_wconf 89' lang='lat' dir='ltr'>illa</span> <span class='ocrx_word' id='word_1_287' title='bbox 3647 2359 3893 2429; x_wconf 87' lang='lat' dir='ltr'>propo-</span> 
     </span>
     <span class='ocr_line' id='line_1_52' title="bbox 2331 2445 3892 2540; baseline -0.004 -22"><span class='ocrx_word' id='word_1_288' title='bbox 2331 2450 2487 2518; x_wconf 87' lang='lat' dir='ltr'>sitio</span> <span class='ocrx_word' id='word_1_289' title='bbox 2516 2472 2678 2518; x_wconf 78' lang='lat' dir='ltr'>vera</span> <span class='ocrx_word' id='word_1_290' title='bbox 2706 2452 2906 2519; x_wconf 88' lang='lat' dir='ltr'>estin</span> <span class='ocrx_word' id='word_1_291' title='bbox 2936 2449 3043 2518; x_wconf 90' lang='lat' dir='ltr'>his</span> <span class='ocrx_word' id='word_1_292' title='bbox 3072 2453 3141 2518; x_wconf 90' lang='lat' dir='ltr'>in</span> <span class='ocrx_word' id='word_1_293' title='bbox 3182 2449 3430 2540; x_wconf 84' lang='lat' dir='ltr'>quihus</span> <span class='ocrx_word' id='word_1_294' title='bbox 3471 2458 3575 2516; x_wconf 86' lang='lat' dir='ltr'>est</span> <span class='ocrx_word' id='word_1_295' title='bbox 3593 2445 3892 2515; x_wconf 76' lang='lat' dir='ltr'>efficiens</span> 
     </span>
     <span class='ocr_line' id='line_1_53' title="bbox 2332 2554 3893 2649; baseline -0.004 -23"><span class='ocrx_word' id='word_1_296' title='bbox 2332 2567 2399 2626; x_wconf 90' lang='lat' dir='ltr'>et</span> <span class='ocrx_word' id='word_1_297' title='bbox 2465 2558 2788 2638; x_wconf 85' lang='lat' dir='ltr'>activum,</span> <span class='ocrx_word' id='word_1_298' title='bbox 2876 2566 2942 2627; x_wconf 89' lang='lat' dir='ltr'>et</span> <span class='ocrx_word' id='word_1_299' title='bbox 3005 2558 3356 2649; x_wconf 85' lang='lat' dir='ltr'>passivum</span> <span class='ocrx_word' id='word_1_300' title='bbox 3446 2564 3514 2624; x_wconf 81' lang='lat' dir='ltr'>ct</span> <span class='ocrx_word' id='word_1_301' title='bbox 3606 2554 3893 2622; x_wconf 89' lang='lat' dir='ltr'>materia</span> 
     </span>
     <span class='ocr_line' id='line_1_54' title="bbox 2332 2660 3895 2756; baseline -0.002 -24"><span class='ocrx_word' id='word_1_302' title='bbox 2332 2664 2657 2756; x_wconf 88' lang='lat' dir='ltr'>physica:</span> <span class='ocrx_word' id='word_1_303' title='bbox 2737 2665 2856 2734; x_wconf 83' lang='lat' dir='ltr'>sed</span> <span class='ocrx_word' id='word_1_304' title='bbox 2911 2664 3097 2734; x_wconf 87' lang='lat' dir='ltr'>aliud</span> <span class='ocrx_word' id='word_1_305' title='bbox 3135 2674 3238 2734; x_wconf 89' lang='lat' dir='ltr'>est</span> <span class='ocrx_word' id='word_1_306' title='bbox 3267 2662 3516 2732; x_wconf 83' lang='lat' dir='ltr'>modus</span> <span class='ocrx_word' id='word_1_307' title='bbox 3555 2660 3784 2743; x_wconf 89' lang='lat' dir='ltr'>activi,</span> <span class='ocrx_word' id='word_1_308' title='bbox 3826 2666 3895 2729; x_wconf 85' lang='lat' dir='ltr'>et</span> 
     </span>
     <span class='ocr_line' id='line_1_55' title="bbox 2332 2768 3896 2862; baseline -0.002 -22"><span class='ocrx_word' id='word_1_309' title='bbox 2332 2773 2630 2840; x_wconf 87' lang='lat' dir='ltr'>activum</span> <span class='ocrx_word' id='word_1_310' title='bbox 2659 2772 2929 2862; x_wconf 83' lang='lat' dir='ltr'>ipsum:</span> <span class='ocrx_word' id='word_1_311' title='bbox 2973 2770 3161 2840; x_wconf 90' lang='lat' dir='ltr'>aliud</span> <span class='ocrx_word' id='word_1_312' title='bbox 3198 2771 3447 2839; x_wconf 75' lang='lat' dir='ltr'>modus</span> <span class='ocrx_word' id='word_1_313' title='bbox 3513 2768 3795 2859; x_wconf 76' lang='lat' dir='ltr'>passivi,</span> <span class='ocrx_word' id='word_1_314' title='bbox 3829 2774 3896 2837; x_wconf 84' lang='lat' dir='ltr'>et</span> 
     </span>
     <span class='ocr_line' id='line_1_56' title="bbox 2331 2876 3896 2972; baseline -0.004 -24"><span class='ocrx_word' id='word_1_315' title='bbox 2331 2881 2680 2971; x_wconf 83' lang='lat' dir='ltr'>passivum</span> <span class='ocrx_word' id='word_1_316' title='bbox 2710 2881 2960 2972; x_wconf 84' lang='lat' dir='ltr'>ipsum.</span> <span class='ocrx_word' id='word_1_317' title='bbox 2997 2881 3292 2971; x_wconf 87' lang='lat' dir='ltr'>Gignere</span> <span class='ocrx_word' id='word_1_318' title='bbox 3332 2879 3518 2947; x_wconf 83' lang='lat' dir='ltr'>enim</span> <span class='ocrx_word' id='word_1_319' title='bbox 3576 2878 3645 2945; x_wconf 93' lang='lat' dir='ltr'>in</span> <span class='ocrx_word' id='word_1_320' title='bbox 3714 2876 3896 2944; x_wconf 85' lang='lat' dir='ltr'>divi-</span> 
     </span>
     <span class='ocr_line' id='line_1_57' title="bbox 2332 2981 3893 3078; baseline -0.003 -24"><span class='ocrx_word' id='word_1_321' title='bbox 2332 2987 2437 3054; x_wconf 88' lang='lat' dir='ltr'>nis</span> <span class='ocrx_word' id='word_1_322' title='bbox 2503 3009 2644 3055; x_wconf 90' lang='lat' dir='ltr'>non</span> <span class='ocrx_word' id='word_1_323' title='bbox 2700 2994 2804 3054; x_wconf 84' lang='lat' dir='ltr'>est</span> <span class='ocrx_word' id='word_1_324' title='bbox 2868 3010 3093 3078; x_wconf 85' lang='lat' dir='ltr'>agere,</span> <span class='ocrx_word' id='word_1_325' title='bbox 3139 2983 3571 3055; x_wconf 81' lang='lat' dir='ltr'>licethabeat</span> <span class='ocrx_word' id='word_1_326' title='bbox 3608 2981 3893 3052; x_wconf 89' lang='lat' dir='ltr'>modum</span> 
     </span>
     <span class='ocr_line' id='line_1_58' title="bbox 2333 3088 3894 3185; baseline -0.004 -23"><span class='ocrx_word' id='word_1_327' title='bbox 2333 3097 2532 3176; x_wconf 81' lang='lat' dir='ltr'>actiyi</span> <span class='ocrx_word' id='word_1_328' title='bbox 2590 3116 2802 3185; x_wconf 83' lang='lat' dir='ltr'>quem</span> <span class='ocrx_word' id='word_1_329' title='bbox 2869 3094 3157 3163; x_wconf 88' lang='lat' dir='ltr'>attendit</span> <span class='ocrx_word' id='word_1_330' title='bbox 3207 3092 3739 3162; x_wconf 78' lang='lat' dir='ltr'>Grammaticus,</span> <span class='ocrx_word' id='word_1_331' title='bbox 3777 3088 3894 3157; x_wconf 90' lang='lat' dir='ltr'>Si-</span> 
     </span>
     <span class='ocr_line' id='line_1_59' title="bbox 2334 3199 3894 3295; baseline -0.001 -25"><span class='ocrx_word' id='word_1_332' title='bbox 2334 3202 2585 3271; x_wconf 85' lang='lat' dir='ltr'>militer</span> <span class='ocrx_word' id='word_1_333' title='bbox 2637 3205 2825 3295; x_wconf 92' lang='lat' dir='ltr'>gigni</span> <span class='ocrx_word' id='word_1_334' title='bbox 2893 3225 3032 3271; x_wconf 89' lang='lat' dir='ltr'>non</span> <span class='ocrx_word' id='word_1_335' title='bbox 3080 3211 3184 3271; x_wconf 83' lang='lat' dir='ltr'>cst</span> <span class='ocrx_word' id='word_1_336' title='bbox 3259 3202 3401 3291; x_wconf 84' lang='lat' dir='ltr'>pati</span> <span class='ocrx_word' id='word_1_337' title='bbox 3457 3199 3590 3270; x_wconf 78' lang='lat' dir='ltr'>nisi</span> <span class='ocrx_word' id='word_1_338' title='bbox 3643 3220 3894 3268; x_wconf 79' lang='lat' dir='ltr'>secun-</span> 
     </span>
     <span class='ocr_line' id='line_1_60' title="bbox 2334 3302 3893 3401; baseline -0.004 -24"><span class='ocrx_word' id='word_1_339' title='bbox 2334 3310 2497 3377; x_wconf 92' lang='lat' dir='ltr'>dum</span> <span class='ocrx_word' id='word_1_340' title='bbox 2558 3308 2843 3377; x_wconf 87' lang='lat' dir='ltr'>modum</span> <span class='ocrx_word' id='word_1_341' title='bbox 2907 3307 3494 3401; x_wconf 86' lang='lat' dir='ltr'>grammaticalem</span> <span class='ocrx_word' id='word_1_342' title='bbox 3550 3328 3568 3375; x_wconf 73' lang='lat' dir='ltr'>z</span> <span class='ocrx_word' id='word_1_343' title='bbox 3630 3304 3753 3374; x_wconf 80' lang='lat' dir='ltr'>sed</span> <span class='ocrx_word' id='word_1_344' title='bbox 3806 3302 3893 3372; x_wconf 88' lang='lat' dir='ltr'>ad</span> 
     </span>
     <span class='ocr_line' id='line_1_61' title="bbox 2334 3411 3891 3509; baseline -0.004 -24"><span class='ocrx_word' id='word_1_345' title='bbox 2334 3416 2468 3486; x_wconf 90' lang='lat' dir='ltr'>tale</span> <span class='ocrx_word' id='word_1_346' title='bbox 2496 3419 2635 3508; x_wconf 87' lang='lat' dir='ltr'>pati</span> <span class='ocrx_word' id='word_1_347' title='bbox 2687 3418 2873 3509; x_wconf 89' lang='lat' dir='ltr'>quod</span> <span class='ocrx_word' id='word_1_348' title='bbox 2916 3426 3017 3486; x_wconf 79' lang='lat' dir='ltr'>est</span> <span class='ocrx_word' id='word_1_349' title='bbox 3061 3417 3132 3486; x_wconf 93' lang='lat' dir='ltr'>in</span> <span class='ocrx_word' id='word_1_350' title='bbox 3194 3416 3403 3486; x_wconf 83' lang='lat' dir='ltr'>modo</span> <span class='ocrx_word' id='word_1_351' title='bbox 3456 3411 3891 3505; x_wconf 76' lang='lat' dir='ltr'>significandi</span> 
     </span>
     <span class='ocr_line' id='line_1_62' title="bbox 2331 3523 3894 3614; baseline -0.004 -21"><span class='ocrx_word' id='word_1_352' title='bbox 2331 3532 2625 3605; x_wconf 81' lang='lat' dir='ltr'>tantum,</span> <span class='ocrx_word' id='word_1_353' title='bbox 2667 3524 2916 3593; x_wconf 75' lang='lat' dir='ltr'>suflicit</span> <span class='ocrx_word' id='word_1_354' title='bbox 2977 3523 3461 3614; x_wconf 84' lang='lat' dir='ltr'>principiatum</span> <span class='ocrx_word' id='word_1_355' title='bbox 3499 3543 3648 3590; x_wconf 74' lang='lat' dir='ltr'>esse</span> <span class='ocrx_word' id='word_1_356' title='bbox 3714 3542 3894 3611; x_wconf 89' lang='lat' dir='ltr'>quo-</span> 
     </span>
     <span class='ocr_line' id='line_1_63' title="bbox 2331 3630 2898 3722; baseline -0.005 -21"><span class='ocrx_word' id='word_1_357' title='bbox 2331 3653 2625 3722; x_wconf 88' lang='lat' dir='ltr'>cumque</span> <span class='ocrx_word' id='word_1_358' title='bbox 2666 3630 2898 3700; x_wconf 76' lang='lat' dir='ltr'>modo,</span> 
     </span>
    </p>

    <p class='ocr_par' dir='ltr' id='par_1_21' title="bbox 2329 3735 3894 4469">
     <span class='ocr_line' id='line_1_64' title="bbox 2418 3735 3890 3827; baseline -0.003 -21"><span class='ocrx_word' id='word_1_359' title='bbox 2418 3739 2524 3806; x_wconf 85' lang='lat' dir='ltr'>An</span> <span class='ocrx_word' id='word_1_360' title='bbox 2551 3761 2749 3807; x_wconf 73' lang='grc' dir='ltr'><strong>Αιιυι)</strong></span> <span class='ocrx_word' id='word_1_361' title='bbox 2776 3737 3166 3815; x_wconf 83' lang='lat' dir='ltr'>dicendum,</span> <span class='ocrx_word' id='word_1_362' title='bbox 3201 3737 3387 3827; x_wconf 86' lang='lat' dir='ltr'>quod</span> <span class='ocrx_word' id='word_1_363' title='bbox 3444 3735 3636 3806; x_wconf 89' lang='lat' dir='ltr'>notio</span> <span class='ocrx_word' id='word_1_364' title='bbox 3691 3755 3890 3802; x_wconf 85' lang='lat' dir='ltr'>com-</span> 
     </span>
     <span class='ocr_line' id='line_1_65' title="bbox 2329 3842 3891 3941; baseline -0.003 -28"><span class='ocrx_word' id='word_1_365' title='bbox 2329 3854 2521 3935; x_wconf 87' lang='lat' dir='ltr'>parat</span> <span class='ocrx_word' id='word_1_366' title='bbox 2549 3846 2922 3936; x_wconf 87' lang='lat' dir='ltr'>potentiam</span> <span class='ocrx_word' id='word_1_367' title='bbox 2963 3845 3049 3915; x_wconf 90' lang='lat' dir='ltr'>ad</span> <span class='ocrx_word' id='word_1_368' title='bbox 3093 3855 3350 3926; x_wconf 83' lang='lat' dir='ltr'>actum,</span> <span class='ocrx_word' id='word_1_369' title='bbox 3390 3854 3459 3914; x_wconf 90' lang='lat' dir='ltr'>et</span> <span class='ocrx_word' id='word_1_370' title='bbox 3530 3842 3891 3941; x_wconf 87' lang='lat' dir='ltr'>conjungit</span> 
     </span>
     <span class='ocr_line' id='line_1_66' title="bbox 2330 3948 3889 4024; baseline -0.004 -3"><span class='ocrx_word' id='word_1_371' title='bbox 2330 3975 2482 4022; x_wconf 85' lang='lat' dir='ltr'>eam</span> <span class='ocrx_word' id='word_1_372' title='bbox 2547 3955 2764 4024; x_wconf 86' lang='lat' dir='ltr'>actui:</span> <span class='ocrx_word' id='word_1_373' title='bbox 2829 3963 2897 4022; x_wconf 89' lang='lat' dir='ltr'>et</span> <span class='ocrx_word' id='word_1_374' title='bbox 2954 3952 3106 4022; x_wconf 83' lang='lat' dir='ltr'>ideo</span> <span class='ocrx_word' id='word_1_375' title='bbox 3182 3976 3322 4022; x_wconf 85' lang='lat' dir='ltr'>non</span> <span class='ocrx_word' id='word_1_376' title='bbox 3380 3960 3478 4020; x_wconf 89' lang='lat' dir='ltr'>est</span> <span class='ocrx_word' id='word_1_377' title='bbox 3547 3951 3802 4019; x_wconf 88' lang='lat' dir='ltr'>mirum</span> <span class='ocrx_word' id='word_1_378' title='bbox 3832 3948 3889 4015; x_wconf 78' lang='lat' dir='ltr'>si</span> 
     </span>
     <span class='ocr_line' id='line_1_67' title="bbox 2332 4056 3894 4149; baseline -0.002 -22"><span class='ocrx_word' id='word_1_379' title='bbox 2332 4059 2618 4129; x_wconf 80' lang='lat' dir='ltr'>discrete</span> <span class='ocrx_word' id='word_1_380' title='bbox 2658 4068 2820 4129; x_wconf 90' lang='lat' dir='ltr'>tunc</span> <span class='ocrx_word' id='word_1_381' title='bbox 2850 4062 3156 4149; x_wconf 76' lang='lat' dir='ltr'>personis</span> <span class='ocrx_word' id='word_1_382' title='bbox 3187 4061 3552 4129; x_wconf 81' lang='lat' dir='ltr'>convenit:</span> <span class='ocrx_word' id='word_1_383' title='bbox 3588 4056 3709 4126; x_wconf 83' lang='lat' dir='ltr'>sed</span> <span class='ocrx_word' id='word_1_384' title='bbox 3752 4078 3894 4124; x_wconf 85' lang='lat' dir='ltr'>non</span> 
     </span>
     <span class='ocr_line' id='line_1_68' title="bbox 2332 4161 3892 4255; baseline -0.003 -26"><span class='ocrx_word' id='word_1_385' title='bbox 2332 4164 2429 4232; x_wconf 76' lang='lat' dir='ltr'>sic</span> <span class='ocrx_word' id='word_1_386' title='bbox 2502 4163 2659 4232; x_wconf 78' lang='lat' dir='ltr'>facit</span> <span class='ocrx_word' id='word_1_387' title='bbox 2712 4172 2958 4233; x_wconf 85' lang='lat' dir='ltr'>natura</span> <span class='ocrx_word' id='word_1_388' title='bbox 3011 4186 3162 4255; x_wconf 67' lang='lat' dir='ltr'>quas</span> <span class='ocrx_word' id='word_1_389' title='bbox 3242 4161 3444 4232; x_wconf 82' lang='lat' dir='ltr'>habet</span> <span class='ocrx_word' id='word_1_390' title='bbox 3518 4162 3892 4253; x_wconf 83' lang='lat' dir='ltr'>potentiam</span> 
     </span>
     <span class='ocr_line' id='line_1_69' title="bbox 2334 4268 3893 4362; baseline -0.003 -25"><span class='ocrx_word' id='word_1_391' title='bbox 2334 4272 2525 4362; x_wconf 78' lang='lat' dir='ltr'>quasi</span> <span class='ocrx_word' id='word_1_392' title='bbox 2569 4271 3070 4341; x_wconf 77' lang='lat' dir='ltr'>indistinctam:</span> <span class='ocrx_word' id='word_1_393' title='bbox 3128 4294 3266 4339; x_wconf 88' lang='lat' dir='ltr'>non</span> <span class='ocrx_word' id='word_1_394' title='bbox 3334 4272 3518 4340; x_wconf 84' lang='lat' dir='ltr'>enim</span> <span class='ocrx_word' id='word_1_395' title='bbox 3577 4268 3893 4337; x_wconf 73' lang='lat' dir='ltr'>distincta</span> 
     </span>
     <span class='ocr_line' id='line_1_70' title="bbox 2334 4379 3364 4469; baseline 0 -24"><span class='ocrx_word' id='word_1_396' title='bbox 2334 4386 2436 4446; x_wconf 86' lang='lat' dir='ltr'>est</span> <span class='ocrx_word' id='word_1_397' title='bbox 2468 4381 2768 4469; x_wconf 85' lang='lat' dir='ltr'>potentia</span> <span class='ocrx_word' id='word_1_398' title='bbox 2801 4379 2928 4447; x_wconf 84' lang='lat' dir='ltr'>nisi</span> <span class='ocrx_word' id='word_1_399' title='bbox 2964 4403 3082 4469; x_wconf 80' lang='lat' dir='ltr'>per</span> <span class='ocrx_word' id='word_1_400' title='bbox 3111 4388 3364 4446; x_wconf 86' lang='lat' dir='ltr'>actum.</span> 
     </span>
    </p>
   </div>
   <div class='ocr_carea' id='block_1_16' title="bbox 692 4894 3889 5133">
    <p class='ocr_par' dir='ltr' id='par_1_22' title="bbox 692 4894 3889 5133">
     <span class='ocr_line' id='line_1_71' title="bbox 692 4894 3889 5001; baseline -0.001 -29"><span class='ocrx_word' id='word_1_401' title='bbox 692 4902 780 4973; x_wconf 77' lang='lat' dir='ltr'>(J.</span> <span class='ocrx_word' id='word_1_402' title='bbox 848 4894 1243 4990; x_wconf 68' lang='lat' dir='ltr'>Quomodo</span> <span class='ocrx_word' id='word_1_403' title='bbox 1324 4898 1901 5001; x_wconf 76' lang='lat' dir='ltr'>inlelliqendum</span> <span class='ocrx_word' id='word_1_404' title='bbox 1966 4902 2088 4997; x_wconf 76' lang='lat' dir='ltr'>sit,</span> <span class='ocrx_word' id='word_1_405' title='bbox 2138 4899 2416 4976; x_wconf 59' lang='lat' dir='ltr'>‘Filius</span> <span class='ocrx_word' id='word_1_406' title='bbox 2481 4899 2728 4991; x_wconf 76' lang='lat' dir='ltr'>habet,</span> <span class='ocrx_word' id='word_1_407' title='bbox 2791 4898 2918 4975; x_wconf 80' lang='lat' dir='ltr'>vel</span> <span class='ocrx_word' id='word_1_408' title='bbox 2959 4922 3111 4974; x_wconf 78' lang='lat' dir='ltr'>non</span> <span class='ocrx_word' id='word_1_409' title='bbox 3181 4896 3408 4974; x_wconf 78' lang='lat' dir='ltr'>habet</span> <span class='ocrx_word' id='word_1_410' title='bbox 3460 4895 3889 4996; x_wconf 75' lang='lat' dir='ltr'>potentiam</span> 
     </span>
     <span class='ocr_line' id='line_1_72' title="bbox 2048 5035 2528 5133; baseline -0.006 -22"><span class='ocrx_word' id='word_1_411' title='bbox 2048 5035 2528 5133; x_wconf 76' lang='lat' dir='ltr'>qenerandi‘?</span> 
     </span>
    </p>
   </div>
   <div class='ocr_carea' id='block_1_17' title="bbox 690 5405 3890 5779">
    <p class='ocr_par' dir='ltr' id='par_1_23' title="bbox 690 5405 3890 5779">
     <span class='ocr_line' id='line_1_73' title="bbox 786 5405 3888 5509; baseline 0 -30"><span class='ocrx_word' id='word_1_412' title='bbox 786 5405 899 5482; x_wconf 85' lang='lat' dir='ltr'>Ita</span> <span class='ocrx_word' id='word_1_413' title='bbox 974 5408 1203 5483; x_wconf 80' lang='lat' dir='ltr'>ctiam</span> <span class='ocrx_word' id='word_1_414' title='bbox 1281 5434 1454 5484; x_wconf 73' lang='lat' dir='ltr'>cuin</span> <span class='ocrx_word' id='word_1_415' title='bbox 1524 5409 1828 5503; x_wconf 84' lang='lat' dir='ltr'>dicitur,</span> <span class='ocrx_word' id='word_1_416' title='bbox 1899 5409 2134 5484; x_wconf 86' lang='lat' dir='ltr'>Filius</span> <span class='ocrx_word' id='word_1_417' title='bbox 2190 5432 2342 5484; x_wconf 88' lang='lat' dir='ltr'>non</span> <span class='ocrx_word' id='word_1_418' title='bbox 2412 5408 2645 5484; x_wconf 86' lang='lat' dir='ltr'>habet</span> <span class='ocrx_word' id='word_1_419' title='bbox 2701 5408 3119 5509; x_wconf 82' lang='lat' dir='ltr'>potentiam</span> <span class='ocrx_word' id='word_1_420' title='bbox 3186 5408 3610 5505; x_wconf 83' lang='lat' dir='ltr'>generandi</span> <span class='ocrx_word' id='word_1_421' title='bbox 3655 5431 3888 5507; x_wconf 85' lang='lat' dir='ltr'>quam</span> 
     </span>
     <span class='ocr_line' id='line_1_74' title="bbox 691 5540 3890 5644; baseline 0.001 -30"><span class='ocrx_word' id='word_1_422' title='bbox 691 5540 920 5617; x_wconf 81' lang='lat' dir='ltr'>Pater</span> <span class='ocrx_word' id='word_1_423' title='bbox 957 5543 1214 5634; x_wconf 85' lang='lat' dir='ltr'>habet,</span> <span class='ocrx_word' id='word_1_424' title='bbox 1260 5544 1669 5643; x_wconf 87' lang='lat' dir='ltr'>dupliciter</span> <span class='ocrx_word' id='word_1_425' title='bbox 1710 5544 2025 5642; x_wconf 81' lang='lat' dir='ltr'>intelligi</span> <span class='ocrx_word' id='word_1_426' title='bbox 2069 5553 2335 5644; x_wconf 80' lang='lat' dir='ltr'>potest.</span> <span class='ocrx_word' id='word_1_427' title='bbox 2383 5544 2462 5620; x_wconf 84' lang='lat' dir='ltr'>Si</span> <span class='ocrx_word' id='word_1_428' title='bbox 2504 5543 2710 5619; x_wconf 85' lang='lat' dir='ltr'>enim</span> <span class='ocrx_word' id='word_1_429' title='bbox 2752 5544 3077 5635; x_wconf 81' lang='lat' dir='ltr'>dicatur,</span> <span class='ocrx_word' id='word_1_430' title='bbox 3125 5544 3367 5619; x_wconf 84' lang='lat' dir='ltr'>Filius</span> <span class='ocrx_word' id='word_1_431' title='bbox 3409 5568 3562 5618; x_wconf 89' lang='lat' dir='ltr'>non</span> <span class='ocrx_word' id='word_1_432' title='bbox 3658 5543 3890 5617; x_wconf 81' lang='lat' dir='ltr'>habet</span> 
     </span>
     <span class='ocr_line' id='line_1_75' title="bbox 690 5678 3888 5779; baseline 0.001 -30"><span class='ocrx_word' id='word_1_433' title='bbox 690 5678 1107 5773; x_wconf 77' lang='lat' dir='ltr'>potentiam</span> <span class='ocrx_word' id='word_1_434' title='bbox 1141 5679 1826 5778; x_wconf 83' lang='lat' dir='ltr'>generandiquam</span> <span class='ocrx_word' id='word_1_435' title='bbox 1868 5690 1943 5755; x_wconf 88' lang='lat' dir='ltr'>et</span> <span class='ocrx_word' id='word_1_436' title='bbox 1974 5680 2220 5773; x_wconf 83' lang='lat' dir='ltr'>Pater,</span> <span class='ocrx_word' id='word_1_437' title='bbox 2263 5679 2552 5755; x_wconf 84' lang='lat' dir='ltr'>scilicet</span> <span class='ocrx_word' id='word_1_438' title='bbox 2597 5702 2752 5777; x_wconf 86' lang='lat' dir='ltr'>qua</span> <span class='ocrx_word' id='word_1_439' title='bbox 2827 5689 3102 5779; x_wconf 87' lang='lat' dir='ltr'>potens</span> <span class='ocrx_word' id='word_1_440' title='bbox 3169 5680 3261 5755; x_wconf 81' lang='lat' dir='ltr'>sit</span> <span class='ocrx_word' id='word_1_441' title='bbox 3341 5680 3435 5755; x_wconf 88' lang='lat' dir='ltr'>ad</span> <span class='ocrx_word' id='word_1_442' title='bbox 3513 5698 3888 5777; x_wconf 83' lang='lat' dir='ltr'>generan-</span> 
     </span>
    </p>
   </div>
   <div class='ocr_carea' id='block_1_18' title="bbox 4001 1491 4153 1537">
    <p class='ocr_par' dir='ltr' id='par_1_24' title="bbox 4001 1491 4153 1537">
     <span class='ocr_line' id='line_1_76' title="bbox 4001 1491 4153 1537; baseline 0.013 -2"><span class='ocrx_word' id='word_1_443' title='bbox 4001 1491 4083 1535; x_wconf 75' lang='lat' dir='ltr'>Ad</span> <span class='ocrx_word' id='word_1_444' title='bbox 4115 1491 4153 1537; x_wconf 84' lang='grc'>1.</span> 
     </span>
    </p>
   </div>
   <div class='ocr_carea' id='block_1_19' title="bbox 4018 2351 4159 2397">
    <p class='ocr_par' dir='ltr' id='par_1_25' title="bbox 4018 2351 4159 2397">
     <span class='ocr_line' id='line_1_77' title="bbox 4018 2351 4159 2397; baseline 0.007 -1"><span class='ocrx_word' id='word_1_445' title='bbox 4018 2351 4097 2396; x_wconf 69' lang='lat' dir='ltr'>Ad</span> <span class='ocrx_word' id='word_1_446' title='bbox 4118 2352 4159 2397; x_wconf 72' lang='lat'>2.</span> 
     </span>
    </p>
   </div>
   <div class='ocr_carea' id='block_1_20' title="bbox 3994 3771 4154 3817">
    <p class='ocr_par' dir='ltr' id='par_1_26' title="bbox 3994 3771 4154 3817">
     <span class='ocr_line' id='line_1_78' title="bbox 3994 3771 4154 3817; baseline -0.031 0"><span class='ocrx_word' id='word_1_447' title='bbox 3994 3771 4073 3817; x_wconf 73' lang='lat' dir='ltr'>Ad</span> <span class='ocrx_word' id='word_1_448' title='bbox 4115 3771 4154 3813; x_wconf 76' lang='grc'>3.</span> 
     </span>
    </p>
   </div>
  </div>
 </body>
</html>
