4897 6388
893 4045 1096 4091 Solonio.

899 4989 971 5032 Ad
1002 4990 1039 5036 l.

1982 352 2072 418 IN
2121 350 2151 416 Ι
2202 347 2626 416 SENTENT.
2678 346 2906 415 DIST.
2958 350 3113 431 Vll,
3168 351 3246 430 B,
3296 354 3496 423 ΛΒΤ.
3549 359 3616 425 5.

1199 530 1611 620 quibusdam
1643 527 2025 602 destructis,
2060 525 2129 590 in
2160 519 2389 588 multis
2427 526 2739 587 maneat:

1192 636 1303 704 vel
1335 660 1419 705 ex
1447 659 1529 704 eo
1563 634 1748 726 quod
1789 633 1983 699 multi
2022 638 2181 698 sunt
2209 636 2395 696 actus
2423 627 2533 695 vel
2590 648 2746 693 mo-

1191 755 1301 814 tus
1333 766 1510 835 quos
1530 742 1805 832 explere
1826 742 2059 830 paucis
2080 760 2218 805 non
2237 743 2483 826 potest.
2511 733 2743 802 Primo

1190 860 1259 919 et
1316 848 1618 919 secundo
1676 848 1883 915 modo
1943 855 2042 914 est
2097 846 2167 911 in
2217 841 2633 918 hominibuS,
2680 850 2746 907 et

1189 957 1341 1026 aliis
1407 954 1918 1047 generabilibus
2010 962 2077 1020 et
2164 946 2740 1038 corruptibilibus·

1183 1063 1415 1131 Tertio
1485 1063 1694 1130 modo
1755 1069 1855 1130 est
1904 1064 1971 1127 in
2030 1057 2310 1148 Angelis
2385 1065 2453 1122 et
2505 1054 2741 1123 stellis·

1188 1150 1471 1239 Constat
1503 1178 1761 1248 autem,
1792 1166 1976 1259 quod
2015 1163 2201 1233 nullo
2234 1166 2519 1231 istorum
2584 1184 2745 1228 mo-

1186 1278 1439 1346 dorum
1481 1277 1961 1368 multiplicatio
1994 1280 2213 1365 potest
2242 1294 2388 1340 esse
2439 1272 2509 1337 in
2565 1270 2745 1337 divi-

1187 1386 1320 1451 nis.
1368 1384 1646 1452 Primus
1687 1385 1871 1450 enim
1905 1392 1969 1449 et
2013 1378 2348 1449 secundus
2409 1385 2570 1445 sunt
2624 1399 2747 1467 per

1186 1492 1498 1560 materiae
1529 1498 1757 1579 partes
1790 1512 1938 1580 quae
1974 1490 2041 1555 in
2068 1486 2213 1555 Deo
2240 1507 2379 1553 non
2419 1493 2542 1551 est.
2576 1484 2744 1551 Ter-

1179 1586 1317 1668 tius
1358 1609 1590 1669 autem
1662 1608 1766 1667 est
1829 1607 2105 1691 propter
2160 1593 2741 1685 imperfectionem

1179 1709 1446 1800 agentis
1479 1717 1547 1777 et
1577 1709 1917 1777 moventis
1950 1705 2130 1797 quod
2166 1726 2306 1771 non
2332 1710 2554 1794 potest
2601 1725 2740 1770 uno

1180 1823 1448 1884 motore
1478 1814 1749 1883 diversa
1787 1834 2103 1882 causare:
2147 1831 2308 1901 ergo
2355 1809 2510 1876 talis
2555 1807 2740 1875 mul-

1179 1922 1512 2013 tiplicatio
1546 1924 2060 2013 suppositorum
2091 1941 2231 1988 non
2258 1925 2360 1986 est
2391 1918 2460 1983 in
2501 1927 2742 1983 natura

1177 2013 1447 2100 divina:
1495 2053 1660 2122 ergo
1693 2053 1831 2098 non
1863 2030 1986 2098 erit
2026 2028 2153 2096 nisi
2184 2048 2392 2118 penes
2439 2026 2738 2115 speciem

1176 2138 1673 2228 proprietatum
1705 2135 2029 2226 originis:
2099 2140 2164 2199 et
2215 2133 2371 2202 inde
2437 2134 2741 2226 sequitur

1177 2254 1253 2312 ut
1283 2245 1498 2335 prius.
2381 2233 2389 2242 ⁴

1265 2350 1467 2428 Item,
1526 2348 1917 2418 Intellectus
1986 2348 2268 2416 dicentis
2331 2348 2737 2416 intrinsecus

1179 2458 1352 2527 bene
1427 2467 1531 2527 est
1598 2457 1973 2528 secundum
2037 2459 2143 2525 sui
2216 2465 2530 2525 naturam
2603 2455 2734 2524 sibi

1179 2567 1483 2658 proferre
1541 2566 1872 2635 verbum:
1944 2565 2062 2634 sed
2104 2587 2238 2632 non
2294 2572 2518 2655 potest
2574 2564 2734 2632 talia

1178 2674 1316 2743 duo
1357 2673 1662 2765 proferre
1701 2673 1937 2757 verba,
1979 2695 2100 2740 nec
2157 2695 2370 2738 unum
2448 2669 2733 2739 verbum

1175 2781 1434 2873 profert
1462 2781 1648 2849 aliud
1686 2780 2013 2847 verbum:
2068 2802 2222 2846 cum
2287 2779 2498 2869 igitur
2541 2800 2736 2845 sum-

1178 2914 1334 2960 mus
1366 2892 1646 2984 spiritus
1693 2913 1820 2981 per
1873 2888 2053 2958 hunc
2109 2888 2391 2956 modum
2456 2895 2735 2980 generet

1176 3000 1493 3077 verbum,
1555 3020 1676 3067 nec
1746 3004 1965 3088 potest
1995 2995 2290 3086 proferre
2328 2993 2466 3063 duo
2496 2993 2727 3073 verba,

1178 3129 1304 3174 nec
1333 3104 1627 3174 verbum
1694 3102 2019 3196 producet
2082 3100 2263 3170 aliud
2301 3101 2628 3171 verbum:
2663 3110 2730 3171 et

1179 3215 1272 3280 ita
1340 3234 1481 3279 non
1539 3213 1667 3279 erit
1730 3211 1860 3279 nisi
1928 3231 2102 3277 unus
2174 3218 2364 3299 pater
2418 3216 2484 3276 et
2551 3231 2728 3277 unus

1178 3318 1386 3386 filius.

1270 3426 1668 3510 Fassuram,
1714 3426 1818 3494 Ad
1858 3424 2544 3494 communicationem
2601 3446 2730 3492 na-

1178 3544 1347 3603 turoe
1404 3542 1472 3603 et
1529 3535 1873 3603 societatis
1928 3530 2423 3622 jucunditatem
2483 3530 2732 3599 suflicit

1177 3666 1400 3713 unus:
1434 3666 1600 3735 ergo
1631 3643 1746 3711 alii
1778 3643 2038 3711 etiamsi
2087 3642 2393 3731 generari
2423 3648 2724 3731 possent,

1176 3753 1702 3844 superfluerent.

1272 3965 1585 4032 Somno.
1643 3963 1793 4030 istis
1857 3961 2113 4030 ultimis
2160 3961 2534 4030 rationibus
2563 3982 2735 4030 con-

1182 4070 1614 4140 sentiendum
1647 4078 1773 4147 est.
1808 4068 2090 4137 dicendo
2122 4068 2300 4160 quod
2334 4091 2472 4135 non
2510 4076 2734 4158 potest

1180 4203 1326 4248 esse
1368 4179 1500 4247 nisi
1533 4200 1710 4244 unus
1741 4176 1922 4245 Deus
1944 4176 2164 4255 Pater,
2188 4186 2250 4243 et
2273 4198 2452 4243 unus
2475 4175 2681 4242 Filius
2710 4197 2726 4241 ε

1175 4288 1336 4380 quia
1371 4285 1505 4353 illae
1547 4307 1789 4352 omnes
1830 4281 2241 4352 concludunt
2283 4281 2367 4349 de
2426 4283 2731 4349 necessi-

1175 4404 1334 4463 tate.
1376 4392 1561 4460 Licet
1628 4392 1815 4459 enim
1883 4390 2121 4458 ultima
2157 4391 2327 4458 ratio
2366 4391 2452 4458 sit
2492 4389 2596 4457 vel
2629 4392 2731 4458 vi-

1172 4499 1414 4567 deatur
1452 4519 1600 4566 esse
1638 4497 2153 4580 convenientiae,
2214 4497 2267 4561 si
2302 4504 2527 4563 tamen
2559 4518 2731 4564 con-

1163 4607 1480 4698 jungitur
1517 4605 1578 4672 ei
1620 4605 1793 4671 ratio
1862 4600 2191 4679 Anselmi‚
2244 4604 2366 4670 erit
2419 4625 2727 4670 necessa-

1175 4717 1298 4797 ria,
1333 4713 1590 4782 scilicet
1620 4710 1804 4803 quod
1835 4708 2179 4801 quodlibet
2209 4712 2570 4778 minimum
2624 4709 2728 4777 in-

1172 4820 1591 4889 conveniens
1630 4819 1699 4886 in
1732 4817 1878 4885 lleo
1909 4825 2008 4885 est
2040 4816 2481 4907 impossibile.

1263 4928 1614 4995 Diei-:snitu
1656 4949 1818 5015 ergo
1860 4924 1943 4992 ad
1984 4926 2304 5015 primum,
2371 4924 2554 5014 quod
2619 4948 2730 4993 ea·

1174 5034 1329 5102 dem
1363 5035 1670 5124 potentia
1728 5042 1830 5101 est
1869 5034 1935 5099 in
1996 5030 2161 5098 Filio
2216 5053 2366 5123 quae
2397 5034 2463 5099 in
2500 5032 2724 5117 Patre,

1172 5141 1294 5210 sed
1325 5163 1464 5208 non
1498 5141 1583 5209 ad
1625 5139 1831 5220 idem,
1875 5148 1948 5205 ut
1980 5137 2169 5205 facile
2210 5146 2392 5227 patet
2419 5162 2503 5207 ex
2549 5163 2729 5230 prae-

1172 5251 1410 5318 dictis:
1478 5272 1601 5316 nec
1679 5271 1763 5315 ex
1833 5244 1958 5313 boc
2016 5255 2109 5314 est
2172 5246 2587 5337 imperfectio
2656 5249 2725 5313 in
2779 5236 2791 5247 ⁸

1173 5354 1345 5423 Filio
1376 5351 1562 5445 quod
1602 5375 1741 5420 non
1772 5352 2022 5443 profert
2050 5350 2257 5418 alium
2300 5350 2572 5428 Filium,
2607 5350 2722 5418 sed

1169 5465 1399 5555 potius
1428 5462 1781 5552 perfecti0‚
1816 5484 1967 5528 cum
2025 5462 2165 5550 ipse
2233 5459 2321 5525 ita
2380 5459 2726 5527 contineat

1242 5705 1259 5738 ¹
1292 5698 1378 5756 Cf.
1413 5695 1593 5758 Infra,
1623 5691 1760 5749 dist.
1795 5689 1889 5746 IX.

4270 358 4446 424 213.

2850 527 3070 588 totum
3138 545 3282 590 esse
3361 523 3534 607 Filii,
3604 526 3787 615 quod
3846 529 3902 595 si
3964 527 4137 596 alius
4194 536 4396 606 esset,

2848 628 3037 696 nullo
3068 629 3269 698 modo
3310 630 3543 700 differe
3581 643 3810 722 posset
3845 636 3930 702 ab
3962 637 4136 725 ipso,

2937 738 3041 805 An
3088 761 3284 805 Auno
3327 739 3686 829 respondet
3714 742 3889 809 infra
3918 742 4242 834 Magister
4283 742 4395 808 di-

2849 866 3005 911 cens
3032 866 3092 911 :et
3120 844 3274 911 Non
3305 848 3487 912 enim
3519 869 3657 914 non
3686 848 3975 936 potuita»
4004 848 4074 915 id
4093 856 4216 925 est,
4252 870 4391 915 non

2849 973 2933 1019 ex
2972 950 3101 1019 hoc
3132 953 3468 1042 impotens
3513 953 3684 1023 fuit:
3724 955 3908 1046 quod
3956 964 4188 1024 autem
4247 955 4396 1022 Au-

2847 1060 3158 1148 gustinus
3176 1059 3358 1139 dicit,
3372 1083 3550 1128 «non
3568 1065 3890 1152 oportuit,
3903 1089 3937 1127 n
3955 1065 4393 1153 conjunctum

2848 1166 3025 1234 dicto
3083 1168 3417 1248 Anselmi‚
3468 1169 3627 1237 facit
3705 1172 4323 1261 impossibilitatem
4373 1197 4386 1240 :

2846 1275 2902 1342 si
2941 1277 3123 1343 enim
3164 1299 3302 1344 non
3335 1279 3657 1367 oportuit,
3703 1281 4191 1350 inconveniens
4222 1284 4386 1351 fuit:

2846 1404 3007 1471 ergo
3037 1382 3182 1450 Deo
3215 1385 3672 1473 impossibile:
3717 1389 3773 1453 si
3814 1410 3976 1478 ergo
4016 1411 4273 1456 vanum
4326 1398 4394 1458 et

2845 1490 3091 1559 frustra
3143 1501 3580 1562 removentur
3634 1518 3675 1563 a
3752 1505 3997 1565 natura
4057 1497 4387 1582 inferiori,

2847 1598 3062 1666 multo
3103 1603 3321 1692 magis
3358 1624 3398 1668 a
3425 1610 3666 1670 natura
3714 1605 4072 1694 superiori.

2931 1706 3036 1774 An
3083 1730 3278 1774 amun
3309 1708 3692 1795 dicendum,
3729 1710 3915 1802 quod
3952 1713 4097 1803 ipse
4127 1714 4196 1781 in
4227 1736 4392 1803 pro·
4513 1735 4589 1780 Αιε
4621 1735 4665 1781 ³.

2844 1813 3127 1903 prietate
3180 1814 3402 1883 Patris
3444 1838 3584 1883 non
3638 1818 3862 1909 potuit
3909 1841 4056 1887 esse
4105 1820 4384 1912 imago:

2846 1917 3007 2011 quia
3035 1923 3131 1989 sic
3157 1931 3449 1990 cessaret
3488 1924 3657 1992 ratio
3696 1924 3947 2024 Patris2
3989 1949 4144 1994 cum
4184 1926 4391 1995 Pater

2845 2036 2911 2096 et
2951 2028 3129 2096 filius
3159 2052 3284 2098 nec
3314 2031 3608 2100 essentia
3648 2053 3774 2100 nec
3803 2033 4215 2124 proprietate
4251 2033 4389 2101 dif-

2841 2134 3131 2203 ferrent:
3179 2136 3358 2205 unde
3406 2138 3635 2230 imago
3692 2137 4068 2207 secundum
4118 2142 4224 2208 sui
4278 2163 4390 2208 ra-

2841 2243 3097 2310 tionem
3130 2265 3397 2330 semper
3434 2243 3655 2312 salvat
3675 2246 3745 2312 in
3774 2245 4007 2337 aliquo
4048 2248 4384 2315 rationem

2842 2347 3318 2428 distinctionis,
3378 2351 3450 2418 in
3507 2373 3644 2442 quo
3701 2374 3826 2421 nec
3884 2355 4208 2421 convenit
4261 2376 4387 2423 nec

2841 2460 3206 2527 convenire
3225 2467 3449 2548 potest
3470 2483 3623 2529 cum
3641 2484 3723 2529 eo
3753 2462 3947 2550 cujus
3976 2472 4080 2531 est
4108 2465 4336 2554 imago
4366 2487 4382 2531 :

2842 2589 2961 2657 per
2997 2564 3130 2634 hoc
3169 2568 3390 2657 ipsum
3430 2568 3614 2636 enim
3647 2568 3831 2659 quod
3861 2570 4090 2661 imago
4131 2579 4255 2649 est,
4300 2570 4384 2638 ab

2838 2673 2974 2742 alio
3015 2683 3140 2755 est,
3182 2675 3301 2744 sed
3336 2675 3469 2746 hoc
3507 2699 3646 2744 non
3675 2685 3777 2745 est
3815 2677 3883 2744 in
3948 2678 4180 2771 aliquo
4236 2702 4384 2749 esse

2839 2781 3264 2863 dissimilem,
3317 2783 3435 2852 sed
3483 2785 3709 2875 potius
3739 2785 3808 2852 in
3848 2807 3928 2854 eo
3992 2786 4177 2879 quod
4242 2811 4381 2856 non

2839 2897 2941 2958 est
2971 2889 3254 2982 aliquid,
3287 2890 3407 2959 sed
3437 2890 3522 2959 ad
3558 2890 3841 2982 aliquid.
3940 2956 3943 2960 .

4530 768 4602 811 Ad
4630 767 4672 812 2.

2925 3206 3029 3273 An
3079 3228 3141 3273 ιο
3181 3206 3363 3298 quod
3405 3206 3687 3276 ulterius
3737 3211 4083 3299 quaeritur‚
4129 3210 4370 3281 Utrum
4424 3243 4504 3288 Aa
4533 3246 4706 3300 quest.

2835 3314 3129 3402 potuerit
3186 3313 3553 3403 producere
3616 3314 3838 3406 plures
3896 3316 4136 3386 filios?
4190 3328 4373 3410 patet
4476 3322 4558 3370 Μ
4591 3325 4629 3369 ¹·

2837 3443 2957 3511 per
2986 3420 3325 3511 praedic-ta,
3356 3420 3540 3512 quod
3570 3444 3709 3490 non
3738 3442 3755 3492 :
3780 3424 3941 3515 quia
3973 3423 4070 3492 illi
4091 3424 4209 3494 filii
4250 3450 4378 3495 nec

2839 3530 3155 3612 essentia,
3200 3552 3323 3599 nec
3376 3531 3789 3621 proprietate
3848 3531 4248 3602 differrent:
4313 3544 4382 3603 et

2836 3638 3032 3706 sicin
3065 3637 3384 3705 omnibus
3422 3638 3599 3707 idem
3628 3648 3880 3719 essent,
3930 3649 3997 3709 et
4038 3663 4175 3710 non
4224 3643 4384 3734 plu-

2839 3768 2944 3812 res
2979 3767 2994 3812 :
3031 3752 3096 3812 et
3137 3744 3285 3812 ideo
3317 3767 3455 3814 non
3494 3754 3596 3814 est
3631 3746 3852 3815 simile
3907 3746 3990 3816 de
4028 3757 4218 3838 patre
4276 3751 4382 3817 in-

2836 3851 3091 3930 feriori,
3127 3854 3195 3919 in
3226 3874 3364 3941 quo
3392 3852 3622 3943 plures
3670 3853 3788 3921 filii
3839 3876 3962 3945 per
4023 3857 4378 3925 materiam

2838 3959 3374 4049 distinguuntur,
3416 3967 3482 4026 et
3520 3982 3642 4051 per
3661 3958 3953 4028 formam
4005 3961 4381 4031 secundum

2837 4087 2982 4133 esse
3013 4064 3196 4155 quod
3235 4063 3483 4132 liabent
3517 4065 3584 4132 in
3616 4064 3742 4133 hac
3773 4068 4083 4136 materia.

2926 4175 3031 4241 An
3068 4196 3264 4242 Λιιιτι)
3333 4174 3721 4254 dic-endum,
3811 4174 3997 4267 quod
4075 4179 4380 4268 potentia
4485 4212 4555 4257 Μ
4585 4215 4631 4263 2,

2836 4282 3201 4373 generandi
3246 4305 3381 4350 non
3423 4282 3646 4352 deficit
3686 4284 3755 4351 in
3812 4284 4038 4366 Patre,
4087 4308 4211 4354 nec
4274 4295 4377 4355 est

2837 4393 2966 4461 hoc
2997 4392 3247 4483 aliquid
3282 4415 3610 4485 quaerere,
3649 4392 3889 4462 Utrum
3922 4394 4146 4463 delicit
4175 4398 4380 4465 etiam

2836 4500 3068 4590 genito
3110 4499 3160 4566 1³
3165 4498 3303 4576 ilio,
3347 4507 3698 4591 tamquam
3729 4499 3880 4568 Filii
3909 4505 4258 4592 generatio
4297 4505 4384 4572 sit

2839 4608 3176 4696 praeterita
3201 4606 3238 4673 ⁰?
3256 4608 3416 4697 quia
3448 4607 3514 4673 in
3535 4608 3909 4675 aeternitate
3930 4617 3997 4677 et
4029 4611 4096 4676 in
4125 4620 4380 4680 aeterno

2838 4712 3007 4782 nihil
3045 4714 3393 4805 praeteriit‚
3427 4722 3493 4782 et
3529 4714 3699 4783 nihil
3758 4714 4074 4794 advenit:
4109 4726 4174 4786 et
4228 4718 4378 4787 ideo

2841 4823 3048 4891 Filius
3076 4846 3201 4892 nec
3230 4834 3386 4891 ante
3425 4847 3547 4892 nec
3586 4834 3740 4915 post
3769 4826 4233 4915 generationis
4262 4851 4382 4919 po·

2837 4933 3121 5001 tentiam
3152 4940 3278 5011 est,
3320 4930 3439 4999 sed
3477 4933 3549 4998 in
3605 4955 3784 5001 nunc
3831 4942 4049 5003 stante
4113 4958 4382 5027 semper

2839 5042 3107 5130 genitus
3146 5048 3268 5116 est,
3301 5048 3377 5107 ut
3423 5039 3596 5107 infra
3643 5038 4004 5110 habebitur
4036 5063 4080 5110 ι.
4121 5042 4381 5112 Dicitur

2838 5148 3019 5215 enim
3051 5169 3319 5237 semper
3347 5149 3618 5238 genitus
3636 5171 3668 5243 ‚²
3690 5170 3828 5215 non
3860 5152 4022 5241 quia
4060 5152 4383 5241 praeteriit

2839 5256 3182 5345 generatio
3223 5255 3393 5344 ejuS,
3447 5254 3566 5324 sed
3621 5257 3782 5347 quia
3827 5255 4125 5347 perfecta
4177 5267 4279 5327 est
4317 5269 4384 5329 et

2839 5385 3144 5453 semper:
3191 5362 3350 5453 quia
3406 5385 3784 5453 numquam
3833 5363 4058 5434 deficit
4088 5366 4160 5434 in
4199 5390 4382 5436 nunc

2839 5478 3058 5537 stante
3097 5471 3531 5538 aeternitatis:
3567 5469 3745 5538 unde
3777 5471 3891 5540 illa
3914 5473 4206 5562 objectio
4227 5496 4382 5565 pro-
