4897 6388
1834 190 1928 258 lN
1975 190 2004 257 1
2058 188 2483 259 SENTENT.
2539 187 2914 271 1215‘1'1211,
2965 191 3037 271 c,
3093 150 3292 261 m.
3353 188 3497 264 102
4065 164 4069 168 ’
4168 186 4254 254 63

4344 294 4375 314 Ι

2699 361 2816 450 qui
2874 380 3014 426 non
3071 346 3295 428 credit*
3332 350 3515 437 fidei,
3587 382 3724 428 non
3790 358 3997 427 credit
4050 360 4255 428 etiam
4342 364 4350 370 “

2698 466 3085 534 auctoritati
3156 487 3172 535 ε
3239 488 3403 558 ergo
3465 467 3687 557 primo
3753 465 4088 554 agendum
4156 474 4257 534 est

2699 594 2931 642 secum
2980 575 3387 653 rationibus,
3451 596 3656 665 quam
3715 572 4249 641 auctoritatibus.

1480 682 1978 756 ARTICULUS
2047 680 2137 750 X.
4140 777 4144 781 1

2793 781 3101 852 Somno.
3135 782 3288 853 Hoc
3307 807 3548 853 verum
3591 793 3692 854 est
3750 786 3834 853 ad
3881 784 4248 861 infidelem,
4334 805 4532 851 Solutio.

1041 906 1148 972 An
1194 905 1264 970 in
1320 903 1451 971 lzac
1486 903 1768 970 scientia
1812 899 1902 967 sit
1934 897 2160 987 primo
2217 891 2588 986 proceden-
2701 889 2820 957 sed
2858 889 3184 981 Magister
3219 893 3512 962 intendit
3538 892 3668 962 hoc
3705 894 3922 962 dicere
3970 892 4054 961 ad
4085 892 4255 960 fide-

1374 1011 1540 1078 dum
1582 1031 1707 1099 per
1750 1000 2248 1073 auctoritates?
2701 993 2849 1065 les:
2895 1006 2963 1065 et
3014 999 3171 1068 ideo
3230 1024 3388 1069 cum
3438 1001 3601 1069 fides
3668 1002 3736 1068 in
3793 1001 3916 1069 hac
3979 1001 4259 1069 scientia

2700 1106 3035 1194 praecedat
3097 1108 3519 1178 intellectum
3594 1110 3697 1200 (ut
3759 1107 4063 1177 habitum
4131 1112 4256 1199 est)

2701 1215 2889 1302 prius
2936 1222 3037 1284 est
3091 1216 3600 1306 procedendum
3639 1240 3758 1307 per
3803 1218 4256 1298 auctoritates,

1123 1327 1385 1395 Deinde
1435 1327 1760 1417 quaeritur
1804 1326 1887 1394 de
1954 1323 2084 1392 hoc
2146 1320 2330 1414 quod
2372 1320 2590 1389 habe·
2706 1344 2912 1413 quam
2980 1346 3104 1414 per
3170 1326 3495 1393 rationes.
3570 1324 3762 1393 Unde
3837 1326 4259 1416 Augustinus

1035 1445 1145 1503 tur
1199 1434 1271 1500 in
1313 1433 1513 1501 tertio
1562 1430 1881 1524 capitulo,
1935 1430 2050 1498 ubi
2091 1429 2254 1498 dicit
2298 1429 2583 1510 Auctor,
2707 1438 2775 1498 et
2831 1429 3222 1499 Bernardus
3280 1432 3539 1512 dicunt,
3601 1431 3784 1523 quod
3843 1431 4108 1501 credere
4138 1430 4263 1500 de-

1025 1541 1217 1632 quod
1259 1566 1291 1607 α
1324 1541 1695 1610 secundum
1726 1539 2163 1607 auctoritates
2187 1545 2588 1621 sanctarum
2708 1539 2951 1610 bemus
2988 1543 3401 1627 auctoritati,
3453 1542 3638 1634 quod
3670 1540 4106 1632 intelligimus
4145 1563 4261 1608 ra-

1030 1652 1577 1743 Scripturarum,
1604 1660 1729 1719 etc.
1761 1677 1794 1713 ι)
2709 1652 2907 1733 tioni,
2941 1651 3124 1744 quod
3149 1653 3516 1744 opinamur
3537 1654 3782 1720 errori.

1033 1808 1049 1816 -
1118 1757 1408 1827 Videtur
1462 1759 1645 1826 enim
1718 1779 1754 1824 e
1811 1778 2140 1825 converso
2200 1777 2373 1835 esse,
2428 1754 2591 1846 quia

1822 2312 1913 2387 D.
1958 2311 2424 2389 Testimonia
2457 2318 2906 2388 sanctorum
2939 2309 3034 2387 de
3065 2309 3472 2390 Trinitate.

1038 2675 1051 2683 ·
1129 2655 1666 2755 Proponamus
1706 2681 1889 2756 ergo
1930 2657 2005 2732 iu
2052 2656 2393 2733 medium
2443 2655 2750 2734 Veteris
2808 2680 2897 2732 ac
2946 2655 3148 2733 Novi
3196 2656 3667 2733 Testamenti
3730 2655 4247 2748 auctoritateS,

1030 2764 1315 2890 cluibus
1337 2791 1627 2871 divinae
1664 2793 1977 2870 unitatis
2006 2804 2236 2893 atque
2292 2792 2689 2870 Trinitatis
2742 2794 3029 2870 veritas
3099 2795 3678 2872 demonstretur
3725 2818 3866 2872 :ac
3919 2796 4255 2896 primurn

957 2957 971 2972 ·
1034 2931 1201 3030 ipsa
1269 2932 1463 3029 legis
1539 2931 1853 3008 exordia
1905 2944 2343 3023 occurrant,
2404 2931 2533 3008 ubi
2595 2932 2909 3032 Moyses
2975 2932 3083 3008 ait
3143 2960 3160 3006 :
3217 2933 3461 3028 Audi,
3523 2902 3825 3010 Israel:
3875 2934 4261 3009 Dominus

1041 3065 1255 3141 Deus
1314 3074 1516 3161 tuus,
1583 3067 1796 3143 Deus
1836 3093 2035 3144 unus
2064 3075 2174 3143 est
2204 3071 2249 3142 ⁸.
2295 3068 2517 3163 Item,
2553 3069 2726 3167 qu
2754 3092 2928 3143 sum
2958 3066 3352 3144 Dominus
3381 3068 3597 3145 Deus
3617 3075 3817 3165 tum,
3853 3070 3990 3169 qui
4026 3068 4267 3145 eduxi

1040 3208 1113 3277 te
1142 3197 1240 3278 a'e
1268 3211 1476 3278 terra
1508 3202 1852 3305 AEyypli
1891 3231 1918 3279 .·
1945 3229 2097 3280 non
2126 3209 2356 3280 erunt
2378 3201 2527 3280 tibi
2553 3202 2702 3278 alii
2726 3203 3160 3303 diipraeter
3196 3228 3320 3281 me
3358 3196 3408 3278 ¹.
3455 3205 3649 3281 Ecce
3697 3204 3818 3280 hic
3870 3203 4267 3305 significa·

1037 3344 1143 3419 vit
1188 3327 1556 3422 u'nitatem
1601 3346 1896 3426 divinae
1938 3358 2262 3424 naturae.
2300 3347 2515 3423 Deus
2581 3346 2791 3428 enim
2835 3358 2952 3440 (ut
2982 3345 3091 3423 ait
3126 3345 3589 3425 Ambrosius
3627 3346 3705 3422 in
3757 3348 4004 3447 primo
4072 3347 4267 3424 libro

1038 3479 1138 3555 de
1213 3478 1671 3571 Trinitatem
1718 3505 1997 3557 nomen
2032 3491 2147 3558 est
2203 3492 2506 3558 naturae
2570 3505 2587 3556 ε
2634 3480 3020 3557 Dominus
3086 3505 3273 3558 vero
3331 3505 3616 3560 nomen
3670 3493 3783 3558 est
3843 3483 4263 3583 potestatis„

1043 3614 1067 3688 1
1083 3625 1262 3708 tem,
1299 3615 1481 3691 alibi
1521 3617 1728 3705 Deus
1790 3619 2124 3717 loquens
2163 3616 2257 3693 ad
2299 3616 2627 3717 Moysen
2658 3616 2766 3693 ait
2803 3610 3040 3716 {qu
3086 3640 3259 3692 sum
3326 3617 3469 3718 qui
3506 3641 3678 3692 sum
3711 3614 3784 3694 ⁴:
3822 3627 3896 3694 et
3961 3617 4023 3694 si
4064 3640 4272 3716 quae·

1043 3751 1619 3829 sierintnom'en
1666 3776 1951 3839 meum,
1983 3747 2205 3846 vade,
2236 3762 2311 3828 et
2351 3751 2474 3827 dic
2543 3751 2709 3828 eis:
2753 3750 2908 3844 Qui
2969 3761 3105 3847 est,
3152 3752 3368 3828 misit
3421 3776 3545 3829 me
3579 3751 3685 3830 ad
3729 3777 3859 3830 eos
3886 3760 3934 3828 ⁸.
3987 3753 4270 3830 Dicens

1039 3888 1273 3974 enim,
1334 3887 1500 3985 Eyo
1538 3913 1707 3962 sum
1738 3915 1764 3962 .·
1810 3913 1993 3978 non,
2038 3886 2196 3963 Nos
2233 3911 2510 3963 sumus
2547 3910 2562 3961 :
2600 3897 2704 3981 et,
2746 3884 2902 3977 Qui
2931 3893 3068 3982 est,
3105 3877 3292 3982 non,
3328 3886 3479 3975 Qui
3520 3911 3819 3983 sumuS,
3876 3887 4273 3989 apertissi-

1043 4047 1162 4100 me
1202 4024 1627 4099 declaravit
1672 4049 1912 4100 unuin
1956 4026 2208 4100 solum
2251 4024 2500 4100 Deum
2563 4047 2762 4099 esse.
2811 4024 2896 4097 In
2939 4023 3256 4101 Cantico
3320 4025 3553 4100 etiam
3623 4026 3855 4100 Exodi
3928 4026 4206 4124 legitur
4250 4048 4268 4102 ε

1045 4158 1530 4236 Domina-3...
1578 4161 2059 4260 omnipotens
2089 4183 2366 4235 nomen
2414 4161 2583 4260 ejus
2621 4177 2645 4211 ⁶
2699 4182 2715 4233 ε
2763 4183 2920 4233 non
2977 4159 3112 4254 ait,
3167 4159 3509 4254 Domini,
3583 4160 3954 4238 unitatem
4004 4162 4275 4238 volens

1048 4296 1514 4392 siguificare.
1565 4297 2087 4372 Personarum
2130 4319 2443 4396 quoque
2513 4294 3034 4395 pluralitatem
3096 4307 3170 4372 et
3250 4305 3552 4371 naturae
3624 4296 3992 4375 unitatem
4043 4297 4272 4373 simul

1048 4433 1383 4509 ostendit
1418 4433 1798 4509 Dominus
1830 4432 1906 4507 iu
1935 4432 2243 4527 Genesi,
2294 4430 2562 4507 dicens
2614 4458 2631 4506 ε
2675 4430 3095 4506 Faciamus
3132 4431 3526 4507 hominem
3598 4432 3702 4507 ad
3741 4432 4151 4532 e'maqinem
4204 4438 4280 4509 et

1047 4568 1639 4643 similitudinem
1676 4576 2011 4644 nostram
2051 4593 2098 4641 τ.
2144 4567 2430 4644 Dicens
2461 4566 2699 4659 enim,
2743 4565 3188 4663 Faciamus,
3232 4578 3308 4643 et
3339 4574 3706 4660 nostram,
3760 4569 4276 4666 pluralitatem

1056 4921 1068 4932 ·
1127 4921 1143 4952 ⁸
1180 4915 1422 4989 Vulgata
1453 4916 1651 4981 habet.
1686 4916 1922 4971 Denter.
1961 4929 2034 4976 vt.
2065 4917 2132 4969 4:
2166 4915 2339 4979 Audi,
2373 4916 2547 4971 Israel
2574 4931 2588 4970 :
2622 4915 2887 4972 Dominus
2919 4914 3056 4972 Deus
3087 4923 3293 4985 noster,
3326 4917 3588 4973 Dominus
3619 4933 3760 4973 unus
3790 4926 3889 4974 est.

1124 5006 1146 5040 ¹
1179 5006 1424 5079 Vulgata
1454 5003 1653 5068 habet,
1688 5003 1870 5061 Exod.
1904 5021 2000 5064 xx.
2030 5006 2064 5059 2
2086 5010 2143 5060 et
2174 5010 2205 5059 3
2241 5021 2256 5060 :
2291 5007 2409 5077 1300
2436 5021 2554 5063 sum
2590 5002 2853 5062 Dominus
2884 5011 3027 5064 Deus
3064 5012 3213 5074 tuus,
3243 5009 3343 5078 qut
3372 5007 3543 5064 eduxi
3581 5014 3633 5065 te
3660 5008 3727 5064 de
3754 5016 3903 5067 terra
3931 5010 4182 5082 AEoypti,
4212 5009 4281 5067 dc

1055 5095 1217 5151 domo
1236 5096 1519 5150 servitutis
1576 5097 1691 5151 ,Yon
1715 5095 1935 5151 habebis
1964 5094 2088 5152 deos
2116 5094 2329 5154 alienos
2354 5112 2542 5153 coram
2575 5112 2678 5152 me.

1130 5190 1151 5223 ³
1184 5185 1307 5252 Vel,
1340 5185 1413 5242 de
1439 5186 1553 5242 ssde
1583 5185 1657 5242 ad
1686 5187 2053 5255 Gratianum,
2092 5203 2221 5259 cap.
2259 5190 2280 5241 1
2331 5193 2390 5242 et
2414 5188 2477 5244 2.

1132 5281 1153 5314 ⁴
1181 5276 1362 5335 Exod.
1399 5294 1481 5344 ιιι,
1521 5279 1605 5333 ¹4.

1135 5367 1160 5402 ⁸
1186 5367 1336 5425 lbid.

1138 5467 1162 5498 ‘⁵
1192 5464 1371 5523 Exod.
1406 5483 1498 5526 xv,
1523 5468 1580 5520 3.

1137 5552 1158 5586 ⁷
1190 5556 1400 5611 Genes.
1436 5572 1474 5610 ι,
1507 5557 1591 5608 26.
