4897 6388
2103 225 2273 304 1N1
2327 229 2753 302 SENTENT.
2809 223 3035 298 msr.
3092 224 3280 312 vm,
3335 232 3387 299 1.
4207 227 4337 299 267

1648 856 1704 930 I.
1756 851 1979 943 Quod
2002 876 2155 926 non.
2198 858 2309 926 est
2344 849 2648 948 aliquid
2673 848 2756 923 in
2789 848 2957 924 Deo
2990 848 3201 948 quod
3227 871 3383 922 non
3422 847 3525 921 sit
3559 846 3798 919 DeuS.

1213 1202 1464 1301 Hujus
1504 1211 1759 1277 autem
1800 1200 2155 1276 essentiae
2182 1199 2634 1298 simplicitas
2664 1221 2753 1273 ac
2795 1195 3202 1298 sinceritas
3243 1204 3457 1267 tanta
3487 1203 3626 1286 est,
3661 1192 3870 1290 quod
3904 1216 4057 1266 non
4093 1200 4209 1267 est
4249 1191 4325 1264 in

1112 1360 1204 1413 ea
1246 1335 1539 1435 aliquid
1567 1335 1772 1434 quod
1815 1355 1970 1409 non
2002 1334 2100 1409 sit
2130 1334 2297 1432 ipsa
2330 1356 2345 1408 :
2383 1333 2517 1409 sed
2557 1333 2763 1409 idem
2820 1340 2938 1407 est
2978 1331 3305 1416 hahens,
3343 1340 3417 1403 et
3455 1325 3660 1425 quod
3704 1327 4058 1404 habetur.
4108 1326 4329 1402 Unde

1113 1467 1456 1548 Hilarius
1524 1472 1601 1546 in
1656 1467 1851 1546 libro
1906 1465 2045 1544 VII
2103 1463 2196 1546 de
2255 1470 2629 1545 Trinitate
2668 1468 2775 1544 ait
2819 1492 2835 1543 :
2882 1468 3058 1542 Non
3101 1490 3198 1542 ex
3236 1465 3685 1564 compositis
3752 1465 3961 1540 Deus
4001 1464 4135 1562 qui
4175 1464 4335 1537 vita

1110 1620 1251 1704 est,
1296 1603 1645 1684 subsistit
1679 1630 1981 1707 :neque
2021 1603 2152 1706 qui
2208 1606 2450 1681 virtus
2490 1616 2632 1701 est,
2663 1629 2758 1682 ex
2798 1604 3133 1678 infirmis
3182 1602 3627 1678 continetur
3671 1626 3685 1676 ε
3733 1624 3985 1700 neque
4029 1600 4164 1698 qui
4193 1602 4326 1676 lux

1108 1759 1248 1840 est,
1281 1772 1375 1825 ex
1422 1749 1771 1825 obscuris
1813 1756 2211 1846 coaptatur
2254 1771 2269 1822 2
2308 1769 2560 1844 neque
2591 1745 2728 1844 qui
2787 1744 3109 1843 spiritus
3162 1751 3307 1837 est,
3351 1765 3446 1817 ex
3484 1741 3924 1842 disparibus
3982 1740 4324 1816 formalis

1106 1896 1270 1961 est:
1308 1893 1551 1961 totum
1595 1884 1797 1984 quod
1839 1883 1917 1958 in
1950 1907 2041 1960 eo
2072 1893 2208 1970 est,
2244 1902 2483 1958 unum
2518 1891 2657 1958 est.
2706 1882 2916 1956 Idem
2959 1881 3036 1953 in
3081 1879 3280 1954 libro
3312 1878 3487 1953 VIII
3520 1878 3613 1954 de
3661 1878 4033 1954 Trinitate
4078 1898 4095 1953 t
4139 1876 4314 1951 Non

1101 2027 1442 2103 humano
1496 2022 1719 2103 modo
1765 2051 1859 2103 ex
1897 2026 2339 2126 compositis
2376 2026 2589 2101 Deus
2628 2033 2771 2119 est,
2809 2033 2894 2098 ut
2934 2023 3010 2097 in
3046 2047 3138 2098 eo
3181 2022 3392 2097 aliud
3426 2022 3518 2096 sit
3553 2021 3754 2122 quod
3798 2022 3893 2097 ab
3925 2045 4016 2098 eo
4073 2020 4317 2096 habe·

1098 2174 1248 2256 tur,
1279 2172 1355 2237 et
1386 2162 1595 2238 aliud
1635 2161 1733 2237 sit
1769 2162 1934 2261 ipse
1968 2159 2097 2260 qui
2131 2160 2411 2236 habeat
2444 2183 2461 2235 :
2498 2158 2634 2235 sed
2663 2167 2906 2234 totum
2944 2181 3101 2232 una
3139 2167 3257 2232 est
3297 2167 3600 2250 natura,
3643 2157 3932 2232 scilieet
3985 2156 4319 2256 perfecta

1094 2304 1169 2368 et
1208 2293 1539 2389 infinita,
1582 2303 1657 2371 et
1695 2318 1851 2369 non
1892 2317 1986 2369 ex
2021 2291 2465 2391 disparibus
2511 2290 2957 2384 constituta,
2994 2289 3130 2365 sed
3174 2288 3449 2365 vivens
3497 2313 3636 2388 per
3685 2298 3928 2364 totum
3963 2289 4154 2387 ipsa.
4201 2288 4312 2362 De

1098 2430 1240 2505 hoc
1281 2429 1550 2506 eodem
1592 2429 1908 2505 Boetius
1940 2429 2017 2502 in
2059 2428 2257 2503 libro
2300 2428 2329 2501 I
2362 2426 2456 2501 de
2515 2426 2899 2502 Trinitate
2953 2425 3058 2501 ait
3104 2451 3122 2501 ε
3170 2425 3550 2513 Quocirca
3618 2426 3763 2499 hoc
3821 2444 4000 2499 vere
4074 2432 4315 2498 unum

1095 2575 1236 2659 est,
1275 2565 1351 2639 in
1395 2589 1548 2664 quo
1590 2559 1852 2641 nullus
1893 2587 2292 2657 numeruS‚
2339 2558 2640 2637 nullum
2685 2560 2762 2634 in
2825 2584 2918 2635 eo
2951 2559 3162 2636 aliud
3217 2571 3501 2661 praeter
3538 2555 3612 2634 id
3646 2559 3852 2659 quod
3895 2556 3972 2633 in
4015 2582 4106 2634 eo
4140 2568 4256 2635 est
4291 2582 4307 2633 :

1096 2723 1349 2799 neque
1389 2702 1592 2777 enim
1627 2700 2058 2798 subJectum
2098 2697 2266 2774 fieri
2299 2705 2572 2797 potest.
2616 2696 3105 2792 Augustinus
3136 2720 3451 2796 quoque
3497 2697 3573 2770 in
3609 2696 3803 2770 libro
3856 2694 4054 2771 Fide
4082 2694 4177 2769 dc
4214 2693 4321 2770 ad

1099 2840 1423 2914 Petrum
1464 2833 1480 2869 ¹
1517 2837 1747 2912 dicit:
1787 2836 1868 2909 In
1913 2834 2052 2910 Dei
2092 2832 2523 2910 substantia
2555 2855 2711 2905 non
2752 2841 2870 2905 est
2915 2830 3211 2930 aliquid
3247 2831 3454 2930 quod
3490 2816 3642 2905 non
3685 2831 3784 2905 sit
3812 2829 4245 2905 substantia
4290 2853 4307 2906 :

1094 2972 1314 3074 quasi
1349 2970 1557 3047 aliud
1589 2970 1686 3046 sit
1716 2969 1820 3044 ibi
1862 2968 2318 3060 substantia,
2355 2967 2563 3042 aliud
2608 2968 2813 3066 quod
2882 2965 3156 3041 accidit
3203 2965 3685 3041 substantize.
3731 2961 3884 3040 Sed
3934 2964 4306 3064 quidquid

1092 3089 1195 3166 ibi
1229 3087 1552 3186 intelligi
1588 3094 1861 3188 potest,
1897 3081 2325 3161 substantia
2364 3096 2505 3160 est.
2551 3081 2847 3161 Verum
2881 3083 3050 3158 lime
3092 3082 3244 3158 dici
3279 3091 3600 3183 possunt
3645 3081 3890 3171 facile,
3935 3089 4008 3158 et
4041 3079 4244 3157 credi
4287 3103 4304 3157 t

1091 3222 1334 3300 videri
1366 3233 1620 3299 autem
1664 3221 1810 3298 nisi
1840 3243 2027 3320 puro
2068 3219 2295 3296 corde
2336 3218 2655 3294 omnino
2700 3244 2855 3294 non
2915 3229 3270 3318 possunt.
3309 3214 3529 3313 Item,
3573 3217 4053 3316 Augustinus
4109 3217 4183 3291 in
4230 3217 4312 3293 li·

1095 3360 1290 3434 libro
1330 3358 1465 3434 XV
1517 3357 1610 3432 de
1659 3356 2031 3431 Trinitate
2082 3379 2099 3432 :
2155 3355 2281 3430 Sic
2324 3355 2653 3429 habetur
2701 3353 2777 3428 in
2825 3364 3104 3428 natura
3148 3353 3767 3451 uniuscujusque
3810 3351 4066 3444 trium,
4102 3352 4307 3451 quod

1091 3496 1224 3594 qui
1260 3495 1514 3585 habet,
1558 3495 1701 3567 hoc
1734 3492 1831 3567 sit
1870 3490 2074 3590 quod
2126 3491 2382 3585 habet,
2426 3490 2630 3566 sicut
2669 3488 3183 3565 immutabilis
3232 3489 3720 3589 simplexque
3771 3489 4206 3564 substantia
4259 3491 4306 3562 ².

1096 3629 1312 3705 Unde
1360 3629 1694 3704 Isidorus
1732 3627 1837 3702 ait
1879 3651 1895 3701 :
1942 3627 2149 3701 Deus
2187 3626 2515 3724 simplex
2554 3624 2863 3718 dieitur,
2899 3623 3065 3699 sive
3100 3623 3721 3700 non'amittendo
3775 3622 3981 3724 quod
4044 3622 4300 3718 habet,

1092 3772 1228 3822 seu
1263 3746 1468 3846 quod
1510 3744 1718 3820 aliud
1761 3768 1913 3818 non
1958 3752 2072 3819 est
2104 3743 2294 3843 ipse,
2326 3753 2393 3818 et
2438 3742 2648 3817 aliud
2682 3738 2891 3841 quod
2949 3740 3026 3815 in
3074 3739 3244 3841 ipso
3276 3750 3392 3818 est
3430 3739 3478 3815 ⁸.
3526 3744 3609 3816 Et
3654 3765 3831 3815 eum
3867 3748 4098 3815 tantm
4131 3738 4310 3815 sim·

1095 3880 1456 3982 plicitatis
1487 3890 1715 3978 atque
1746 3877 2207 3954 sinceritatis
2248 3876 2346 3952 sit
2395 3887 2673 3952 natura
2709 3876 3004 3970 divina,
3047 3885 3165 3951 est
3210 3887 3466 3953 tamen
3510 3877 3588 3952 in
3644 3900 3734 3952 ea
3785 3875 4086 3952 trinitas
4127 3900 4304 3976 per-

1090 4040 1486 4092 sonarum.
1526 4014 1743 4090 Unde
1803 4014 2281 4111 Augustinus
2324 4013 2399 4087 in
2442 4012 2639 4087 libro
2683 4012 2743 4086 Il
2808 4013 2903 4086 ‹le
2959 4011 3294 4087 Cicilate
3350 4013 3510 4087 Dei
3556 4013 3660 4088 ait
3703 4012 3922 4089 :Non
3994 4022 4307 4112 propter

1094 4156 1234 4228 hoc
1295 4162 1647 4228 naturam
1687 4148 1967 4224 summi
2012 4149 2188 4224 boni
2243 4147 2672 4247 simplicem
2720 4145 3083 4241 dicimuS‚
3128 4146 3313 4244 quia
3365 4158 3475 4222 est
3525 4148 3748 4222 l‘ater
3800 4148 3876 4222 in
3919 4170 4009 4222 ea
4059 4147 4300 4241 solus,

1090 4299 1222 4362 aut
1266 4286 1504 4361 Filius
1567 4286 1639 4359 iu
1697 4309 1790 4359 ea
1819 4285 2056 4374 solus,
2102 4293 2236 4359 aut
2279 4282 2614 4382 Spiritus
2658 4292 2977 4356 sauctus
3023 4280 3098 4354 in
3144 4305 3235 4356 ea
3281 4281 3496 4357 solus
3540 4307 3555 4358 :
3602 4292 3734 4357 aut
3773 4280 3954 4382 quia
3984 4291 4101 4355 est
4139 4283 4305 4356 sola

1094 4422 1234 4496 ista
1266 4419 1666 4494 nominum
1715 4417 2008 4492 trinitas
2037 4416 2200 4492 sive
2241 4415 2674 4491 substantia
2705 4438 3248 4514 personarum,
3293 4416 3492 4491 sicut
3523 4415 3941 4491 Sabelliani
3974 4425 4302 4514 putave-

1093 4567 1295 4630 runt.
1334 4554 1484 4629 Sed
1521 4553 1687 4628 ideo
1732 4552 2054 4650 simplex
2091 4552 2399 4645 (licitur,
2445 4549 2633 4649 quia
2662 4560 2776 4625 cst
2823 4552 2966 4624 ltoe
3000 4552 3209 4650 quod
3257 4551 3486 4626 habet
3529 4575 3545 4626 :
3591 4561 3906 4650 excepto
3937 4550 4143 4648 quod
4179 4574 4307 4625 re-

1095 4693 1321 4766 lative
1363 4712 1698 4789 qmuque
1732 4711 2058 4786 persona
2099 4685 2193 4761 ad
2224 4688 2542 4762 alteram
2592 4685 2899 4779 dicitur,
2951 4708 3094 4761 nec
3144 4696 3258 4761 est
3302 4686 3492 4785 ipsa.
3541 4686 3733 4760 Nam
3781 4685 4044 4784 utique
4080 4687 4306 4760 l‘ater

1093 4828 1323 4902 habet
1353 4822 1656 4915 Filium,
1693 4822 1785 4897 ad
1821 4846 2048 4922 quem
2094 4822 2408 4898 relative
2441 4819 2745 4910 dieitur,
2781 4845 2926 4896 nec
2958 4827 3216 4898 tamen
3253 4822 3416 4921 ipse
3458 4831 3572 4897 est
3607 4818 3843 4897 Filius
3889 4847 3904 4897 :
3950 4831 4025 4897 et
4055 4821 4298 4897 Filius

1091 4966 1319 5040 habet
1350 4964 1679 5049 Patrem,
1719 4984 1856 5036 nee
1895 4969 2142 5035 tamen
2178 4960 2340 5059 ipse
2372 4967 2487 5035 est
2516 4959 2769 5033 Pater.
2797 4959 2882 5032 ln
2919 4983 3077 5057 quo
3110 4983 3296 5036 vero
3327 4961 3420 5036 ad
3454 4962 3954 5060 semetipsum
3985 4961 4290 5053 dicitur,

1089 5127 1238 5178 non
1277 5101 1369 5175 ad
1402 5100 1757 5190 alterum,
1795 5097 1938 5173 hoe
1970 5096 2312 5194 estquod
2344 5098 2576 5173 habet
2621 5118 2637 5168 ε
2683 5093 2886 5169 sicut
2917 5098 3011 5172 ad
3045 5096 3552 5194 semetipsum
3577 5097 3858 5172 dicitur
3888 5098 4114 5174 vix‘us
4156 5099 4300 5172 ha-

1164 5425 1177 5457 ¹
1212 5421 1269 5477 S.
1301 5421 1674 5481 Anac-susus,
1708 5412 1830 5469 Lib.
1863 5411 1935 5467 de
1966 5411 2103 5468 Fide
2142 5411 2217 5468 ad
2250 5415 2503 5479 Petrum,
2535 5409 2628 5466 vel
2667 5410 2740 5466 de
2769 5410 2909 5467 Fide
2936 5418 2996 5467 et
3027 5411 3335 5485 symbolo,
3366 5430 3497 5488 cap.
3530 5418 3585 5471 9.

1161 5510 1184 5546 ²
1213 5510 1269 5565 S.
1304 5509 1681 5571 AucustixUS,
1723 5502 1844 5559 Lib.
1881 5502 1977 5557 XV
2021 5501 2094 5558 de
2123 5501 2429 5571 Trinitate,
2472 5516 2603 5574 cap.
2640 5504 2728 5558 17.

1163 5605 1187 5639 ³
1215 5604 1486 5664 Ismenus,
1518 5597 1638 5653 Lib.
1689 5595 1783 5653 Vll
1838 5593 2359 5669 Etymologiarum,
2405 5609 2535 5666 cap.
2574 5598 2622 5650 ¹.
