4897 6388
685 1286 948 1341 lunatione.

671 2708 953 2759 Menum.

704 5291 902 5341 Solunte.

1760 330 1855 399 IN
1902 327 2407 406 ΙςΞΕΝΤΕΝΤ.
2460 324 2690 395 DIST.
2744 324 2935 410 XVI,
2987 313 3077 410 A',
3124 327 3324 396 ΛΒΤ.
3382 330 3442 395 1.

999 520 1145 578 tum
1179 520 1278 578 est
1320 517 1364 595 ¹,
1412 507 1595 601 quod
1625 527 1913 596 persona
1943 526 2083 572 non
2115 503 2356 570 dicitur
2388 503 2554 569 mit-

1001 621 1072 695 ti,
1119 618 1247 685 nisi
1281 619 1349 683 in
1391 614 1661 691 effectu,
1705 615 1773 680 in
1815 634 1950 703 quo
2007 613 2151 702 ipsa
2208 609 2404 676 aliter
2460 609 2549 675 sit

998 727 1106 794 vel
1148 726 1232 793 ad
1272 725 1459 793 aliud
1515 745 1720 813 quam
1778 720 2152 789 secundum
2211 718 2394 810 quod
2451 726 2553 785 est

997 835 1252 925 ubique
1296 855 1310 901 :
1359 841 1426 900 et
1490 831 1620 898 hoc
1675 829 1965 897 habetur
2030 833 2100 897 in
2175 830 2432 897 Littera
2466 826 2551 893 ab

1000 943 1385 1034 Augustino
1433 963 1448 1008 τ
1501 962 1662 1030 ergo
1723 941 1792 1006 in
1858 938 2104 1007 talibus
2171 938 2331 1004 visis
2363 935 2553 1003 nulla

1005 1069 1333 1137 umquam
1366 1045 1491 1112 fuit
1518 1065 1806 1135 persona
1838 1043 2069 1110 missa.

1103 1267 1160 1333 l.
1207 1263 1364 1330 lum
1408 1263 1830 1353 Augustinus
1863 1262 1931 1327 in
1964 1257 2136 1325 libro
2161 1257 2251 1324 lv
2283 1258 2364 1324 de
2401 1258 2458 1323 T
2452 1258 2548 1322 ri-

1003 1375 1244 1458 uilate‚
1277 1371 1438 1440 dicit
1468 1368 1654 1462 quod
1674 1368 1962 1436 absurde
1995 1367 2326 1434 diceretur
2346 1363 2553 1433 Pater

1000 1483 1249 1549 missus
1283 1479 1390 1547 vel
1446 1476 1529 1546 ab
1587 1499 1668 1545 eo
1735 1497 1939 1566 quem
1984 1476 2241 1565 genuit,
2285 1473 2391 1540 vel
2423 1472 2550 1561 {ab

999 1612 1080 1657 eo
1122 1590 1237 1681 qui
1280 1588 1366 1656 ab
1400 1589 1546 1677 ipso
1587 1584 1915 1676 procedit,
1951 1583 2072 1650 etsi
2125 1582 2384 1649 dicatur
2423 1603 2553 1672 ap-

1001 1697 1328 1787 paruisse.
1363 1693 1547 1784 Ergo
1577 1714 1733 1761 cum
1782 1692 2008 1759 omnis
2067 1692 2178 1780 qui
2231 1690 2545 1767 mittitur,

1000 1803 1084 1872 ab
1141 1802 1372 1895 aliquo
1414 1803 1745 1884 mittatur,
1780 1808 1845 1867 et
1874 1799 2079 1866 Pater
2136 1820 2272 1864 non
2328 1798 2548 1887 possit

998 1912 1083 1982 ab
1111 1913 1342 2004 aliquo
1416 1911 1617 1989 mitti,
1659 1909 1934 1977 videtur
1970 1907 2151 2000 quod
2209 1929 2347 1974 non
2397 1909 2554 1976 mit·

998 2030 1204 2089 tatur.

1090 2132 1155 2196 2.
1195 2128 1390 2206 ltem,
1451 2128 1875 2218 Augustinus
1941 2126 2012 2192 in
2079 2123 2251 2191 libro
2314 2122 2409 2191 lV
2466 2122 2551 2190 de

1006 2233 1364 2312 Trinilale,
1410 2241 1486 2300 ut
1513 2229 1824 2298 habitum
1856 2240 1957 2298 est
2008 2229 2255 2321 supra¹
2304 2253 2318 2296 :
2374 2229 2552 2296 Mitti

999 2348 1099 2407 est
1138 2340 1461 2431 cognosci
1500 2337 1683 2429 quod
1714 2338 1797 2406 ab
1839 2337 1974 2406 alio
2005 2339 2089 2404 sit
2136 2361 2150 2404 :
2196 2338 2397 2404 l'ater
2424 2357 2556 2402 au-

1000 2457 1138 2516 tem
1172 2448 1257 2517 ab
1296 2447 1433 2517 alio
1465 2469 1611 2516 esse
1649 2468 1784 2515 non
1812 2446 2246 2532 cognoscitur
2313 2467 2328 2511 :
2384 2465 2551 2531 ergo

1004 2581 1142 2626 non
1175 2557 1489 2626 mittitur.

1095 2665 1229 2733 Seu
1258 2686 1480 2734 annuc
1515 2672 1750 2733 contra
1807 2662 1939 2732 hoc
1977 2663 2228 2753 opponi
2276 2668 2496 2752 potest
2530 2681 2550 2726 ε

1092 2779 1152 2843 ¹.
1189 2774 1368 2855 Quia
1386 2773 1571 2843 Patri
1602 2774 1992 2842 attribuitur
2019 2774 2360 2864 potentia:
2394 2794 2555 2840 cum

998 2906 1161 2976 ergo
1192 2882 1563 2975 potentiam
1586 2883 1832 2951 efficiat
1863 2883 1931 2948 in
1971 2879 2195 2961 nobie,
2250 2881 2394 2971 ipse
2429 2900 2569 2967 ve·-

998 2994 1095 3060 nit
1139 2992 1207 3059 in
1267 3011 1420 3069 nos,
1471 2990 1642 3056 sicut
1711 2987 1919 3056 Filius
1958 3009 2079 3079 per
2116 2988 2549 3077 sapientiam,

995 3109 1059 3168 et
1104 3098 1399 3191 Spiritus
1427 3106 1699 3167 sanctus
1765 3120 1887 3188 per
1921 3096 2344 3165 charitatem.

1085 3210 1149 3276 2.
1205 3206 1402 3288 ltem,
1438 3206 1599 3275 llaec
1637 3205 2058 3288 conceditur,
2093 3214 2152 3273 et
2191 3203 2418 3273 habita
2451 3212 2553 3273 est

995 3301 1225 3410 supra,
1261 3315 1464 3386 Pater
1491 3324 1591 3384 est
1620 3340 1657 3383 a
1698 3316 1923 3407 seipso
1954 3338 1970 3383 ε
2005 3314 2377 3384 secundum
2419 3335 2549 3381 au·

996 3438 1132 3495 tem
1167 3425 1349 3517 quod
1388 3432 1489 3493 est
1519 3447 1558 3491 a
1595 3424 1844 3515 seipso,
1915 3422 2184 3492 videtur
2222 3424 2405 3514 quod
2480 3425 2550 3492 in

995 3533 1234 3602 eadem
1283 3531 1679 3602 habitudine
1735 3532 2238 3624 praepositionis
2305 3530 2549 3599 debeat

994 3639 1269 3709 concedi
1303 3638 1475 3724 lnaec,
1511 3638 1801 3708 Mittitur
1851 3662 1890 3708 a
1929 3640 2179 3730 seipse,
2231 3649 2294 3707 et
2346 3639 2552 3707 Pater

996 3749 1203 3817 mittit
1228 3750 1557 3840 seipsum.

1085 3857 1149 3924 3.
1211 3853 1409 3936 ltem,
1470 3856 1895 3945 Augustinus
1988 3856 2284 3949 probans
2358 3858 2545 3949 quod

996 3966 1290 4055 Spiritus
1328 3974 1602 4033 sanctus
1632 3966 1836 4033 mittit
1881 3989 1952 4035 se
2002 3974 2067 4035 et
2106 3967 2215 4034 dat
2247 3991 2343 4046 se,
2378 3990 2546 4059 pro-

991 4069 1104 4139 bat
1131 4069 1261 4140 boc
1305 4093 1321 4138 τ
1358 4071 1516 4163 quia
1546 4080 1645 4141 est
1683 4096 1825 4140 sum
1870 4075 2222 4164 potestatis
2257 4097 2272 4142 :
2308 4083 2371 4141 et
2411 4073 2543 4143 hoc

991 4188 1316 4271 estsupra
1350 4176 1656 4248 habitum
1707 4181 1773 4249 in
1813 4181 2244 4251 distinctione
2283 4206 2546 4275 praece-

989 4288 1173 4355 «lenti
1218 4306 1409 4356 :non
1442 4297 1617 4356 esset
1664 4296 1892 4358 autem
1942 4314 2080 4358 sum
2156 4296 2537 4384 potestatis.

988 4398 1043 4463 si
1087 4417 1225 4464 non
1264 4405 1491 4487 posset
1525 4399 1790 4467 mittere
1830 4408 1893 4466 et
1925 4398 2085 4468 dare
2124 4424 2194 4469 se
2237 4421 2253 4470 :
2297 4425 2461 4492 ergo
2499 4424 2538 4468 a

988 4499 1191 4567 simili
1226 4522 1363 4568 non
1403 4503 1528 4570 erit
1607 4500 1810 4570 Pater
1863 4527 2003 4572 sua·
2069 4509 2445 4597 potestatis,
2481 4508 2537 4573 si

990 4633 1129 4676 non
1159 4611 1371 4700 possit
1402 4611 1666 4679 mittere
1706 4624 1769 4681 et
1812 4614 1973 4682 dare
2004 4638 2075 4681 se
2109 4638 2125 4683 t
2171 4640 2322 4684 cum
2371 4639 2536 4707 ergo

985 4741 1256 4809 semper
1283 4740 1522 4786 omnes
1562 4742 1866 4811 persona*
1916 4722 2165 4791 suerint
2215 4748 2351 4792 suae
2406 4748 2540 4816 pn-

986 4827 1268 4903 testatis,
1303 4850 1573 4919 semper
1602 4840 1967 4920 potuerunt
1996 4833 2258 4901 mittere
2290 4858 2360 4902 se
2387 4858 2532 4902 om·

988 4957 1130 5015 nes,
1174 4943 1238 5001 et
1269 4934 1428 5004 dare
1458 4960 1556 5017 se,
1585 4947 1648 5005 et
1690 4941 1756 5006 in
1792 4937 2051 5022 Veteri,
2093 4951 2151 5007 et
2219 4943 2282 5009 in
2335 4942 2535 5012 Novo

983 5043 1444 5111 Testamento.

1084 5257 1397 5329 Sonvrto.
1462 5261 1848 5354 Suppositis
1914 5268 2020 5335 his
2092 5293 2244 5360 quw
2332 5296 2540 5363 supra

988 5365 1435 5438 determinata
1474 5380 1629 5439 sunt
1660 5375 1709 5458 ³,
1764 5373 1958 5446 facile
1990 5385 2091 5445 est
2131 5381 2539 5472 respondere

1057 5629 1073 5664 ¹
1108 5625 1193 5684 Cf.
1237 5626 1447 5701 Supra,
1492 5628 1636 5685 DistL
1694 5632 1816 5689 XV.

1054 5714 1180 5772 ²Cs.
1218 5714 1427 5788 Supra,
1461 5714 1705 5774 Ibidem.

2659 499 2767 566 his
2798 498 3102 588 objectis.
3139 497 3448 566 Dicimus
3483 498 3689 574 enim,
3726 495 3910 587 quod
3940 516 4078 561 non
4110 504 4212 564 est

2661 607 2842 675 idem
2873 627 3224 697 apparere,
3270 613 3335 672 et
3374 605 3546 671 mitti
3583 626 3596 670 :
3643 613 3706 671 et
3749 604 3922 672 bene
3962 625 4213 672 conce-

2661 717 2912 793 dimus,
2958 715 3144 806 quod
3192 714 3393 781 Pater
3442 717 3509 780 in
3558 713 3856 802 subjecta
3903 722 4208 806 creatura

2660 823 3232 913 apparerepotuit
3270 844 3390 911 per
3455 820 3904 887 ministerium
3962 820 4206 910 Angeli
4282 883 4285 887 .

2661 940 2726 999 et
2756 953 2880 1021 per
2908 931 3236 1020 seipsum,
3272 939 3338 996 et
3366 928 3586 996 adhuc
3617 936 3838 1018 potest
3879 948 3895 996 t
3923 928 4039 995 sed
4070 951 4206 996 non

2657 1051 2883 1135 potest
2933 1043 3110 1110 mitti
3167 1051 3442 1132 propter
3492 1063 3728 1110 causas
3781 1062 3988 1130 supra
4034 1040 4209 1107 assi-

2656 1160 2898 1244 gnatas
2966 1152 3184 1242 :quia
3252 1151 3484 1218 missio
3553 1152 3822 1240 passiva
3888 1153 4210 1241 supponit

2658 1262 3157 1350 congruitatem
3180 1261 3426 1336 nuntii,
3459 1267 3524 1326 et
3563 1239 3895 1327 rationem
3926 1261 3996 1326 in
4043 1257 4209 1327 sub-

2648 1372 2831 1460 jecto
2915 1394 2932 1438 :
2992 1377 3059 1438 et
3124 1369 3238 1437 illa
3292 1372 3460 1436 ratio
3521 1378 3618 1437 est
3684 1367 3768 1435 ab
3830 1367 3963 1435 alio
4030 1390 4201 1448 esse,

2659 1478 2843 1567 quod
2874 1477 3059 1545 Patri
3110 1498 3250 1544 non
3282 1477 3606 1545 'convenit
3649 1498 3664 1543 ε
3701 1475 3851 1544 ideo
3884 1497 4204 1566 apparere

2659 1586 2903 1674 potuit,
2938 1585 3118 1651 mitti
3150 1591 3378 1651 autem
3420 1605 3555 1650 non
3586 1583 3827 1674 potuit.

2745 1691 2850 1758 An
2898 1713 3155 1759 renum
3186 1713 3348 1782 ergo
3389 1691 3773 1769 dicendum,
3817 1690 3999 1782 quod
4048 1689 4205 1758 licet

2654 1799 3073 1890 ubicumque
3096 1809 3196 1868 est
3225 1802 3459 1867 missio
3506 1798 3815 1878 visibilis,
3872 1799 3944 1866 sit
3990 1821 4204 1889 appa-

2656 1910 2812 1977 ritio
2916 1908 3205 1999 alicujus
3301 1930 3603 1999 personae
3669 1906 3918 1976 visibili
3976 1910 4196 1999 signo,

2657 2030 3058 2089 nontamen
3103 2020 3524 2088 convertitur
3564 2039 3580 2087 ε
3626 2020 3786 2109 quia
3825 2018 4059 2087 missio
4105 2018 4207 2085 vi·

2656 2127 2871 2196 sibilis
2946 2126 3147 2195 addit¹
3209 2150 3412 2219 super
3480 2126 3973 2217 apparitionem
4039 2126 4202 2210 duo,

2655 2234 2911 2303 scilicet
2959 2236 3250 2304 existere
3304 2234 3385 2302 ab
3436 2234 3595 2313 alio,
3648 2242 3714 2301 et
3741 2256 3861 2324 per
3905 2233 4202 2324 seipsum

2656 2346 2894 2414 adesse
2925 2346 3125 2415 aliter
3170 2346 3278 2414 vel
3319 2345 3399 2413 ad
3442 2344 3625 2412 aliud
3674 2367 3879 2436 quam
3928 2344 4014 2411 sit
4052 2344 4200 2412 ubi·

2658 2476 2791 2545 que
2849 2475 2866 2522 t
2936 2452 3068 2522 hoc
3105 2461 3335 2522 autem
3380 2475 3517 2520 non
3565 2451 3811 2544 legitur
3866 2452 3935 2521 in
3974 2451 4201 2521 Veteri

2650 2564 3121 2645 Testamento,
3182 2566 3358 2633 sicut
3415 2573 3646 2656 postea
3694 2563 3950 2655 patebit
3994 2565 4204 2656 :quia

2654 2696 2966 2764 personae
3006 2695 3145 2742 non
3178 2671 3497 2765 leguntur
3536 2695 3656 2763 per
3692 2671 3948 2763 seipsas
3995 2671 4199 2741 fuisse

2657 2783 2723 2849 in
2767 2768 2899 2850 illis
2926 2783 3143 2875 signis
3181 2804 3333 2875 quae
3364 2781 3800 2873 apparebant.

2746 2889 2849 2957 An
2887 2911 3083 2957 Auro
3113 2889 3501 2969 dicendum,
3546 2890 3724 2981 quod
3766 2889 3999 2958 missio
4047 2889 4195 2958 visi·

2654 2997 2811 3067 bilis
2885 3018 3024 3066 non
3101 2997 3458 3067 ordinatur
3538 2996 3619 3064 ad
3696 3019 4198 3089 quamcumque

2654 3105 3053 3174 missionem
3098 3105 3532 3186 invisibilem,
3576 3106 3690 3174 sed
3731 3105 4082 3175 ordinatur
4117 3101 4238 3173 ad'

2657 3214 3055 3282 missionem
3107 3214 3518 3283 invisibilem
3564 3238 3711 3307 quae
3758 3224 3855 3283 cst
3912 3214 4203 3283 fundans

2654 3331 2722 3390 et
2750 3320 3066 3412 plantans
3097 3320 3470 3391 Ecclesiam
3515 3345 3531 3391 ε
3567 3343 3703 3390 non
3743 3322 3925 3390 enim
3972 3321 4207 3390 visibi-

2654 3427 2736 3496 lis
2774 3450 3048 3521 semper
3107 3429 3433 3521 praecedit
3498 3427 3933 3507 invisibilem,
3995 3430 4198 3497 etiam

2657 3538 2723 3605 in
2757 3535 2955 3604 Novo
2989 3535 3426 3605 Testamento
3481 3560 3499 3607 t
3541 3537 3658 3606 sed
3702 3536 4064 3628 praecessit,
4124 3542 4199 3605 ut

2652 3643 3155 3735 significaretur
3198 3642 3613 3712 abundantia
3655 3644 3867 3735 copia·
3910 3640 4201 3733 Spiritus

2650 3774 2799 3821 esse
2840 3751 3024 3843 apud
3093 3751 3242 3820 illos
3282 3751 3528 3844 quibus
3559 3750 3839 3820 visibilis
3869 3750 4041 3819 lacta
4070 3759 4195 3829 est,

2657 3864 2748 3930 ita
2800 3870 2873 3931 ut
2918 3885 3006 3931 ex
3061 3863 3369 3953 ipsorum
3422 3860 3619 3952 copia
3676 3859 4076 3930 redundaret
4132 3860 4198 3927 in

2651 3969 3122 4040 fundationem
3142 3978 3207 4039 et
3240 3970 3726 4063 plantationem
3762 3970 4099 4039 Ecclesiae.

2741 4080 2846 4147 An
2902 4101 3102 4148 ,turn
3159 4079 3547 4156 dicendum,
3596 4077 3777 4170 quod
3837 4079 4003 4147 ratio
4049 4081 4192 4169 jam

2648 4188 2828 4258 dicta
2892 4198 3020 4273 est,
3080 4210 3292 4281 quare
3359 4187 3483 4255 hoc
3532 4211 3670 4257 non
3735 4188 3978 4256 suflicit
4053 4211 4068 4255 :
4128 4198 4193 4259 et

2648 4317 2860 4386 quare
2893 4296 3096 4364 Pater
3151 4318 3290 4364 non
3346 4297 3562 4385 potuit
3605 4294 3711 4362 vel
3781 4316 3917 4363 non
3975 4302 4192 4386 potest

2646 4406 2852 4474 mitti.

2736 4515 2840 4583 An
2882 4540 2946 4585 ιο
2979 4523 3209 4584 autem
3240 4514 3417 4605 quod
3449 4513 3704 4602 objicit,
3737 4513 3923 4606 quod
3952 4516 4186 4587 missio

2646 4623 3041 4714 hujusmodi
3080 4621 3309 4690 debuit
3351 4622 3477 4690 dici
3519 4624 3849 4716 apparitio
3887 4624 4191 4715 angelica

2646 4735 2716 4801 in
2748 4733 2979 4802 Veteri
3008 4733 3441 4800 Testamento
3491 4751 3508 4802 ε
3567 4731 3965 4817 Dicendum,
4007 4732 4186 4824 quod

2648 4844 2715 4910 in
2747 4844 3031 4910 veritate
3063 4839 3176 4909 illa
3197 4841 3446 4908 solutio
3479 4864 3681 4932 qnam
3729 4851 3985 4931 ponunt
4035 4844 4190 4933 qui-

2644 4952 2803 5019 dam
2827 4974 2966 5018 non
3004 4951 3251 5017 suflicit
3299 4973 3313 5017 :
3347 4950 3460 5016 sed
3494 4949 3604 5016 illa
3634 4959 3731 5017 est
3774 4950 3941 5018 ratio
3981 4974 4185 5042 quam

2644 5057 2969 5133 diximus.
3013 5059 3172 5149 quia
3207 5058 3377 5124 mitti
3433 5055 3614 5123 addit
3648 5078 3851 5146 super
3899 5080 4189 5149 appare-

2646 5191 2742 5245 re,
2795 5169 2967 5236 sicut
3008 5167 3264 5235 dictum
3298 5175 3420 5235 est.

2738 5276 2840 5342 An
2913 5298 3113 5342 Amrn
3169 5271 3554 5355 dicendum,
3639 5273 3814 5365 quod
3882 5282 4186 5344 creatura

2648 5381 3125 5451 intellectualis
3190 5382 3433 5450 melius
3497 5380 3787 5450 ostendit
3856 5384 4188 5451 unitatem

2715 5631 2852 5707 ³5:st
2886 5632 3095 5704 Supra,
3129 5630 3194 5687 ln
3228 5630 3519 5704 principio
3545 5629 3680 5688 dist.
3726 5630 3864 5687 xiv.

4062 318 4225 398 443·
4244 353 4251 358 ’

4310 1741 4389 1790 Ad
4422 1742 4462 1789 1.

4324 2925 4472 2974 Adi.

4309 4114 4388 4161 Ad
4421 4113 4465 4162 8.

4298 4554 4378 4602 Ad
4404 4557 4450 4603 4.

4299 5318 4370 5363 Ad
4408 5317 4459 5365 b.
