4897 6388
568 701 575 782 ἱ

736 745 818 792 Ad
845 747 887 791 ⁴.

1848 305 1855 312 ’
1906 356 2058 431 eIN
2109 355 2623 427 lsssn‘rssss'r.
2678 360 2908 429 utsT.
2969 334 3048 443 v,
3102 367 3176 434 e.
3851 387 3892 396 ··
4024 387 4038 398 ·
4094 332 4223 464 ηε)

1008 521 1183 592 iufra
1210 527 1495 616 patebit,
1531 526 1645 591 ubi
1712 534 2091 614 quaeretur,‘
2131 528 2201 596 in
2268 552 2402 620 qua
2465 552 2564 597 ra·
2677 556 2814 601 non
2855 534 3096 603 eodem
3140 537 3345 605 modo
3391 539 3817 607 considerata
3863 562 3878 608 :
3937 542 4097 631 quia
4127 563 4230 610 es·

1009 632 1195 701 tione
1235 633 1437 702 Pater
1464 642 1745 723 generat
1776 633 2075 726 Filium?
2676 643 2892 709 sentia
2952 644 3023 710 in
3073 643 3276 713 Patre
3327 669 3465 716 non
3513 658 3613 716 est
3667 657 3961 739 accepta,
4033 659 4096 718 et
4154 652 4224 718 in

998 773 1002 777 ·
1101 743 1205 809 An
1246 763 1543 810 nmmum
1574 740 1958 821 dicendum,
1996 744 2177 835 quod
2208 755 2562 837 acceptum
2677 748 2851 819 Filio
2886 761 2988 818 est
3026 762 3327 844 accepta.

1000 857 1080 917 -et
1111 871 1248 917 non
1287 857 1638 939 acceptum
1705 849 1884 918 idem
1914 861 2197 943 possunt
2236 876 2408 933 esse,
2442 855 2562 922 sed

2088 1554 2169 1628 C.
2213 1555 2475 1630 Tertia
2513 1555 2713 1631 ratio
2748 1562 2823 1630 et
2837 1557 3125 1655 potior.

1100 2037 1319 2136 Item,
1365 2039 1447 2116 Si
1479 2041 1708 2118 Pater
1745 2051 1861 2118 est
1898 2043 2202 2140 genitor
2231 2044 2595 2121 essentiae
2636 2041 2955 2136 divinae,
2991 2064 3171 2116 cum
3203 2042 3368 2142 ipse
3399 2046 3735 2123 essentia
3788 2046 4051 2122 divina
4088 2048 4214 2143 sit,

999 2186 1078 2254 et
1116 2177 1326 2254 Deus
1366 2188 1506 2253 est.
1554 2179 1666 2254 lta
1704 2201 1887 2276 ergo
1922 2203 2073 2253 non
2111 2179 2300 2254 ittud
2345 2179 2555 2278 quod
2588 2188 3009 2276 generatur
3048 2189 3166 2255 est
3202 2203 3248 2255 a
3279 2179 3506 2258 Patre
3538 2181 3774 2276 Deus,
3819 2182 3953 2259 sed
3994 2183 4221 2259 Pater

996 2299 1090 2386 eo
1130 2311 1337 2412 quod
1383 2323 1729 2413 generat,
1774 2324 1846 2390 et
1886 2324 2026 2409 est,
2088 2325 2167 2390 et
2238 2314 2450 2389 Deus
2499 2324 2641 2390 est.
2691 2314 2875 2388 Etsi
2917 2314 3023 2390 ita
3062 2324 3205 2410 est,
3273 2339 3426 2391 non
3524 2317 3784 2415 genito
3855 2317 4213 2417 gignenS,

995 2451 1130 2528 sed
1205 2450 1552 2550 gignenti
1628 2449 1936 2547 genitus
2012 2473 2247 2527 eausa
2310 2461 2454 2544 est,
2538 2459 2625 2525 ut
2679 2461 2770 2525 et.
2829 2450 2956 2546 sit,
3027 2461 3104 2527 et
3166 2450 3381 2528 Deus
3446 2451 3568 2529 sit.
3622 2452 3871 2529 Simili
3921 2454 4215 2530 ratione

992 2585 1264 2686 probat
1317 2586 1802 2685 Augustinus
1869 2586 1944 2659 in
2024 2585 2217 2661 libro
2292 2584 2429 2660 vlt
2501 2586 2595 2663 de
2666 2585 3120 2681 Trinilaee‘,
3176 2585 3384 2685 quod
3446 2587 3674 2664 Pater
3710 2612 3864 2665 non
3908 2600 4023 2665 est
4090 2613 4216 2665 sa-

986 2721 1212 2819 piens
1256 2719 1633 2821 sapientia
1687 2743 1917 2819 quam
1970 2720 2238 2818 genuit
2281 2744 2299 2796 t
2373 2720 2560 2818 quia
2617 2719 2682 2795 si
2745 2743 2835 2797 ea
2899 2720 3213 2819 sapiens
3252 2731 3395 2817 est,
3454 2745 3545 2798 ea
3590 2732 3705 2799 est
3748 2747 3766 2799 t
3819 2725 3963 2799 hoc
4002 2723 4208 2800 enim

984 2871 1101 2937 est
1174 2860 1320 2937 sibi
1407 2883 1605 2949 esse,
1711 2857 1916 2956 quod
1984 2879 2280 2957 sapere.
2346 2855 2567 2944 Quod
2637 2855 2703 2932 si
2774 2857 2918 2932 hoc
2977 2866 3096 2933 est
3157 2856 3304 2932 sibi
3359 2880 3559 2952 esse,
3633 2858 3836 2957 quod
3908 2881 4203 2959 sapere,

985 3021 1138 3073 non
1185 3020 1324 3098 per
1386 2996 1595 3072 illam
1665 2993 2121 3094 sapientiam
2177 3017 2411 3092 quam
2471 2991 2745 3090 genuit
2825 2993 3080 3088 Pater,
3143 2992 3458 3092 sapiens
3515 3006 3655 3069 est.
3715 2994 3932 3083 Quod
4002 2995 4207 3071 enim

980 3132 1190 3210 aliud
1284 3133 1641 3226 dicimus,
1714 3155 1888 3207 cum
1971 3129 2328 3225 dieimuS,
2426 3129 2593 3205 Hoc
2656 3128 2767 3204 itti
2845 3140 2960 3206 est
3034 3154 3206 3208 esse
3275 3130 3480 3231 quod
3569 3154 3838 3232 sapere
3935 3155 3950 3208 :
4024 3131 4204 3223 nisi,

984 3272 1092 3345 Eo
1161 3281 1302 3365 est,
1348 3291 1503 3368 quo
1544 3268 1857 3367 sapiens
1907 3266 2100 3343 est?
2142 3269 2341 3365 Ergo
2381 3291 2561 3367 quae
2614 3291 2852 3343 cansa
2913 3267 3022 3341 itti
3089 3279 3205 3344 est
3288 3279 3369 3344 ut
3421 3269 3731 3367 sapiens
3784 3268 3910 3363 sit,
3980 3269 4207 3344 etiam

980 3404 1146 3506 ipsa
1217 3405 1325 3480 itii
1386 3428 1618 3480 causa
1688 3418 1799 3480 est
1873 3416 1950 3481 ut
1993 3406 2114 3481 sit.
2151 3403 2230 3478 Si
2283 3427 2470 3502 ergo
2530 3402 2914 3503 sapientia
2970 3428 3203 3502 quam
3263 3403 3556 3502 genuit,
3622 3404 3730 3480 itti
3792 3428 4027 3480 causa
4088 3414 4205 3480 est

982 3554 1064 3619 ut
1131 3543 1445 3644 sapiens
1492 3543 1611 3630 sit,
1669 3554 1741 3617 et
1810 3567 2047 3619 cansa
2104 3540 2211 3617 iiii
2266 3549 2381 3616 est
2423 3550 2508 3616 ut
2547 3540 2673 3616 sit.
2720 3540 2870 3616 Sed
2905 3563 3220 3616 causam
3272 3540 3510 3636 Patri,
3568 3563 3720 3640 qua
3785 3540 3910 3636 sit,
3967 3563 4010 3615 a
4056 3541 4192 3616 Pa·

984 3689 1095 3754 tre
1148 3677 1518 3777 genitam,
1555 3678 1768 3751 nullo
1803 3677 2027 3751 medo
2060 3675 2476 3775 quisquam
2517 3675 2797 3752 dixerit
2837 3675 3295 3774 sapientiam
3341 3699 3359 3751 ε
3405 3675 3591 3773 quid
3641 3673 3845 3750 enim
3916 3683 4029 3751 est
4086 3674 4195 3749 in-

978 3813 1312 3890 sanius?
1353 3814 1462 3888 Ita
1491 3837 1675 3910 ergo
1716 3813 1778 3887 si
1823 3812 2051 3889 Pater
2087 3812 2357 3911 genuit
2397 3812 2814 3890 essentiam
2858 3836 3012 3911 qua
3051 3820 3197 3906 est,
3240 3810 3577 3888 essentia
3615 3834 3847 3911 quam
3893 3808 4190 3908 genuit,

976 3972 1213 4025 causa
1249 3958 1364 4024 est
1406 3947 1514 4023 illi
1559 3959 1637 4023 ut
1679 3949 1800 4023 sit.
1845 3948 2014 4024 Non
2084 3972 2269 4046 ergo
2331 3948 2576 4049 ipsam
2631 3947 2832 4047 qua¹
2864 3958 3004 4033 est,
3040 3946 3455 4023 essentiam
3511 3945 3804 4043 genuit.
3862 3942 4054 4021 Nam
4113 3943 4189 4019 in

979 4083 1111 4161 illa
1149 4086 1665 4187 simplicitate,
1711 4096 1788 4161 ut
1833 4083 2084 4183 inquit
2117 4083 2603 4183 Augustinus
2640 4077 2691 4179 ²,
2727 4082 2909 4181 quia
2978 4103 3134 4156 uon
3169 4089 3284 4157 est
3358 4078 3566 4156 aliud
3631 4103 3902 4182 sapere
3962 4101 4195 4179 quam

981 4251 1178 4320 esse,
1221 4230 1488 4308 eadem
1532 4237 1643 4301 est
1679 4224 1779 4299 ibi
1810 4221 2193 4322 ‘sapientia
2244 4245 2423 4321 qua*
2475 4219 2814 4296 essentia
2860 4242 2876 4293 :
2949 4217 3279 4316 ideoque
3340 4216 3545 4316 quod
3615 4216 3708 4293 de
3786 4215 4195 4315 sapientia,

981 4378 1127 4451 hoc
1156 4372 1250 4449 de
1292 4364 1623 4447 essentia
1666 4362 2020 4438 dicimus.
2084 4359 2300 4436 Sicut
2349 4381 2536 4454 ergo
2588 4379 2740 4429 non
2804 4352 3074 4451 gennit
3134 4351 3596 4453 sapientiam
3673 4376 3825 4452 qua
3893 4349 4204 4452 sapiens

978 4520 1121 4603 est,
1166 4506 1271 4581 ita
1312 4528 1453 4582 nec
1484 4501 1895 4580 essentiam
1940 4521 2092 4597 qua
2124 4507 2265 4573 est.
2304 4496 2402 4571 Ut
2445 4494 2656 4571 enim
2713 4487 3094 4592 sapientia
3153 4485 3467 4587 sapiens
3525 4499 3663 4574 est,
3709 4496 3786 4563 et
3859 4485 4199 4587 potentia

980 4654 1253 4744 potens
1296 4666 1313 4716 :
1362 4639 1463 4715 ita
1502 4647 1574 4712 et
1615 4634 1948 4711 essentia
1981 4627 2143 4731 ipse
2175 4643 2317 4707 est.
2367 4630 2814 4727 Eademque
2846 4623 3229 4725 sapientia
3260 4632 3377 4698 est
3435 4631 3509 4697 et
3580 4618 3952 4720 potentia,
4023 4643 4198 4720 qum

842 4797 855 4803 ’
975 4777 1337 4855 essentia.
1387 4776 1601 4849 Patet
1673 4770 1926 4867 itaquo
1967 4793 2057 4843 ex
2099 4765 2511 4867 pra-dietis,
2554 4764 2738 4863 quia
2775 4763 3002 4838 Pater
3031 4758 3448 4836 essentiam
3477 4753 3827 4833 divinam
3876 4780 4027 4830 non
4063 4778 4200 4853 ge-

977 4912 1172 4989 nuit.

1049 5302 1146 5362 ¹S.
1178 5295 1582 5368 AccusrtsusJ,
1587 5294 1708 5352 Lib.
1743 5292 1837 5347 vlt
1867 5289 1941 5346 de
1969 5285 2281 5355 Trinitate,
2311 5298 2446 5357 cap.
2479 5284 2570 5340 ¹⁰.

1047 5394 1070 5430 ²
1094 5391 1229 5450 Edit
1257 5386 1783 5462 Joan.2Alleaume,
1809 5396 1954 5454 quc.

1045 5484 1070 5521 ³
1100 5481 1157 5541 S.
1189 5486 1569 5547 Acuusrmus,
1603 5474 1725 5534 Lib.
1759 5472 1851 5530 vn
1885 5471 1957 5527 de
1986 5467 2296 5537 Trinitate,
2334 5481 2467 5537 cap.
2501 5465 2570 5518 to
