4897 6388
585 695 589 708 -
580 463 589 608 -ῌ-αῆ
577 237 589 436 Ἴ---..·.-,-σιοι---ιι·
575 111 586 208 ι-ᾼοη
576 69 584 92 v·-

646 291 653 298 ι
636 53 649 62 0

654 120 667 127 Ι

584 633 589 666 l

584 737 615 826 ξ’
733 752 878 802 aaz.

1725 376 1732 381 -
1774 299 1870 408 iN
1919 338 1947 405 1
1999 323 2429 408 SENTENT.
2480 303 2710 401 mST.
2759 321 3269 415 111,'G,‘ART.
3321 303 3508 430 2-1.]’
3569 344 3593 368 -<
3691 391 3709 420 .,

1014 514 1388 606 telligentia
1455 512 1656 598 Filio,
1727 518 1796 578 et
1876 507 2198 578 voluntas
2284 503 2580 594 Spiritui

1016 630 1275 690 sancto.

1103 729 1208 794 An
1237 748 1437 810 Amin>
1466 723 1854 802 dicendum,
1900 721 2087 815 quod
2117 721 2276 788 licet
2331 714 2582 784 memi-

1018 837 1197 902 nisse
1228 844 1295 902 et
1333 830 1715 924 intelligere
1746 841 1812 901 et
1849 831 2026 899 velle
2066 829 2205 897 sint
2254 825 2578 893 interiora

884 1029 889 1032 .
1014 944 1165 1020 Dei,
1204 950 1271 1010 ct
1338 942 1662 1009 interiora
1731 941 1978 1008 animae
2032 934 2408 1014 rationaliS,
2470 943 2579 1003 ta-

753 2815 838 2864 Ad
855 2817 900 2863 3.

1018 1072 1177 1117 men
1218 1057 1494 1139 propter
1530 1047 1664 1117 hoc
1694 1049 1856 1140 quia
1884 1069 2024 1115 non
2065 1055 2224 1114 sunt
2272 1047 2340 1113 in
2382 1053 2580 1112 natu·

1018 1179 1116 1234 ra,
1179 1178 1331 1247 quae
1397 1156 1486 1224 sit
1542 1156 1746 1223 unius
1805 1155 2090 1222 rationis
2121 1155 2193 1222 in
2229 1154 2376 1221 Deo
2410 1154 2579 1220 etin

1018 1264 1276 1345 anima,
1320 1287 1462 1332 non
1503 1271 1729 1354 potest
1766 1262 1898 1332 dici
1939 1263 2121 1331 [ilius
2165 1281 2182 1331 ε
2230 1264 2391 1351 quia
2444 1282 2579 1350 pa-

1018 1381 1121 1440 ter
1159 1382 1229 1440 et
1258 1371 1438 1439 lilius
1468 1392 1737 1461 semper
1775 1379 1936 1439 sunt
1990 1372 2062 1437 in
2127 1377 2371 1437 natura
2411 1387 2575 1448 una,

1017 1480 1127 1548 vel
1160 1480 1244 1548 ad
1280 1481 1503 1547 minus
1571 1481 1642 1548 in
1681 1490 1923 1549 natura
1981 1501 2136 1570 quae
2198 1476 2576 1546 secundum

1020 1590 1357 1656 rationem
1389 1611 1525 1656 una
1555 1597 1658 1657 est
1703 1590 1776 1656 in
1820 1597 2111 1678 utroque
2156 1610 2174 1655 ε
2253 1586 2386 1654 hoc
2451 1607 2581 1651 au-

1017 1705 1155 1764 tem
1189 1719 1330 1764 non
1360 1704 1464 1764 est
1493 1695 1606 1765 hic
1649 1719 1665 1765 ε
1710 1703 1777 1765 et
1832 1696 1986 1764 ideo
2044 1703 2289 1763 natura
2326 1693 2578 1761 animae

1019 1805 1261 1894 rc'cipit
1323 1805 1453 1871 ista
1520 1805 1717 1895 quasi
1774 1803 2091 1894 quaedam
2132 1802 2572 1870 extrinseca:

1020 1913 1183 2004 quia
1212 1912 1399 2004 quod
1438 1920 1540 1980 est
1570 1913 1641 1979 in
1680 1910 2145 1980 materialibus
2203 1909 2572 2000 quantitaS‚

1018 2024 1154 2094 hoc
1192 2031 1292 2091 est
1331 2022 1405 2090 in
1449 2021 1877 2112 potestativis
1924 2021 2069 2088 sive
2107 2017 2579 2110 spiritualibus

1019 2133 1241 2199 virtus
1276 2153 1292 2198 ε
1327 2137 1395 2197 et
1425 2129 1607 2219 quod
1634 2137 1736 2197 est
1774 2130 1845 2196 in
1875 2126 2343 2198 materialibus
2369 2125 2581 2195 confi-

1019 2240 1290 2332 guratio
1321 2236 1774 2306 lineationum
1814 2238 2233 2305 exteriorum
2278 2237 2349 2302 in
2409 2239 2583 2326 tigu-

1022 2369 1119 2424 ra‚
1163 2345 1295 2414 hoc
1351 2352 1455 2413 cst
1510 2346 1581 2412 in
1637 2345 2064 2436 potestativis
2101 2342 2581 2413 convenientia

995 2454 1487 2545 'potentiarum
1552 2452 1640 2520 ad
1693 2461 1921 2521 actum
1970 2459 2039 2522 et
2067 2452 2466 2542 objectum:
2512 2457 2582 2519 et

1021 2562 1175 2630 ideo
1236 2582 1430 2628 mens
1488 2561 1716 2652 imago
1786 2559 1909 2627 Dei
1982 2559 2255 2637 dicitur,
2315 2566 2385 2627 et
2435 2579 2578 2626 non

1023 2669 1228 2739 lilius.

1112 2779 1217 2844 An
1246 2800 1446 2845 *uun
1477 2775 1866 2856 dicendum,
1911 2775 2092 2866 quod
2124 2797 2282 2844 cum
2330 2775 2579 2843 dicitur

1023 2882 1206 2974 quod
1238 2881 1449 2950 homo
1482 2880 1684 2950 habet
1726 2883 2096 2974 imaginem
2144 2881 2213 2949 in
2271 2882 2579 2972 potentia

1024 2988 1476 3082 intelligendi,
1552 2990 1881 3082 accipitur
1936 2990 2241 3084 potentia
2321 2988 2581 3057 intelli-

1023 3098 1225 3189 gendi
1266 3096 1677 3189 generaliter
1712 3120 1836 3187 pro
1894 3097 2201 3188 potentia
2264 3096 2580 3165 ordinata

1022 3206 1107 3273 ad
1139 3204 1664 3296 intelligendum
1700 3213 1771 3272 ct
1798 3227 1923 3295 pro
1962 3204 2208 3273 ess'ectu
2237 3205 2386 3292 ejus
2419 3226 2435 3271 ε
2473 3228 2583 3272 or·

1024 3312 1256 3381 dinata
1295 3321 1525 3381 autem
1565 3312 1649 3380 ad
1698 3310 2220 3403 intelligendum
2277 3322 2382 3381 est
2437 3334 2582 3380 me·

1024 3421 1244 3489 moria
1277 3420 1569 3488 tenendo
1607 3419 1791 3511 apud
1828 3442 1899 3489 se
1966 3420 2310 3499 notitiam,
2377 3428 2444 3488 et
2482 3421 2582 3487 si-

1025 3530 1278 3597 militer
1333 3527 1783 3620 intelligentia
1852 3527 2206 3596 intuendo
2288 3550 2388 3612 se,
2470 3526 2580 3596 vel

1025 3637 1246 3706 Deum
1281 3638 1350 3704 in
1382 3637 1625 3704 notitia
1657 3644 1840 3704 tenta
1878 3635 2060 3726 apud
2089 3660 2162 3703 se
2196 3658 2213 3704 ε
2260 3658 2417 3704 cum
2450 3658 2584 3703 au-

1025 3753 1161 3815 tem
1196 3768 1282 3812 ex
1321 3743 1440 3813 tali
1471 3744 1715 3812 notitia
1744 3767 2016 3834 semper
2053 3744 2316 3812 oriatur
2357 3767 2579 3823 amor,

1022 3853 1301 3922 ell'ectus
1332 3851 1603 3920 illarum
1669 3851 1957 3921 duarum
1988 3851 2367 3920 secundum
2396 3851 2584 3919 ordi·

1024 3985 1180 4031 nem
1213 3983 1450 4029 earum
1492 3959 1577 4027 ad
1610 3968 1838 4028 actum
1868 3969 1970 4028 est
2018 3959 2362 4029 voluntas.
2409 3960 2582 4030 Cum

1023 4079 1252 4138 autem
1320 4067 1569 4136 dicitur
1624 4066 1886 4135 habens
1950 4067 2470 4137 similitudinem
2515 4067 2586 4137 in

1028 4175 1334 4269 potentia
1374 4173 1729 4266 diligendi,
1761 4175 2093 4266 accipitur
2129 4177 2434 4266 potentia
2475 4173 2586 4243 di:

1025 4285 1280 4377 ligendi
1313 4308 1393 4352 ex
1455 4283 1689 4352 habitu
1746 4283 2099 4353 charitatis
2165 4295 2228 4354 ct
2287 4287 2580 4378 gratiae:

1028 4397 1187 4488 quia
1246 4393 1519 4461 habitus
1588 4391 1699 4461 ille
1752 4394 2012 4463 colorat
2068 4396 2469 4487 imaginem.
2513 4404 2590 4464 ut

1027 4502 1516 4594 supradictum
1560 4510 1684 4570 est.
1750 4502 1945 4572 Unde
2001 4503 2279 4595 quidam
2351 4504 2587 4575 Sancti

1030 4611 1289 4685 dicunt,
1335 4609 1519 4700 quod
1552 4606 1762 4677 homo
1805 4632 1926 4701 per
1953 4622 2307 4701 peccatum
2357 4614 2587 4681 amisit

1031 4717 1154 4786 Dei
1197 4717 1742 4793 similitudinem,
1797 4726 1863 4785 et
1901 4719 2178 4786 recessit
2247 4720 2314 4786 in
2355 4721 2590 4811 regio-

1034 4848 1189 4893 nem
1232 4823 1850 4892 dissimilitudinis:
1887 4824 2004 4892 sed
2048 4824 2446 4895 vulneratus
2485 4836 2585 4896 est

1037 4934 1103 5000 in
1145 4932 1444 5023 imagine
1481 4954 1495 4999 :
1539 4941 1601 4999 et
1645 4933 1741 5000 sic
1779 4941 1990 5025 patet,
2035 4934 2217 5025 quod
2284 4938 2590 5026 potentia

1045 5039 1367 5130 diligendi
1412 5062 1549 5107 non
1581 5049 1681 5108 cst
1717 5039 2037 5109 voluntas
2101 5041 2216 5109 illa
2273 5066 2427 5134 quae
2489 5054 2591 5112 est

1043 5170 1199 5238 pars
1262 5148 1581 5237 imaginis
1635 5148 2008 5241 secundum
2041 5157 2354 5218 naturam
2397 5175 2591 5222 men·

1040 5258 1149 5324 tis.

1131 5361 1236 5429 An
1264 5382 1563 5430 curmusi
1603 5360 1991 5441 dicendum,
2044 5362 2229 5454 quod
2289 5367 2591 5455 potentia

1040 5467 1460 5559 intelligendi
1520 5490 1661 5536 non
1698 5478 1798 5537 est
1870 5468 2018 5538 sola
2081 5469 2588 5564 intelligentia:

1040 5575 1157 5646 sed
1189 5577 1394 5644 etiam
1427 5576 1786 5659 memoria,
1819 5585 1886 5645 ct
1915 5578 2261 5658 voluntaS,
2319 5588 2393 5648 ut
2414 5627 2418 5631 <
2441 5580 2590 5670 jam

1039 5682 1294 5751 dictum
1326 5681 1491 5752 cstJ'
1578 5697 1593 5706 ·
1755 5676 1765 5685 ’
1987 5673 2062 5694 “’
2154 5674 2165 5682 ’
2220 5676 2227 5680 ’

3029 830 3534 902 ARTICULUS
3583 831 3877 902 XXVII.

2686 1041 3042 1127 Quomodo
3090 1041 3417 1132 differant
3462 1043 3600 1110 lzaec
3626 1044 3926 1135 quinque
3956 1067 4081 1135 per
4108 1069 4225 1112 or-
4440 1068 4496 1111 3

2772 1149 3024 1227 dinem,
3061 1172 3262 1217 nosse
3320 1172 3416 1228 se,
3462 1150 3834 1241 intelligere
3898 1173 3995 1232 se,
4045 1152 4221 1221 velle

2773 1279 2868 1341 se,
2902 1257 3284 1327 discernere
3317 1281 3413 1337 se,
3448 1268 3509 1326 et
3538 1261 3836 1350 cogitare
3864 1282 3938 1327 se
3959 1267 3989 1327 *ἲ

2776 1585 3035 1654 Deinde
3094 1586 3420 1675 quaeritur
3493 1584 3575 1652 de
3637 1584 3769 1653 hoc
3824 1584 4010 1675 quod
4074 1585 4237 1654 dic-it
4361 1623 4364 1626 ·

2697 1719 2727 1756 α
2755 1694 2927 1760 Ecce
2964 1693 3146 1759 enim
3176 1713 3363 1758 mens
3390 1691 3700 1758 meminit
3723 1691 3861 1771 sui,
3895 1690 4231 1782 intelliqit

2680 1827 2773 1885 se,
2810 1803 3050 1893 diliqit
3086 1825 3180 1882 se,
3224 1809 3354 1870 etc.
3400 1827 3434 1863 n
3826 1814 3830 1818 ’

2777 1913 2838 1979 1.
2863 1910 3156 1978 Videtur
3192 1910 3375 1977 enim
3404 1908 3584 1978 idem
3623 1929 3768 1976 esse
3806 1908 4223 1996 meminisse,

2683 2030 2752 2089 et
2788 2020 3168 2111 intelligere
3212 2042 3228 2088 :
3271 2020 3539 2087 sienim
3571 2020 3902 2086 memoria
3954 2017 4067 2088 hic
4102 2043 4227 2088 su-

2683 2127 2895 2197 mitur
2917 2151 3040 2220 pro
3071 2126 3452 2218 praeteritis,
3486 2124 3953 2217 praesentibus,
4013 2136 4079 2196 et
4115 2127 4228 2196 su·-

2684 2236 2854 2305 turis
2889 2258 2905 2303 :
2940 2244 3006 2303 et
3046 2233 3496 2326 intelligentia
3559 2241 3661 2301 est
3705 2232 3798 2301 de
3862 2232 4116 2302 eisdem
4164 2243 4233 2304 et

2683 2344 2926 2413 eodem
2959 2343 3194 2422 modo.
3237 2342 3507 2411 videtur
3551 2341 3729 2409 idem
3773 2364 3921 2411 esse
3980 2341 4237 2412 intelli-

2683 2473 2845 2544 gere
2884 2460 2952 2520 et
2989 2451 3405 2519 meminisse.
3459 2448 3659 2529 Quod
3698 2458 3927 2517 autem
3978 2450 4233 2519 intelli-
4351 2484 4358 2488 -
4459 2455 4464 2460 ’

2683 2562 2916 2654 gentia
2970 2561 3060 2629 sit
3124 2560 3208 2630 de
3273 2559 3528 2629 eisdem
3594 2567 3662 2627 et
3711 2558 3952 2628 eodem
3992 2559 4225 2641 modo,

2683 2668 3011 2760 probatur
3043 2689 3060 2738 ε
3103 2669 3264 2759 quia
3303 2666 3744 2758 intelligentia
3784 2673 3884 2734 est
3922 2666 4006 2735 de
4050 2667 4224 2734 sim-

2682 2776 2841 2868 plici
2873 2779 3134 2845 ratione
3164 2776 3259 2845 rei
3300 2774 3408 2843 vel
3438 2776 3657 2866 specie
3692 2797 3708 2842 ε
3786 2772 3930 2843 llaec
3992 2784 4221 2844 autem

2684 2883 3090 2954 abstrahunt
3116 2883 3200 2951 ab
3231 2883 3418 2951 omni
3447 2881 3822 2950 dill'crentia
3863 2883 4213 2973 temporis,

2684 3000 2750 3061 et
2789 3013 2926 3060 uno
2957 2991 3165 3059 modo
3195 2991 3608 3059 conveniunt
3637 2989 4015 3080 praeteritis,
4046 3011 4219 3081 proe-

2684 3099 3015 3177 sentibus,
3059 3106 3127 3167 et
3153 3098 3421 3177 suturis,
3462 3099 3633 3167 sicut
3671 3105 3855 3188 patet
3882 3097 3951 3165 in
3999 3098 4223 3189 specie

2685 3206 2796 3276 vel
2854 3207 2925 3275 in
2964 3207 3230 3275 ratione
3284 3204 3609 3283 hominis,
3653 3226 3804 3296 quae
3851 3204 4228 3274 secundum

2688 3313 2875 3406 quod
2903 3321 3006 3382 est
3050 3311 3419 3391 intellecta,
3486 3309 3857 3381 secundum
3913 3312 4225 3381 eamdem

2690 3424 3024 3491 rationem
3063 3421 3385 3491 convenit
3426 3419 3817 3489 hominibus
3872 3421 4230 3490 existenti-

2689 3527 2818 3597 bus
2870 3529 2999 3598 sub
3055 3527 3360 3621 qualibet
3405 3526 3785 3596 differentia
3838 3530 4218 3620 temporisz

2689 3661 2853 3731 ergo
2891 3638 3191 3717 videtur,
3236 3636 3421 3728 quod
3466 3635 3909 3728 intelligentia
3950 3635 4035 3705 de
4090 3638 4231 3705 eis-

2691 3747 2847 3815 dem
2876 3747 2987 3827 sit,
3020 3754 3085 3814 et
3123 3746 3363 3815 codem
3395 3744 3624 3823 modo,
3675 3744 3759 3814 de
3818 3743 4064 3837 quibus
4127 3753 4231 3815 est

2696 3854 3028 3922 memoria
3090 3876 3108 3921 ε
3176 3874 3342 3944 ergo
3416 3852 3594 3920 idem
3660 3859 3763 3920 est
3841 3840 4234 3921 meminisse

2695 3961 2880 4055 quod
2913 3960 3320 4054 intelligere.

2784 4073 2850 4139 2.
2893 4069 3094 4151 Item,
3162 4069 3589 4161 Augustinus
3648 4067 3809 4137 dicit
3865 4066 3995 4138 hoc
4052 4070 4240 4161 quod

2695 4199 2890 4246 mens
2928 4178 3122 4245 novit
3150 4199 3223 4245 se
3260 4197 3277 4245 ε
3324 4197 3522 4244 nosse
3558 4182 3785 4243 autem
3852 4198 3924 4245 se
3978 4184 4080 4245 est
4139 4179 4241 4246 in·

2693 4285 2998 4378 telligere
3035 4308 3133 4363 se,
3169 4306 3325 4353 cum
3356 4292 3617 4353 constet
3643 4283 3828 4377 quod
3865 4283 3950 4353 de
4014 4285 4240 4354 sensi-

2695 4389 2813 4460 bili
2842 4391 3237 4483 cognitione
3266 4413 3405 4459 non
3435 4390 3751 4482 loquatur
3783 4412 3801 4460 :
3843 4412 4006 4483 ergo
4045 4401 4235 4462 actus

2698 4499 3079 4570 intellectus
3116 4499 3435 4568 convenit
3475 4499 3821 4568 memoriae
3855 4521 3874 4569 ε
3948 4498 4069 4568 sed
4104 4522 4237 4592 po·

2697 4609 2926 4678 tentia?
2987 4607 3499 4699 distinguuntur
3561 4630 3683 4698 per
3734 4615 3923 4676 actus
3986 4630 4004 4675 τ
4072 4630 4234 4700 ergo

2697 4717 3032 4786 memoria
3061 4725 3164 4786 est
3205 4716 3671 4808 intelligentia.

2788 4826 2853 4894 3.
2924 4824 3120 4904 Item,
3182 4824 3602 4916 Augustinus
3676 4826 3745 4891 in
3783 4822 3957 4892 libro
4022 4825 4086 4894 X
4156 4824 4242 4896 de

2705 4933 3036 5001 Triuilate
3065 4955 3088 4999 .·
3120 4930 3407 5000 Dillicile
3441 4933 3506 4998 in
3565 4939 3790 5000 mente
3820 4931 4244 5024 dignoscitur

2701 5038 3033 5108 memoria
3063 5038 3196 5119 sui,
3237 5047 3303 5107 et
3339 5037 3783 5129 intelligentia
3830 5040 3930 5106 sui
3968 5063 3984 5107 ε
4046 5040 4239 5131 quasi

2702 5148 2885 5215 enim
2919 5168 3057 5214 non
3096 5155 3256 5215 sunt
3292 5145 3437 5215 haec
3464 5145 3626 5228 duo,
3658 5146 3775 5215 sed
3817 5169 4025 5214 unum
4056 5147 4239 5216 duc-

2702 5255 2830 5324 bus
2861 5252 3213 5322 vocabulis
3277 5252 3675 5345 appellatur,
3736 5255 3907 5324 sicut
3962 5264 4242 5346 apparet

2707 5367 2776 5434 in
2804 5386 2886 5432 ea
2916 5360 3133 5432 reubi
3162 5360 3361 5432 valde
3392 5365 3516 5431 ista
3552 5364 3911 5454 conjuncta
3946 5371 4130 5442 sunt,
4173 5373 4245 5435 et.

2705 5471 2887 5542 aliud
2945 5470 3081 5539 alio
3140 5468 3329 5540 nullo
3416 5472 3814 5565 praeceditur
3907 5480 4243 5567 tempore,

2707 5602 3054 5674 amorque·
3110 5580 3255 5672 ipse
3309 5601 3458 5670 non
3512 5581 3799 5650 sentitur
3847 5602 4021 5668 esse,
4086 5604 4246 5653 cum

2708 5686 2865 5756 'eum
2932 5708 3074 5755 non
3129 5686 3353 5779 prodit
3437 5688 3828 5781 indigentia,
3916 5692 4243 5784 quoniam

3889 327 3930 407 .’
4033 331 4214 407 *125
4257 296 4282 346 ⁵
4380 317 4386 323 ’
