4897 6388
1932 214 2028 281 IN
2077 215 2104 283 1
2151 214 2584 282 SENTENT.
2638 210 2870 280 DIST.
2925 209 3085 318 XX,
3138 209 3225 323 Dp,
3264 211 3476 300 ΔΑΒΤ.
3531 216 3596 281 5.

4223 211 4352 279 549

1144 382 1408 457 onmia
1438 386 1705 481 procul
1747 384 1980 459 dubio
2014 407 2191 482 quae
2234 385 2465 458 habet
2514 385 2765 470 Pater,
2808 383 2983 456 Filii
3035 393 3244 458 sunt.
3293 387 3389 457 At
3428 383 3689 458 omnia
3736 406 3912 481 quae
3953 385 4180 474 habet
4218 386 4353 459 Pa-

1146 524 1280 603 ter,
1329 516 1498 589 Filii
1526 526 1708 591 sunt
1765 541 1780 591 :
1817 518 2376 616 omnipotentia
2409 541 2593 615 ergo
2629 517 2880 629 Patris
2913 517 3146 592 etiam
3179 528 3298 592 est
3325 517 3493 591 Filii
3527 542 3543 592 ε
3583 542 3735 592 non
3770 528 3885 593 est
3916 541 4092 614 ergo
4126 519 4352 593 Pater

1141 650 1522 746 potentior
1559 650 1750 726 Filio
1793 652 1839 725 ¹.

1589 1352 2094 1423 ARTICULUS
2142 1355 2225 1421 V.

1141 1565 1249 1629 An
1301 1566 1534 1643 Pater,
1592 1564 1847 1649 Filius,
1908 1576 1971 1632 et
2043 1568 2349 1658 Spiritus
2392 1580 2674 1637 sanctas

1395 1683 1559 1739 sunt
1587 1673 1656 1738 in
1681 1674 1991 1763 potentia
2020 1673 2318 1765 aequales
2352 1674 2393 1742 ?

1209 1991 1472 2060 Deinde
1529 1993 1856 2082 quaeritur'
1880 1992 1963 2061 de
2008 1991 2141 2062 hoc
2178 1993 2362 2084 quod
2403 1993 2567 2062 dicit
2597 1997 2669 2063 in

1122 2099 1418 2168 secunda
1481 2108 1695 2190 parte,
1746 2099 1993 2179 ibi,.B,
2051 2128 2086 2164 α
2128 2104 2381 2168 Potens
2416 2112 2667 2192 poten-

1116 2218 1247 2273 !em
1272 2208 1577 2298 potuerit
1599 2229 1924 2296 qenerare
1960 2207 2071 2274 vel
2092 2209 2399 2298 qiqnere‚
2431 2219 2495 2274 et
2526 2231 2664 2276 non

1119 2316 1544 2406 omnipotens
1580 2315 2127 2406 omnipotentem.
2175 2340 2208 2380 ι

1199 2423 1487 2491 Videtur
1586 2424 1793 2501 enim,
1877 2422 2062 2513 quod
2161 2432 2388 2492 teneat
2485 2427 2658 2493 ratio

1108 2529 1444 2600 liaeretici:

1204 2642 1260 2708 l.
1342 2640 1482 2708 Aut
1545 2640 1727 2707 enim
1795 2662 1993 2732 posse
2061 2642 2342 2733 gignere
2403 2642 2655 2710 Filium

1104 2755 1206 2813 est
1282 2746 1540 2837 aliquid
1613 2770 1841 2840 posse,
1908 2757 2023 2817 aut
2089 2771 2250 2818 non.
2319 2748 2394 2817 Si
2464 2773 2649 2820 non:

1101 2865 1262 2924 tunc
1335 2879 1472 2925 non
1534 2865 1714 2926 tenet
1786 2860 1958 2927 ratio
2015 2859 2377 2950 Augustini
2411 2870 2652 2929 contra

1101 2959 1499 3029 haereticum
1567 2962 1767 3046 tacta,
1822 2985 1978 3032 cum
2036 2964 2220 3044 dicit,
2256 2968 2396 3034 Aut
2422 2967 2652 3057 potuit

1104 3068 1384 3157 gignere
1414 3069 1700 3160 aequale,
1734 3079 1800 3138 et
1837 3071 2057 3139 noluit
2091 3095 2107 3140 :
2142 3081 2261 3140 aut
2297 3073 2548 3153 voluit,
2584 3084 2650 3143 et

1099 3200 1238 3244 non
1278 3179 1493 3268 potuit
1531 3200 1546 3245 :
1584 3187 1702 3248 aut
1759 3181 2004 3271 potuit,
2047 3180 2165 3251 sed
2205 3204 2343 3250 non
2397 3182 2643 3253 voluit.

1099 3283 1172 3349 Si
1211 3283 1453 3363 voluit,
1497 3295 1557 3353 et
1600 3309 1738 3354 non
1788 3289 2033 3378 potuit,
2080 3312 2242 3379 ergo
2302 3292 2646 3381 impotens

1095 3387 1219 3456 fuit
1258 3411 1273 3456 ε
1306 3390 1361 3455 si
1414 3390 1596 3458 enim
1639 3414 1833 3481 posse
1888 3392 2170 3483 gignere
2210 3416 2348 3462 non
2389 3403 2489 3461 est
2521 3394 2644 3462 ali·

1094 3496 1254 3586 quid
1284 3518 1509 3587 posse,
1543 3499 1596 3565 si
1631 3497 1758 3566 hoc
1799 3522 1934 3567 non
1975 3501 2190 3590 potuit
2229 3501 2455 3585 l’ater,
2500 3525 2639 3570 non

1092 3608 1400 3694 sequitur
1438 3606 1619 3697 quod
1682 3606 2021 3697 impotens
2064 3609 2262 3677 fue-rit
2297 3632 2315 3677 :
2350 3611 2468 3676 sed
2511 3609 2641 3679 hoe

1087 3713 1419 3803 sequitur,
1455 3723 1526 3780 ut
1583 3714 1742 3781 dicit
1799 3714 1969 3782 infra
2012 3738 2028 3782 z
2089 3739 2251 3806 ergo
2295 3740 2494 3807 posse
2525 3719 2639 3808 gi-

1086 3841 1291 3908 gnere
1327 3829 1425 3886 est
1474 3818 1729 3910 aliquid
1769 3842 1963 3909 posse
1993 3843 2008 3888 :
2045 3830 2110 3889 et
2151 3822 2278 3890 hoc
2312 3847 2448 3890 non
2482 3834 2632 3915 pot·

2796 1008 3053 1090 tentiae,
3086 1008 3535 1096 personaliter
3573 1005 3820 1078 habere
3855 1010 3937 1077 ab
3984 1005 4116 1073 alio
4147 1015 4212 1072 et
4232 1029 4345 1074 es-

2792 1117 3191 1201 sentialiter,
3227 1127 3329 1185 est
3370 1118 3792 1208 impotentiae
3829 1142 3844 1186 :
3898 1139 4057 1208 ergo
4089 1115 4340 1183 habere

2789 1227 2874 1295 ab
2906 1227 3041 1302 alio
3074 1227 3525 1318 personaliter
3565 1236 3632 1296 et
3671 1250 3808 1296 non
3868 1226 4333 1305 essentialiter,

2787 1335 3036 1424 partim
3075 1335 3205 1402 erit
3233 1337 3579 1424 potentiae,
3621 1344 3688 1402 et
3718 1334 3964 1425 partim
3994 1334 4338 1424 impoten-

2787 1444 2897 1510 tiae
2932 1465 2949 1512 :
2987 1451 3055 1511 et
3118 1442 3251 1511 hoc
3307 1445 3627 1512 convenit
3683 1443 3881 1523 Filio,
3924 1453 3990 1511 et
4050 1442 4335 1532 Spiritui

2784 1558 3060 1619 sancto:
3127 1573 3293 1641 ergo
3332 1553 3656 1642 potentiae
3714 1574 3950 1619 eorum
3981 1551 4331 1642 permixtae

2782 1668 2943 1728 sunt
2973 1659 3403 1750 impotentia,
3439 1669 3504 1728 et
3534 1660 3626 1727 ita
3673 1682 3812 1728 non
3866 1682 4056 1750 aeque
4101 1665 4335 1749 poten·
4386 1717 4395 1725 .

2782 1776 2885 1836 tes
2914 1767 3103 1835 Patri
3142 1790 3158 1834 :
3204 1790 3369 1858 ergo
3410 1790 3548 1835 non
3587 1776 3746 1836 sunt
3772 1759 4066 1858 aequales
4104 1767 4172 1833 in
4204 1788 4329 1853 po·

2779 1876 3018 1944 tentia.

2869 1983 2933 2050 3.
2987 1980 3188 2062 Item,
3258 1981 3466 2051 Pater
3500 1990 3820 2073 operatur
3891 2005 4009 2072 per
4048 1980 4322 2060 Filium,

2777 2103 2845 2160 et
2875 2114 3017 2160 non
3072 2114 3111 2161 e
3154 2113 3530 2160 converso:
3593 2115 3754 2183 ergo
3795 2091 4048 2183 aliquid
4079 2087 4362 2160 secun-'

2776 2201 2940 2268 dum
3000 2202 3381 2291 potentiam
3438 2208 3662 2290 potest
3702 2192 3926 2280 Pater,
3965 2198 4144 2289 quod
4185 2222 4324 2267 non

2774 2317 2999 2401 potest
3029 2308 3267 2387 Filius,
3303 2330 3428 2377 nec
3460 2306 3752 2399 Spiritus
3781 2315 4053 2376 sanctus
4098 2330 4114 2375 :
4156 2329 4322 2398 ergo

2773 2439 2914 2486 non
2943 2425 3108 2486 sunt
3133 2416 3458 2507 aequaleS.

2859 2525 2923 2591 4.
2972 2523 3171 2603 Item,
3215 2522 3403 2591 Nihil
3448 2532 3793 2614 receptum
3838 2524 3923 2591 ab
3963 2523 4189 2615 aliquo
4221 2533 4325 2593 est

2766 2655 2960 2725 aeque
2989 2639 3235 2724 potens
3282 2631 3470 2700 danti
3508 2655 3522 2699 ε
3573 2631 3688 2700 sed
3720 2633 4023 2723 potentia
4060 2631 4213 2700 Filii
4252 2640 4320 2700 et

2770 2737 3068 2830 Spiritus
3100 2740 3321 2807 sancti
3359 2747 3460 2807 est
3499 2747 3797 2830 accepta,
3832 2737 4049 2806 Patris
4087 2748 4315 2807 autem

2765 2846 2988 2915 dans:
3050 2869 3218 2937 ergo
3293 2868 3435 2914 non
3490 2854 3591 2914 est
3640 2868 3833 2938 aeque
3891 2845 4206 2915 nobiliter
4244 2850 4313 2914 in

2764 2953 2939 3022 Filio
2968 2962 3038 3022 et
3066 2953 3137 3021 in
3170 2951 3429 3044 Spiritu
3469 2961 3705 3022 sancto
3736 2954 3911 3022 sicut
3937 2956 4007 3021 in
4038 2952 4260 3022 Patre.

2848 3065 2913 3131 5.
2969 3062 3337 3141 Praeterea,
3385 3061 3670 3152 Propter
3713 3062 3969 3154 aliquid
4022 3062 4311 3154 speciale

2764 3168 2945 3237 Patri
2979 3167 3376 3237 attribuitur
3418 3169 3746 3260 potentia,
3788 3177 3856 3237 et
3895 3191 4032 3238 non
4108 3168 4304 3247 Filio,

2758 3300 2881 3346 nec
2915 3276 3201 3368 Spiritui
3258 3285 3492 3345 sancto
3527 3298 3544 3343 :
3605 3298 3770 3368 ergo
3804 3276 4092 3356 videtur,
4122 3276 4309 3369 quod

2754 3384 2882 3453 sibi
2919 3386 3223 3477 potentia
3241 3383 3618 3454 secundum
3663 3384 3920 3475 aliquid
3950 3385 4098 3476 plus
4144 3408 4307 3455 con·

2756 3495 2992 3561 veniat
3019 3515 3227 3584 quain
3261 3491 3413 3560 aliis
3450 3491 3743 3561 duobuS.

2843 3606 2909 3668 ti.
2957 3600 3157 3682 Item,
3218 3599 3418 3668 Ratio
3476 3601 3783 3692 principii
3816 3610 3918 3670 est
3964 3602 4131 3669 ratio
4173 3625 4303 3693 po·
4410 3686 4415 3691 ι

2751 3708 3022 3775 tentiae:
3084 3706 3205 3775 sed
3236 3707 3567 3796 majorem
3608 3710 3939 3777 rationem
3988 3708 4294 3800 principii

2749 3814 2953 3883 habet
2984 3815 3396 3906 principium
3430 3838 3568 3882 non
3597 3814 3680 3884 de
3709 3817 4064 3908 principio,
4090 3839 4292 3908 quam

1083 3937 1181 3994 est
1221 3925 1470 3993 Filius:
1523 3949 1684 4016 ergo
1719 3926 1916 3995 Pater
1962 3937 2179 4018 potest
2239 3932 2421 4021 quod
2493 3955 2633 4001 non
2747 3925 3158 4015 principium
3220 3924 3304 3992 de
3353 3926 3710 4016 Principio·
3752 3926 3858 3993 Vel
3910 3949 4112 4017 quam
4153 3948 4291 3995 ¹¹0ss

1085 4047 1305 4126 potest
1341 4036 1570 4110 Filius,
1605 4039 1791 4103 etsie
1842 4061 1978 4104 non
2018 4048 2172 4105 sunt
2220 4040 2518 4129 :equales
2560 4044 2629 4109 in
2746 4033 3157 4124 principium
3237 4057 3569 4124 perseum,
3637 4034 3755 4103 sed
3839 4035 3922 4104 de
4003 4047 4287 4128 utroque

2742 4141 3119 4231 principio:
3168 4143 3290 4212 sed
3348 4144 3752 4233 principium
3798 4146 4116 4212 convenit
4156 4143 4290 4212 l‘a-

2738 4250 2865 4316 tri:
2901 4272 3067 4339 ergo
3111 4248 3331 4317 Patris
3383 4252 3687 4341 potentia
3726 4273 3863 4317 non
3926 4261 4020 4318 est
4060 4273 4284 4342 :equa-

1076 4367 1140 4424 et
1217 4357 1706 4449 personaliter:
1751 4370 1815 4427 et
1892 4368 1992 4427 est
2041 4360 2286 4429 habere
2346 4363 2431 4428 ab
2488 4364 2622 4431 alio
2736 4355 2817 4423 lis
2883 4358 3208 4447 potentiae
3271 4356 3418 4424 Filii
3475 4368 3539 4425 et
3608 4356 3903 4447 Spiritus
3941 4361 4180 4436 sancti,
4215 4367 4282 4426 et

1088 4146 1412 4234 potentia.

1168 4255 1233 4318 2.
1273 4250 1466 4329 item,
1506 4252 1618 4320 Est
1658 4251 1902 4321 habere
1941 4276 1980 4319 a
2017 4277 2088 4319 se
2145 4255 2622 4339 essentialiter,

1074 4464 1544 4547 essentialiter,
1577 4476 1640 4532 et
1675 4467 2160 4554 personaliter:
2199 4479 2261 4536 et
2301 4468 2438 4536 duo
2483 4494 2623 4540 me·

1071 4572 1206 4649 «lia,
1239 4572 1493 4640 scilicet
1533 4571 1776 4639 habere
1828 4573 1913 4640 ab
1971 4574 2106 4642 alio
2140 4576 2613 4666 personaliter,

1067 4686 1303 4744 elnon
1373 4677 1871 4745 essentialiter:
1917 4688 1980 4746 et
2038 4677 2283 4749 habere
2323 4680 2408 4748 ab
2475 4682 2613 4749 alio

1063 4786 1531 4863 essentialiter,
1602 4798 1666 4852 et
1730 4810 1866 4853 nun
1926 4790 2417 4876 personaliter:
2488 4791 2608 4858 sed

1063 4892 1172 4959 ille
1214 4892 1491 4960 ultimus
1524 4893 1762 4961 modus
1792 4919 1937 4962 esse
1978 4918 2114 4962 non
2149 4907 2392 4986 potest,
2429 4921 2610 4988 quo-

1063 5003 1247 5066 niam
1306 5024 1751 5092 quaecumque
1820 5004 2110 5070 essentia
2161 5015 2256 5072 est
2316 5005 2400 5071 ab
2442 5006 2604 5084 alio,

1060 5129 1300 5173 omnes
1331 5129 1634 5195 personae
1669 5107 1846 5175 illius
1887 5107 1971 5174 ab
2011 5109 2145 5177 alio
2192 5121 2346 5176 suut
2403 5133 2416 5176 :
2491 5113 2608 5179 sed

1061 5215 1282 5297 video,
1326 5216 1509 5307 quod
1574 5241 1708 5284 non
1769 5216 2016 5286 habere
2055 5219 2137 5285 ab
2194 5220 2330 5287 alio
2373 5245 2610 5289 essen-

1056 5321 1306 5390 tialiter
1361 5332 1426 5391 et
1497 5323 1968 5414 personaliter,
2005 5337 2104 5394 est
2161 5350 2446 5397 summae
2479 5352 2611 5419 po-

1127 5556 1143 5590 ·
1179 5556 1236 5610 S.
1271 5556 1640 5626 Arcesi-uses,
1701 5555 1820 5612 Lib.
1853 5555 1924 5612 111
1954 5564 2160 5615 contra
2195 5559 2610 5631 Maximinum,

2731 4466 2829 4532 sie
2867 4463 3142 4532 videtur
3169 4463 3535 4555 procedere
3574 4465 3864 4556 objectio
3891 4464 4204 4536 haeretici.

2823 4572 2959 4638 Seu
2988 4595 3247 4640 cos-rna
3286 4594 3302 4641 :

2829 4683 2884 4748 l.
2921 4681 3235 4759 Genitus,
3279 4680 3406 4746 nisi
3452 4690 3693 4749 natura
3740 4681 4120 4773 degeneret,
4164 4684 4271 4753 vel

2721 4787 2988 4855 deliciat
3019 4809 3378 4877 generans,
3433 4788 3500 4855 in
3540 4790 3774 4856 omnia
3810 4789 4055 4857 similia
4085 4799 4275 4859 natu·

2724 4916 2811 4961 rae
2853 4893 3256 4983 producitur
3290 4916 3446 4961 cum
3486 4907 3889 4986 generante:
3924 4920 4076 4975 eum
4106 4920 4268 4990 ergo

2722 5004 3028 5092 potentia
3067 5002 3154 5068 sit
3203 5001 3285 5069 de
3325 5004 3684 5094 proecipuis
3717 5013 3997 5086 naturae,
4041 5028 4269 5074 neces-

2721 5114 2900 5179 sario
2964 5114 3030 5179 in
3081 5111 3376 5180 similem
3458 5111 3851 5204 producitur
3900 5118 4265 5206 potentiam

2726 5220 2934 5288 Filius
2964 5243 3122 5290 cum
3159 5220 3380 5289 Patre.

2812 5331 2878 5398 2.
2915 5328 3116 5409 Item,
3188 5328 3498 5409 Quorum
3559 5354 3695 5399 una
3750 5342 3851 5401 est
3908 5343 4144 5402 natura
4202 5345 4269 5404 et

2720 5578 2851 5635 cap.
2883 5564 2938 5616 2.

4306 4616 4397 4661 sod
4425 4624 4595 4663 eontra
