4897 6388
673 109 682 208 κ--κ-
673 43 682 86 -o

675 515 680 522 .
673 325 680 488 ,ᾼι-..κ

821 5037 1030 5086 Sotutio.

1826 297 1840 310 '
1903 325 1997 391 JN
2046 325 2071 390 1
2124 324 2547 419 εΕΝΤΕΝΤ.
2597 324 2824 393 nisr.
2879 326 3001 409 1x,
3060 329 3134 411 P,
3186 290 3390 394 Aur]
3440 330 3547 395 22.

4224 322 4351 392 303

2186 843 2269 915 P.
2314 845 2903 940 Αιῃιιηιεηίαίίο
2935 846 3305 921 haeretici.

1244 1180 1396 1254 Sed
1438 1179 1738 1277 inquiet
1768 1182 2179 1256 heeretieus
2217 1205 2233 1255 :
2271 1183 2514 1257 Omne
2556 1182 2766 1279 quod
2798 1192 3062 1256 natum
3099 1192 3240 1276 est,
3278 1206 3428 1256 non
3475 1207 3779 1281 semper
3806 1182 3990 1256 suit:
4050 1182 4230 1279 quia
4274 1181 4348 1252 in

1144 1312 1221 1387 id
1263 1324 1534 1388 natum
1567 1324 1682 1390 est
1721 1324 1806 1389 ut
1833 1326 2059 1391 esset.
2091 1315 2334 1391 Nemo
2375 1315 2699 1412 ambigit
2738 1317 2926 1414 quin
2960 1340 3053 1392 ea
3094 1341 3270 1415 quae
3330 1317 3408 1390 in
3454 1318 3682 1392 rebus
3742 1315 4106 1392 humanis
4170 1324 4352 1390 nata

1141 1459 1351 1545 sunt,
1388 1435 1805 1549 aliquando
1846 1474 1998 1525 non
2042 1450 2345 1526 fuerint.
2383 1449 2532 1526 Sed
2565 1450 2775 1525 aliud
2808 1461 2923 1527 est
2973 1474 3065 1526 ex
3105 1463 3213 1526 eo·
3266 1451 3503 1538 nasci,
3544 1452 3751 1549 quod
3819 1474 4125 1549 semper
4191 1474 4346 1524 non

1136 1585 1283 1660 ruit
1326 1610 1342 1661 :
1381 1586 1590 1662 aliud
1624 1598 1734 1662 est
1769 1610 1860 1662 ex
1891 1611 1981 1662 eo
2016 1598 2279 1662 natum
2318 1609 2515 1681 esse,
2561 1586 2768 1684 quod
2801 1610 3109 1685 semper
3136 1597 3276 1676 est.
3318 1587 3430 1661 Ibi
3470 1611 3615 1663 nee
3654 1610 3963 1686 semper
4005 1586 4168 1681 luit,
4213 1584 4346 1684 qui

1141 1722 1374 1797 Pater
1403 1731 1546 1817 est,
1590 1745 1735 1798 nee
1765 1746 2068 1821 semper
2097 1722 2323 1798 Pater
2351 1731 2467 1797 est
2510 1745 2526 1795 ε
2572 1731 2647 1797 ει
2691 1721 2824 1821 qui
2868 1746 3021 1797 non
3067 1745 3373 1821 semper
3413 1722 3639 1797 Pater
3677 1733 3819 1816 est,
3849 1746 4004 1797 non
4046 1744 4353 1818 semper

1140 1857 1417 1955 genuit
1452 1880 1469 1933 ε
1509 1857 1640 1932 ubi
1681 1868 1932 1934 autem
1977 1881 2281 1957 semper
2309 1858 2535 1933 Pater
2574 1867 2716 1952 est,
2748 1881 3055 1956 semper
3095 1856 3337 1932 Filius
3404 1867 3546 1963 est.
3621 1857 3839 1944 Quod
3909 1857 3971 1931 si
4043 1880 4349 1955 semper

1138 1991 1308 2068 Deo
1350 1992 1559 2069 Patri
1587 1992 1982 2092 proprium
2024 2004 2136 2069 εει
2174 1992 2378 2091 qudd
2417 2010 2735 2090 semper·
2781 2003 2898 2068 εει
2974 1993 3227 2085 Pater,
3298 2014 3613 2068 necesse
3657 2001 3770 2068 est
3810 1991 4001 2066 Filio
4035 2013 4343 2088 semper

1138 2125 1540 2226 proprium
1574 2149 1744 2203 esse
1777 2127 1979 2225 quod
2021 2136 2457 2226 semperest
2486 2125 2753 2202 Filius.
2800 2124 3201 2214 Quomodo
3251 2148 3435 2223 ergo
3487 2125 3705 2201 cadet
3771 2125 3847 2199 in
3894 2124 4342 2223 intelligen-

1135 2258 1320 2336 tiam
1363 2273 1737 2357 nostram,
1774 2272 1856 2336 ut
1892 2286 2046 2337 non
2089 2261 2313 2338 luerit
2349 2285 2656 2361 semper
2695 2260 2820 2338 cui
2861 2261 3261 2360 proprium
3332 2270 3448 2335 εει
3513 2283 3820 2359 semper
3885 2283 4056 2336 esse
4134 2260 4342 2358 quod

1132 2409 1404 2475 natum
1433 2398 1936 2475 estYNatum
1986 2422 2169 2496 ergo
2219 2397 2703 2504 unigenitum
2762 2397 3010 2473 Deum
3072 2394 3562 2489 eonfitemur,
3626 2396 3759 2471 sed
3830 2406 4093 2471 natum
4165 2405 4342 2470 ante

1130 2542 1512 2633 tempora,
1549 2556 1692 2610 nec
1721 2543 1896 2609 ante
1925 2555 2094 2608 esse
2124 2555 2355 2630 quam
2390 2541 2684 2627 natum,
2729 2555 2873 2608 nee
2904 2541 3081 2606 ante
3115 2540 3381 2604 natum
3424 2553 3659 2628 quam
3701 2553 3899 2623 esse,
3954 2529 4139 2627 quia
4198 2553 4342 2604 na-

1130 2663 1241 2741 sei
1282 2664 1491 2765 quod
1533 2676 1699 2742 erat
1725 2666 1915 2763 jem),
1951 2689 2105 2740 non
2129 2664 2338 2741 nasei
2369 2676 2511 2756 εει,
2547 2664 2681 2741 sed
2723 2663 3066 2763 seipsum
3106 2664 3505 2738 demutare
3550 2661 3965 2739 nascendo.
4004 2662 4167 2736 lloc
4211 2686 4345 2736 au·

1131 2793 1286 2875 tem
1319 2802 1752 2876 humanum
1785 2824 2097 2876 sensum
2140 2808 2212 2876 et
2244 2799 2831 2898 intelligentiam
2876 2797 3173 2874 excedit.
3217 2797 3484 2871 muudi
3532 2820 3547 2872 :
3587 2822 3741 2872 non
3789 2797 3932 2873 hoe
3972 2796 4174 2895 capit
4217 2822 4344 2871 ra-

1133 2935 1238 3012 tio
1274 2937 1640 3038 humanae
1667 2934 2217 3034 intelligentioe,
2244 2934 2375 3012 sed
2407 2933 2844 3035 prudentius
2875 2934 3127 3009 tidelis
3156 2932 3529 3030 professio
3556 2942 3695 3008 est.

1513 3506 2015 3576 ARTICULUS
2063 3508 2285 3578 xxtt.

1214 3718 1322 3784 An
1363 3717 1591 3784 vivum
1616 3727 1885 3786 tantum
1916 3727 2239 3786 nost-alm·
2263 3743 2350 3785 es·
2369 3719 2517 3786 rivo
2542 3718 2585 3787 P

1213 4032 1475 4102 Deinde
1503 4036 1831 4125 quaeritur
1856 4034 1939 4103 de
1971 4033 2094 4102 lnoc
2135 4034 2316 4127 quod
2345 4037 2505 4104 dicit
2544 4036 2671 4104 lti-

1119 4141 1359 4223 lariuS,
1413 4142 1529 4220 ihi,
1602 4141 1687 4222 N,
1722 4169 1758 4209 ι
1830 4143 2032 4229 Quod
2089 4152 2317 4211 melem
2389 4168 2475 4212 ez·
2522 4144 2671 4211 υἰυο

1120 4250 1356 4317 virum
1385 4261 1632 4319 natum
1684 4262 1802 4337 est,
1843 4250 2044 4319 habel
2104 4251 2487 4319 veniit-italis
2508 4275 2658 4344 per·

1116 4359 1405 4447 sectum,
1439 4365 1568 4427 etc.

1210 4463 1361 4533 lloe
1416 4467 1600 4534 enim
1649 4465 1916 4534 videtur
1964 4466 2248 4535 salsum:
2305 4470 2462 4557 quia
2504 4490 2674 4558 puer

1117 4570 1425 4640 nascitur
1470 4570 1552 4641 de
1599 4573 1810 4641 vivo:
1863 4583 1928 4640 et
1991 4581 2216 4641 tamen
2274 4596 2410 4641 non
2467 4571 2670 4641 habet

1123 4679 1502 4748 nativitatis
1547 4680 1918 4772 perlectum
1954 4704 1970 4748 :
2025 4683 2318 4749 nascitur
2362 4682 2547 4749 enim
2590 4681 2671 4750 de

1118 4796 1312 4877 patre
1343 4797 1410 4857 et
1450 4799 1666 4859 matre
1696 4790 2101 4859 viventibus,

1209 4995 1314 5063 An
1362 5019 1490 5064 noc
1519 4994 1902 5079 dicendum,
1936 4995 2117 5085 quod
2160 4994 2328 5064 nihil
2376 4999 2676 5067 nascitur

1123 5129 1205 5175 ex
1226 5106 1512 5175 omnino
1533 5108 1720 5186 vive,
1755 5107 1882 5175 nisi
1913 5105 2095 5197 quod
2125 5108 2420 5176 nascitur
2455 5132 2539 5178 ex
2576 5111 2677 5177 vi-

1123 5222 1191 5281 ta
1231 5215 1377 5305 ipsa
1405 5214 1629 5305 prima
1664 5237 1679 5282 :
1713 5223 1777 5282 et
1807 5213 1958 5281 ideo
1987 5211 2171 5281 solus
2202 5212 2408 5283 Filius
2447 5218 2675 5285 nasei-

1123 5331 1236 5392 tur
1270 5344 1358 5390 ex
1386 5324 1572 5391 vivo,
1612 5322 1694 5391 Et
1721 5320 1849 5391 hoc
1897 5321 2220 5413 probatur
2257 5323 2352 5391 sic
2390 5345 2408 5393 :
2445 5323 2522 5392 In
2562 5349 2674 5415 ge·

1126 5431 1481 5499 neratione
1547 5430 1956 5522 simplicium
2016 5429 2439 5499 mineralium
2503 5433 2673 5500 nihil

1124 5546 1223 5607 est
1252 5539 1493 5630 rivum
1535 5557 1553 5607 ζ
1596 5538 1757 5629 quia
1787 5537 1900 5606 illa
1932 5561 2066 5607 non
2095 5538 2335 5606 vivunt
2367 5562 2382 5606 ε
2419 5540 2596 5608 sicut
2616 5542 2670 5609 si

1123 5644 1547 5713 luminosum
1577 5644 1871 5735 proferat
1926 5644 2170 5724 lucem,
2213 5644 2323 5713 vel
2368 5644 2674 5716 elemen-

1420 5791 1534 5833 XXV

2784 3299 2929 3357 tum
2971 3292 3263 3379 speciem
3296 3314 3519 3367 suam,
3561 3291 3670 3359 vel
3717 3315 3801 3359 ex
3848 3292 4337 3361 commixtione

2782 3398 3279 3467 elementorum
3344 3400 3505 3466 tiaut
3566 3399 3820 3491 lapides
3872 3398 3981 3468 vel
4031 3398 4332 3468 metalla.

2783 3503 2858 3572 ln
2920 3506 3361 3595 generatione
3418 3515 3646 3575 autem
3704 3508 4020 3574 vivorum
4086 3505 4338 3597 duplex

2781 3611 3026 3678 modus
3056 3621 3181 3688 est,
3215 3611 3472 3680 scilieet
3512 3636 3593 3681 ex
3641 3623 4009 3704 generante
4054 3635 4229 3693 une,
4270 3623 4338 3681 et

2780 3738 2864 3783 ex
2905 3726 3174 3784 mortuo
3210 3738 3225 3783 ε
3263 3718 3435 3783 sicut
3480 3716 3546 3783 in
3585 3715 3691 3784 his
3731 3740 3882 3808 quie
3926 3740 4007 3786 ex
4038 3718 4333 3809 putrefa-

2781 3823 2907 3891 ctis
2939 3831 3333 3904 nascuntur,
3386 3846 3679 3914 quorum
3737 3824 4019 3893 modum
4060 3848 4339 3917 genera·

2783 3930 2987 3998 tionis
3025 3951 3230 4021 supra
3275 3932 3620 4022 tetigimus
3661 3954 3678 4000 ε
3713 3942 3776 4001 et
3824 3932 3892 4000 in
3942 3933 4073 4002 illis
4121 3941 4331 4025 patet,

2781 4035 2967 4128 quod
2997 4061 3133 4104 non
3174 4047 3274 4106 est
3313 4040 3659 4128 generatio
3700 4063 3784 4107 ex
3813 4043 3997 4109 vivo.
4042 4040 4144 4108 Ex
4173 4044 4337 4108 vivo

2782 4151 3008 4211 autem
3032 4154 3426 4234 generante,
3452 4168 3671 4236 neque
3706 4147 3771 4213 in
3794 4145 4067 4238 plantis,
4112 4170 4332 4238 neque

2783 4251 2850 4317 in
2908 4250 3343 4331 animalibus,
3397 4275 3615 4342 neque
3666 4254 3730 4319 in
3806 4251 4201 4322 hominibus
4260 4256 4335 4321 fit

2779 4359 3134 4448 generatio
3176 4359 3303 4425 nisi
3345 4382 3426 4426 ex
3458 4361 3741 4438 semine,
3778 4361 3964 4453 quod
3994 4384 4132 4430 non
4165 4361 4335 4430 vivit

2783 4473 2937 4533 actu
2970 4466 3215 4533 animae
3260 4490 3274 4534 z
3309 4476 3374 4536 et
3411 4466 3523 4535 illa
3563 4491 3643 4536 ex
3686 4491 3823 4559 quo
3865 4479 3941 4538 ut
3969 4468 4335 4539 essentiali·

2783 4582 2884 4640 ter
2915 4573 2982 4639 in
3015 4583 3174 4640 nato
3215 4585 3629 4653 remanente,
3675 4599 3814 4645 non
3867 4575 3939 4646 [it
3984 4580 4334 4669 generatio

2783 4700 2867 4745 ex
2897 4680 3078 4746 vivo.
3109 4678 3241 4746 Sed
3276 4681 3344 4747 in
3367 4679 3613 4748 divinis
3642 4682 3695 4748 si
3728 4684 4116 4774 praepositio
4145 4690 4340 4751 notat

2786 4785 3204 4856 identitatem
3257 4790 3591 4870 essentiae,
3644 4794 3803 4882 quia
3853 4790 4020 4860 nihil
4082 4792 4208 4860 nisi
4238 4794 4338 4858 vi-

2784 4918 2948 4963 vum
2982 4897 3166 4965 estin
3202 4897 3424 4975 Patre,
3461 4901 3530 4967 [it
3563 4904 3911 4991 generatio
3943 4926 4028 4971 ex
4059 4904 4204 4994 ipsa
4234 4905 4337 4971 vi·

2786 5012 2853 5071 ta
2908 5014 2972 5072 et
3039 5008 3199 5073 vivo
3270 5028 3285 5072 :
3361 5014 3428 5075 et
3483 5005 3612 5076 hoe
3667 5010 3952 5078 attendit
4008 5010 4332 5089 Hilarius,

2784 5113 3059 5204 quando
3092 5114 3278 5197 dicit,
3333 5115 3514 5205 quod
3565 5139 3703 5184 non
3753 5125 3976 5208 potest
4029 5142 4175 5186 esse
4207 5119 4337 5185 nisi

2783 5223 3017 5291 vivum
3071 5223 3255 5315 quod
3298 5234 3399 5292 est
3451 5249 3534 5293 ex
3586 5228 3743 5295 vivo
3792 5236 4054 5296 natum.
4109 5228 4333 5310 Unde,

2781 5331 2980 5402 Joan.
3026 5357 3095 5417 v,
3136 5336 3265 5403 26:
3299 5336 3496 5402 Sicut
3528 5338 3737 5403 Pater
3763 5336 3966 5406 habel
4007 5339 4219 5406 vitam
4270 5339 4339 5405 in

2781 5444 3166 5535 semetipso,
3197 5444 3296 5511 sic
3326 5442 3515 5510 dedit
3542 5455 3605 5511 el
3640 5445 3823 5513 Filio
3853 5446 4103 5514 habere
4126 5448 4342 5514 vilam

2787 5550 2857 5616 ἰη
2886 5551 3269 5641 semetipso,
