4897 6388
1679 413 1696 465 ς
1801 379 1893 446 ΙΝ
1939 381 1969 447 I
2018 379 2442 447 SENTENT.
2502 370 3034 456 olsT.'xxtv‚
3088 379 3167 456 E,
3221 378 3422 446 ΛΒΤ.
3477 380 3542 445 5.
3794 435 3807 444 ,
4147 373 4273 440 617

1060 547 1138 621 Si
1199 552 1450 625 solum
1521 551 1750 624 fuisse
1809 549 2024 641 dicis,
2082 548 2322 644 ipsius
2383 568 2570 619 voce
2622 546 3001 642 argueris,
3054 547 3409 637 dicentis,
3469 537 3914 636 Faciamus,
3978 551 4054 616 et
4098 540 4270 618 Νο-

1059 690 1323 758 stram.
1387 685 1713 759 Sustulit
1768 683 1968 757 enim
2023 680 2578 778 singularitatis
2626 703 2714 755 ac
2746 681 3190 756 solitudinis
3245 681 3833 778 intelligentiam
3895 676 4267 776 professio

1051 818 1419 892 consortii
1465 843 1480 892 ε
1528 817 1709 915 quia
1765 817 2077 914 aliquod
2130 816 2603 891 consortium
2656 839 2824 890 esse
2873 840 3028 890 non
3084 825 3330 913 potest
3395 815 3538 914 ipsi
3600 814 3967 898 solitario,
4013 833 4264 908 neque

1052 952 1388 1026 solitudo
1430 952 1744 1027 solitarii
1797 951 2066 1050 recipit
2106 952 2519 1026 Faciamus
2566 974 2581 1025 ε
2622 973 2761 1025 uec
2801 951 3057 1025 alieno
3117 976 3165 1023 a
3216 973 3297 1024 se
3344 950 3660 1043 diceret,
3702 949 4103 1025 Nostram.
4148 948 4272 1019 At·

1049 1087 1309 1180 tende,
1343 1088 1605 1180 lector,
1640 1087 1761 1161 his
1790 1087 2070 1174 verbis,
2109 1098 2183 1161 et
2221 1086 2395 1160 vide
2429 1085 2614 1183 quia
2653 1085 2967 1160 nomine
3001 1084 3369 1159 consortii
3402 1084 3922 1183 pluralitatem
3961 1079 4265 1179 signifi-

1051 1221 1256 1296 cavit
1312 1246 1328 1296 ε
1387 1223 1754 1321 professio
1796 1245 1977 1318 ergo
2037 1221 2398 1296 consortii
2443 1230 2559 1295 est
2610 1220 2981 1318 professio
3040 1220 3532 1318 pluralitatis,
3578 1242 3811 1318 quam
3869 1220 4259 1317 professus

1052 1366 1168 1429 est
1192 1357 1485 1450 dicens,
1519 1359 1953 1448 Facz'amuS,
1999 1367 2073 1431 et
2111 1357 2477 1433 Nostram
2514 1380 2529 1429 :
2569 1347 2993 1453 pluraliter
3028 1355 3236 1428 enim
3306 1364 3724 1453 utrumque
3766 1354 4069 1429 dicitur.
4109 1354 4259 1429 Sed

1049 1492 1194 1565 hac
1223 1491 1696 1590 professione
1738 1492 2194 1591 pluralitatis
2234 1516 2387 1566 non
2439 1491 2964 1566 diversitatem
3014 1493 3137 1565 vel
3175 1491 3749 1566 multitudinem
3803 1491 4082 1589 posuit,
4120 1492 4256 1567 sed

1040 1628 1538 1704 solitudinem
1601 1640 1673 1704 et
1724 1629 2332 1726 singularitatem
2379 1628 2712 1725 negavit.
2759 1627 2887 1703 Sic
2936 1651 3121 1726 ergo
3181 1652 3358 1703 oum
3420 1628 3750 1703 dicimus
3791 1629 4053 1727 plures
4096 1652 4257 1727 per-

1043 1785 1277 1838 sonas
1316 1765 1436 1839 vel
1473 1765 1984 1862 pluralitatem
2031 1788 2569 1863 personarum,
2607 1763 3168 1860 singularitatis
3209 1775 3284 1839 et
3323 1765 3763 1840 solitudinis
3824 1765 4251 1862 intelligen-

1038 1897 1222 1973 tiam
1258 1901 1765 1975 excludimus,

1297 2344 1380 2416 E.
1432 2338 1640 2429 Quid
1655 2364 1801 2437 per
1837 2341 2263 2415 ternarium
2303 2338 2792 2438 stym'ficelm·
2830 2339 3348 2429 eremeticam,
3392 2352 3545 2416 tres
3578 2364 3933 2439 personoe
3958 2340 3999 2414 ἱ)

1123 2679 1232 2751 lta
1274 2677 1501 2752 etiam
1548 2702 1721 2753 cum
1774 2677 2102 2752 dicimus
2149 2687 2300 2753 tres
2331 2700 2726 2775 personas,
2780 2678 3097 2755 nomine
3144 2680 3460 2755 ternarii
3526 2704 3682 2753 non
3735 2679 4239 2778 quantitatem

1023 2812 1325 2885 numeri
1371 2812 1447 2884 in
1502 2812 1658 2885 Deo
1693 2811 2077 2911 ponimuS‚
2111 2813 2228 2887 vel
2272 2812 2613 2910 aliquam
2654 2812 3213 2908 diversitatem,
3258 2814 3389 2888 sed
3453 2814 4043 2911 intelligentiam
4086 2837 4238 2888 non

1024 2947 1117 3021 ad
1144 2947 1378 3021 alium
1417 2946 1561 3020 nisi
1605 2947 1697 3020 ad
1733 2946 2035 3022 Patrem
2066 2956 2139 3023 et
2181 2946 2455 3020 Filium
2500 2957 2574 3022 et
2612 2947 2984 3047 Spiritum
3021 2958 3379 3023 sanctum
3414 2948 3899 3044 dirigendam
3944 2945 4242 3044 signifi-

1018 3097 1288 3146 camus
1332 3096 1348 3147 ε
1400 3082 1475 3145 ιιι
1528 3072 1622 3145 sit
1675 3071 1903 3169 liujus
1946 3072 2122 3146 dicti
2186 3071 2718 3167 intelligentia,
2768 3073 2952 3147 Tres
3000 3098 3358 3171 personat
3420 3084 3629 3169 sunt,
3674 3076 3795 3149 vel
3846 3085 4001 3149 tres
4061 3084 4243 3149 sunt

1034 3210 1261 3283 Pate-r
1308 3220 1376 3282 et
1427 3208 1659 3281 Filius
1708 3219 1779 3282 et
1818 3208 2149 3306 Spiritus
2207 3222 2546 3298 sanctuS,
2586 3208 2657 3282 id
2702 3220 2843 3299 est,
2893 3235 3034 3284 nec
3094 3221 3389 3285 tantum
3450 3213 3704 3305 Pater,
3755 3236 3892 3286 nec
3946 3223 4235 3287 tantum

1018 3343 1284 3435 Filius,
1333 3368 1469 3417 ner
1522 3355 1810 3417 tantum
1864 3344 2090 3418 Pater
2118 3355 2190 3419 et
2243 3344 2481 3418 Filius
2521 3344 2599 3417 in
2641 3345 2924 3419 deitate
2983 3356 3195 3438 sunt,
3232 3348 3363 3421 sed
3408 3348 3640 3423 etiam
3684 3348 4020 3446 Spiritus
4067 3371 4236 3422 san·

1015 3489 1213 3571 ctus,
1250 3491 1318 3553 vt
1375 3504 1524 3551 non
1571 3478 1769 3551 alius
1817 3480 1911 3553 ab
1971 3478 2113 3552 liis.
2162 3480 2559 3567 Similiter,
2605 3505 2759 3554 non
2809 3492 3109 3557 tantum
3156 3495 3267 3558 est
3335 3483 3435 3557 ibi
3492 3484 3657 3557 lia-c
3718 3507 4077 3582 persona,
4112 3484 4232 3558 vel

1020 3613 1179 3702 illa,
1211 3614 1324 3687 vel
1373 3615 1535 3686 lia-r
1569 3624 1640 3684 et
1687 3613 1838 3701 illa,
1875 3613 2006 3689 sed
2044 3616 2209 3688 lna=c
2241 3625 2313 3689 et
2349 3615 2506 3701 illa,
2553 3625 2625 3689 et
2660 3640 2810 3688 nun
2857 3618 3034 3691 alia.
3080 3620 3166 3692 Εἰ
3213 3620 3354 3692 linc
3390 3622 3547 3692 fure
3591 3624 3605 3656 ⁸
3649 3618 3748 3691 ita
3793 3618 4234 3714 intelligen-

1014 3748 1197 3821 ‹luin
1242 3747 1721 3839 Augustinus
1773 3749 1956 3823 satis
1997 3749 2356 3843 ostendit,
2405 3749 2533 3824 uhi
2579 3749 2787 3841 dicit,
2833 3753 3040 3849 quod
3098 3752 3229 3826 illo
3272 3754 3588 3829 nomine
3640 3778 3791 3828 nun
3836 3753 4232 3827 diversita-

1010 3896 1165 3959 tem
1206 3880 1534 3973 intelligi
1582 3881 1844 3972 voluit,
1888 3884 2018 3957 sed
2063 3883 2674 3979 singularitatem
2714 3885 2988 3962 noluit.

2655 4211 2842 4299 prius
2882 4219 2945 4278 vt
2991 4215 3330 4301 posterius
3376 4214 3621 4283 dicitur
3667 4216 3750 4283 de
3799 4217 4115 4285 Creatore
4157 4224 4224 4284 et

2652 4327 2963 4386 creatura
3008 4343 3023 4385 ε
3070 4320 3186 4386 sed
3221 4322 3398 4388 inter
3435 4325 3801 4391 essentiam
3859 4334 3923 4392 et
3986 4350 4221 4416 perso-

1455 4415 1948 4482 An'thULPS
2002 4415 2084 4485 Υ.
2655 4451 2810 4493 nam
2848 4450 2985 4495 nun
3021 4439 3119 4495 est
3163 4431 3354 4519 prius
3395 4442 3453 4497 et
3506 4434 3839 4522 posterius
3874 4457 4077 4525 :ergo
4119 4435 4214 4504 di·

2654 4536 2833 4602 citur
2864 4536 2930 4604 in
2976 4548 3267 4628 utroque
3299 4563 3384 4607 ex
3422 4564 3619 4631 aequo
3654 4563 3670 4608 ε
3706 4566 3871 4632 ergo
3901 4545 4214 4614 univoce.

1009 4641 1250 4707 Utrum
1321 4640 1550 4703 meiius
1610 4638 1749 4703 sire
1818 4638 2095 4704 lemtim·
2156 4637 2544 4704 numerales
2745 4650 2809 4712 2.
2860 4647 3057 4730 ltem,
3089 4650 3224 4717 Aut
3255 4672 3387 4718 una
3420 4662 3521 4718 est
3549 4654 3776 4720 nullas
3816 4656 4122 4723 essentiae
4151 4667 4217 4725 et

1091 4749 1368 4812 weit-mv
1416 4746 1869 4836 pra-dicentem·
1906 4746 1989 4810 «lv
2036 4747 2348 4821 aesc-ulia,
2386 4768 2543 4835 per·
2657 4777 2989 4843 personae,
3024 4766 3141 4825 aut
3171 4757 3350 4826 «luce.
3389 4760 3462 4826 Si
3495 4759 3644 4828 duae
3680 4784 3695 4831 ε
3730 4786 3893 4851 ergo
3926 4768 4217 4833 essentia

1084 4879 1278 4928 smne,
1313 4852 1740 4918 venatione?
2657 4869 2723 4928 et
2766 4885 3060 4950 persona
3105 4875 3264 4932 sunt
3310 4866 3472 4941 dun,
3518 4869 3696 4958 qnod
3751 4870 3994 4939 falsum
4056 4884 4208 4942 est:

2655 4991 2818 5059 ergo
2853 4970 3281 5060 relinquitur,
3315 4974 3496 5062 qumi
3531 4976 3616 5041 sit
3657 4999 3815 5043 una.

2746 5075 2881 5143 Seu
2911 5102 3161 5145 cosma
3199 5101 3214 5147 ε

1091 5178 1346 5245 Deinde·
1402 5180 1741 5267 quaeritur,
1800 5180 2033 5248 l'trum
2094 5187 2379 5251 univoce
2435 5186 2543 5252 di·
2751 5187 2806 5253 l.
2841 5186 3012 5251 Cum
3047 5187 3316 5265 dicitur,
3348 5190 3550 5259 l'ater
3587 5203 3684 5259 est
3728 5218 3929 5273 unuS,
3972 5220 4209 5267 sensus
4238 5178 4533 5228 ⁵²³⁰⁰⁰⁸¹'⁸·

994 5289 1169 5354 citur
1200 5310 1411 5353 unum
1455 5286 1536 5351 de
1565 5289 1850 5352 essentia
1891 5297 1953 5354 vt
1995 5288 2076 5356 de
2110 5296 2451 5379 persona?
2652 5303 2777 5369 est,
2816 5292 2877 5357 id
2912 5301 3038 5367 est,
3088 5298 3366 5364 notione
3415 5300 3772 5367 distinctus·
3828 5325 3844 5370 ε
3897 5326 4050 5371 cum
4082 5329 4209 5373 au-

1087 5391 1369 5458 Yidetur
1419 5389 1599 5480 quud
1641 5393 1735 5458 sic
1777 5414 1793 5458 ε
1840 5393 1997 5482 quia
2650 5408 2787 5464 tem
2831 5398 3101 5477 dicitur,
3146 5407 3441 5472 essentia
3491 5430 3649 5480 una,
3685 5430 3925 5476 sensus
3970 5419 4096 5490 est,
4141 5413 4207 5481 id

1091 5501 1145 5564 l.
1194 5497 1344 5564 Non
1396 5498 1740 5586 aequivoce
1808 5499 2231 5589 simpliciter,
2265 5503 2376 5569 sed
2420 5527 2541 5594 per
2651 5517 2777 5586 est,
2814 5509 2881 5573 in
2914 5532 2985 5574 se
3030 5509 3346 5592 indivisa,
3389 5524 3454 5581 et
3486 5515 3571 5582 ab
3597 5516 3747 5582 aliis
3786 5518 4003 5586 divisa
4045 5542 4061 5588 ε
4104 5544 4206 5588 er-

1065 5733 1082 5767 ¹
1116 5728 1266 5784 Edit.
1299 5727 1464 5782 Joan.
1496 5727 1826 5799 Allcaume,
1856 5732 2024 5798 sorte.
