<?xml version="1.0" encoding="UTF-8"?>
<!DOCTYPE html PUBLIC "-//W3C//DTD XHTML 1.0 Transitional//EN"
    "http://www.w3.org/TR/xhtml1/DTD/xhtml1-transitional.dtd">
<html xmlns="http://www.w3.org/1999/xhtml" xml:lang="en" lang="en">
 <head>
  <title>
</title>
<meta http-equiv="Content-Type" content="text/html;charset=utf-8" />
  <meta name='ocr-system' content='tesseract 3.04.00' />
  <meta name='ocr-capabilities' content='ocr_page ocr_carea ocr_par ocr_line ocrx_word'/>
</head>
<body>
  <div class='ocr_page' id='page_1' title='image "balbertimagnira03chgoog_0012.png"; bbox 0 0 4897 6388; ppageno 0'>
   <div class='ocr_carea' id='block_1_1' title="bbox 1 1398 522 1509">
    <p class='ocr_par' dir='ltr' id='par_1_1' title="bbox 1 1398 522 1529">
     <span class='ocr_line' id='line_1_1' title="bbox 43 1398 516 1454; baseline -0.015 -5"><span class='ocrx_word' id='word_1_1' title='bbox 43 1445 52 1454; x_wconf 83' lang='grc'><strong>,</strong></span> <span class='ocrx_word' id='word_1_2' title='bbox 86 1440 105 1447; x_wconf 85' lang='grc'><strong>-</strong></span> <span class='ocrx_word' id='word_1_3' title='bbox 206 1398 410 1446; x_wconf 65' lang='lat' dir='ltr'>Materia</span> <span class='ocrx_word' id='word_1_4' title='bbox 435 1410 516 1444; x_wconf 76' lang='lat' dir='ltr'>se·</span> 
     </span>
     <span class='ocr_line' id='line_1_2' title="bbox 1 1452 522 1509; baseline 0 -10"><span class='ocrx_word' id='word_1_5' title='bbox 1 1475 2 1478; x_wconf 39' lang='lat'>¹</span> <span class='ocrx_word' id='word_1_6' title='bbox 64 1504 72 1509; x_wconf 58' lang='grc'>,</span> <span class='ocrx_word' id='word_1_7' title='bbox 207 1453 350 1499; x_wconf 81' lang='lat' dir='ltr'>cundi</span> <span class='ocrx_word' id='word_1_8' title='bbox 370 1452 522 1501; x_wconf 69' lang='lat' dir='ltr'>Libri.</span> 
     </span>
    </p>
   </div>
   <div class='ocr_carea' id='block_1_2' title="bbox 58 2414 516 2623">
    <p class='ocr_par' dir='ltr' id='par_1_2' title="bbox 58 2414 516 2623">
     <span class='ocr_line' id='line_1_3' title="bbox 108 2414 470 2461; baseline -0.006 0"><span class='ocrx_word' id='word_1_9' title='bbox 108 2427 112 2432; x_wconf 91' lang='lat'>·</span> <span class='ocrx_word' id='word_1_10' title='bbox 232 2414 470 2461; x_wconf 72' lang='lat' dir='ltr'>emtum</span> 
     </span>
     <span class='ocr_line' id='line_1_4' title="bbox 58 2467 516 2623; baseline 0.011 -58"><span class='ocrx_word' id='word_1_11' title='bbox 58 2502 76 2565; x_wconf 63' lang='grc' dir='ltr'>ζ</span> <span class='ocrx_word' id='word_1_12' title='bbox 132 2488 141 2505; x_wconf 29' lang='lat'>&#39;¹</span> <span class='ocrx_word' id='word_1_13' title='bbox 192 2467 516 2623; x_wconf 43' lang='grc' dir='ltr'>οξῗειὲὶθῖο·</span> 
     </span>
    </p>
   </div>
   <div class='ocr_carea' id='block_1_3' title="bbox 567 368 2762 479">
    <p class='ocr_par' dir='ltr' id='par_1_3' title="bbox 567 368 2762 479">
     <span class='ocr_line' id='line_1_5' title="bbox 567 368 2762 479; baseline 0.005 -48"><span class='ocrx_word' id='word_1_14' title='bbox 567 368 607 431; x_wconf 81' lang='lat'><strong>2</strong></span> <span class='ocrx_word' id='word_1_15' title='bbox 1168 438 1172 443; x_wconf 65' lang='grc'>,</span> <span class='ocrx_word' id='word_1_16' title='bbox 1290 474 1299 479; x_wconf 19' lang='lat'><em>⁶</em></span> <span class='ocrx_word' id='word_1_17' title='bbox 1554 368 1639 436; x_wconf 80' lang='lat'>1).</span> <span class='ocrx_word' id='word_1_18' title='bbox 1691 369 1888 437; x_wconf 59' lang='grc' dir='ltr'><strong>ΑΕΒ.</strong></span> <span class='ocrx_word' id='word_1_19' title='bbox 1942 370 2153 438; x_wconf 87' lang='lat' dir='ltr'>MAG.</span> <span class='ocrx_word' id='word_1_20' title='bbox 2208 372 2412 439; x_wconf 75' lang='lat' dir='ltr'>om).</span> <span class='ocrx_word' id='word_1_21' title='bbox 2467 374 2762 471; x_wconf 78' lang='lat' dir='ltr'><strong>PRAED.</strong></span> 
     </span>
    </p>
   </div>
   <div class='ocr_carea' id='block_1_4' title="bbox 570 497 3863 633">
    <p class='ocr_par' dir='ltr' id='par_1_4' title="bbox 570 497 3945 633">
     <span class='ocr_line' id='line_1_6' title="bbox 570 497 3863 633; baseline 0.002 -34"><span class='ocrx_word' id='word_1_22' title='bbox 570 530 787 599; x_wconf 91' lang='lat' dir='ltr'>altior</span> <span class='ocrx_word' id='word_1_23' title='bbox 830 530 1007 599; x_wconf 82' lang='lat' dir='ltr'>Filio</span> <span class='ocrx_word' id='word_1_24' title='bbox 1051 532 1160 601; x_wconf 92' lang='lat' dir='ltr'>vel</span> <span class='ocrx_word' id='word_1_25' title='bbox 1204 531 1477 626; x_wconf 80' lang='lat' dir='ltr'>Spiritu</span> <span class='ocrx_word' id='word_1_26' title='bbox 1512 513 1791 627; x_wconf 68' lang='lat' dir='ltr'>sancto,</span> <span class='ocrx_word' id='word_1_27' title='bbox 1847 563 1928 611; x_wconf 92' lang='lat' dir='ltr'>eo</span> <span class='ocrx_word' id='word_1_28' title='bbox 1969 540 2156 633; x_wconf 90' lang='lat' dir='ltr'>quod</span> <span class='ocrx_word' id='word_1_29' title='bbox 2199 564 2347 611; x_wconf 89' lang='lat' dir='ltr'>una</span> <span class='ocrx_word' id='word_1_30' title='bbox 2379 543 2473 611; x_wconf 89' lang='lat' dir='ltr'>sit</span> <span class='ocrx_word' id='word_1_31' title='bbox 2502 497 2805 612; x_wconf 88' lang='lat' dir='ltr'>altitudo</span> <span class='ocrx_word' id='word_1_32' title='bbox 2839 546 3086 631; x_wconf 90' lang='lat' dir='ltr'>trium,</span> <span class='ocrx_word' id='word_1_33' title='bbox 3124 545 3314 613; x_wconf 89' lang='lat' dir='ltr'>sicut</span> <span class='ocrx_word' id='word_1_34' title='bbox 3345 513 3495 611; x_wconf 78' lang='lat' dir='ltr'>una</span> <span class='ocrx_word' id='word_1_35' title='bbox 3520 507 3768 630; x_wconf 51' lang='lat' dir='ltr'>digniss</span> <span class='ocrx_word' id='word_1_36' title='bbox 3843 568 3863 578; x_wconf 58' lang='lat'><em>³</em></span> 
     </span>
    </p>
   </div>
   <div class='ocr_carea' id='block_1_5' title="bbox 549 658 3757 1886">
    <p class='ocr_par' dir='ltr' id='par_1_5' title="bbox 549 658 3757 1886">
     <span class='ocr_line' id='line_1_7' title="bbox 562 658 3753 757; baseline 0.003 -35"><span class='ocrx_word' id='word_1_37' title='bbox 562 660 674 722; x_wconf 86' lang='lat' dir='ltr'>tas</span> <span class='ocrx_word' id='word_1_38' title='bbox 704 658 776 721; x_wconf 90' lang='lat' dir='ltr'>et</span> <span class='ocrx_word' id='word_1_39' title='bbox 809 676 998 723; x_wconf 91' lang='lat' dir='ltr'>unus</span> <span class='ocrx_word' id='word_1_40' title='bbox 1034 659 1289 738; x_wconf 83' lang='lat' dir='ltr'>honor,</span> <span class='ocrx_word' id='word_1_41' title='bbox 1336 664 1582 731; x_wconf 91' lang='lat' dir='ltr'>tamen</span> <span class='ocrx_word' id='word_1_42' title='bbox 1634 687 1762 755; x_wconf 90' lang='lat' dir='ltr'>per</span> <span class='ocrx_word' id='word_1_43' title='bbox 1798 668 2457 757; x_wconf 73' lang='lat' dir='ltr'>appropriationem</span> <span class='ocrx_word' id='word_1_44' title='bbox 2489 666 2839 737; x_wconf 89' lang='lat' dir='ltr'>convenit</span> <span class='ocrx_word' id='word_1_45' title='bbox 2872 668 3065 736; x_wconf 88' lang='lat' dir='ltr'>Patri</span> <span class='ocrx_word' id='word_1_46' title='bbox 3097 690 3248 736; x_wconf 86' lang='lat' dir='ltr'>esse</span> <span class='ocrx_word' id='word_1_47' title='bbox 3280 666 3753 746; x_wconf 89' lang='lat' dir='ltr'>altissimum,</span> 
     </span>
     <span class='ocr_line' id='line_1_8' title="bbox 562 778 3757 880; baseline 0.004 -37"><span class='ocrx_word' id='word_1_48' title='bbox 562 797 645 845; x_wconf 92' lang='lat' dir='ltr'>eo</span> <span class='ocrx_word' id='word_1_49' title='bbox 681 778 876 867; x_wconf 54' lang='lat' dir='ltr'>‚quod</span> <span class='ocrx_word' id='word_1_50' title='bbox 912 780 1064 870; x_wconf 89' lang='lat' dir='ltr'>ipse</span> <span class='ocrx_word' id='word_1_51' title='bbox 1113 784 1559 874; x_wconf 87' lang='lat' dir='ltr'>principium</span> <span class='ocrx_word' id='word_1_52' title='bbox 1602 793 1711 857; x_wconf 90' lang='lat' dir='ltr'>est</span> <span class='ocrx_word' id='word_1_53' title='bbox 1743 780 1954 859; x_wconf 83' lang='lat' dir='ltr'>totius</span> <span class='ocrx_word' id='word_1_54' title='bbox 2013 790 2441 874; x_wconf 80' lang='lat' dir='ltr'>divinitatiS,</span> <span class='ocrx_word' id='word_1_55' title='bbox 2513 795 2591 860; x_wconf 92' lang='lat' dir='ltr'>ut</span> <span class='ocrx_word' id='word_1_56' title='bbox 2644 789 2829 861; x_wconf 89' lang='lat' dir='ltr'>dicit</span> <span class='ocrx_word' id='word_1_57' title='bbox 2883 792 3364 879; x_wconf 81' lang='lat' dir='ltr'>AugustinuS,</span> <span class='ocrx_word' id='word_1_58' title='bbox 3427 811 3510 859; x_wconf 88' lang='lat' dir='ltr'>eo</span> <span class='ocrx_word' id='word_1_59' title='bbox 3560 786 3757 880; x_wconf 91' lang='lat' dir='ltr'>quod</span> 
     </span>
     <span class='ocr_line' id='line_1_9' title="bbox 560 902 3752 1008; baseline 0.003 -38"><span class='ocrx_word' id='word_1_60' title='bbox 560 902 710 993; x_wconf 89' lang='lat' dir='ltr'>ipse</span> <span class='ocrx_word' id='word_1_61' title='bbox 752 906 1202 999; x_wconf 89' lang='lat' dir='ltr'>principium</span> <span class='ocrx_word' id='word_1_62' title='bbox 1236 915 1343 980; x_wconf 91' lang='lat' dir='ltr'>est</span> <span class='ocrx_word' id='word_1_63' title='bbox 1384 935 1532 983; x_wconf 93' lang='lat' dir='ltr'>non</span> <span class='ocrx_word' id='word_1_64' title='bbox 1565 912 1651 981; x_wconf 94' lang='lat' dir='ltr'>de</span> <span class='ocrx_word' id='word_1_65' title='bbox 1675 914 2033 1004; x_wconf 88' lang='lat' dir='ltr'>principio</span> <span class='ocrx_word' id='word_1_66' title='bbox 2075 939 2088 982; x_wconf 92' lang='lat'>:</span> <span class='ocrx_word' id='word_1_67' title='bbox 2131 916 2357 986; x_wconf 86' lang='lat' dir='ltr'>Filius</span> <span class='ocrx_word' id='word_1_68' title='bbox 2402 921 2649 987; x_wconf 92' lang='lat' dir='ltr'>autem</span> <span class='ocrx_word' id='word_1_69' title='bbox 2680 916 3133 1008; x_wconf 88' lang='lat' dir='ltr'>principium</span> <span class='ocrx_word' id='word_1_70' title='bbox 3210 915 3296 984; x_wconf 93' lang='lat' dir='ltr'>de</span> <span class='ocrx_word' id='word_1_71' title='bbox 3337 915 3752 1005; x_wconf 90' lang='lat' dir='ltr'>principio:</span> 
     </span>
     <span class='ocr_line' id='line_1_10' title="bbox 555 1027 3753 1133; baseline 0.003 -34"><span class='ocrx_word' id='word_1_72' title='bbox 555 1033 868 1122; x_wconf 78' lang='lat' dir='ltr'>Spiritus</span> <span class='ocrx_word' id='word_1_73' title='bbox 909 1039 1214 1105; x_wconf 89' lang='lat' dir='ltr'>sanctus</span> <span class='ocrx_word' id='word_1_74' title='bbox 1245 1039 1489 1106; x_wconf 90' lang='lat' dir='ltr'>autem</span> <span class='ocrx_word' id='word_1_75' title='bbox 1524 1058 1669 1105; x_wconf 93' lang='lat' dir='ltr'>non</span> <span class='ocrx_word' id='word_1_76' title='bbox 1703 1044 1812 1107; x_wconf 90' lang='lat' dir='ltr'>est</span> <span class='ocrx_word' id='word_1_77' title='bbox 1840 1027 2285 1131; x_wconf 83' lang='lat' dir='ltr'>principium</span> <span class='ocrx_word' id='word_1_78' title='bbox 2339 1046 2667 1131; x_wconf 89' lang='lat' dir='ltr'>respectu</span> <span class='ocrx_word' id='word_1_79' title='bbox 2709 1042 3025 1130; x_wconf 86' lang='lat' dir='ltr'>alicujus</span> <span class='ocrx_word' id='word_1_80' title='bbox 3073 1060 3426 1133; x_wconf 81' lang='lat' dir='ltr'>personae,</span> <span class='ocrx_word' id='word_1_81' title='bbox 3471 1041 3597 1131; x_wconf 82' lang='lat' dir='ltr'>sed</span> <span class='ocrx_word' id='word_1_82' title='bbox 3639 1061 3753 1109; x_wconf 92' lang='lat' dir='ltr'>re·</span> 
     </span>
     <span class='ocr_line' id='line_1_11' title="bbox 554 1163 3632 1257; baseline 0.002 -30"><span class='ocrx_word' id='word_1_83' title='bbox 554 1163 805 1250; x_wconf 88' lang='lat' dir='ltr'>spectu</span> <span class='ocrx_word' id='word_1_84' title='bbox 834 1164 1197 1234; x_wconf 82' lang='lat' dir='ltr'>creaturae</span> <span class='ocrx_word' id='word_1_85' title='bbox 1232 1166 1545 1247; x_wconf 87' lang='lat' dir='ltr'>tantum,</span> <span class='ocrx_word' id='word_1_86' title='bbox 1579 1167 1651 1233; x_wconf 94' lang='lat' dir='ltr'>et</span> <span class='ocrx_word' id='word_1_87' title='bbox 1687 1168 1797 1233; x_wconf 91' lang='lat' dir='ltr'>est</span> <span class='ocrx_word' id='word_1_88' title='bbox 1824 1165 1912 1234; x_wconf 96' lang='lat' dir='ltr'>de</span> <span class='ocrx_word' id='word_1_89' title='bbox 1952 1168 2249 1256; x_wconf 89' lang='lat' dir='ltr'>utroque</span> <span class='ocrx_word' id='word_1_90' title='bbox 2280 1164 2673 1257; x_wconf 90' lang='lat' dir='ltr'>principi0,</span> <span class='ocrx_word' id='word_1_91' title='bbox 2716 1165 3027 1252; x_wconf 88' lang='lat' dir='ltr'>scilicet,</span> <span class='ocrx_word' id='word_1_92' title='bbox 3066 1171 3275 1236; x_wconf 87' lang='lat' dir='ltr'>Patre</span> <span class='ocrx_word' id='word_1_93' title='bbox 3315 1168 3386 1236; x_wconf 89' lang='lat' dir='ltr'>et</span> <span class='ocrx_word' id='word_1_94' title='bbox 3425 1163 3632 1235; x_wconf 87' lang='lat' dir='ltr'>Filio.</span> 
     </span>
     <span class='ocr_line' id='line_1_12' title="bbox 644 1263 3636 1378; baseline -0 -20"><span class='ocrx_word' id='word_1_95' title='bbox 644 1289 1070 1359; x_wconf 90' lang='lat' dir='ltr'>Secundum</span> <span class='ocrx_word' id='word_1_96' title='bbox 1114 1292 1222 1358; x_wconf 92' lang='lat' dir='ltr'>est</span> <span class='ocrx_word' id='word_1_97' title='bbox 1259 1288 1449 1378; x_wconf 93' lang='lat' dir='ltr'>quod</span> <span class='ocrx_word' id='word_1_98' title='bbox 1480 1288 1659 1358; x_wconf 92' lang='lat' dir='ltr'>dicit</span> <span class='ocrx_word' id='word_1_99' title='bbox 1694 1313 1709 1356; x_wconf 92' lang='lat'>:</span> <span class='ocrx_word' id='word_1_100' title='bbox 2710 1263 2732 1281; x_wconf 61' lang='lat'><strong>⁹</strong></span> <span class='ocrx_word' id='word_1_101' title='bbox 3633 1370 3636 1373; x_wconf 23' lang='lat'>¹</span> 
     </span>
     <span class='ocr_line' id='line_1_13' title="bbox 644 1413 3751 1507; baseline 0.001 -26"><span class='ocrx_word' id='word_1_102' title='bbox 644 1414 1124 1502; x_wconf 70' lang='lat' dir='ltr'>Primoqenita</span> <span class='ocrx_word' id='word_1_103' title='bbox 1163 1423 1329 1482; x_wconf 81' lang='lat' dir='ltr'>ante</span> <span class='ocrx_word' id='word_1_104' title='bbox 1357 1434 1632 1483; x_wconf 82' lang='lat' dir='ltr'>omnem</span> <span class='ocrx_word' id='word_1_105' title='bbox 1663 1427 2051 1485; x_wconf 75' lang='lat' dir='ltr'>creaturmn</span> <span class='ocrx_word' id='word_1_106' title='bbox 2075 1440 2098 1483; x_wconf 93' lang='grc'>.·</span> <span class='ocrx_word' id='word_1_107' title='bbox 2122 1417 2198 1485; x_wconf 92' lang='lat' dir='ltr'>in</span> <span class='ocrx_word' id='word_1_108' title='bbox 2251 1438 2394 1507; x_wconf 90' lang='lat' dir='ltr'>quo</span> <span class='ocrx_word' id='word_1_109' title='bbox 2450 1422 2745 1488; x_wconf 87' lang='lat' dir='ltr'>notatur</span> <span class='ocrx_word' id='word_1_110' title='bbox 2797 1418 3108 1487; x_wconf 90' lang='lat' dir='ltr'>materia</span> <span class='ocrx_word' id='word_1_111' title='bbox 3153 1415 3462 1487; x_wconf 88' lang='lat' dir='ltr'>secundi</span> <span class='ocrx_word' id='word_1_112' title='bbox 3531 1413 3751 1500; x_wconf 88' lang='lat' dir='ltr'>Libri,</span> 
     </span>
     <span class='ocr_line' id='line_1_14' title="bbox 553 1538 3755 1632; baseline 0 -24"><span class='ocrx_word' id='word_1_113' title='bbox 553 1540 631 1608; x_wconf 93' lang='lat' dir='ltr'>in</span> <span class='ocrx_word' id='word_1_114' title='bbox 664 1560 808 1630; x_wconf 90' lang='lat' dir='ltr'>quo</span> <span class='ocrx_word' id='word_1_115' title='bbox 857 1538 947 1607; x_wconf 93' lang='lat' dir='ltr'>de</span> <span class='ocrx_word' id='word_1_116' title='bbox 995 1539 1355 1608; x_wconf 79' lang='lat' dir='ltr'>creaturis</span> <span class='ocrx_word' id='word_1_117' title='bbox 1388 1541 1654 1630; x_wconf 90' lang='lat' dir='ltr'>agitur.</span> <span class='ocrx_word' id='word_1_118' title='bbox 1707 1545 1787 1610; x_wconf 84' lang='lat' dir='ltr'>Et</span> <span class='ocrx_word' id='word_1_119' title='bbox 1825 1563 1953 1632; x_wconf 93' lang='lat' dir='ltr'>per</span> <span class='ocrx_word' id='word_1_120' title='bbox 1980 1541 2281 1611; x_wconf 86' lang='lat' dir='ltr'>verbum</span> <span class='ocrx_word' id='word_1_121' title='bbox 2332 1541 2513 1611; x_wconf 92' lang='lat' dir='ltr'>illud</span> <span class='ocrx_word' id='word_1_122' title='bbox 2570 1542 3044 1631; x_wconf 75' lang='lat' dir='ltr'>significatur</span> <span class='ocrx_word' id='word_1_123' title='bbox 3089 1546 3422 1612; x_wconf 88' lang='lat' dir='ltr'>creatura</span> <span class='ocrx_word' id='word_1_124' title='bbox 3467 1538 3755 1610; x_wconf 92' lang='lat' dir='ltr'>duobus</span> 
     </span>
     <span class='ocr_line' id='line_1_15' title="bbox 555 1664 3753 1760; baseline 0 -24"><span class='ocrx_word' id='word_1_125' title='bbox 555 1665 818 1748; x_wconf 91' lang='lat' dir='ltr'>modis,</span> <span class='ocrx_word' id='word_1_126' title='bbox 862 1664 1609 1750; x_wconf 89' lang='lat' dir='ltr'>scilicet,secundum</span> <span class='ocrx_word' id='word_1_127' title='bbox 1668 1668 1941 1736; x_wconf 86' lang='lat' dir='ltr'>exitum</span> <span class='ocrx_word' id='word_1_128' title='bbox 1991 1689 2202 1736; x_wconf 90' lang='lat' dir='ltr'>suum</span> <span class='ocrx_word' id='word_1_129' title='bbox 2250 1690 2378 1759; x_wconf 92' lang='lat' dir='ltr'>per</span> <span class='ocrx_word' id='word_1_130' title='bbox 2425 1669 2878 1739; x_wconf 82' lang='lat' dir='ltr'>creationem</span> <span class='ocrx_word' id='word_1_131' title='bbox 2919 1692 2965 1740; x_wconf 91' lang='lat' dir='ltr'>a</span> <span class='ocrx_word' id='word_1_132' title='bbox 3012 1670 3253 1760; x_wconf 85' lang='lat' dir='ltr'>prima</span> <span class='ocrx_word' id='word_1_133' title='bbox 3301 1689 3526 1739; x_wconf 91' lang='lat' dir='ltr'>causa</span> <span class='ocrx_word' id='word_1_134' title='bbox 3588 1688 3753 1759; x_wconf 83' lang='lat' dir='ltr'>quae</span> 
     </span>
     <span class='ocr_line' id='line_1_16' title="bbox 549 1793 3753 1886; baseline 0 -24"><span class='ocrx_word' id='word_1_135' title='bbox 549 1796 742 1863; x_wconf 90' lang='lat' dir='ltr'>Deus</span> <span class='ocrx_word' id='word_1_136' title='bbox 770 1797 903 1877; x_wconf 88' lang='lat' dir='ltr'>est,</span> <span class='ocrx_word' id='word_1_137' title='bbox 938 1814 1113 1863; x_wconf 91' lang='lat' dir='ltr'>cum</span> <span class='ocrx_word' id='word_1_138' title='bbox 1141 1793 1360 1863; x_wconf 89' lang='lat' dir='ltr'>dicit:</span> <span class='ocrx_word' id='word_1_139' title='bbox 1393 1796 1898 1880; x_wconf 77' lang='lat' dir='ltr'>Primoyenita‚</span> <span class='ocrx_word' id='word_1_140' title='bbox 1935 1796 2104 1879; x_wconf 66' lang='lat' dir='ltr'>etc„</span> <span class='ocrx_word' id='word_1_141' title='bbox 2148 1798 2219 1863; x_wconf 94' lang='lat' dir='ltr'>et</span> <span class='ocrx_word' id='word_1_142' title='bbox 2242 1793 2651 1863; x_wconf 88' lang='lat' dir='ltr'>secundum</span> <span class='ocrx_word' id='word_1_143' title='bbox 2682 1795 2876 1886; x_wconf 90' lang='lat' dir='ltr'>quod</span> <span class='ocrx_word' id='word_1_144' title='bbox 2906 1799 3018 1865; x_wconf 91' lang='lat' dir='ltr'>est</span> <span class='ocrx_word' id='word_1_145' title='bbox 3054 1796 3130 1864; x_wconf 95' lang='lat' dir='ltr'>in</span> <span class='ocrx_word' id='word_1_146' title='bbox 3155 1795 3448 1886; x_wconf 83' lang='lat' dir='ltr'>propria</span> <span class='ocrx_word' id='word_1_147' title='bbox 3488 1798 3753 1863; x_wconf 90' lang='lat' dir='ltr'>natura</span> 
     </span>
    </p>
   </div>
   <div class='ocr_carea' id='block_1_6' title="bbox 544 1898 3748 2129">
    <p class='ocr_par' dir='ltr' id='par_1_6' title="bbox 544 1898 3748 2129">
     <span class='ocr_line' id='line_1_17' title="bbox 547 1898 3743 2007; baseline -0.001 -16"><span class='ocrx_word' id='word_1_148' title='bbox 547 1926 618 1991; x_wconf 90' lang='lat' dir='ltr'>et</span> <span class='ocrx_word' id='word_1_149' title='bbox 649 1920 1154 2003; x_wconf 75' lang='lat' dir='ltr'>universitate,</span> <span class='ocrx_word' id='word_1_150' title='bbox 1188 1939 1365 1990; x_wconf 90' lang='lat' dir='ltr'>cum</span> <span class='ocrx_word' id='word_1_151' title='bbox 1403 1917 1623 1987; x_wconf 90' lang='lat' dir='ltr'>dicit:</span> <span class='ocrx_word' id='word_1_152' title='bbox 1668 1922 1959 1990; x_wconf 84' lang='lat' dir='ltr'>Omnem</span> <span class='ocrx_word' id='word_1_153' title='bbox 1989 1928 2405 1989; x_wconf 82' lang='lat' dir='ltr'>creaturam.</span> <span class='ocrx_word' id='word_1_154' title='bbox 2445 1898 2654 1991; x_wconf 84' lang='lat' dir='ltr'>Sicut</span> <span class='ocrx_word' id='word_1_155' title='bbox 2689 1921 2893 1990; x_wconf 89' lang='lat' dir='ltr'>enim</span> <span class='ocrx_word' id='word_1_156' title='bbox 2934 1919 3135 2007; x_wconf 90' lang='lat' dir='ltr'>dicit,</span> <span class='ocrx_word' id='word_1_157' title='bbox 3172 1920 3362 1990; x_wconf 87' lang='lat' dir='ltr'>Psal.</span> <span class='ocrx_word' id='word_1_158' title='bbox 3393 1940 3627 2003; x_wconf 82' lang='lat' dir='ltr'>xxxn,</span> <span class='ocrx_word' id='word_1_159' title='bbox 3655 1923 3743 1990; x_wconf 87' lang='lat'>9:</span> 
     </span>
     <span class='ocr_line' id='line_1_18' title="bbox 544 2033 3748 2129; baseline 0 -23"><span class='ocrx_word' id='word_1_160' title='bbox 544 2042 705 2129; x_wconf 78' lang='lat' dir='ltr'>Ipse</span> <span class='ocrx_word' id='word_1_161' title='bbox 733 2037 939 2124; x_wconf 73' lang='lat' dir='ltr'>dixit,</span> <span class='ocrx_word' id='word_1_162' title='bbox 975 2047 1041 2107; x_wconf 85' lang='lat' dir='ltr'>et</span> <span class='ocrx_word' id='word_1_163' title='bbox 1074 2041 1270 2127; x_wconf 77' lang='lat' dir='ltr'>facta</span> <span class='ocrx_word' id='word_1_164' title='bbox 1301 2043 1492 2104; x_wconf 82' lang='lat' dir='ltr'>sunt.</span> <span class='ocrx_word' id='word_1_165' title='bbox 1532 2036 1615 2102; x_wconf 84' lang='lat' dir='ltr'>Et</span> <span class='ocrx_word' id='word_1_166' title='bbox 1644 2034 1826 2104; x_wconf 88' lang='lat' dir='ltr'>dicit</span> <span class='ocrx_word' id='word_1_167' title='bbox 1854 2034 2337 2125; x_wconf 83' lang='lat' dir='ltr'>Augustinus,</span> <span class='ocrx_word' id='word_1_168' title='bbox 2370 2033 2443 2105; x_wconf 93' lang='lat' dir='ltr'>id</span> <span class='ocrx_word' id='word_1_169' title='bbox 2475 2039 2608 2121; x_wconf 92' lang='lat' dir='ltr'>est,</span> <span class='ocrx_word' id='word_1_170' title='bbox 2638 2036 2970 2107; x_wconf 85' lang='lat' dir='ltr'>Verbum</span> <span class='ocrx_word' id='word_1_171' title='bbox 3003 2038 3260 2127; x_wconf 90' lang='lat' dir='ltr'>genuit</span> <span class='ocrx_word' id='word_1_172' title='bbox 3289 2038 3363 2106; x_wconf 94' lang='lat' dir='ltr'>in</span> <span class='ocrx_word' id='word_1_173' title='bbox 3394 2057 3542 2129; x_wconf 87' lang='lat' dir='ltr'>quo</span> <span class='ocrx_word' id='word_1_174' title='bbox 3591 2040 3748 2106; x_wconf 90' lang='lat' dir='ltr'>erat</span> 
     </span>
    </p>
   </div>
   <div class='ocr_carea' id='block_1_7' title="bbox 536 2161 3751 3009">
    <p class='ocr_par' dir='ltr' id='par_1_7' title="bbox 536 2161 3751 3009">
     <span class='ocr_line' id='line_1_19' title="bbox 545 2161 3744 2254; baseline -0.001 -19"><span class='ocrx_word' id='word_1_175' title='bbox 545 2168 624 2235; x_wconf 90' lang='lat' dir='ltr'>ut</span> <span class='ocrx_word' id='word_1_176' title='bbox 654 2166 883 2236; x_wconf 83' lang='lat' dir='ltr'>fleret.</span> <span class='ocrx_word' id='word_1_177' title='bbox 929 2169 1121 2245; x_wconf 76' lang='lat' dir='ltr'>Erat,</span> <span class='ocrx_word' id='word_1_178' title='bbox 1191 2163 1524 2251; x_wconf 91' lang='lat' dir='ltr'>inquam,</span> <span class='ocrx_word' id='word_1_179' title='bbox 1574 2161 1648 2229; x_wconf 95' lang='lat' dir='ltr'>in</span> <span class='ocrx_word' id='word_1_180' title='bbox 1682 2161 1915 2231; x_wconf 92' lang='lat' dir='ltr'>Verbo</span> <span class='ocrx_word' id='word_1_181' title='bbox 1943 2161 2345 2231; x_wconf 90' lang='lat' dir='ltr'>secundum</span> <span class='ocrx_word' id='word_1_182' title='bbox 2377 2161 2565 2253; x_wconf 92' lang='lat' dir='ltr'>quod</span> <span class='ocrx_word' id='word_1_183' title='bbox 2610 2161 2934 2232; x_wconf 88' lang='lat' dir='ltr'>Verbum</span> <span class='ocrx_word' id='word_1_184' title='bbox 2965 2168 3075 2233; x_wconf 91' lang='lat' dir='ltr'>est</span> <span class='ocrx_word' id='word_1_185' title='bbox 3104 2185 3222 2233; x_wconf 87' lang='lat' dir='ltr'>ars</span> <span class='ocrx_word' id='word_1_186' title='bbox 3257 2163 3490 2233; x_wconf 87' lang='lat' dir='ltr'>Patris</span> <span class='ocrx_word' id='word_1_187' title='bbox 3523 2161 3744 2254; x_wconf 90' lang='lat' dir='ltr'>plena</span> 
     </span>
     <span class='ocr_line' id='line_1_20' title="bbox 545 2284 3615 2378; baseline -0.001 -18"><span class='ocrx_word' id='word_1_188' title='bbox 545 2290 918 2362; x_wconf 89' lang='lat' dir='ltr'>rationum</span> <span class='ocrx_word' id='word_1_189' title='bbox 949 2289 1286 2359; x_wconf 88' lang='lat' dir='ltr'>omnium</span> <span class='ocrx_word' id='word_1_190' title='bbox 1334 2286 1785 2372; x_wconf 42' lang='lat' dir='ltr'>viventium,</span> <span class='ocrx_word' id='word_1_191' title='bbox 1819 2284 1889 2355; x_wconf 93' lang='lat' dir='ltr'>id</span> <span class='ocrx_word' id='word_1_192' title='bbox 1915 2290 2048 2371; x_wconf 88' lang='lat' dir='ltr'>est,</span> <span class='ocrx_word' id='word_1_193' title='bbox 2088 2286 2213 2377; x_wconf 89' lang='lat' dir='ltr'>qui</span> <span class='ocrx_word' id='word_1_194' title='bbox 2244 2307 2503 2357; x_wconf 89' lang='lat' dir='ltr'>omnes</span> <span class='ocrx_word' id='word_1_195' title='bbox 2533 2285 2611 2356; x_wconf 95' lang='lat' dir='ltr'>in</span> <span class='ocrx_word' id='word_1_196' title='bbox 2652 2286 2807 2378; x_wconf 90' lang='lat' dir='ltr'>ipso</span> <span class='ocrx_word' id='word_1_197' title='bbox 2836 2288 3103 2359; x_wconf 83' lang='lat' dir='ltr'>vivunt</span> <span class='ocrx_word' id='word_1_198' title='bbox 3131 2292 3203 2358; x_wconf 90' lang='lat' dir='ltr'>et</span> <span class='ocrx_word' id='word_1_199' title='bbox 3233 2288 3384 2358; x_wconf 87' lang='lat' dir='ltr'>vita</span> <span class='ocrx_word' id='word_1_200' title='bbox 3412 2293 3615 2358; x_wconf 85' lang='lat' dir='ltr'>sunt.</span> 
     </span>
     <span class='ocr_line' id='line_1_21' title="bbox 635 2411 3751 2507; baseline -0.001 -16"><span class='ocrx_word' id='word_1_201' title='bbox 635 2424 807 2491; x_wconf 85' lang='lat' dir='ltr'>Erat</span> <span class='ocrx_word' id='word_1_202' title='bbox 846 2422 1093 2490; x_wconf 91' lang='lat' dir='ltr'>autem</span> <span class='ocrx_word' id='word_1_203' title='bbox 1133 2418 1474 2488; x_wconf 90' lang='lat' dir='ltr'>creatura</span> <span class='ocrx_word' id='word_1_204' title='bbox 1504 2415 1580 2483; x_wconf 95' lang='lat' dir='ltr'>in</span> <span class='ocrx_word' id='word_1_205' title='bbox 1611 2414 1753 2483; x_wconf 92' lang='lat' dir='ltr'>hoc</span> <span class='ocrx_word' id='word_1_206' title='bbox 1791 2412 2022 2482; x_wconf 85' lang='lat' dir='ltr'>Verbo</span> <span class='ocrx_word' id='word_1_207' title='bbox 2059 2411 2476 2502; x_wconf 86' lang='lat' dir='ltr'>dupliciter,</span> <span class='ocrx_word' id='word_1_208' title='bbox 2508 2412 2816 2492; x_wconf 88' lang='lat' dir='ltr'>scilicet,</span> <span class='ocrx_word' id='word_1_209' title='bbox 2864 2414 3059 2485; x_wconf 84' lang='lat' dir='ltr'>sic‘ut</span> <span class='ocrx_word' id='word_1_210' title='bbox 3093 2415 3169 2484; x_wconf 94' lang='lat' dir='ltr'>in</span> <span class='ocrx_word' id='word_1_211' title='bbox 3203 2416 3446 2485; x_wconf 91' lang='lat' dir='ltr'>medio</span> <span class='ocrx_word' id='word_1_212' title='bbox 3476 2438 3751 2507; x_wconf 90' lang='lat' dir='ltr'>cogno-</span> 
     </span>
     <span class='ocr_line' id='line_1_22' title="bbox 546 2537 3742 2633; baseline -0.001 -17"><span class='ocrx_word' id='word_1_213' title='bbox 546 2544 802 2617; x_wconf 87' lang='lat' dir='ltr'>scendi</span> <span class='ocrx_word' id='word_1_214' title='bbox 840 2541 1253 2613; x_wconf 91' lang='lat' dir='ltr'>secundum</span> <span class='ocrx_word' id='word_1_215' title='bbox 1288 2539 1673 2623; x_wconf 88' lang='lat' dir='ltr'>rationem,</span> <span class='ocrx_word' id='word_1_216' title='bbox 1707 2542 1779 2608; x_wconf 94' lang='lat' dir='ltr'>et</span> <span class='ocrx_word' id='word_1_217' title='bbox 1809 2537 1996 2607; x_wconf 89' lang='lat' dir='ltr'>sicut</span> <span class='ocrx_word' id='word_1_218' title='bbox 2033 2537 2107 2606; x_wconf 96' lang='lat' dir='ltr'>in</span> <span class='ocrx_word' id='word_1_219' title='bbox 2136 2559 2358 2607; x_wconf 90' lang='lat' dir='ltr'>causa</span> <span class='ocrx_word' id='word_1_220' title='bbox 2409 2538 2784 2629; x_wconf 83' lang='lat' dir='ltr'>operativa</span> <span class='ocrx_word' id='word_1_221' title='bbox 2814 2545 2887 2609; x_wconf 90' lang='lat' dir='ltr'>et</span> <span class='ocrx_word' id='word_1_222' title='bbox 2917 2540 3347 2633; x_wconf 86' lang='lat' dir='ltr'>productiva</span> <span class='ocrx_word' id='word_1_223' title='bbox 3384 2566 3399 2611; x_wconf 76' lang='grc' dir='ltr'>ε</span> <span class='ocrx_word' id='word_1_224' title='bbox 3445 2545 3518 2613; x_wconf 90' lang='lat' dir='ltr'>et</span> <span class='ocrx_word' id='word_1_225' title='bbox 3555 2542 3742 2623; x_wconf 92' lang='lat' dir='ltr'>ideo,</span> 
     </span>
     <span class='ocr_line' id='line_1_23' title="bbox 543 2664 3744 2760; baseline 0 -19"><span class='ocrx_word' id='word_1_226' title='bbox 543 2675 757 2741; x_wconf 89' lang='lat' dir='ltr'>Joan.</span> <span class='ocrx_word' id='word_1_227' title='bbox 792 2690 844 2755; x_wconf 82' lang='grc' dir='ltr'>ι,</span> <span class='ocrx_word' id='word_1_228' title='bbox 877 2672 923 2738; x_wconf 87' lang='grc'>3</span> <span class='ocrx_word' id='word_1_229' title='bbox 960 2672 1032 2737; x_wconf 88' lang='lat' dir='ltr'>et</span> <span class='ocrx_word' id='word_1_230' title='bbox 1068 2669 1137 2751; x_wconf 76' lang='lat'>4,</span> <span class='ocrx_word' id='word_1_231' title='bbox 1205 2664 1521 2735; x_wconf 89' lang='lat' dir='ltr'>dicitur:</span> <span class='ocrx_word' id='word_1_232' title='bbox 1552 2666 1727 2734; x_wconf 81' lang='lat' dir='ltr'>Sine</span> <span class='ocrx_word' id='word_1_233' title='bbox 1755 2667 1904 2753; x_wconf 80' lang='lat' dir='ltr'>ipso</span> <span class='ocrx_word' id='word_1_234' title='bbox 1928 2667 2199 2751; x_wconf 79' lang='lat' dir='ltr'>sactum</span> <span class='ocrx_word' id='word_1_235' title='bbox 2239 2673 2339 2734; x_wconf 78' lang='lat' dir='ltr'>est</span> <span class='ocrx_word' id='word_1_236' title='bbox 2372 2664 2567 2734; x_wconf 71' lang='lat' dir='ltr'>m‘lzil</span> <span class='ocrx_word' id='word_1_237' title='bbox 2589 2667 2784 2756; x_wconf 79' lang='lat' dir='ltr'>quod</span> <span class='ocrx_word' id='word_1_238' title='bbox 2802 2670 3082 2755; x_wconf 77' lang='lat' dir='ltr'>sactum</span> <span class='ocrx_word' id='word_1_239' title='bbox 3113 2680 3239 2737; x_wconf 82' lang='lat' dir='ltr'>est.</span> <span class='ocrx_word' id='word_1_240' title='bbox 3281 2674 3365 2738; x_wconf 84' lang='lat' dir='ltr'>ln</span> <span class='ocrx_word' id='word_1_241' title='bbox 3409 2671 3560 2760; x_wconf 79' lang='lat' dir='ltr'>ipso</span> <span class='ocrx_word' id='word_1_242' title='bbox 3601 2671 3744 2741; x_wconf 83' lang='lat' dir='ltr'>vita</span> 
     </span>
     <span class='ocr_line' id='line_1_24' title="bbox 541 2788 3736 2884; baseline -0.001 -15"><span class='ocrx_word' id='word_1_243' title='bbox 541 2807 716 2882; x_wconf 84' lang='lat' dir='ltr'>erat,</span> <span class='ocrx_word' id='word_1_244' title='bbox 758 2805 824 2866; x_wconf 82' lang='lat' dir='ltr'>et</span> <span class='ocrx_word' id='word_1_245' title='bbox 853 2798 998 2865; x_wconf 82' lang='lat' dir='ltr'>vila</span> <span class='ocrx_word' id='word_1_246' title='bbox 1027 2801 1178 2863; x_wconf 84' lang='lat' dir='ltr'>erat</span> <span class='ocrx_word' id='word_1_247' title='bbox 1207 2793 1339 2862; x_wconf 70' lang='lat' dir='ltr'>luz·</span> <span class='ocrx_word' id='word_1_248' title='bbox 1373 2790 1759 2860; x_wconf 77' lang='lat' dir='ltr'>hominum.</span> <span class='ocrx_word' id='word_1_249' title='bbox 1803 2795 1978 2871; x_wconf 71' lang='lat' dir='ltr'>Lux,</span> <span class='ocrx_word' id='word_1_250' title='bbox 2023 2788 2352 2881; x_wconf 87' lang='lat' dir='ltr'>inquam,</span> <span class='ocrx_word' id='word_1_251' title='bbox 2388 2789 2755 2860; x_wconf 88' lang='lat' dir='ltr'>irradians</span> <span class='ocrx_word' id='word_1_252' title='bbox 2792 2812 3014 2883; x_wconf 90' lang='lat' dir='ltr'>super</span> <span class='ocrx_word' id='word_1_253' title='bbox 3087 2793 3340 2863; x_wconf 91' lang='lat' dir='ltr'>omnia</span> <span class='ocrx_word' id='word_1_254' title='bbox 3394 2794 3736 2884; x_wconf 86' lang='lat' dir='ltr'>cognita:</span> 
     </span>
     <span class='ocr_line' id='line_1_25' title="bbox 536 2915 3741 3009; baseline -0.001 -13"><span class='ocrx_word' id='word_1_255' title='bbox 536 2925 734 2996; x_wconf 88' lang='lat' dir='ltr'>sicut</span> <span class='ocrx_word' id='word_1_256' title='bbox 770 2922 976 3001; x_wconf 89' lang='lat' dir='ltr'>dicit,</span> <span class='ocrx_word' id='word_1_257' title='bbox 1015 2915 1203 2989; x_wconf 87' lang='lat' dir='ltr'>Psal.</span> <span class='ocrx_word' id='word_1_258' title='bbox 1246 2936 1393 3000; x_wconf 75' lang='lat' dir='ltr'>cix,</span> <span class='ocrx_word' id='word_1_259' title='bbox 1432 2919 1518 2985; x_wconf 85' lang='lat'>3:</span> <span class='ocrx_word' id='word_1_260' title='bbox 1553 2916 1670 2984; x_wconf 73' lang='lat' dir='ltr'>Ez-</span> <span class='ocrx_word' id='word_1_261' title='bbox 1708 2923 1900 2983; x_wconf 80' lang='lat' dir='ltr'>utero</span> <span class='ocrx_word' id='word_1_262' title='bbox 1936 2924 2098 2983; x_wconf 79' lang='lat' dir='ltr'>ante</span> <span class='ocrx_word' id='word_1_263' title='bbox 2127 2917 2506 3002; x_wconf 78' lang='lat' dir='ltr'>lucilerum</span> <span class='ocrx_word' id='word_1_264' title='bbox 2552 2916 2771 3006; x_wconf 73' lang='lat' dir='ltr'>qenai</span> <span class='ocrx_word' id='word_1_265' title='bbox 2808 2930 2899 3000; x_wconf 78' lang='lat' dir='ltr'>te,</span> <span class='ocrx_word' id='word_1_266' title='bbox 2935 2917 3009 2987; x_wconf 79' lang='lat' dir='ltr'>in</span> <span class='ocrx_word' id='word_1_267' title='bbox 3057 2919 3550 3009; x_wconf 77' lang='lat' dir='ltr'>splendoribus</span> <span class='ocrx_word' id='word_1_268' title='bbox 3581 2942 3741 2992; x_wconf 77' lang='lat' dir='ltr'>san·</span> 
     </span>
    </p>
   </div>
   <div class='ocr_carea' id='block_1_8' title="bbox 535 3041 3744 3260">
    <p class='ocr_par' dir='ltr' id='par_1_8' title="bbox 535 3041 3744 3260">
     <span class='ocr_line' id='line_1_26' title="bbox 535 3041 3737 3139; baseline -0.003 -12"><span class='ocrx_word' id='word_1_269' title='bbox 535 3065 834 3131; x_wconf 70' lang='lat' dir='ltr'>ciorum,</span> <span class='ocrx_word' id='word_1_270' title='bbox 875 3047 950 3119; x_wconf 92' lang='lat' dir='ltr'>id</span> <span class='ocrx_word' id='word_1_271' title='bbox 977 3049 1111 3124; x_wconf 85' lang='lat' dir='ltr'>est,</span> <span class='ocrx_word' id='word_1_272' title='bbox 1143 3044 1557 3114; x_wconf 84' lang='lat' dir='ltr'>sanctitatis</span> <span class='ocrx_word' id='word_1_273' title='bbox 1583 3045 1657 3112; x_wconf 94' lang='lat' dir='ltr'>et</span> <span class='ocrx_word' id='word_1_274' title='bbox 1686 3041 2019 3134; x_wconf 89' lang='lat' dir='ltr'>puritatis</span> <span class='ocrx_word' id='word_1_275' title='bbox 2055 3044 2361 3111; x_wconf 79' lang='lat' dir='ltr'>aeternae.</span> <span class='ocrx_word' id='word_1_276' title='bbox 2404 3041 2559 3111; x_wconf 79' lang='lat' dir='ltr'>Vita</span> <span class='ocrx_word' id='word_1_277' title='bbox 2589 3046 2839 3114; x_wconf 90' lang='lat' dir='ltr'>autem</span> <span class='ocrx_word' id='word_1_278' title='bbox 2889 3048 3048 3114; x_wconf 91' lang='lat' dir='ltr'>erat</span> <span class='ocrx_word' id='word_1_279' title='bbox 3103 3045 3510 3116; x_wconf 88' lang='lat' dir='ltr'>secundum</span> <span class='ocrx_word' id='word_1_280' title='bbox 3544 3047 3737 3139; x_wconf 87' lang='lat' dir='ltr'>quod</span> 
     </span>
     <span class='ocr_line' id='line_1_27' title="bbox 535 3160 3744 3260; baseline -0.001 -18"><span class='ocrx_word' id='word_1_281' title='bbox 535 3176 642 3242; x_wconf 84' lang='lat' dir='ltr'>est</span> <span class='ocrx_word' id='word_1_282' title='bbox 671 3165 1132 3260; x_wconf 85' lang='lat' dir='ltr'>operativum</span> <span class='ocrx_word' id='word_1_283' title='bbox 1162 3164 1481 3236; x_wconf 87' lang='lat' dir='ltr'>Verbum</span> <span class='ocrx_word' id='word_1_284' title='bbox 1518 3186 1535 3232; x_wconf 74' lang='grc' dir='ltr'><strong><em>ε</em></strong></span> <span class='ocrx_word' id='word_1_285' title='bbox 1572 3160 1763 3256; x_wconf 89' lang='lat' dir='ltr'>quod</span> <span class='ocrx_word' id='word_1_286' title='bbox 1807 3161 2005 3231; x_wconf 88' lang='lat' dir='ltr'>enim</span> <span class='ocrx_word' id='word_1_287' title='bbox 2052 3163 2375 3251; x_wconf 88' lang='lat' dir='ltr'>respectu</span> <span class='ocrx_word' id='word_1_288' title='bbox 2406 3161 2899 3253; x_wconf 87' lang='lat' dir='ltr'>quorumdam</span> <span class='ocrx_word' id='word_1_289' title='bbox 2933 3185 2977 3233; x_wconf 91' lang='lat' dir='ltr'>a</span> <span class='ocrx_word' id='word_1_290' title='bbox 3011 3164 3474 3256; x_wconf 75' lang='lat' dir='ltr'>pbilosophis</span> <span class='ocrx_word' id='word_1_291' title='bbox 3528 3168 3744 3240; x_wconf 87' lang='lat' dir='ltr'>attri-</span> 
     </span>
    </p>
   </div>
   <div class='ocr_carea' id='block_1_9' title="bbox 514 3285 3735 5389">
    <p class='ocr_par' dir='ltr' id='par_1_9' title="bbox 514 3285 3735 5119">
     <span class='ocr_line' id='line_1_28' title="bbox 532 3285 3735 3382; baseline -0.001 -16"><span class='ocrx_word' id='word_1_292' title='bbox 532 3293 786 3366; x_wconf 88' lang='lat' dir='ltr'>buitur</span> <span class='ocrx_word' id='word_1_293' title='bbox 815 3291 1047 3362; x_wconf 89' lang='lat' dir='ltr'>motui</span> <span class='ocrx_word' id='word_1_294' title='bbox 1075 3289 1266 3369; x_wconf 84' lang='lat' dir='ltr'>coeli,</span> <span class='ocrx_word' id='word_1_295' title='bbox 1309 3288 1620 3360; x_wconf 88' lang='lat' dir='ltr'>dicendo</span> <span class='ocrx_word' id='word_1_296' title='bbox 1650 3287 1841 3379; x_wconf 87' lang='lat' dir='ltr'>quod</span> <span class='ocrx_word' id='word_1_297' title='bbox 1876 3292 1981 3357; x_wconf 91' lang='lat' dir='ltr'>est</span> <span class='ocrx_word' id='word_1_298' title='bbox 2010 3285 2424 3356; x_wconf 85' lang='lat' dir='ltr'>immortale</span> <span class='ocrx_word' id='word_1_299' title='bbox 2461 3289 2535 3356; x_wconf 91' lang='lat' dir='ltr'>et</span> <span class='ocrx_word' id='word_1_300' title='bbox 2562 3287 2721 3357; x_wconf 91' lang='lat' dir='ltr'>sine</span> <span class='ocrx_word' id='word_1_301' title='bbox 2751 3288 2998 3380; x_wconf 87' lang='lat' dir='ltr'>quiete</span> <span class='ocrx_word' id='word_1_302' title='bbox 3038 3290 3111 3358; x_wconf 93' lang='lat' dir='ltr'>in</span> <span class='ocrx_word' id='word_1_303' title='bbox 3149 3290 3264 3360; x_wconf 86' lang='lat' dir='ltr'>his</span> <span class='ocrx_word' id='word_1_304' title='bbox 3310 3312 3476 3382; x_wconf 82' lang='lat' dir='ltr'>quae</span> <span class='ocrx_word' id='word_1_305' title='bbox 3535 3297 3735 3372; x_wconf 87' lang='lat' dir='ltr'>sunt.</span> 
     </span>
     <span class='ocr_line' id='line_1_29' title="bbox 532 3391 3725 3509; baseline -0 -19"><span class='ocrx_word' id='word_1_306' title='bbox 532 3423 615 3490; x_wconf 88' lang='lat' dir='ltr'>ut</span> <span class='ocrx_word' id='word_1_307' title='bbox 650 3419 803 3489; x_wconf 89' lang='lat' dir='ltr'>vita</span> <span class='ocrx_word' id='word_1_308' title='bbox 836 3413 1180 3509; x_wconf 79' lang='lat' dir='ltr'>quoedam</span> <span class='ocrx_word' id='word_1_309' title='bbox 1218 3418 1484 3484; x_wconf 88' lang='lat' dir='ltr'>natura</span> <span class='ocrx_word' id='word_1_310' title='bbox 1512 3410 1991 3483; x_wconf 85' lang='lat' dir='ltr'>existentibus</span> <span class='ocrx_word' id='word_1_311' title='bbox 2025 3410 2408 3482; x_wconf 90' lang='lat' dir='ltr'>omnibus:</span> <span class='ocrx_word' id='word_1_312' title='bbox 2466 3411 2605 3481; x_wconf 92' lang='lat' dir='ltr'>hoc</span> <span class='ocrx_word' id='word_1_313' title='bbox 2658 3433 2787 3504; x_wconf 92' lang='lat' dir='ltr'>per</span> <span class='ocrx_word' id='word_1_314' title='bbox 2841 3413 3047 3504; x_wconf 85' lang='lat' dir='ltr'>prius</span> <span class='ocrx_word' id='word_1_315' title='bbox 3081 3391 3445 3485; x_wconf 39' lang='lat' dir='ltr'>&#39;convenit</span> <span class='ocrx_word' id='word_1_316' title='bbox 3490 3417 3725 3488; x_wconf 89' lang='lat' dir='ltr'>Verbo</span> 
     </span>
     <span class='ocr_line' id='line_1_30' title="bbox 537 3536 3733 3636; baseline -0.001 -22"><span class='ocrx_word' id='word_1_317' title='bbox 537 3545 868 3636; x_wconf 90' lang='lat' dir='ltr'>respectu</span> <span class='ocrx_word' id='word_1_318' title='bbox 900 3540 1236 3611; x_wconf 91' lang='lat' dir='ltr'>omnium</span> <span class='ocrx_word' id='word_1_319' title='bbox 1268 3544 1776 3610; x_wconf 86' lang='lat' dir='ltr'>creaturarum</span> <span class='ocrx_word' id='word_1_320' title='bbox 1814 3559 1829 3603; x_wconf 74' lang='grc' dir='ltr'>ε</span> <span class='ocrx_word' id='word_1_321' title='bbox 1863 3536 2036 3628; x_wconf 88' lang='lat' dir='ltr'>quia</span> <span class='ocrx_word' id='word_1_322' title='bbox 2072 3536 2323 3606; x_wconf 89' lang='lat' dir='ltr'>omnia</span> <span class='ocrx_word' id='word_1_323' title='bbox 2362 3540 2541 3606; x_wconf 84' lang='lat' dir='ltr'>sunt</span> <span class='ocrx_word' id='word_1_324' title='bbox 2567 3536 2645 3606; x_wconf 92' lang='lat' dir='ltr'>in</span> <span class='ocrx_word' id='word_1_325' title='bbox 2671 3537 2833 3628; x_wconf 90' lang='lat' dir='ltr'>ipso</span> <span class='ocrx_word' id='word_1_326' title='bbox 2877 3543 2956 3609; x_wconf 90' lang='lat' dir='ltr'>ut</span> <span class='ocrx_word' id='word_1_327' title='bbox 3002 3539 3076 3609; x_wconf 93' lang='lat' dir='ltr'>in</span> <span class='ocrx_word' id='word_1_328' title='bbox 3116 3561 3365 3619; x_wconf 87' lang='lat' dir='ltr'>causa,</span> <span class='ocrx_word' id='word_1_329' title='bbox 3436 3544 3511 3611; x_wconf 90' lang='lat' dir='ltr'>et</span> <span class='ocrx_word' id='word_1_330' title='bbox 3571 3563 3733 3634; x_wconf 89' lang='lat' dir='ltr'>por·</span> 
     </span>
     <span class='ocr_line' id='line_1_31' title="bbox 528 3659 3726 3757; baseline 0 -19"><span class='ocrx_word' id='word_1_331' title='bbox 528 3672 781 3738; x_wconf 79' lang='lat' dir='ltr'>tantur</span> <span class='ocrx_word' id='word_1_332' title='bbox 803 3666 896 3737; x_wconf 92' lang='lat' dir='ltr'>ab</span> <span class='ocrx_word' id='word_1_333' title='bbox 929 3665 1085 3757; x_wconf 90' lang='lat' dir='ltr'>ipso</span> <span class='ocrx_word' id='word_1_334' title='bbox 1116 3686 1210 3735; x_wconf 90' lang='lat' dir='ltr'>ne</span> <span class='ocrx_word' id='word_1_335' title='bbox 1240 3664 1626 3735; x_wconf 88' lang='lat' dir='ltr'>intereant.</span> <span class='ocrx_word' id='word_1_336' title='bbox 1660 3660 1892 3740; x_wconf 87' lang='lat' dir='ltr'>Unde,</span> <span class='ocrx_word' id='word_1_337' title='bbox 1920 3660 2295 3751; x_wconf 81' lang='lat' dir='ltr'>Apostolus</span> <span class='ocrx_word' id='word_1_338' title='bbox 2325 3659 2413 3730; x_wconf 90' lang='lat' dir='ltr'>ad</span> <span class='ocrx_word' id='word_1_339' title='bbox 2458 3661 2670 3733; x_wconf 81' lang='lat' dir='ltr'>Hebr.</span> <span class='ocrx_word' id='word_1_340' title='bbox 2707 3683 2757 3743; x_wconf 85' lang='grc' dir='ltr'>ι,</span> <span class='ocrx_word' id='word_1_341' title='bbox 2790 3666 2876 3732; x_wconf 87' lang='lat'>3:</span> <span class='ocrx_word' id='word_1_342' title='bbox 2912 3667 3208 3735; x_wconf 78' lang='lat' dir='ltr'>Portam</span> <span class='ocrx_word' id='word_1_343' title='bbox 3228 3668 3468 3735; x_wconf 76' lang='lat' dir='ltr'>omnia</span> <span class='ocrx_word' id='word_1_344' title='bbox 3512 3664 3726 3738; x_wconf 81' lang='lat' dir='ltr'>Verbo</span> 
     </span>
     <span class='ocr_line' id='line_1_32' title="bbox 530 3784 3732 3882; baseline -0.001 -18"><span class='ocrx_word' id='word_1_345' title='bbox 530 3794 810 3864; x_wconf 73' lang='lat' dir='ltr'>virtutis</span> <span class='ocrx_word' id='word_1_346' title='bbox 838 3811 1007 3860; x_wconf 77' lang='lat' dir='ltr'>suae.</span> <span class='ocrx_word' id='word_1_347' title='bbox 1046 3793 1217 3860; x_wconf 79' lang='lat' dir='ltr'>Ilaec</span> <span class='ocrx_word' id='word_1_348' title='bbox 1248 3788 1449 3858; x_wconf 92' lang='lat' dir='ltr'>enim</span> <span class='ocrx_word' id='word_1_349' title='bbox 1480 3785 1624 3857; x_wconf 92' lang='lat' dir='ltr'>duo</span> <span class='ocrx_word' id='word_1_350' title='bbox 1664 3788 1770 3874; x_wconf 93' lang='lat' dir='ltr'>(ut</span> <span class='ocrx_word' id='word_1_351' title='bbox 1799 3785 1975 3855; x_wconf 87' lang='lat' dir='ltr'>dicit</span> <span class='ocrx_word' id='word_1_352' title='bbox 1997 3786 2447 3875; x_wconf 80' lang='lat' dir='ltr'>Augustinus</span> <span class='ocrx_word' id='word_1_353' title='bbox 2486 3789 2559 3855; x_wconf 87' lang='lat' dir='ltr'>et</span> <span class='ocrx_word' id='word_1_354' title='bbox 2592 3784 3011 3873; x_wconf 87' lang='lat' dir='ltr'>Anselmus)</span> <span class='ocrx_word' id='word_1_355' title='bbox 3033 3787 3465 3880; x_wconf 84' lang='lat' dir='ltr'>significant</span> <span class='ocrx_word' id='word_1_356' title='bbox 3491 3789 3732 3882; x_wconf 90' lang='lat' dir='ltr'>dupli·</span> 
     </span>
     <span class='ocr_line' id='line_1_33' title="bbox 528 3906 3723 4004; baseline -0.002 -15"><span class='ocrx_word' id='word_1_357' title='bbox 528 3937 693 3990; x_wconf 89' lang='lat' dir='ltr'>cem</span> <span class='ocrx_word' id='word_1_358' title='bbox 726 3919 1008 3986; x_wconf 89' lang='lat' dir='ltr'>motum</span> <span class='ocrx_word' id='word_1_359' title='bbox 1043 3913 1358 3984; x_wconf 80' lang='lat' dir='ltr'>effluxus</span> <span class='ocrx_word' id='word_1_360' title='bbox 1386 3916 1742 3983; x_wconf 79' lang='lat' dir='ltr'>creaturae</span> <span class='ocrx_word' id='word_1_361' title='bbox 1781 3932 1824 3979; x_wconf 87' lang='lat' dir='ltr'>a</span> <span class='ocrx_word' id='word_1_362' title='bbox 1851 3912 2229 3979; x_wconf 82' lang='lat' dir='ltr'>creatore:</span> <span class='ocrx_word' id='word_1_363' title='bbox 2274 3906 2685 3980; x_wconf 86' lang='lat' dir='ltr'>secundum</span> <span class='ocrx_word' id='word_1_364' title='bbox 2727 3911 2927 3982; x_wconf 89' lang='lat' dir='ltr'>enim</span> <span class='ocrx_word' id='word_1_365' title='bbox 2975 3911 3166 4004; x_wconf 84' lang='lat' dir='ltr'>quod</span> <span class='ocrx_word' id='word_1_366' title='bbox 3226 3918 3402 3983; x_wconf 91' lang='lat' dir='ltr'>sunt</span> <span class='ocrx_word' id='word_1_367' title='bbox 3446 3915 3599 3984; x_wconf 85' lang='lat' dir='ltr'>vita</span> <span class='ocrx_word' id='word_1_368' title='bbox 3646 3914 3723 3984; x_wconf 93' lang='lat' dir='ltr'>in</span> 
     </span>
     <span class='ocr_line' id='line_1_34' title="bbox 524 4033 3719 4136; baseline -0.001 -22"><span class='ocrx_word' id='word_1_369' title='bbox 524 4043 711 4136; x_wconf 88' lang='lat' dir='ltr'>ipso,</span> <span class='ocrx_word' id='word_1_370' title='bbox 753 4039 1069 4111; x_wconf 80' lang='lat' dir='ltr'>effluunt</span> <span class='ocrx_word' id='word_1_371' title='bbox 1103 4057 1146 4107; x_wconf 90' lang='lat' dir='ltr'>a</span> <span class='ocrx_word' id='word_1_372' title='bbox 1191 4035 1455 4118; x_wconf 84' lang='lat' dir='ltr'>Verbo,</span> <span class='ocrx_word' id='word_1_373' title='bbox 1514 4038 1591 4106; x_wconf 89' lang='lat' dir='ltr'>ut</span> <span class='ocrx_word' id='word_1_374' title='bbox 1646 4033 2046 4104; x_wconf 85' lang='lat' dir='ltr'>subsistant</span> <span class='ocrx_word' id='word_1_375' title='bbox 2093 4035 2167 4104; x_wconf 91' lang='lat' dir='ltr'>in</span> <span class='ocrx_word' id='word_1_376' title='bbox 2229 4037 2496 4105; x_wconf 90' lang='lat' dir='ltr'>natura</span> <span class='ocrx_word' id='word_1_377' title='bbox 2536 4034 2876 4127; x_wconf 85' lang='lat' dir='ltr'>propria:</span> <span class='ocrx_word' id='word_1_378' title='bbox 2929 4039 3002 4106; x_wconf 91' lang='lat' dir='ltr'>et</span> <span class='ocrx_word' id='word_1_379' title='bbox 3048 4037 3457 4109; x_wconf 89' lang='lat' dir='ltr'>secundum</span> <span class='ocrx_word' id='word_1_380' title='bbox 3525 4042 3719 4133; x_wconf 87' lang='lat' dir='ltr'>quod</span> 
     </span>
     <span class='ocr_line' id='line_1_35' title="bbox 521 4158 3719 4254; baseline -0 -15"><span class='ocrx_word' id='word_1_381' title='bbox 521 4170 701 4239; x_wconf 84' lang='lat' dir='ltr'>sunt</span> <span class='ocrx_word' id='word_1_382' title='bbox 744 4165 899 4245; x_wconf 80' lang='lat' dir='ltr'>lux,</span> <span class='ocrx_word' id='word_1_383' title='bbox 967 4161 1336 4234; x_wconf 79' lang='lat' dir='ltr'>effluendo</span> <span class='ocrx_word' id='word_1_384' title='bbox 1382 4161 1939 4232; x_wconf 77' lang='lat' dir='ltr'>manifestantur</span> <span class='ocrx_word' id='word_1_385' title='bbox 1977 4160 2050 4230; x_wconf 88' lang='lat' dir='ltr'>in</span> <span class='ocrx_word' id='word_1_386' title='bbox 2084 4158 2570 4250; x_wconf 85' lang='lat' dir='ltr'>intelligentia</span> <span class='ocrx_word' id='word_1_387' title='bbox 2612 4159 2978 4251; x_wconf 88' lang='lat' dir='ltr'>angelica.</span> <span class='ocrx_word' id='word_1_388' title='bbox 3030 4165 3112 4233; x_wconf 80' lang='lat' dir='ltr'>Et</span> <span class='ocrx_word' id='word_1_389' title='bbox 3156 4165 3348 4254; x_wconf 87' lang='lat' dir='ltr'>quod</span> <span class='ocrx_word' id='word_1_390' title='bbox 3398 4166 3719 4238; x_wconf 89' lang='lat' dir='ltr'>Verbum</span> 
     </span>
     <span class='ocr_line' id='line_1_36' title="bbox 519 4285 3725 4386; baseline 0 -21"><span class='ocrx_word' id='word_1_391' title='bbox 519 4294 617 4366; x_wconf 83' lang='lat' dir='ltr'>sit</span> <span class='ocrx_word' id='word_1_392' title='bbox 643 4291 1122 4386; x_wconf 88' lang='lat' dir='ltr'>principium,</span> <span class='ocrx_word' id='word_1_393' title='bbox 1165 4293 1364 4381; x_wconf 89' lang='lat' dir='ltr'>patet</span> <span class='ocrx_word' id='word_1_394' title='bbox 1395 4310 1523 4382; x_wconf 92' lang='lat' dir='ltr'>per</span> <span class='ocrx_word' id='word_1_395' title='bbox 1549 4288 2048 4380; x_wconf 86' lang='lat' dir='ltr'>Augustinum</span> <span class='ocrx_word' id='word_1_396' title='bbox 2106 4287 2181 4356; x_wconf 93' lang='lat' dir='ltr'>in</span> <span class='ocrx_word' id='word_1_397' title='bbox 2208 4285 2396 4357; x_wconf 92' lang='lat' dir='ltr'>libro</span> <span class='ocrx_word' id='word_1_398' title='bbox 2428 4290 2455 4355; x_wconf 93' lang='lat'><em>1</em></span> <span class='ocrx_word' id='word_1_399' title='bbox 2486 4308 2706 4379; x_wconf 88' lang='lat' dir='ltr'>super</span> <span class='ocrx_word' id='word_1_400' title='bbox 2743 4288 3117 4375; x_wconf 87' lang='lat' dir='ltr'>Genesim,</span> <span class='ocrx_word' id='word_1_401' title='bbox 3159 4291 3265 4361; x_wconf 91' lang='lat' dir='ltr'>sic</span> <span class='ocrx_word' id='word_1_402' title='bbox 3296 4315 3311 4359; x_wconf 78' lang='grc' dir='ltr'>ε</span> <span class='ocrx_word' id='word_1_403' title='bbox 3342 4297 3531 4364; x_wconf 88' lang='lat' dir='ltr'>Ante</span> <span class='ocrx_word' id='word_1_404' title='bbox 3570 4315 3725 4365; x_wconf 89' lang='lat' dir='ltr'>om·</span> 
     </span>
     <span class='ocr_line' id='line_1_37' title="bbox 515 4410 3721 4507; baseline 0 -17"><span class='ocrx_word' id='word_1_405' title='bbox 515 4419 648 4490; x_wconf 91' lang='lat' dir='ltr'>nia</span> <span class='ocrx_word' id='word_1_406' title='bbox 678 4414 1243 4489; x_wconf 88' lang='lat' dir='ltr'>meminerimus</span> <span class='ocrx_word' id='word_1_407' title='bbox 1273 4435 1421 4484; x_wconf 93' lang='lat' dir='ltr'>non</span> <span class='ocrx_word' id='word_1_408' title='bbox 1474 4412 2023 4506; x_wconf 86' lang='lat' dir='ltr'>temporalibus,</span> <span class='ocrx_word' id='word_1_409' title='bbox 2080 4410 2285 4505; x_wconf 85' lang='lat' dir='ltr'>quasi</span> <span class='ocrx_word' id='word_1_410' title='bbox 2345 4411 2581 4481; x_wconf 88' lang='lat' dir='ltr'>animi</span> <span class='ocrx_word' id='word_1_411' title='bbox 2625 4411 2739 4483; x_wconf 89' lang='lat' dir='ltr'>sui</span> <span class='ocrx_word' id='word_1_412' title='bbox 2794 4418 2925 4485; x_wconf 91' lang='lat' dir='ltr'>aut</span> <span class='ocrx_word' id='word_1_413' title='bbox 2998 4417 3325 4507; x_wconf 88' lang='lat' dir='ltr'>corporis</span> <span class='ocrx_word' id='word_1_414' title='bbox 3401 4418 3721 4493; x_wconf 88' lang='lat' dir='ltr'>motibus</span> 
     </span>
     <span class='ocr_line' id='line_1_38' title="bbox 516 4535 3726 4638; baseline 0 -22"><span class='ocrx_word' id='word_1_415' title='bbox 516 4544 804 4638; x_wconf 87' lang='lat' dir='ltr'>operari</span> <span class='ocrx_word' id='word_1_416' title='bbox 837 4546 1097 4626; x_wconf 88' lang='lat' dir='ltr'>Deum,</span> <span class='ocrx_word' id='word_1_417' title='bbox 1139 4540 1335 4611; x_wconf 86' lang='lat' dir='ltr'>sicut</span> <span class='ocrx_word' id='word_1_418' title='bbox 1370 4544 1716 4633; x_wconf 90' lang='lat' dir='ltr'>operatur</span> <span class='ocrx_word' id='word_1_419' title='bbox 1745 4538 1963 4609; x_wconf 86' lang='lat' dir='ltr'>homo</span> <span class='ocrx_word' id='word_1_420' title='bbox 2009 4537 2121 4608; x_wconf 72' lang='lat' dir='ltr'>vel</span> <span class='ocrx_word' id='word_1_421' title='bbox 2152 4535 2522 4628; x_wconf 78' lang='lat' dir='ltr'>Angelus:</span> <span class='ocrx_word' id='word_1_422' title='bbox 2563 4537 2686 4609; x_wconf 91' lang='lat' dir='ltr'>sed</span> <span class='ocrx_word' id='word_1_423' title='bbox 2719 4539 3018 4610; x_wconf 81' lang='lat' dir='ltr'>aeternis</span> <span class='ocrx_word' id='word_1_424' title='bbox 3056 4545 3274 4633; x_wconf 87' lang='lat' dir='ltr'>atque</span> <span class='ocrx_word' id='word_1_425' title='bbox 3301 4542 3726 4617; x_wconf 89' lang='lat' dir='ltr'>incommu-</span> 
     </span>
     <span class='ocr_line' id='line_1_39' title="bbox 514 4663 3719 4747; baseline 0.002 -8"><span class='ocrx_word' id='word_1_426' title='bbox 514 4669 865 4742; x_wconf 78' lang='lat' dir='ltr'>tabilibus</span> <span class='ocrx_word' id='word_1_427' title='bbox 904 4673 975 4739; x_wconf 90' lang='lat' dir='ltr'>et</span> <span class='ocrx_word' id='word_1_428' title='bbox 999 4665 1387 4739; x_wconf 86' lang='lat' dir='ltr'>stabilibus</span> <span class='ocrx_word' id='word_1_429' title='bbox 1417 4667 1823 4738; x_wconf 87' lang='lat' dir='ltr'>rationibus</span> <span class='ocrx_word' id='word_1_430' title='bbox 1860 4664 2202 4736; x_wconf 80' lang='lat' dir='ltr'>coaeterni</span> <span class='ocrx_word' id='word_1_431' title='bbox 2250 4663 2389 4735; x_wconf 90' lang='lat' dir='ltr'>sibi</span> <span class='ocrx_word' id='word_1_432' title='bbox 2437 4664 2655 4735; x_wconf 89' lang='lat' dir='ltr'>Verbi</span> <span class='ocrx_word' id='word_1_433' title='bbox 2686 4665 2801 4736; x_wconf 86' lang='lat' dir='ltr'>sui</span> <span class='ocrx_word' id='word_1_434' title='bbox 2839 4667 2886 4736; x_wconf 86' lang='lat'>¹.</span> <span class='ocrx_word' id='word_1_435' title='bbox 2949 4671 3049 4738; x_wconf 92' lang='lat' dir='ltr'>De</span> <span class='ocrx_word' id='word_1_436' title='bbox 3104 4670 3427 4742; x_wconf 88' lang='lat' dir='ltr'>secundo</span> <span class='ocrx_word' id='word_1_437' title='bbox 3471 4681 3719 4747; x_wconf 89' lang='lat' dir='ltr'>autem</span> 
     </span>
     <span class='ocr_line' id='line_1_40' title="bbox 517 4765 3726 4888; baseline 0.001 -19"><span class='ocrx_word' id='word_1_438' title='bbox 517 4765 700 4869; x_wconf 83' lang='lat' dir='ltr'>dicit</span> <span class='ocrx_word' id='word_1_439' title='bbox 726 4795 951 4881; x_wconf 89' lang='lat' dir='ltr'>idem,</span> <span class='ocrx_word' id='word_1_440' title='bbox 984 4793 1284 4877; x_wconf 87' lang='lat' dir='ltr'>ibidem,</span> <span class='ocrx_word' id='word_1_441' title='bbox 1319 4791 1505 4862; x_wconf 91' lang='lat' dir='ltr'>libro</span> <span class='ocrx_word' id='word_1_442' title='bbox 1545 4795 1662 4873; x_wconf 85' lang='lat'>111,</span> <span class='ocrx_word' id='word_1_443' title='bbox 1698 4791 1820 4862; x_wconf 91' lang='lat' dir='ltr'>ubi</span> <span class='ocrx_word' id='word_1_444' title='bbox 1860 4791 1965 4861; x_wconf 91' lang='lat' dir='ltr'>sic</span> <span class='ocrx_word' id='word_1_445' title='bbox 1993 4789 2170 4860; x_wconf 91' lang='lat' dir='ltr'>dicit</span> <span class='ocrx_word' id='word_1_446' title='bbox 2216 4810 2232 4858; x_wconf 89' lang='lat'>:</span> <span class='ocrx_word' id='word_1_447' title='bbox 2284 4789 2528 4860; x_wconf 86' lang='lat' dir='ltr'>Primo</span> <span class='ocrx_word' id='word_1_448' title='bbox 2566 4789 2960 4861; x_wconf 86' lang='lat' dir='ltr'>creabatur</span> <span class='ocrx_word' id='word_1_449' title='bbox 3017 4793 3143 4863; x_wconf 82' lang='lat' dir='ltr'>lux</span> <span class='ocrx_word' id='word_1_450' title='bbox 3200 4795 3279 4864; x_wconf 93' lang='lat' dir='ltr'>in</span> <span class='ocrx_word' id='word_1_451' title='bbox 3324 4818 3470 4888; x_wconf 91' lang='lat' dir='ltr'>qua</span> <span class='ocrx_word' id='word_1_452' title='bbox 3517 4798 3726 4873; x_wconf 83' lang='lat' dir='ltr'>sseret</span> 
     </span>
     <span class='ocr_line' id='line_1_41' title="bbox 518 4914 3728 5014; baseline 0 -19"><span class='ocrx_word' id='word_1_453' title='bbox 518 4921 847 5014; x_wconf 89' lang='lat' dir='ltr'>cognitio</span> <span class='ocrx_word' id='word_1_454' title='bbox 875 4919 1092 4991; x_wconf 88' lang='lat' dir='ltr'>Verbi</span> <span class='ocrx_word' id='word_1_455' title='bbox 1127 4918 1253 4989; x_wconf 91' lang='lat' dir='ltr'>Dei</span> <span class='ocrx_word' id='word_1_456' title='bbox 1294 4940 1424 5011; x_wconf 92' lang='lat' dir='ltr'>per</span> <span class='ocrx_word' id='word_1_457' title='bbox 1458 4916 1652 5011; x_wconf 87' lang='lat' dir='ltr'>quod</span> <span class='ocrx_word' id='word_1_458' title='bbox 1701 4915 2111 4996; x_wconf 85' lang='lat' dir='ltr'>creabatur,</span> <span class='ocrx_word' id='word_1_459' title='bbox 2145 4920 2361 5006; x_wconf 91' lang='lat' dir='ltr'>atque</span> <span class='ocrx_word' id='word_1_460' title='bbox 2392 4914 2553 5004; x_wconf 90' lang='lat' dir='ltr'>ipsa</span> <span class='ocrx_word' id='word_1_461' title='bbox 2580 4915 2910 5006; x_wconf 90' lang='lat' dir='ltr'>cognitio</span> <span class='ocrx_word' id='word_1_462' title='bbox 2968 4915 3071 4987; x_wconf 86' lang='lat' dir='ltr'>illi</span> <span class='ocrx_word' id='word_1_463' title='bbox 3120 4926 3309 4991; x_wconf 86' lang='lat' dir='ltr'>esset</span> <span class='ocrx_word' id='word_1_464' title='bbox 3363 4922 3453 4993; x_wconf 91' lang='lat' dir='ltr'>ab</span> <span class='ocrx_word' id='word_1_465' title='bbox 3493 4924 3728 4996; x_wconf 83' lang='lat' dir='ltr'>infor-</span> 
     </span>
     <span class='ocr_line' id='line_1_42' title="bbox 520 5041 2247 5119; baseline -0.006 0"><span class='ocrx_word' id='word_1_466' title='bbox 520 5048 779 5119; x_wconf 90' lang='lat' dir='ltr'>mitate</span> <span class='ocrx_word' id='word_1_467' title='bbox 816 5067 949 5117; x_wconf 84' lang='lat' dir='ltr'>sua</span> <span class='ocrx_word' id='word_1_468' title='bbox 977 5045 1308 5117; x_wconf 87' lang='lat' dir='ltr'>converti</span> <span class='ocrx_word' id='word_1_469' title='bbox 1338 5043 1430 5115; x_wconf 92' lang='lat' dir='ltr'>ad</span> <span class='ocrx_word' id='word_1_470' title='bbox 1471 5044 1913 5114; x_wconf 84' lang='lat' dir='ltr'>formantem</span> <span class='ocrx_word' id='word_1_471' title='bbox 1943 5044 2169 5111; x_wconf 89' lang='lat' dir='ltr'>Deum</span> <span class='ocrx_word' id='word_1_472' title='bbox 2202 5041 2247 5107; x_wconf 83' lang='lat'>⁸.</span> 
     </span>
    </p>

    <p class='ocr_par' dir='ltr' id='par_1_10' title="bbox 517 5167 3725 5389">
     <span class='ocr_line' id='line_1_43' title="bbox 607 5167 3725 5267; baseline 0.002 -22"><span class='ocrx_word' id='word_1_473' title='bbox 607 5173 746 5245; x_wconf 88' lang='lat' dir='ltr'>Sed</span> <span class='ocrx_word' id='word_1_474' title='bbox 790 5172 1141 5265; x_wconf 86' lang='lat' dir='ltr'>objicitur</span> <span class='ocrx_word' id='word_1_475' title='bbox 1166 5170 1257 5241; x_wconf 92' lang='lat' dir='ltr'>de</span> <span class='ocrx_word' id='word_1_476' title='bbox 1278 5169 1419 5242; x_wconf 87' lang='lat' dir='ltr'>hoc</span> <span class='ocrx_word' id='word_1_477' title='bbox 1448 5168 1641 5261; x_wconf 87' lang='lat' dir='ltr'>quod</span> <span class='ocrx_word' id='word_1_478' title='bbox 1671 5168 1889 5239; x_wconf 87' lang='lat' dir='ltr'>dicit:</span> <span class='ocrx_word' id='word_1_479' title='bbox 1941 5167 2438 5259; x_wconf 78' lang='lat' dir='ltr'>Primoqem&#39;ta,</span> <span class='ocrx_word' id='word_1_480' title='bbox 2479 5171 2620 5238; x_wconf 90' lang='lat' dir='ltr'>etc.</span> <span class='ocrx_word' id='word_1_481' title='bbox 2674 5167 2876 5249; x_wconf 76' lang='lat' dir='ltr'>Quia·</span> <span class='ocrx_word' id='word_1_482' title='bbox 2918 5168 3058 5239; x_wconf 86' lang='lat' dir='ltr'>hoc</span> <span class='ocrx_word' id='word_1_483' title='bbox 3119 5170 3408 5244; x_wconf 83' lang='lat' dir='ltr'>videtur</span> <span class='ocrx_word' id='word_1_484' title='bbox 3454 5197 3725 5267; x_wconf 88' lang='lat' dir='ltr'>ponere</span> 
     </span>
     <span class='ocr_line' id='line_1_44' title="bbox 517 5291 3724 5389; baseline 0 -16"><span class='ocrx_word' id='word_1_485' title='bbox 517 5299 855 5373; x_wconf 89' lang='lat' dir='ltr'>ordinem</span> <span class='ocrx_word' id='word_1_486' title='bbox 896 5297 1011 5368; x_wconf 90' lang='lat' dir='ltr'>sui</span> <span class='ocrx_word' id='word_1_487' title='bbox 1042 5296 1131 5368; x_wconf 91' lang='lat' dir='ltr'>ad</span> <span class='ocrx_word' id='word_1_488' title='bbox 1159 5299 1620 5368; x_wconf 84' lang='lat' dir='ltr'>creaturam:</span> <span class='ocrx_word' id='word_1_489' title='bbox 1653 5299 1923 5365; x_wconf 91' lang='lat' dir='ltr'>etcum</span> <span class='ocrx_word' id='word_1_490' title='bbox 1962 5291 2202 5362; x_wconf 90' lang='lat' dir='ltr'>omnis</span> <span class='ocrx_word' id='word_1_491' title='bbox 2227 5291 2402 5362; x_wconf 86' lang='lat' dir='ltr'>ordo</span> <span class='ocrx_word' id='word_1_492' title='bbox 2431 5291 2529 5362; x_wconf 93' lang='lat' dir='ltr'>sit</span> <span class='ocrx_word' id='word_1_493' title='bbox 2564 5294 2974 5365; x_wconf 87' lang='lat' dir='ltr'>secundum</span> <span class='ocrx_word' id='word_1_494' title='bbox 3010 5294 3299 5389; x_wconf 92' lang='lat' dir='ltr'>aliquod</span> <span class='ocrx_word' id='word_1_495' title='bbox 3324 5314 3724 5374; x_wconf 85' lang='lat' dir='ltr'>commune</span> 
     </span>
    </p>
   </div>
   <div class='ocr_carea' id='block_1_10' title="bbox 587 5621 2152 5785">
    <p class='ocr_par' dir='ltr' id='par_1_11' title="bbox 587 5621 2152 5785">
     <span class='ocr_line' id='line_1_45' title="bbox 590 5621 2152 5695; baseline -0.003 -16"><span class='ocrx_word' id='word_1_496' title='bbox 590 5621 612 5658; x_wconf 85' lang='lat'>⁸</span> <span class='ocrx_word' id='word_1_497' title='bbox 644 5622 701 5679; x_wconf 89' lang='lat' dir='ltr'>S.</span> <span class='ocrx_word' id='word_1_498' title='bbox 734 5625 1110 5692; x_wconf 69' lang='lat' dir='ltr'>Aucusnnus,</span> <span class='ocrx_word' id='word_1_499' title='bbox 1143 5623 1268 5681; x_wconf 84' lang='lat' dir='ltr'>Lib.</span> <span class='ocrx_word' id='word_1_500' title='bbox 1299 5623 1322 5679; x_wconf 94' lang='lat'>1</span> <span class='ocrx_word' id='word_1_501' title='bbox 1352 5636 1533 5695; x_wconf 86' lang='lat' dir='ltr'>super</span> <span class='ocrx_word' id='word_1_502' title='bbox 1554 5621 1851 5689; x_wconf 80' lang='lat' dir='ltr'>Genesim,</span> <span class='ocrx_word' id='word_1_503' title='bbox 1897 5636 2025 5692; x_wconf 87' lang='lat' dir='ltr'>cap.</span> <span class='ocrx_word' id='word_1_504' title='bbox 2071 5621 2152 5675; x_wconf 85' lang='lat'>¹8.</span> 
     </span>
     <span class='ocr_line' id='line_1_46' title="bbox 587 5712 1645 5785; baseline -0.006 -14"><span class='ocrx_word' id='word_1_505' title='bbox 587 5712 614 5748; x_wconf 79' lang='lat'>⁸</span> <span class='ocrx_word' id='word_1_506' title='bbox 642 5713 802 5784; x_wconf 65' lang='lat' dir='ltr'>tntu,</span> <span class='ocrx_word' id='word_1_507' title='bbox 830 5714 1082 5785; x_wconf 88' lang='lat' dir='ltr'>Ibidem,</span> <span class='ocrx_word' id='word_1_508' title='bbox 1113 5713 1239 5772; x_wconf 88' lang='lat' dir='ltr'>Lib.</span> <span class='ocrx_word' id='word_1_509' title='bbox 1272 5713 1523 5785; x_wconf 83' lang='lat' dir='ltr'>111,cap.</span> <span class='ocrx_word' id='word_1_510' title='bbox 1556 5713 1645 5766; x_wconf 82' lang='lat'>20.</span> 
     </span>
    </p>
   </div>
  </div>
 </body>
</html>
