<?xml version="1.0" encoding="UTF-8"?>
<!DOCTYPE html PUBLIC "-//W3C//DTD XHTML 1.0 Transitional//EN"
    "http://www.w3.org/TR/xhtml1/DTD/xhtml1-transitional.dtd">
<html xmlns="http://www.w3.org/1999/xhtml" xml:lang="en" lang="en">
 <head>
  <title>
</title>
<meta http-equiv="Content-Type" content="text/html;charset=utf-8" />
  <meta name='ocr-system' content='tesseract 3.04.00' />
  <meta name='ocr-capabilities' content='ocr_page ocr_carea ocr_par ocr_line ocrx_word'/>
</head>
<body>
  <div class='ocr_page' id='page_1' title='image "balbertimagnira03chgoog_0460.png"; bbox 0 0 4897 6388; ppageno 0'>
   <div class='ocr_carea' id='block_1_1' title="bbox 714 293 2891 372">
    <p class='ocr_par' dir='ltr' id='par_1_1' title="bbox 714 293 2891 372">
     <span class='ocr_line' id='line_1_1' title="bbox 714 293 2891 372; baseline -0.003 -1"><span class='ocrx_word' id='word_1_1' title='bbox 714 306 848 372; x_wconf 73' lang='lat'>434</span> <span class='ocrx_word' id='word_1_2' title='bbox 1184 293 1190 298; x_wconf 36' lang='lat'><strong>⁴</strong></span> <span class='ocrx_word' id='word_1_3' title='bbox 1341 298 1356 306; x_wconf 65' lang='grc'><em>”</em></span> <span class='ocrx_word' id='word_1_4' title='bbox 1710 298 1795 366; x_wconf 91' lang='lat' dir='ltr'>D.</span> <span class='ocrx_word' id='word_1_5' title='bbox 1845 297 2041 365; x_wconf 86' lang='lat' dir='ltr'>ALB.</span> <span class='ocrx_word' id='word_1_6' title='bbox 2094 295 2311 365; x_wconf 86' lang='lat' dir='ltr'><strong>MAG.</strong></span> <span class='ocrx_word' id='word_1_7' title='bbox 2364 295 2569 365; x_wconf 83' lang='lat' dir='ltr'><strong>ORD.</strong></span> <span class='ocrx_word' id='word_1_8' title='bbox 2622 298 2891 366; x_wconf 82' lang='lat' dir='ltr'><strong>PRAED</strong></span> 
     </span>
    </p>
   </div>
   <div class='ocr_carea' id='block_1_2' title="bbox 710 431 4311 771">
    <p class='ocr_par' dir='ltr' id='par_1_2' title="bbox 710 431 4311 771">
     <span class='ocr_line' id='line_1_2' title="bbox 712 431 4311 564; baseline -0.003 -32"><span class='ocrx_word' id='word_1_9' title='bbox 712 474 829 533; x_wconf 80' lang='lat' dir='ltr'>aut</span> <span class='ocrx_word' id='word_1_10' title='bbox 857 465 1163 555; x_wconf 89' lang='lat' dir='ltr'>loquitur</span> <span class='ocrx_word' id='word_1_11' title='bbox 1194 463 1281 530; x_wconf 89' lang='lat' dir='ltr'>ibi</span> <span class='ocrx_word' id='word_1_12' title='bbox 1314 486 1398 530; x_wconf 84' lang='lat' dir='ltr'>ex</span> <span class='ocrx_word' id='word_1_13' title='bbox 1439 457 1846 531; x_wconf 80' lang='lat' dir='ltr'>revelatione</span> <span class='ocrx_word' id='word_1_14' title='bbox 1892 463 2018 531; x_wconf 83' lang='lat' dir='ltr'>sibi</span> <span class='ocrx_word' id='word_1_15' title='bbox 2077 462 2248 530; x_wconf 77' lang='lat' dir='ltr'>facta</span> <span class='ocrx_word' id='word_1_16' title='bbox 2431 462 2546 529; x_wconf 79' lang='lat' dir='ltr'>-Au</span> <span class='ocrx_word' id='word_1_17' title='bbox 2595 453 2913 534; x_wconf 77' lang='lat' dir='ltr'>mantem</span> <span class='ocrx_word' id='word_1_18' title='bbox 2954 462 3140 554; x_wconf 91' lang='lat' dir='ltr'>quod</span> <span class='ocrx_word' id='word_1_19' title='bbox 3171 462 3430 540; x_wconf 86' lang='lat' dir='ltr'>dicunt,</span> <span class='ocrx_word' id='word_1_20' title='bbox 3489 462 3673 552; x_wconf 91' lang='lat' dir='ltr'>quod</span> <span class='ocrx_word' id='word_1_21' title='bbox 3701 463 3912 531; x_wconf 83' lang='lat' dir='ltr'>scien·</span> <span class='ocrx_word' id='word_1_22' title='bbox 3982 549 3991 555; x_wconf 16' lang='grc' dir='ltr'><strong>ὴ</strong></span> <span class='ocrx_word' id='word_1_23' title='bbox 4016 494 4099 564; x_wconf 63' lang='lat'>{¹¹²</span> <span class='ocrx_word' id='word_1_24' title='bbox 4125 500 4169 545; x_wconf 52' lang='lat'>5,</span> <span class='ocrx_word' id='word_1_25' title='bbox 4266 431 4311 522; x_wconf 58' lang='lat'>,¹</span> 
     </span>
     <span class='ocr_line' id='line_1_3' title="bbox 710 569 3905 665; baseline -0.001 -25"><span class='ocrx_word' id='word_1_26' title='bbox 710 583 954 664; x_wconf 85' lang='lat' dir='ltr'>praeter</span> <span class='ocrx_word' id='word_1_27' title='bbox 981 573 1204 665; x_wconf 86' lang='lat' dir='ltr'>legem</span> <span class='ocrx_word' id='word_1_28' title='bbox 1262 596 1720 650; x_wconf 80' lang='lat' dir='ltr'>communem,</span> <span class='ocrx_word' id='word_1_29' title='bbox 1786 580 1901 639; x_wconf 80' lang='lat' dir='ltr'>aut</span> <span class='ocrx_word' id='word_1_30' title='bbox 1953 573 2252 662; x_wconf 85' lang='lat' dir='ltr'>loquitur</span> <span class='ocrx_word' id='word_1_31' title='bbox 2358 570 2452 636; x_wconf 83' lang='lat' dir='ltr'>tia</span> <span class='ocrx_word' id='word_1_32' title='bbox 2481 578 2660 637; x_wconf 83' lang='lat' dir='ltr'>certa</span> <span class='ocrx_word' id='word_1_33' title='bbox 2690 571 3005 660; x_wconf 74' lang='lat' dir='ltr'>exigitur,</span> <span class='ocrx_word' id='word_1_34' title='bbox 3039 569 3239 639; x_wconf 86' lang='lat' dir='ltr'>credo</span> <span class='ocrx_word' id='word_1_35' title='bbox 3271 569 3521 638; x_wconf 84' lang='lat' dir='ltr'>falsum</span> <span class='ocrx_word' id='word_1_36' title='bbox 3554 592 3699 656; x_wconf 89' lang='lat' dir='ltr'>esse</span> <span class='ocrx_word' id='word_1_37' title='bbox 3722 571 3905 659; x_wconf 91' lang='lat' dir='ltr'>quod</span> 
     </span>
     <span class='ocr_line' id='line_1_4' title="bbox 713 676 2611 771; baseline -0.002 -23"><span class='ocrx_word' id='word_1_38' title='bbox 713 703 796 748; x_wconf 84' lang='lat' dir='ltr'>ex</span> <span class='ocrx_word' id='word_1_39' title='bbox 836 682 1264 771; x_wconf 78' lang='lat' dir='ltr'>conjecturis.</span> <span class='ocrx_word' id='word_1_40' title='bbox 2360 676 2611 745; x_wconf 84' lang='lat' dir='ltr'>dicunt.</span> 
     </span>
    </p>
   </div>
   <div class='ocr_carea' id='block_1_3' title="bbox 671 1120 3926 1478">
    <p class='ocr_par' dir='ltr' id='par_1_3' title="bbox 671 1120 3926 1478">
     <span class='ocr_line' id='line_1_5' title="bbox 671 1120 3926 1224; baseline 0 -24"><span class='ocrx_word' id='word_1_41' title='bbox 671 1124 802 1201; x_wconf 86' lang='lat' dir='ltr'>.L.</span> <span class='ocrx_word' id='word_1_42' title='bbox 846 1120 1070 1215; x_wconf 74' lang='lat' dir='ltr'>Quod</span> <span class='ocrx_word' id='word_1_43' title='bbox 1102 1123 1521 1197; x_wconf 79' lang='lat' dir='ltr'>secundum</span> <span class='ocrx_word' id='word_1_44' title='bbox 1561 1122 1888 1197; x_wconf 77' lang='lat' dir='ltr'>alterum</span> <span class='ocrx_word' id='word_1_45' title='bbox 1958 1123 2217 1209; x_wconf 76' lang='lat' dir='ltr'>semel,</span> <span class='ocrx_word' id='word_1_46' title='bbox 2284 1124 2705 1198; x_wconf 71' lang='lat' dir='ltr'>secundum.</span> <span class='ocrx_word' id='word_1_47' title='bbox 2768 1123 3101 1199; x_wconf 82' lang='lat' dir='ltr'>alterum</span> <span class='ocrx_word' id='word_1_48' title='bbox 3166 1149 3375 1224; x_wconf 76' lang='lat' dir='ltr'>saepe</span> <span class='ocrx_word' id='word_1_49' title='bbox 3433 1126 3538 1200; x_wconf 76' lang='lat' dir='ltr'>sil</span> <span class='ocrx_word' id='word_1_50' title='bbox 3596 1127 3926 1201; x_wconf 76' lang='lat' dir='ltr'>missus:</span> 
     </span>
     <span class='ocr_line' id='line_1_6' title="bbox 817 1258 3924 1355; baseline 0 -16"><span class='ocrx_word' id='word_1_51' title='bbox 817 1269 892 1339; x_wconf 84' lang='lat' dir='ltr'>et</span> <span class='ocrx_word' id='word_1_52' title='bbox 957 1261 1378 1339; x_wconf 78' lang='lat' dir='ltr'>secundum</span> <span class='ocrx_word' id='word_1_53' title='bbox 1460 1258 1789 1335; x_wconf 82' lang='lat' dir='ltr'>alterum</span> <span class='ocrx_word' id='word_1_54' title='bbox 1851 1266 1938 1334; x_wconf 79' lang='lat' dir='ltr'>ut</span> <span class='ocrx_word' id='word_1_55' title='bbox 1986 1261 2088 1335; x_wconf 80' lang='lat' dir='ltr'>sit</span> <span class='ocrx_word' id='word_1_56' title='bbox 2133 1260 2386 1355; x_wconf 77' lang='lat' dir='ltr'>homa,</span> <span class='ocrx_word' id='word_1_57' title='bbox 2446 1268 2517 1335; x_wconf 75' lang='lat' dir='ltr'>el</span> <span class='ocrx_word' id='word_1_58' title='bbox 2553 1260 2974 1336; x_wconf 79' lang='lat' dir='ltr'>secundum</span> <span class='ocrx_word' id='word_1_59' title='bbox 3032 1261 3365 1338; x_wconf 79' lang='lat' dir='ltr'>alterum</span> <span class='ocrx_word' id='word_1_60' title='bbox 3420 1269 3510 1337; x_wconf 79' lang='lat' dir='ltr'>ut</span> <span class='ocrx_word' id='word_1_61' title='bbox 3570 1263 3675 1338; x_wconf 78' lang='lat' dir='ltr'>sit</span> <span class='ocrx_word' id='word_1_62' title='bbox 3751 1289 3924 1339; x_wconf 82' lang='lat' dir='ltr'>cum</span> 
     </span>
     <span class='ocr_line' id='line_1_7' title="bbox 816 1400 1157 1478; baseline -0.015 0"><span class='ocrx_word' id='word_1_63' title='bbox 816 1400 1157 1478; x_wconf 78' lang='lat' dir='ltr'>homine.</span> 
     </span>
    </p>
   </div>
   <div class='ocr_carea' id='block_1_4' title="bbox 707 1731 3929 3472">
    <p class='ocr_par' dir='ltr' id='par_1_4' title="bbox 707 1731 3929 3472">
     <span class='ocr_line' id='line_1_8' title="bbox 821 1731 3924 1826; baseline -0.004 -9"><span class='ocrx_word' id='word_1_64' title='bbox 821 1743 1016 1817; x_wconf 83' lang='lat' dir='ltr'>Ecce</span> <span class='ocrx_word' id='word_1_65' title='bbox 1048 1736 1384 1814; x_wconf 86' lang='lat' dir='ltr'>distincti</span> <span class='ocrx_word' id='word_1_66' title='bbox 1424 1748 1605 1812; x_wconf 91' lang='lat' dir='ltr'>sunt</span> <span class='ocrx_word' id='word_1_67' title='bbox 1635 1736 1787 1810; x_wconf 91' lang='lat' dir='ltr'>duo</span> <span class='ocrx_word' id='word_1_68' title='bbox 1830 1731 2031 1810; x_wconf 88' lang='lat' dir='ltr'>modi</span> <span class='ocrx_word' id='word_1_69' title='bbox 2076 1733 2462 1809; x_wconf 86' lang='lat' dir='ltr'>missionis</span> <span class='ocrx_word' id='word_1_70' title='bbox 2489 1733 2684 1826; x_wconf 90' lang='lat' dir='ltr'>Filii,</span> <span class='ocrx_word' id='word_1_71' title='bbox 2720 1744 2796 1809; x_wconf 87' lang='lat' dir='ltr'>et</span> <span class='ocrx_word' id='word_1_72' title='bbox 2823 1734 3257 1819; x_wconf 85' lang='lat' dir='ltr'>secundum</span> <span class='ocrx_word' id='word_1_73' title='bbox 3291 1736 3625 1810; x_wconf 81' lang='lat' dir='ltr'>alterum</span> <span class='ocrx_word' id='word_1_74' title='bbox 3684 1734 3924 1810; x_wconf 89' lang='lat' dir='ltr'>semel</span> 
     </span>
     <span class='ocr_line' id='line_1_9' title="bbox 720 1869 3929 1968; baseline -0.003 -14"><span class='ocrx_word' id='word_1_75' title='bbox 720 1887 1017 1954; x_wconf 79' lang='lat' dir='ltr'>tantum</span> <span class='ocrx_word' id='word_1_76' title='bbox 1063 1874 1345 1949; x_wconf 88' lang='lat' dir='ltr'>missus</span> <span class='ocrx_word' id='word_1_77' title='bbox 1385 1882 1499 1948; x_wconf 87' lang='lat' dir='ltr'>est</span> <span class='ocrx_word' id='word_1_78' title='bbox 1537 1870 1675 1946; x_wconf 91' lang='lat' dir='ltr'>Dei</span> <span class='ocrx_word' id='word_1_79' title='bbox 1716 1870 2004 1945; x_wconf 87' lang='lat' dir='ltr'>Filius:</span> <span class='ocrx_word' id='word_1_80' title='bbox 2041 1869 2468 1946; x_wconf 81' lang='lat' dir='ltr'>sec-undum</span> <span class='ocrx_word' id='word_1_81' title='bbox 2508 1869 2831 1944; x_wconf 81' lang='lat' dir='ltr'>alterum</span> <span class='ocrx_word' id='word_1_82' title='bbox 2887 1892 3097 1968; x_wconf 79' lang='lat' dir='ltr'>soepe</span> <span class='ocrx_word' id='word_1_83' title='bbox 3120 1869 3411 1946; x_wconf 89' lang='lat' dir='ltr'>missus</span> <span class='ocrx_word' id='word_1_84' title='bbox 3448 1880 3593 1964; x_wconf 89' lang='lat' dir='ltr'>est,</span> <span class='ocrx_word' id='word_1_85' title='bbox 3639 1879 3716 1946; x_wconf 88' lang='lat' dir='ltr'>et</span> <span class='ocrx_word' id='word_1_86' title='bbox 3757 1869 3929 1943; x_wconf 90' lang='lat' dir='ltr'>mit-</span> 
     </span>
     <span class='ocr_line' id='line_1_10' title="bbox 723 2003 3926 2128; baseline -0.003 -39"><span class='ocrx_word' id='word_1_87' title='bbox 723 2013 908 2089; x_wconf 86' lang='lat' dir='ltr'>titur</span> <span class='ocrx_word' id='word_1_88' title='bbox 947 2008 1316 2112; x_wconf 85' lang='lat' dir='ltr'>quotidie.</span> <span class='ocrx_word' id='word_1_89' title='bbox 1360 2006 1553 2082; x_wconf 80' lang='lat' dir='ltr'>Nam</span> <span class='ocrx_word' id='word_1_90' title='bbox 1596 2005 2016 2081; x_wconf 83' lang='lat' dir='ltr'>seeundum</span> <span class='ocrx_word' id='word_1_91' title='bbox 2061 2005 2386 2128; x_wconf 79' lang='lat' dir='ltr'>alterum</span> <span class='ocrx_word' id='word_1_92' title='bbox 2421 2003 2699 2080; x_wconf 91' lang='lat' dir='ltr'>missus</span> <span class='ocrx_word' id='word_1_93' title='bbox 2738 2014 2878 2095; x_wconf 88' lang='lat' dir='ltr'>est,</span> <span class='ocrx_word' id='word_1_94' title='bbox 2934 2013 3020 2079; x_wconf 92' lang='lat' dir='ltr'>ut</span> <span class='ocrx_word' id='word_1_95' title='bbox 3049 2005 3149 2080; x_wconf 88' lang='lat' dir='ltr'>sit</span> <span class='ocrx_word' id='word_1_96' title='bbox 3187 2006 3457 2102; x_wconf 91' lang='lat' dir='ltr'>homo,</span> <span class='ocrx_word' id='word_1_97' title='bbox 3522 2005 3734 2104; x_wconf 87' lang='lat' dir='ltr'>quod</span> <span class='ocrx_word' id='word_1_98' title='bbox 3797 2027 3926 2081; x_wconf 91' lang='lat' dir='ltr'>se-</span> 
     </span>
     <span class='ocr_line' id='line_1_11' title="bbox 725 2135 3925 2252; baseline -0.003 -28"><span class='ocrx_word' id='word_1_99' title='bbox 725 2148 1208 2225; x_wconf 75' lang='lat' dir='ltr'>mellentum</span> <span class='ocrx_word' id='word_1_100' title='bbox 1252 2144 1531 2219; x_wconf 81' lang='lat' dir='ltr'>sactum</span> <span class='ocrx_word' id='word_1_101' title='bbox 1564 2151 1726 2218; x_wconf 88' lang='lat' dir='ltr'>est:</span> <span class='ocrx_word' id='word_1_102' title='bbox 1772 2140 2197 2227; x_wconf 85' lang='lat' dir='ltr'>secundum</span> <span class='ocrx_word' id='word_1_103' title='bbox 2237 2141 2562 2216; x_wconf 79' lang='lat' dir='ltr'>alterum</span> <span class='ocrx_word' id='word_1_104' title='bbox 2615 2165 2795 2218; x_wconf 85' lang='lat' dir='ltr'>vero</span> <span class='ocrx_word' id='word_1_105' title='bbox 2830 2135 3183 2252; x_wconf 78' lang='lat' dir='ltr'>mittitur,</span> <span class='ocrx_word' id='word_1_106' title='bbox 3251 2151 3335 2218; x_wconf 88' lang='lat' dir='ltr'>ut</span> <span class='ocrx_word' id='word_1_107' title='bbox 3391 2140 3492 2218; x_wconf 89' lang='lat' dir='ltr'>sit</span> <span class='ocrx_word' id='word_1_108' title='bbox 3545 2166 3725 2219; x_wconf 88' lang='lat' dir='ltr'>cum</span> <span class='ocrx_word' id='word_1_109' title='bbox 3794 2143 3925 2215; x_wconf 85' lang='lat' dir='ltr'>ho-</span> 
     </span>
     <span class='ocr_line' id='line_1_12' title="bbox 724 2275 3922 2380; baseline -0.003 -21"><span class='ocrx_word' id='word_1_110' title='bbox 724 2283 960 2378; x_wconf 89' lang='lat' dir='ltr'>mine,</span> <span class='ocrx_word' id='word_1_111' title='bbox 993 2278 1429 2380; x_wconf 88' lang='lat' dir='ltr'>quomodo¹</span> <span class='ocrx_word' id='word_1_112' title='bbox 1464 2275 1805 2376; x_wconf 81' lang='lat' dir='ltr'>quotidie</span> <span class='ocrx_word' id='word_1_113' title='bbox 1835 2275 2158 2351; x_wconf 83' lang='lat' dir='ltr'>mittitur</span> <span class='ocrx_word' id='word_1_114' title='bbox 2193 2275 2288 2350; x_wconf 81' lang='lat' dir='ltr'>ad</span> <span class='ocrx_word' id='word_1_115' title='bbox 2329 2285 2661 2370; x_wconf 80' lang='lat' dir='ltr'>sanctOS,</span> <span class='ocrx_word' id='word_1_116' title='bbox 2705 2285 2782 2353; x_wconf 86' lang='lat' dir='ltr'>et</span> <span class='ocrx_word' id='word_1_117' title='bbox 2820 2275 3106 2355; x_wconf 91' lang='lat' dir='ltr'>missus</span> <span class='ocrx_word' id='word_1_118' title='bbox 3145 2286 3265 2353; x_wconf 89' lang='lat' dir='ltr'>est</span> <span class='ocrx_word' id='word_1_119' title='bbox 3301 2277 3536 2353; x_wconf 78' lang='lat' dir='ltr'>etiam</span> <span class='ocrx_word' id='word_1_120' title='bbox 3569 2288 3748 2354; x_wconf 80' lang='lat' dir='ltr'>ante</span> <span class='ocrx_word' id='word_1_121' title='bbox 3810 2277 3922 2352; x_wconf 87' lang='lat' dir='ltr'>in-</span> 
     </span>
     <span class='ocr_line' id='line_1_13' title="bbox 717 2410 3907 2510; baseline -0.002 -17"><span class='ocrx_word' id='word_1_122' title='bbox 717 2415 1278 2509; x_wconf 79' lang='lat' dir='ltr'>carnationem,</span> <span class='ocrx_word' id='word_1_123' title='bbox 1311 2422 1386 2489; x_wconf 90' lang='lat' dir='ltr'>et</span> <span class='ocrx_word' id='word_1_124' title='bbox 1424 2410 1519 2488; x_wconf 83' lang='lat' dir='ltr'>ad</span> <span class='ocrx_word' id='word_1_125' title='bbox 1560 2433 1830 2488; x_wconf 89' lang='lat' dir='ltr'>omnes</span> <span class='ocrx_word' id='word_1_126' title='bbox 1864 2419 2170 2486; x_wconf 78' lang='lat' dir='ltr'>sanctos</span> <span class='ocrx_word' id='word_1_127' title='bbox 2199 2410 2532 2509; x_wconf 84' lang='lat' dir='ltr'>quiante</span> <span class='ocrx_word' id='word_1_128' title='bbox 2566 2411 2901 2506; x_wconf 83' lang='lat' dir='ltr'>luerunt,</span> <span class='ocrx_word' id='word_1_129' title='bbox 2946 2420 3023 2489; x_wconf 86' lang='lat' dir='ltr'>et</span> <span class='ocrx_word' id='word_1_130' title='bbox 3069 2411 3307 2488; x_wconf 81' lang='lat' dir='ltr'>etiam</span> <span class='ocrx_word' id='word_1_131' title='bbox 3376 2412 3472 2487; x_wconf 81' lang='lat' dir='ltr'>ed</span> <span class='ocrx_word' id='word_1_132' title='bbox 3541 2413 3907 2510; x_wconf 82' lang='lat' dir='ltr'>Angelos.</span> 
     </span>
     <span class='ocr_line' id='line_1_14' title="bbox 714 2545 3910 2650; baseline -0.002 -19"><span class='ocrx_word' id='word_1_133' title='bbox 714 2553 935 2631; x_wconf 88' lang='lat' dir='ltr'>Unde</span> <span class='ocrx_word' id='word_1_134' title='bbox 1009 2549 1493 2650; x_wconf 85' lang='lat' dir='ltr'>Augustinus</span> <span class='ocrx_word' id='word_1_135' title='bbox 1567 2547 1661 2624; x_wconf 91' lang='lat' dir='ltr'>de</span> <span class='ocrx_word' id='word_1_136' title='bbox 1724 2547 1943 2642; x_wconf 87' lang='lat' dir='ltr'>Filio,</span> <span class='ocrx_word' id='word_1_137' title='bbox 2013 2546 2086 2621; x_wconf 88' lang='lat' dir='ltr'>id</span> <span class='ocrx_word' id='word_1_138' title='bbox 2127 2554 2266 2639; x_wconf 89' lang='lat' dir='ltr'>est,</span> <span class='ocrx_word' id='word_1_139' title='bbox 2311 2547 2404 2624; x_wconf 91' lang='lat' dir='ltr'>de</span> <span class='ocrx_word' id='word_1_140' title='bbox 2444 2545 2825 2647; x_wconf 81' lang='lat' dir='ltr'>sapientia</span> <span class='ocrx_word' id='word_1_141' title='bbox 2868 2545 3121 2624; x_wconf 79' lang='lat' dir='ltr'>Patris</span> <span class='ocrx_word' id='word_1_142' title='bbox 3166 2548 3502 2648; x_wconf 88' lang='lat' dir='ltr'>loquens</span> <span class='ocrx_word' id='word_1_143' title='bbox 3567 2547 3645 2622; x_wconf 89' lang='lat' dir='ltr'>in</span> <span class='ocrx_word' id='word_1_144' title='bbox 3713 2548 3910 2624; x_wconf 88' lang='lat' dir='ltr'>libro</span> 
     </span>
     <span class='ocr_line' id='line_1_15' title="bbox 718 2679 3926 2790; baseline -0.001 -26"><span class='ocrx_word' id='word_1_145' title='bbox 718 2688 820 2765; x_wconf 87' lang='lat' dir='ltr'>1v</span> <span class='ocrx_word' id='word_1_146' title='bbox 838 2689 932 2765; x_wconf 94' lang='lat' dir='ltr'>de</span> <span class='ocrx_word' id='word_1_147' title='bbox 961 2685 1340 2763; x_wconf 80' lang='lat' dir='ltr'>Trinitate</span> <span class='ocrx_word' id='word_1_148' title='bbox 1360 2688 1411 2780; x_wconf 83' lang='lat'>&#39;,</span> <span class='ocrx_word' id='word_1_149' title='bbox 1440 2682 1546 2760; x_wconf 79' lang='lat' dir='ltr'>ait</span> <span class='ocrx_word' id='word_1_150' title='bbox 1571 2680 1850 2760; x_wconf 88' lang='lat' dir='ltr'>:Aliter</span> <span class='ocrx_word' id='word_1_151' title='bbox 1879 2679 2202 2758; x_wconf 90' lang='lat' dir='ltr'>mittitur</span> <span class='ocrx_word' id='word_1_152' title='bbox 2221 2681 2602 2782; x_wconf 76' lang='lat' dir='ltr'>supientia</span> <span class='ocrx_word' id='word_1_153' title='bbox 2627 2693 2710 2758; x_wconf 86' lang='lat' dir='ltr'>ut</span> <span class='ocrx_word' id='word_1_154' title='bbox 2734 2683 2832 2760; x_wconf 91' lang='lat' dir='ltr'>sit</span> <span class='ocrx_word' id='word_1_155' title='bbox 2853 2707 3032 2761; x_wconf 88' lang='lat' dir='ltr'>cum</span> <span class='ocrx_word' id='word_1_156' title='bbox 3057 2681 3400 2790; x_wconf 85' lang='lat' dir='ltr'>homine,</span> <span class='ocrx_word' id='word_1_157' title='bbox 3432 2682 3657 2761; x_wconf 79' lang='lat' dir='ltr'>aliter</span> <span class='ocrx_word' id='word_1_158' title='bbox 3682 2681 3926 2760; x_wconf 83' lang='lat' dir='ltr'>missa</span> 
     </span>
     <span class='ocr_line' id='line_1_16' title="bbox 714 2817 3916 2915; baseline -0.002 -12"><span class='ocrx_word' id='word_1_159' title='bbox 714 2837 832 2904; x_wconf 90' lang='lat' dir='ltr'>est</span> <span class='ocrx_word' id='word_1_160' title='bbox 871 2836 956 2902; x_wconf 89' lang='lat' dir='ltr'>ut</span> <span class='ocrx_word' id='word_1_161' title='bbox 993 2822 1093 2899; x_wconf 88' lang='lat' dir='ltr'>sit</span> <span class='ocrx_word' id='word_1_162' title='bbox 1130 2823 1390 2900; x_wconf 89' lang='lat' dir='ltr'>homo.</span> <span class='ocrx_word' id='word_1_163' title='bbox 1436 2821 1520 2895; x_wconf 91' lang='lat' dir='ltr'>In</span> <span class='ocrx_word' id='word_1_164' title='bbox 1564 2817 1864 2896; x_wconf 80' lang='lat' dir='ltr'>animus</span> <span class='ocrx_word' id='word_1_165' title='bbox 1891 2818 2099 2895; x_wconf 89' lang='lat' dir='ltr'>enim</span> <span class='ocrx_word' id='word_1_166' title='bbox 2137 2827 2441 2894; x_wconf 77' lang='lat' dir='ltr'>sanctas</span> <span class='ocrx_word' id='word_1_167' title='bbox 2468 2843 2552 2894; x_wconf 85' lang='lat' dir='ltr'>se</span> <span class='ocrx_word' id='word_1_168' title='bbox 2587 2818 2968 2915; x_wconf 79' lang='lat' dir='ltr'>transfert,</span> <span class='ocrx_word' id='word_1_169' title='bbox 2997 2828 3076 2895; x_wconf 89' lang='lat' dir='ltr'>et</span> <span class='ocrx_word' id='word_1_170' title='bbox 3102 2818 3399 2896; x_wconf 64' lang='lat' dir='ltr'>anticos</span> <span class='ocrx_word' id='word_1_171' title='bbox 3436 2819 3582 2897; x_wconf 90' lang='lat' dir='ltr'>Dei</span> <span class='ocrx_word' id='word_1_172' title='bbox 3614 2828 3689 2897; x_wconf 89' lang='lat' dir='ltr'>et</span> <span class='ocrx_word' id='word_1_173' title='bbox 3720 2820 3916 2896; x_wconf 88' lang='lat' dir='ltr'>Pro-</span> 
     </span>
     <span class='ocr_line' id='line_1_17' title="bbox 708 2952 3923 3063; baseline -0.002 -25"><span class='ocrx_word' id='word_1_174' title='bbox 708 2963 983 3063; x_wconf 78' lang='lat' dir='ltr'>phetes</span> <span class='ocrx_word' id='word_1_175' title='bbox 1022 2956 1446 3052; x_wconf 81' lang='lat' dir='ltr'>constituit,</span> <span class='ocrx_word' id='word_1_176' title='bbox 1490 2955 1688 3032; x_wconf 87' lang='lat' dir='ltr'>sicut.</span> <span class='ocrx_word' id='word_1_177' title='bbox 1719 2954 1983 3054; x_wconf 79' lang='lat' dir='ltr'>implet</span> <span class='ocrx_word' id='word_1_178' title='bbox 2019 2952 2248 3030; x_wconf 77' lang='lat' dir='ltr'>etiam</span> <span class='ocrx_word' id='word_1_179' title='bbox 2281 2963 2586 3029; x_wconf 80' lang='lat' dir='ltr'>sanctos</span> <span class='ocrx_word' id='word_1_180' title='bbox 2624 2955 2987 3052; x_wconf 76' lang='lat' dir='ltr'>Angelos·</span> <span class='ocrx_word' id='word_1_181' title='bbox 3023 2954 3177 3031; x_wconf 87' lang='lat' dir='ltr'>Sed</span> <span class='ocrx_word' id='word_1_182' title='bbox 3208 2977 3391 3030; x_wconf 84' lang='lat' dir='ltr'>eum</span> <span class='ocrx_word' id='word_1_183' title='bbox 3424 2955 3641 3033; x_wconf 86' lang='lat' dir='ltr'>venit</span> <span class='ocrx_word' id='word_1_184' title='bbox 3673 2955 3923 3056; x_wconf 81' lang='lat' dir='ltr'>pleni·</span> 
     </span>
     <span class='ocr_line' id='line_1_18' title="bbox 709 3089 3921 3196; baseline -0.002 -23"><span class='ocrx_word' id='word_1_185' title='bbox 709 3096 896 3175; x_wconf 84' lang='lat' dir='ltr'>tudo</span> <span class='ocrx_word' id='word_1_186' title='bbox 927 3093 1319 3196; x_wconf 81' lang='lat' dir='ltr'>temporis,</span> <span class='ocrx_word' id='word_1_187' title='bbox 1354 3092 1585 3168; x_wconf 79' lang='lat' dir='ltr'>missa</span> <span class='ocrx_word' id='word_1_188' title='bbox 1614 3101 1728 3167; x_wconf 88' lang='lat' dir='ltr'>est</span> <span class='ocrx_word' id='word_1_189' title='bbox 1762 3114 1912 3166; x_wconf 84' lang='lat' dir='ltr'>non</span> <span class='ocrx_word' id='word_1_190' title='bbox 1948 3099 2030 3165; x_wconf 94' lang='lat' dir='ltr'>ut</span> <span class='ocrx_word' id='word_1_191' title='bbox 2060 3089 2412 3191; x_wconf 87' lang='lat' dir='ltr'>impleret</span> <span class='ocrx_word' id='word_1_192' title='bbox 2441 3092 2802 3189; x_wconf 71' lang='lat' dir='ltr'>AngelOS,</span> <span class='ocrx_word' id='word_1_193' title='bbox 2849 3114 2992 3168; x_wconf 84' lang='lat' dir='ltr'>nec</span> <span class='ocrx_word' id='word_1_194' title='bbox 3039 3100 3123 3168; x_wconf 86' lang='lat' dir='ltr'>ut</span> <span class='ocrx_word' id='word_1_195' title='bbox 3175 3100 3380 3168; x_wconf 88' lang='lat' dir='ltr'>esset</span> <span class='ocrx_word' id='word_1_196' title='bbox 3428 3116 3605 3169; x_wconf 82' lang='lat' dir='ltr'>cum</span> <span class='ocrx_word' id='word_1_197' title='bbox 3669 3090 3921 3169; x_wconf 85' lang='lat' dir='ltr'>homi-</span> 
     </span>
     <span class='ocr_line' id='line_1_19' title="bbox 714 3227 3911 3331; baseline -0.002 -20"><span class='ocrx_word' id='word_1_198' title='bbox 714 3231 944 3312; x_wconf 82' lang='lat' dir='ltr'>uibus</span> <span class='ocrx_word' id='word_1_199' title='bbox 973 3235 1096 3311; x_wconf 76' lang='lat' dir='ltr'>vel</span> <span class='ocrx_word' id='word_1_200' title='bbox 1132 3233 1209 3310; x_wconf 88' lang='lat' dir='ltr'>in</span> <span class='ocrx_word' id='word_1_201' title='bbox 1240 3229 1712 3317; x_wconf 73' lang='lat' dir='ltr'>hominibus,</span> <span class='ocrx_word' id='word_1_202' title='bbox 1761 3239 1837 3304; x_wconf 87' lang='lat' dir='ltr'>ut</span> <span class='ocrx_word' id='word_1_203' title='bbox 1869 3239 2095 3307; x_wconf 78' lang='lat' dir='ltr'>antea</span> <span class='ocrx_word' id='word_1_204' title='bbox 2126 3227 2202 3304; x_wconf 92' lang='lat' dir='ltr'>in</span> <span class='ocrx_word' id='word_1_205' title='bbox 2246 3227 2604 3305; x_wconf 80' lang='lat' dir='ltr'>Patribus</span> <span class='ocrx_word' id='word_1_206' title='bbox 2633 3239 2796 3306; x_wconf 80' lang='lat' dir='ltr'>erat</span> <span class='ocrx_word' id='word_1_207' title='bbox 2826 3240 2901 3306; x_wconf 89' lang='lat' dir='ltr'>et</span> <span class='ocrx_word' id='word_1_208' title='bbox 2968 3228 3046 3305; x_wconf 88' lang='lat' dir='ltr'>in</span> <span class='ocrx_word' id='word_1_209' title='bbox 3091 3230 3531 3331; x_wconf 75' lang='lat' dir='ltr'>l‘roplnetiS,</span> <span class='ocrx_word' id='word_1_210' title='bbox 3617 3230 3753 3308; x_wconf 86' lang='lat' dir='ltr'>sed</span> <span class='ocrx_word' id='word_1_211' title='bbox 3830 3241 3911 3307; x_wconf 93' lang='lat' dir='ltr'>ut</span> 
     </span>
     <span class='ocr_line' id='line_1_20' title="bbox 707 3364 2438 3472; baseline -0.005 -25"><span class='ocrx_word' id='word_1_212' title='bbox 707 3369 962 3472; x_wconf 87' lang='lat' dir='ltr'>ipsum</span> <span class='ocrx_word' id='word_1_213' title='bbox 996 3366 1338 3446; x_wconf 82' lang='lat' dir='ltr'>Verbum</span> <span class='ocrx_word' id='word_1_214' title='bbox 1367 3368 1586 3444; x_wconf 84' lang='lat' dir='ltr'>fieret</span> <span class='ocrx_word' id='word_1_215' title='bbox 1613 3389 1822 3459; x_wconf 83' lang='lat' dir='ltr'>caro,</span> <span class='ocrx_word' id='word_1_216' title='bbox 1866 3364 1938 3440; x_wconf 87' lang='lat' dir='ltr'>id</span> <span class='ocrx_word' id='word_1_217' title='bbox 1979 3374 2121 3458; x_wconf 87' lang='lat' dir='ltr'>est,</span> <span class='ocrx_word' id='word_1_218' title='bbox 2180 3364 2438 3439; x_wconf 83' lang='lat' dir='ltr'>homo.</span> 
     </span>
    </p>
   </div>
   <div class='ocr_carea' id='block_1_5' title="bbox 720 3685 3922 4552">
    <p class='ocr_par' dir='ltr' id='par_1_5' title="bbox 2362 3685 3919 3789">
     <span class='ocr_line' id='line_1_21' title="bbox 2362 3685 3919 3789; baseline 0.004 -30"><span class='ocrx_word' id='word_1_219' title='bbox 2362 3691 2630 3782; x_wconf 80' lang='lat' dir='ltr'>plenius</span> <span class='ocrx_word' id='word_1_220' title='bbox 2668 3694 2753 3762; x_wconf 83' lang='lat' dir='ltr'>sit</span> <span class='ocrx_word' id='word_1_221' title='bbox 2802 3694 3052 3764; x_wconf 85' lang='lat' dir='ltr'>missus</span> <span class='ocrx_word' id='word_1_222' title='bbox 3085 3715 3104 3761; x_wconf 75' lang='grc' dir='ltr'><strong><em>ε</em></strong></span> <span class='ocrx_word' id='word_1_223' title='bbox 3139 3697 3304 3788; x_wconf 77' lang='lat' dir='ltr'>quin</span> <span class='ocrx_word' id='word_1_224' title='bbox 3333 3685 3605 3789; x_wconf 80' lang='lat' dir='ltr'>plenior</span> <span class='ocrx_word' id='word_1_225' title='bbox 3629 3706 3730 3766; x_wconf 83' lang='lat' dir='ltr'>est</span> <span class='ocrx_word' id='word_1_226' title='bbox 3756 3720 3919 3789; x_wconf 76' lang='lat' dir='ltr'>grs-</span> 
     </span>
    </p>

    <p class='ocr_par' dir='ltr' id='par_1_6' title="bbox 2363 3799 3915 3894">
     <span class='ocr_line' id='line_1_22' title="bbox 2363 3799 3915 3894; baseline 0.005 -28"><span class='ocrx_word' id='word_1_227' title='bbox 2363 3799 2458 3867; x_wconf 74' lang='lat' dir='ltr'>tia</span> <span class='ocrx_word' id='word_1_228' title='bbox 2495 3799 2669 3868; x_wconf 75' lang='lat' dir='ltr'>Novi</span> <span class='ocrx_word' id='word_1_229' title='bbox 2690 3800 3104 3871; x_wconf 69' lang='lat' dir='ltr'>Testamenti</span> <span class='ocrx_word' id='word_1_230' title='bbox 3154 3825 3364 3894; x_wconf 74' lang='lat' dir='ltr'>quem</span> <span class='ocrx_word' id='word_1_231' title='bbox 3397 3803 3714 3874; x_wconf 75' lang='lat' dir='ltr'>Veteris:</span> <span class='ocrx_word' id='word_1_232' title='bbox 3756 3827 3915 3874; x_wconf 81' lang='lat' dir='ltr'>cum</span> 
     </span>
    </p>

    <p class='ocr_par' dir='ltr' id='par_1_7' title="bbox 1078 3904 3921 4002">
     <span class='ocr_line' id='line_1_23' title="bbox 1078 3904 3921 4002; baseline 0 -21"><span class='ocrx_word' id='word_1_233' title='bbox 1078 3910 1578 3981; x_wconf 62' lang='lat' dir='ltr'>Atn&#39;lctssws</span> <span class='ocrx_word' id='word_1_234' title='bbox 1637 3904 1887 3978; x_wconf 73' lang='lat' dir='ltr'>xvm.</span> <span class='ocrx_word' id='word_1_235' title='bbox 2362 3929 2525 3997; x_wconf 77' lang='lat' dir='ltr'>ergo</span> <span class='ocrx_word' id='word_1_236' title='bbox 2554 3907 2790 3976; x_wconf 85' lang='lat' dir='ltr'>missio</span> <span class='ocrx_word' id='word_1_237' title='bbox 2819 3909 2908 3978; x_wconf 84' lang='lat' dir='ltr'>sit</span> <span class='ocrx_word' id='word_1_238' title='bbox 2946 3916 3227 4002; x_wconf 84' lang='lat' dir='ltr'>propter</span> <span class='ocrx_word' id='word_1_239' title='bbox 3260 3910 3582 4002; x_wconf 74' lang='lat' dir='ltr'>gratiam,</span> <span class='ocrx_word' id='word_1_240' title='bbox 3648 3912 3921 3983; x_wconf 74' lang='lat' dir='ltr'>videtur</span> 
     </span>
    </p>

    <p class='ocr_par' dir='ltr' id='par_1_8' title="bbox 2363 4016 3919 4114">
     <span class='ocr_line' id='line_1_24' title="bbox 2363 4016 3919 4114; baseline 0.006 -32"><span class='ocrx_word' id='word_1_241' title='bbox 2363 4016 2629 4107; x_wconf 79' lang='lat' dir='ltr'>plenius</span> <span class='ocrx_word' id='word_1_242' title='bbox 2661 4019 2835 4087; x_wconf 87' lang='lat' dir='ltr'>mitti</span> <span class='ocrx_word' id='word_1_243' title='bbox 2863 4018 3075 4088; x_wconf 77' lang='lat' dir='ltr'>Filius</span> <span class='ocrx_word' id='word_1_244' title='bbox 3137 4019 3248 4090; x_wconf 81' lang='lat' dir='ltr'>vel</span> <span class='ocrx_word' id='word_1_245' title='bbox 3290 4020 3590 4114; x_wconf 76' lang='lat' dir='ltr'>Spiritus</span> <span class='ocrx_word' id='word_1_246' title='bbox 3644 4032 3919 4094; x_wconf 67' lang='lat' dir='ltr'>sanctus</span> 
     </span>
    </p>

    <p class='ocr_par' dir='ltr' id='par_1_9' title="bbox 720 4123 3285 4223">
     <span class='ocr_line' id='line_1_25' title="bbox 720 4123 3285 4223; baseline -0.002 -22"><span class='ocrx_word' id='word_1_247' title='bbox 720 4123 966 4201; x_wconf 79' lang='lat' dir='ltr'>Utrum</span> <span class='ocrx_word' id='word_1_248' title='bbox 1003 4130 1313 4223; x_wconf 76' lang='lat' dir='ltr'>Spiritus</span> <span class='ocrx_word' id='word_1_249' title='bbox 1333 4137 1612 4195; x_wconf 76' lang='lat' dir='ltr'>sauctus</span> <span class='ocrx_word' id='word_1_250' title='bbox 1667 4123 1943 4219; x_wconf 78' lang='lat' dir='ltr'>plenius</span> <span class='ocrx_word' id='word_1_251' title='bbox 1964 4124 2058 4193; x_wconf 72' lang='lat' dir='ltr'>sit</span> <span class='ocrx_word' id='word_1_252' title='bbox 2085 4124 2252 4193; x_wconf 85' lang='lat' dir='ltr'>mis·</span> <span class='ocrx_word' id='word_1_253' title='bbox 2361 4125 2430 4193; x_wconf 92' lang='lat' dir='ltr'>in</span> <span class='ocrx_word' id='word_1_254' title='bbox 2464 4124 2662 4194; x_wconf 76' lang='lat' dir='ltr'>Novo</span> <span class='ocrx_word' id='word_1_255' title='bbox 2693 4149 2898 4218; x_wconf 81' lang='lat' dir='ltr'>quem</span> <span class='ocrx_word' id='word_1_256' title='bbox 2929 4127 3001 4197; x_wconf 87' lang='lat' dir='ltr'>in</span> <span class='ocrx_word' id='word_1_257' title='bbox 3024 4126 3285 4199; x_wconf 80' lang='lat' dir='ltr'>Veteri.</span> 
     </span>
    </p>

    <p class='ocr_par' dir='ltr' id='par_1_10' title="bbox 799 4232 3922 4552">
     <span class='ocr_line' id='line_1_26' title="bbox 799 4232 3922 4337; baseline 0.002 -32"><span class='ocrx_word' id='word_1_258' title='bbox 799 4262 919 4307; x_wconf 85' lang='lat' dir='ltr'>sus</span> <span class='ocrx_word' id='word_1_259' title='bbox 949 4247 1107 4331; x_wconf 76' lang='lat' dir='ltr'>past</span> <span class='ocrx_word' id='word_1_260' title='bbox 1165 4236 1704 4304; x_wconf 70' lang='lat' dir='ltr'>incantationem</span> <span class='ocrx_word' id='word_1_261' title='bbox 1769 4256 1976 4325; x_wconf 81' lang='lat' dir='ltr'>quam</span> <span class='ocrx_word' id='word_1_262' title='bbox 2031 4243 2191 4299; x_wconf 80' lang='lat' dir='ltr'>ante</span> <span class='ocrx_word' id='word_1_263' title='bbox 2213 4232 2255 4300; x_wconf 80' lang='lat'><strong><em>?</em></strong></span> <span class='ocrx_word' id='word_1_264' title='bbox 2452 4232 2585 4301; x_wconf 67' lang='lat' dir='ltr'>San</span> <span class='ocrx_word' id='word_1_265' title='bbox 2611 4256 2865 4303; x_wconf 57' lang='lat' dir='ltr'>coma</span> <span class='ocrx_word' id='word_1_266' title='bbox 2902 4234 3035 4305; x_wconf 82' lang='lat' dir='ltr'>hoc</span> <span class='ocrx_word' id='word_1_267' title='bbox 3060 4246 3165 4307; x_wconf 83' lang='lat' dir='ltr'>est</span> <span class='ocrx_word' id='word_1_268' title='bbox 3211 4239 3399 4329; x_wconf 86' lang='lat' dir='ltr'>quod</span> <span class='ocrx_word' id='word_1_269' title='bbox 3459 4238 3625 4310; x_wconf 82' lang='lat' dir='ltr'>dicit</span> <span class='ocrx_word' id='word_1_270' title='bbox 3676 4243 3922 4337; x_wconf 75' lang='lat' dir='ltr'>Augu·</span> 
     </span>
     <span class='ocr_line' id='line_1_27' title="bbox 804 4340 3919 4443; baseline 0.001 -27"><span class='ocrx_word' id='word_1_271' title='bbox 804 4359 869 4416; x_wconf 79' lang='lat' dir='ltr'>et</span> <span class='ocrx_word' id='word_1_272' title='bbox 898 4357 1134 4415; x_wconf 79' lang='lat' dir='ltr'>utrum</span> <span class='ocrx_word' id='word_1_273' title='bbox 1172 4343 1525 4414; x_wconf 73' lang='lat' dir='ltr'>celibatus</span> <span class='ocrx_word' id='word_1_274' title='bbox 1577 4342 1868 4411; x_wconf 77' lang='lat' dir='ltr'>loannis</span> <span class='ocrx_word' id='word_1_275' title='bbox 1927 4340 2251 4431; x_wconf 78' lang='lat' dir='ltr'>conjuqio</span> <span class='ocrx_word' id='word_1_276' title='bbox 2360 4341 2577 4409; x_wconf 82' lang='lat' dir='ltr'>stinus</span> <span class='ocrx_word' id='word_1_277' title='bbox 2623 4342 2693 4410; x_wconf 88' lang='lat' dir='ltr'>in</span> <span class='ocrx_word' id='word_1_278' title='bbox 2722 4342 2897 4412; x_wconf 88' lang='lat' dir='ltr'>libro</span> <span class='ocrx_word' id='word_1_279' title='bbox 2927 4343 3010 4413; x_wconf 90' lang='lat' dir='ltr'>de</span> <span class='ocrx_word' id='word_1_280' title='bbox 3052 4346 3247 4414; x_wconf 79' lang='lat' dir='ltr'>Bono</span> <span class='ocrx_word' id='word_1_281' title='bbox 3288 4346 3684 4440; x_wconf 76' lang='lat' dir='ltr'>eonJ‘uqali,</span> <span class='ocrx_word' id='word_1_282' title='bbox 3734 4352 3919 4443; x_wconf 87' lang='lat' dir='ltr'>quod</span> 
     </span>
     <span class='ocr_line' id='line_1_28' title="bbox 805 4448 3920 4552; baseline 0.002 -28"><span class='ocrx_word' id='word_1_283' title='bbox 805 4453 1105 4525; x_wconf 69' lang='lat' dir='ltr'>Abrahae</span> <span class='ocrx_word' id='word_1_284' title='bbox 1127 4454 1221 4523; x_wconf 77' lang='lat' dir='ltr'>sit</span> <span class='ocrx_word' id='word_1_285' title='bbox 1245 4451 1717 4545; x_wconf 69' lang='lat' dir='ltr'>preferendus</span> <span class='ocrx_word' id='word_1_286' title='bbox 1738 4448 1783 4518; x_wconf 82' lang='lat'><em>?</em></span> <span class='ocrx_word' id='word_1_287' title='bbox 2370 4473 2508 4517; x_wconf 90' lang='lat' dir='ltr'>non</span> <span class='ocrx_word' id='word_1_288' title='bbox 2541 4450 2885 4540; x_wconf 67' lang='lat' dir='ltr'>praefertur</span> <span class='ocrx_word' id='word_1_289' title='bbox 2912 4453 3263 4523; x_wconf 75' lang='lat' dir='ltr'>caelibutus</span> <span class='ocrx_word' id='word_1_290' title='bbox 3288 4454 3580 4525; x_wconf 80' lang='lat' dir='ltr'>Joennis</span> <span class='ocrx_word' id='word_1_291' title='bbox 3599 4460 3920 4552; x_wconf 79' lang='lat' dir='ltr'>conjugio</span> 
     </span>
    </p>
   </div>
   <div class='ocr_carea' id='block_1_6' title="bbox 2367 4558 3919 4747">
    <p class='ocr_par' dir='ltr' id='par_1_11' title="bbox 2367 4558 3919 4747">
     <span class='ocr_line' id='line_1_29' title="bbox 2367 4558 3919 4661; baseline 0.009 -37"><span class='ocrx_word' id='word_1_292' title='bbox 2367 4558 2700 4628; x_wconf 77' lang='lat' dir='ltr'>Abrshae:</span> <span class='ocrx_word' id='word_1_293' title='bbox 2759 4584 2925 4652; x_wconf 75' lang='lat' dir='ltr'>ergo</span> <span class='ocrx_word' id='word_1_294' title='bbox 2955 4585 3083 4632; x_wconf 83' lang='lat' dir='ltr'>nec</span> <span class='ocrx_word' id='word_1_295' title='bbox 3127 4572 3371 4634; x_wconf 73' lang='lat' dir='ltr'>caetern</span> <span class='ocrx_word' id='word_1_296' title='bbox 3439 4565 3623 4636; x_wconf 81' lang='lat' dir='ltr'>dona</span> <span class='ocrx_word' id='word_1_297' title='bbox 3677 4571 3919 4661; x_wconf 67' lang='lat' dir='ltr'>praele-</span> 
     </span>
     <span class='ocr_line' id='line_1_30' title="bbox 2369 4668 3061 4747; baseline 0.007 -13"><span class='ocrx_word' id='word_1_298' title='bbox 2369 4675 2636 4747; x_wconf 85' lang='lat' dir='ltr'>runtur‚</span> <span class='ocrx_word' id='word_1_299' title='bbox 2668 4674 2732 4735; x_wconf 88' lang='lat' dir='ltr'>et</span> <span class='ocrx_word' id='word_1_300' title='bbox 2762 4668 3061 4739; x_wconf 87' lang='lat' dir='ltr'>videtur.</span> 
     </span>
    </p>
   </div>
   <div class='ocr_carea' id='block_1_7' title="bbox 3950 4298 4238 4347">
    <p class='ocr_par' dir='ltr' id='par_1_12' title="bbox 3950 4298 4238 4347">
     <span class='ocr_line' id='line_1_31' title="bbox 3950 4298 4238 4347; baseline -0.01 0"><span class='ocrx_word' id='word_1_301' title='bbox 3950 4298 4238 4347; x_wconf 61' lang='lat' dir='ltr'>Sodamus.</span> 
     </span>
    </p>
   </div>
   <div class='ocr_carea' id='block_1_8' title="bbox 720 4763 3932 5413">
    <p class='ocr_par' dir='ltr' id='par_1_13' title="bbox 720 4763 3932 5413">
     <span class='ocr_line' id='line_1_32' title="bbox 808 4763 2256 4858; baseline -0.003 -21"><span class='ocrx_word' id='word_1_302' title='bbox 808 4767 1070 4837; x_wconf 88' lang='lat' dir='ltr'>Deinde</span> <span class='ocrx_word' id='word_1_303' title='bbox 1119 4768 1444 4858; x_wconf 85' lang='lat' dir='ltr'>quaeritur</span> <span class='ocrx_word' id='word_1_304' title='bbox 1490 4766 1572 4835; x_wconf 87' lang='lat' dir='ltr'>de</span> <span class='ocrx_word' id='word_1_305' title='bbox 1628 4764 1760 4835; x_wconf 75' lang='lat' dir='ltr'>hoe</span> <span class='ocrx_word' id='word_1_306' title='bbox 1823 4763 2004 4855; x_wconf 87' lang='lat' dir='ltr'>quod</span> <span class='ocrx_word' id='word_1_307' title='bbox 2048 4764 2256 4834; x_wconf 84' lang='lat' dir='ltr'>dicit:</span> 
     </span>
     <span class='ocr_line' id='line_1_33' title="bbox 724 4873 3924 4977; baseline 0.005 -34"><span class='ocrx_word' id='word_1_308' title='bbox 724 4907 759 4943; x_wconf 72' lang='grc' dir='ltr'><strong>α</strong></span> <span class='ocrx_word' id='word_1_309' title='bbox 799 4878 1058 4948; x_wconf 83' lang='lat' dir='ltr'>Missus</span> <span class='ocrx_word' id='word_1_310' title='bbox 1095 4883 1191 4943; x_wconf 78' lang='lat' dir='ltr'>est</span> <span class='ocrx_word' id='word_1_311' title='bbox 1230 4875 1438 4943; x_wconf 75' lang='lat' dir='ltr'>etiam</span> <span class='ocrx_word' id='word_1_312' title='bbox 1475 4884 1634 4941; x_wconf 80' lang='lat' dir='ltr'>ante</span> <span class='ocrx_word' id='word_1_313' title='bbox 1699 4873 2259 4958; x_wconf 76' lang='lat' dir='ltr'>incarnationem,</span> <span class='ocrx_word' id='word_1_314' title='bbox 2461 4878 2566 4944; x_wconf 84' lang='lat' dir='ltr'>An</span> <span class='ocrx_word' id='word_1_315' title='bbox 2611 4901 2736 4946; x_wconf 78' lang='lat' dir='ltr'>noc</span> <span class='ocrx_word' id='word_1_316' title='bbox 2773 4880 3155 4971; x_wconf 82' lang='lat' dir='ltr'>respondeo</span> <span class='ocrx_word' id='word_1_317' title='bbox 3197 4906 3316 4977; x_wconf 89' lang='lat' dir='ltr'>per</span> <span class='ocrx_word' id='word_1_318' title='bbox 3356 4885 3823 4977; x_wconf 78' lang='lat' dir='ltr'>Augustinum</span> <span class='ocrx_word' id='word_1_319' title='bbox 3854 4889 3924 4958; x_wconf 90' lang='lat' dir='ltr'>in</span> 
     </span>
     <span class='ocr_line' id='line_1_34' title="bbox 720 4983 3927 5085; baseline 0.003 -25"><span class='ocrx_word' id='word_1_320' title='bbox 720 4998 787 5060; x_wconf 83' lang='lat' dir='ltr'>e!</span> <span class='ocrx_word' id='word_1_321' title='bbox 802 4988 901 5057; x_wconf 83' lang='lat' dir='ltr'>ad</span> <span class='ocrx_word' id='word_1_322' title='bbox 924 5010 1156 5055; x_wconf 77' lang='lat' dir='ltr'>omnes</span> <span class='ocrx_word' id='word_1_323' title='bbox 1185 4997 1480 5066; x_wconf 76' lang='lat' dir='ltr'>sanctos,</span> <span class='ocrx_word' id='word_1_324' title='bbox 1524 4996 1654 5054; x_wconf 86' lang='lat' dir='ltr'>etc.</span> <span class='ocrx_word' id='word_1_325' title='bbox 1699 5010 1735 5050; x_wconf 68' lang='lat' dir='ltr'>n</span> <span class='ocrx_word' id='word_1_326' title='bbox 2371 4983 2548 5055; x_wconf 87' lang='lat' dir='ltr'>libro</span> <span class='ocrx_word' id='word_1_327' title='bbox 2589 4985 2681 5053; x_wconf 76' lang='grc' dir='ltr'><strong><em>Ν</em></strong></span> <span class='ocrx_word' id='word_1_328' title='bbox 2738 4986 2821 5056; x_wconf 93' lang='lat' dir='ltr'>de</span> <span class='ocrx_word' id='word_1_329' title='bbox 2853 4990 3212 5076; x_wconf 79' lang='lat' dir='ltr'>Trinitate,</span> <span class='ocrx_word' id='word_1_330' title='bbox 3280 4994 3501 5085; x_wconf 72' lang='lat' dir='ltr'>capite</span> <span class='ocrx_word' id='word_1_331' title='bbox 3540 4997 3652 5076; x_wconf 83' lang='lat'>20,</span> <span class='ocrx_word' id='word_1_332' title='bbox 3694 4996 3927 5069; x_wconf 89' lang='lat' dir='ltr'>dicen·</span> 
     </span>
     <span class='ocr_line' id='line_1_35' title="bbox 814 5090 3931 5193; baseline 0.003 -28"><span class='ocrx_word' id='word_1_333' title='bbox 814 5094 1118 5166; x_wconf 86' lang='lat' dir='ltr'>Dubium</span> <span class='ocrx_word' id='word_1_334' title='bbox 1147 5096 1330 5164; x_wconf 87' lang='lat' dir='ltr'>enim</span> <span class='ocrx_word' id='word_1_335' title='bbox 1363 5097 1588 5187; x_wconf 83' lang='lat' dir='ltr'>potest</span> <span class='ocrx_word' id='word_1_336' title='bbox 1617 5116 1788 5171; x_wconf 87' lang='lat' dir='ltr'>esse.</span> <span class='ocrx_word' id='word_1_337' title='bbox 1834 5090 2072 5162; x_wconf 86' lang='lat' dir='ltr'>Utrum</span> <span class='ocrx_word' id='word_1_338' title='bbox 2118 5090 2268 5183; x_wconf 87' lang='lat' dir='ltr'>ple·</span> <span class='ocrx_word' id='word_1_339' title='bbox 2374 5099 2511 5161; x_wconf 86' lang='lat' dir='ltr'>tem</span> <span class='ocrx_word' id='word_1_340' title='bbox 2568 5094 2666 5161; x_wconf 83' lang='lat' dir='ltr'>sic</span> <span class='ocrx_word' id='word_1_341' title='bbox 2697 5116 2714 5161; x_wconf 86' lang='lat'><strong>:</strong></span> <span class='ocrx_word' id='word_1_342' title='bbox 2750 5093 2952 5175; x_wconf 87' lang='lat' dir='ltr'>Quod</span> <span class='ocrx_word' id='word_1_343' title='bbox 3007 5098 3171 5168; x_wconf 86' lang='lat' dir='ltr'>dicit</span> <span class='ocrx_word' id='word_1_344' title='bbox 3223 5098 3691 5193; x_wconf 74' lang='lat' dir='ltr'>Evangelistn,</span> <span class='ocrx_word' id='word_1_345' title='bbox 3751 5107 3931 5186; x_wconf 79' lang='lat' dir='ltr'>Quia</span> 
     </span>
     <span class='ocr_line' id='line_1_36' title="bbox 728 5199 3932 5303; baseline 0 -29"><span class='ocrx_word' id='word_1_346' title='bbox 728 5205 882 5274; x_wconf 86' lang='lat' dir='ltr'>nius</span> <span class='ocrx_word' id='word_1_347' title='bbox 979 5204 1376 5273; x_wconf 75' lang='lat' dir='ltr'>mittebatur</span> <span class='ocrx_word' id='word_1_348' title='bbox 1455 5213 1610 5272; x_wconf 76' lang='lat' dir='ltr'>ante</span> <span class='ocrx_word' id='word_1_349' title='bbox 1703 5202 2260 5281; x_wconf 80' lang='lat' dir='ltr'>incarnationem,</span> <span class='ocrx_word' id='word_1_350' title='bbox 2373 5199 2679 5269; x_wconf 78' lang='lat' dir='ltr'>nondum</span> <span class='ocrx_word' id='word_1_351' title='bbox 2708 5212 2857 5271; x_wconf 79' lang='lat' dir='ltr'>erat</span> <span class='ocrx_word' id='word_1_352' title='bbox 2883 5207 3194 5297; x_wconf 77' lang='lat' dir='ltr'>Spiritus</span> <span class='ocrx_word' id='word_1_353' title='bbox 3222 5207 3459 5294; x_wconf 80' lang='lat' dir='ltr'>datus,</span> <span class='ocrx_word' id='word_1_354' title='bbox 3509 5213 3680 5303; x_wconf 79' lang='lat' dir='ltr'>quia</span> <span class='ocrx_word' id='word_1_355' title='bbox 3732 5217 3932 5285; x_wconf 65' lang='lat' dir='ltr'>Jews</span> 
     </span>
     <span class='ocr_line' id='line_1_37' title="bbox 730 5309 3932 5413; baseline 0.001 -32"><span class='ocrx_word' id='word_1_356' title='bbox 730 5336 936 5405; x_wconf 81' lang='lat' dir='ltr'>quem</span> <span class='ocrx_word' id='word_1_357' title='bbox 974 5316 1190 5404; x_wconf 77' lang='lat' dir='ltr'>post?</span> <span class='ocrx_word' id='word_1_358' title='bbox 1243 5311 1527 5381; x_wconf 78' lang='lat' dir='ltr'>Videtur</span> <span class='ocrx_word' id='word_1_359' title='bbox 1595 5312 1806 5389; x_wconf 85' lang='lat' dir='ltr'>enim,</span> <span class='ocrx_word' id='word_1_360' title='bbox 1867 5310 2047 5401; x_wconf 83' lang='lat' dir='ltr'>quod</span> <span class='ocrx_word' id='word_1_361' title='bbox 2114 5318 2269 5401; x_wconf 82' lang='lat' dir='ltr'>post</span> <span class='ocrx_word' id='word_1_362' title='bbox 2375 5309 2680 5379; x_wconf 79' lang='lat' dir='ltr'>nondum</span> <span class='ocrx_word' id='word_1_363' title='bbox 2743 5322 2894 5380; x_wconf 78' lang='lat' dir='ltr'>erat</span> <span class='ocrx_word' id='word_1_364' title='bbox 2962 5315 3407 5405; x_wconf 72' lang='lat' dir='ltr'>ylarificatus</span> <span class='ocrx_word' id='word_1_365' title='bbox 3444 5312 3521 5388; x_wconf 81' lang='lat'>⁸:</span> <span class='ocrx_word' id='word_1_366' title='bbox 3582 5324 3932 5413; x_wconf 81' lang='lat' dir='ltr'>quomodo</span> 
     </span>
    </p>
   </div>
   <div class='ocr_carea' id='block_1_9' title="bbox 4008 4951 4201 5000">
    <p class='ocr_par' dir='ltr' id='par_1_14' title="bbox 4008 4951 4201 5000">
     <span class='ocr_line' id='line_1_38' title="bbox 4008 4951 4201 5000; baseline 0.005 -1"><span class='ocrx_word' id='word_1_367' title='bbox 4008 4951 4201 5000; x_wconf 69' lang='lat' dir='ltr'>sot-uo.</span> 
     </span>
    </p>
   </div>
   <div class='ocr_carea' id='block_1_10' title="bbox 801 5572 2918 5740">
    <p class='ocr_par' dir='ltr' id='par_1_15' title="bbox 801 5572 2918 5740">
     <span class='ocr_line' id='line_1_39' title="bbox 801 5572 2918 5649; baseline 0.001 -17"><span class='ocrx_word' id='word_1_368' title='bbox 801 5576 819 5611; x_wconf 88' lang='lat'>¹</span> <span class='ocrx_word' id='word_1_369' title='bbox 852 5575 1190 5635; x_wconf 70' lang='lat' dir='ltr'>Edit.‹loan.</span> <span class='ocrx_word' id='word_1_370' title='bbox 1212 5577 1542 5645; x_wconf 80' lang='lat' dir='ltr'>Alleaume.</span> <span class='ocrx_word' id='word_1_371' title='bbox 1567 5578 1811 5649; x_wconf 78' lang='lat' dir='ltr'>quando.</span> <span class='ocrx_word' id='word_1_372' title='bbox 2094 5614 2107 5634; x_wconf 81' lang='grc'><em>,</em></span> <span class='ocrx_word' id='word_1_373' title='bbox 2447 5572 2473 5608; x_wconf 80' lang='lat'><strong>³</strong></span> <span class='ocrx_word' id='word_1_374' title='bbox 2498 5574 2665 5633; x_wconf 71' lang='lat' dir='ltr'>«loen.</span> <span class='ocrx_word' id='word_1_375' title='bbox 2698 5592 2796 5645; x_wconf 85' lang='lat' dir='ltr'>vn,</span> <span class='ocrx_word' id='word_1_376' title='bbox 2828 5579 2918 5635; x_wconf 77' lang='lat'>39.</span> 
     </span>
     <span class='ocr_line' id='line_1_40' title="bbox 804 5666 2266 5740; baseline 0.001 -19"><span class='ocrx_word' id='word_1_377' title='bbox 804 5666 829 5701; x_wconf 81' lang='lat'><strong>¹</strong></span> <span class='ocrx_word' id='word_1_378' title='bbox 853 5666 911 5724; x_wconf 90' lang='lat' dir='ltr'>S.</span> <span class='ocrx_word' id='word_1_379' title='bbox 944 5669 1327 5736; x_wconf 64' lang='lat' dir='ltr'>Anat-mxu,</span> <span class='ocrx_word' id='word_1_380' title='bbox 1351 5666 1472 5723; x_wconf 83' lang='lat' dir='ltr'>Lib.</span> <span class='ocrx_word' id='word_1_381' title='bbox 1495 5667 1566 5721; x_wconf 77' lang='lat' dir='ltr'>u·</span> <span class='ocrx_word' id='word_1_382' title='bbox 1586 5666 1659 5723; x_wconf 91' lang='lat' dir='ltr'>de</span> <span class='ocrx_word' id='word_1_383' title='bbox 1678 5667 1980 5737; x_wconf 73' lang='lat' dir='ltr'>Trinitate‚</span> <span class='ocrx_word' id='word_1_384' title='bbox 2011 5682 2144 5740; x_wconf 74' lang='lat' dir='ltr'><strong>cap.</strong></span> <span class='ocrx_word' id='word_1_385' title='bbox 2175 5668 2266 5723; x_wconf 78' lang='lat'>20.</span> 
     </span>
    </p>
   </div>
  </div>
 </body>
</html>
