4897 6388
1838 284 1931 349 IN
1982 283 2023 390 Ικ
2065 280 2488 348 SENTENT.
2543 282 2770 351 DIST.
2824 282 2947 366 111,
3005 283 3077 361 F,
3128 284 3331 352 ART.
3379 285 3487 353 16.
3541 226 3548 230 ἡ

1430 787 1929 859 ARTICULUS
1987 790 2172 860 XVI.

1035 1007 1199 1089 Quae
1229 1015 1325 1071 est
1355 1007 1533 1073 ratio
1580 1009 2106 1074 enumerationis
2158 1007 2580 1077 diversorum

1512 1114 1950 1201 vestiqiorum
1981 1110 2021 1179 ?

1122 1424 1376 1505 Tertio,
1413 1424 1754 1504 Quaeritur
1781 1427 1863 1495 de
1904 1429 2162 1496 ratione
2230 1451 2587 1498 enumera-

1030 1531 1239 1598 tionis
1267 1530 1693 1600 diversorum
1750 1537 2242 1625 vestigiorum:
2297 1534 2379 1603 de
2452 1535 2585 1605 hoc

1031 1638 1215 1704 enim
1253 1637 1394 1706 fere
1436 1661 1675 1708 omnes
1714 1640 1969 1726 dicunt,
2014 1650 2076 1709 et
2107 1641 2335 1710 nullus
2384 1645 2588 1710 ratio-

1032 1768 1190 1814 nem
1222 1748 1328 1813 sui
1358 1747 1518 1816 dicti
1548 1750 1869 1841 assignat.

1122 1852 1634 1922 Enumerantur
1692 1857 1898 1946 igitur
1978 1857 2263 1948 vestigia
2310 1860 2587 1928 inventa

1036 1983 1078 2028 a
1120 1959 1414 2040 Sanctis,
1448 1964 1544 2031 sic
1578 1985 1595 2032 ε

1130 2065 1305 2134 1.1n
1357 2066 1661 2159 Sapient.
1714 2092 1808 2149 xt,
1851 2073 1962 2152 21,
2024 2073 2296 2162 ponitur
2360 2072 2581 2154 istud:

1037 2175 1411 2257 Numerus,
1446 2179 1734 2270 ponduS,
1771 2205 2110 2252 mensura.

1122 2286 1186 2350 2.
1232 2284 1658 2377 Augustinus
1707 2289 1776 2355 in
1832 2289 1923 2356 lv
1976 2314 2180 2381 super
2247 2291 2614 2372 Genesim,”

1034 2393 1230 2480 ponit
1257 2394 1439 2461 istud
1482 2395 1795 2477 :ModuS‚
1846 2399 2128 2489 specieS,
2178 2407 2245 2467 et
2300 2400 2494 2468 ord0.

1128 2502 1191 2566 3.
1234 2502 1643 2588 Bernardus,
1715 2506 1892 2573 istud
1928 2528 1942 2574 ε
2005 2507 2258 2588 Unum,
2318 2531 2584 2590 verum,

1038 2606 1324 2681 bonum.

1138 2727 1203 2791 4.
1241 2722 1316 2790 ln
1348 2722 1589 2791 (ilossa
1618 2745 1821 2814 super
1850 2722 2039 2791 illum
2071 2724 2422 2795 Psalmum
2452 2749 2582 2807 καί,

1039 2834 1310 2900 Bonum
1350 2841 1449 2898 est
1486 2831 1816 2919 confiteri,
1851 2855 2054 2923 super
2080 2832 2246 2902 illud
2300 2834 2588 2903 verbum

1034 2947 1097 3015 5.
1137 2941 1175 3005 't'
1215 2960 1230 3004 ε
1268 2937 1550 3008 Stultus
1588 2963 1720 3005 mm
1778 2939 2117 3030 ieelelliqe!
2177 2942 2342 3023 leaec,
2393 2943 2595 3033 poni·

1034 3054 1145 3112 tur
1201 3043 1445 3112 istud:
1520 3043 1934 3121 Substantia,
1994 3046 2277 3136 specieS,
2346 3049 2586 3118 virtus.

1124 3159 1190 3225 5.
1228 3154 1303 3225 ln
1347 3154 1620 3225 Coelesli
1664 3156 2046 3226 hierarchia
2089 3156 2105 3192 ⁸
2165 3159 2442 3250 ponitur
2491 3161 2590 3229 is-

1039 3267 1158 3335 tud
1192 3290 1209 3335 :
1250 3268 1584 3349 Essentia,
1616 3269 1855 3346 virtuS‚
1919 3275 1982 3335 et
2034 3271 2360 3361 operatio.

1124 3381 1192 3445 (5.
1260 3376 1447 3444 Alibi
1515 3378 1936 3466 Augustinus
2006 3378 2118 3447 dat
2174 3377 2353 3448 hoc:
2400 3378 2589 3448 Sub-

1034 3486 1310 3565 stantia,
1352 3483 1634 3575 species‚
1681 3488 1872 3554 ratio.

1127 3594 1192 3659 7.
1242 3591 1426 3661 ldem
1460 3593 1879 3683 Augustinus
1929 3595 1996 3662 in
2060 3594 2233 3664 libro
2286 3594 2442 3663 VH!
2506 3596 2588 3665 de

1041 3701 1335 3770 Cir-itale
1377 3701 1508 3768 Dea·
1549 3702 1732 3790 ponit
1793 3702 1968 3770 istud
2020 3725 2037 3772 ε
2101 3704 2319 3772 Causa
2370 3702 2592 3771 subsi-

1039 3806 1289 3887 stendi,
1326 3808 1495 3875 ratio
1528 3807 1967 3899 intelligendi,
2001 3809 2166 3879 ordo
2193 3811 2493 3882 vivendi.

1128 3920 1193 3983 8.
1232 3915 1307 3983 ln
1339 3915 1424 3995 Q.
1461 3939 1709 3983 cxxxiii
1739 3919 1928 4007 ponit
1959 3918 2088 3987 hoc
2130 3941 2145 3986 :
2182 3918 2381 3999 Quod
2429 3944 2590 3990 con·

1039 4029 1197 4101 stat,
1242 4019 1427 4111 quod
1464 4022 1801 4112 congruit,
1831 4023 2012 4113 quod
2069 4022 2494 4096 discernitur.

1129 4135 1197 4198 s.
1268 4129 1368 4197 Ex
1418 4130 1590 4198 libro
1648 4130 2193 4223 Soliloqm‘nrum
2247 4134 2591 4227 colligitur

1042 4236 1221 4306 istud
1265 4259 1281 4304 :
1317 4237 1599 4315 Verum,
1645 4238 2023 4330 pulchrum,
2078 4240 2357 4313 bonum.

1138 4347 1240 4413 10.
1305 4344 1406 4412 Ex
1471 4343 1643 4413 libro
1709 4347 1790 4415 ‹le
1850 4349 2589 4420 Dirim‘snomiuibus¹

1039 4451 1386 4545 colligitur
1444 4452 1666 4521 istud:
1701 4453 1985 4532 Lumen,
2027 4456 2417 4548 pulchrum,
2460 4458 2591 4528 bo-

1041 4585 1230 4631 num.

1134 4672 1313 4741 Sunt
1343 4674 1549 4742 etiam
1584 4673 1850 4766 plurimi
1893 4674 2002 4744 alii
2059 4678 2244 4746 modi
2311 4702 2593 4749 enume-

1044 4780 1264 4859 randi,
1299 4782 1415 4873 qui
1458 4805 1695 4851 omnes
1732 4783 2081 4875 patebunt,
2116 4787 2169 4852 si
2212 4788 2383 4855 ratio
2415 4810 2590 4857 euu-

1044 4892 1440 4960 merationis
1473 4892 1756 4960 istorum
1786 4892 1955 4961 bene
1997 4895 2403 4965 attendatur.

1132 4997 1535 5082 Nox-asum,
1569 5000 1751 5091 quod
1800 5024 1902 5069 res
1958 5002 2424 5072 consideratur
2472 5008 2591 5074 tri-

1041 5105 1328 5198 pliciter,
1371 5108 1620 5176 scilicet
1671 5111 1737 5178 in
1786 5132 1882 5191 se,
1934 5118 1998 5180 et
2051 5113 2117 5179 in
2165 5116 2584 5203 operatione,

1042 5227 1105 5283 et
1150 5218 1217 5283 in
1256 5222 1761 5308 comparatione
1793 5220 1877 5287 ad
1908 5219 2282 5302 hominem,
2323 5225 2407 5292 ad
2467 5248 2593 5294 cu-

1032 5323 1147 5413 jus
1178 5323 1626 5393 eruditionem
1664 5326 1836 5395 facta
1862 5336 1961 5396 est
2014 5352 2116 5397 res
2148 5329 2315 5421 ipsa.

1108 5574 1123 5609 ¹
1183 5576 1241 5633 S.
1276 5576 1593 5645 omma-scs,
1624 5580 1697 5636 de
1748 5580 1979 5639 Caelesti
2041 5583 2412 5653 hierarchia,
2456 5604 2588 5662 cap.

1043 5669 1124 5721 11.

4136 283 4253 349 109

2768 455 2852 523 In
2890 477 2961 522 se
3001 461 3232 522 autem
3264 453 3738 523 consideratur
3788 451 4073 518 ulterius
4130 451 4256 517 tri-

2680 563 2809 630 bus
2851 563 3097 645 modiS,
3153 562 3412 631 scilicet
3469 564 3540 630 in
3587 561 3762 646 fieri,
3809 566 3877 626 et
3922 559 3989 624 in
4031 557 4256 646 perfe-

2683 672 2907 737 ctione
2939 668 3202 736 ultima.
3250 670 3328 737 In
3358 670 3506 737 fieri
3535 677 3764 737 autem
3805 673 3966 734 sunt
4029 665 4248 754 primo

2686 781 3106 849 enumerata,
3179 772 3436 841 scilicet
3530 793 3883 854 numeruS,
3951 768 4241 859 ponduS,

4407 806 4465 872 1.

2688 889 2755 948 et
2795 903 3138 949 mensura.
3182 881 3528 949 Numerus
3594 881 3779 947 enim
3829 878 4110 946 refertur
4147 881 4248 961 (ut
4302 907 4463 956 primo
4493 927 4575 958 nu-

2688 993 2946 1060 dictum
3003 1000 3104 1060 est
3159 994 3371 1083 prius)
3429 990 3516 1058 ad
3579 989 4028 1057 substantiam
4059 988 4249 1077 prin-

2688 1103 3026 1193 cipiorum
3156 1101 3749 1184 constituentium,
3877 1095 4248 1165 secundum

2691 1210 2877 1300 quod
2945 1231 3161 1276 unum
3218 1231 3377 1276 cum
3435 1207 3570 1275 alio
3639 1206 3799 1274 facit
3889 1224 4250 1272 numerum

2690 1316 2760 1381 in
2844 1315 3326 1384 constituendo
3392 1322 3619 1382 totum
3701 1332 3890 1380 esse:
3988 1308 4255 1401 pondus

2690 1432 2921 1491 autem
2981 1424 3271 1492 refertur
3323 1422 3412 1491 ad
3468 1421 3943 1490 inclinationes
4017 1441 4253 1487 eorum

2693 1532 2779 1600 ad
2855 1555 3002 1601 esse
3045 1553 3061 1601 ε
3134 1540 3200 1601 et
3292 1553 3616 1600 mensura
3697 1529 3784 1597 ad
3865 1528 4257 1620 proportio-

2693 1664 2853 1710 nem
2919 1644 3134 1733 ipsius
3190 1664 3339 1710 esse
3409 1640 3839 1709 terminantis
3928 1637 4257 1729 principia

2694 1750 3022 1822 inclinata
3079 1751 3163 1819 ad
3222 1753 3475 1842 ipsum.
3534 1749 3622 1818 Et
3657 1749 3755 1817 sic
3798 1749 4006 1816 etiam
4043 1755 4253 1839 patet,

2696 1859 2883 1951 quod
2912 1880 3183 1949 semper
3209 1858 3400 1949 prius
3437 1865 3541 1926 est
3568 1858 3639 1924 in
3679 1855 4036 1947 posteriori
4082 1876 4097 1920 :
4134 1854 4252 1921 sed

2695 1992 2835 2037 non
2862 1969 3303 2048 convertitur,
3330 1967 3491 2058 quia
3520 1987 3850 2034 numerus
3869 1972 3972 2034 est
4000 1965 4068 2030 in
4089 1985 4255 2054 pon-

2697 2080 2881 2157 dere,
2915 2087 2981 2146 et
3011 2101 3150 2146 non
3191 2077 3614 2145 convertitur
3658 2098 3674 2143 ε
3710 2082 3780 2144 et
3820 2096 4148 2141 numerus
4187 2080 4257 2140 ct

2694 2188 2966 2280 pondus
3005 2192 3075 2257 in
3116 2210 3466 2265 mensura,
3509 2194 3579 2255 et
3615 2207 3756 2254 non
3807 2184 4244 2254 convertitur.

2786 2297 3095 2366 Secunno
3161 2301 3587 2374 enumerata,
3657 2293 3917 2362 scilicet
3972 2290 4243 2372 modus,

2695 2406 2980 2496 species,
3015 2413 3080 2473 et
3112 2402 3281 2473 ordo
3314 2404 3704 2472 referuntur
3729 2400 3817 2469 ad
3845 2423 3990 2469 rem
4019 2422 4254 2469 secun-

2697 2512 2862 2579 dum
2893 2511 3078 2604 quod
3124 2512 3327 2580 estin
3376 2527 3575 2579 esse:
3632 2507 3818 2600 quod
3865 2508 3961 2576 sic
4013 2514 4245 2598 patet:

2696 2618 2942 2688 Modus
3017 2627 3120 2686 est
3188 2623 3293 2705 (ut
3380 2617 3545 2686 dicit
3627 2615 4078 2706 Augustinus)
4138 2616 4254 2706 qui

2697 2728 2986 2820 praetigit
3052 2726 3422 2819 unicuique
3487 2748 3882 2794 mensuram
3951 2747 4094 2793 esse
4151 2725 4254 2791 sui

2698 2838 2875 2906 ultra
2907 2859 3115 2928 quam
3145 2836 3230 2905 de
3269 2835 3565 2904 essentia
3590 2834 3764 2902 nihil
3793 2841 3896 2903 est
3928 2856 3944 2901 ε
4007 2843 4073 2902 et
4103 2833 4254 2901 ideo

2696 2955 2908 3037 patet,
2942 2943 3129 3037 quod
3167 2951 3339 3012 esta
3367 2942 3612 3022 forma,
3655 2950 3722 3011 et
3769 2941 3887 3030 ubi
3935 2943 4258 3010 termina-

2696 3065 2811 3125 tur
2847 3054 3235 3148 praecedens
3281 3054 3574 3135 trinitas,
3614 3051 3895 3131 scilicet,
3947 3054 4014 3121 in
4061 3075 4261 3120 men-

2695 3189 2879 3246 sura,
2917 3166 3008 3234 ibi
3051 3165 3290 3257 incipit
3337 3164 3494 3242 ista,
3527 3163 3704 3232 sicut
3748 3185 3898 3233 esse
3954 3171 4056 3233 est
4108 3171 4262 3255 post

2697 3272 2869 3342 steri.
2927 3272 3066 3342 Sed
3113 3272 3378 3363 species
3433 3292 3591 3339 cum
3640 3270 3788 3361 ipsa
3834 3270 3922 3337 sit
3964 3291 4101 3362 quo
4154 3293 4259 3337 res

2696 3390 2826 3457 est.
2875 3390 2942 3450 et
3001 3381 3276 3472 propria
3326 3388 3568 3448 natura
3613 3379 3737 3458 rei,
3788 3388 3855 3447 et
3895 3377 4064 3445 dans
4110 3399 4257 3447 esse

2698 3490 2756 3556 ei
2800 3488 2868 3556 in
2914 3509 3053 3579 quo
3102 3495 3228 3563 est,
3283 3487 3532 3553 iterum
3587 3492 3799 3576 patet,
3867 3484 4053 3576 quod
4118 3507 4256 3552 non

2697 3607 2798 3667 est
2829 3600 2924 3666 rei
2968 3598 3092 3665 nisi
3126 3594 3506 3663 secundum
3563 3593 3750 3686 quod
3796 3602 3899 3663 est
3947 3595 4015 3661 in
4082 3616 4254 3673 esse,

2696 3706 2973 3776 Primus
3047 3712 3276 3773 autem
3336 3703 3507 3773 ordo
3571 3702 3801 3771 estrei
3868 3703 3987 3795 qui
4043 3700 4258 3771 estad

2696 3814 3240 3908 permanentiam
3305 3820 3375 3882 et
3425 3813 3727 3905 quietem
3782 3812 3853 3879 in
3911 3809 4027 3878 illo
4083 3833 4254 3889 esse,

2696 3931 2762 3991 et
2801 3921 2886 3989 ad
2936 3920 3166 3989 locum
3222 3914 3578 4011 proprium
3623 3941 3764 3987 suae
3809 3926 4066 3986 naturae
4113 3920 4257 3986 sive

2696 4029 3123 4124 corporalem
3155 4031 3299 4099 sive
3367 4027 3819 4121 spiritualem,
3862 4028 3976 4121 qui
4026 4051 4111 4096 ex
4142 4027 4254 4095 tali

2697 4165 2843 4208 esse
2902 4138 3086 4230 quod
3143 4145 3243 4206 est
3283 4162 3325 4207 a
3370 4138 3590 4206 l'orma
3647 4136 3741 4204 rei
3790 4138 4252 4227 consequitur.

2699 4249 2893 4319 Unde
2946 4244 3407 4337 Philosophus
3455 4246 3523 4313 in
3573 4242 3732 4312 Vln
3803 4244 4255 4336 I'ltysicorum

2698 4353 2885 4431 dicit,
2930 4351 3116 4444 quod
3141 4351 3322 4420 idem
3353 4358 3454 4419 est
3488 4358 3715 4418 motus
3761 4348 3848 4418 ad
3902 4348 4155 4426 locum,
4190 4359 4252 4419 et

2697 4462 2781 4531 ad
2840 4462 3158 4540 formam,
3221 4461 3292 4527 in
3349 4457 3723 4527 mobilibus
3798 4467 3978 4527 recto
4035 4468 4252 4528 motu.

2703 4570 2896 4638 Unde
2939 4577 3121 4660 patet
3154 4565 3448 4661 qualiter
3477 4564 3625 4636 baec
3663 4567 3796 4636 tria
3855 4575 4014 4635 sunt
4078 4567 4149 4635 in
4189 4590 4258 4636 re

2697 4678 3074 4747 secundum
3115 4675 3302 4769 quod
3356 4677 3501 4766 ipsa
3532 4683 3657 4743 est.
3712 4674 3790 4743 ln
3848 4676 3995 4743 istis
4051 4676 4257 4743 etiam

2697 4793 3180 4880 supponuntur
3210 4783 3594 4877 praehabita
3625 4784 3805 4853 tria:
3864 4806 4021 4853 cum
4076 4787 4258 4853 enim

2699 4898 2926 4965 omnis
2959 4905 3186 4963 motus
3215 4896 3305 4962 sit
3343 4918 3383 4962 a
3424 4916 3770 4974 mensura,
3810 4901 3887 4961 ut
3924 4892 4084 4961 dicit
4112 4893 4261 4961 Au-

2699 5004 3042 5096 gustinus,
3111 5010 3179 5070 et
3235 5022 3556 5069 mensura
3634 4999 3960 5092 supponit
4014 5023 4263 5069 nume-

2701 5135 2879 5192 rum,
2921 5120 2986 5179 et
3060 5108 3356 5201 pondus,
3393 5116 3466 5175 ut
3516 5107 3825 5199 habitum
3874 5115 4000 5187 est,
4060 5117 4259 5177 erunt

2698 5221 2768 5288 in
2810 5217 3016 5287 modo
3048 5239 3401 5296 numerus,
3447 5215 3738 5307 pondus,
3782 5224 3850 5285 et
3886 5238 4255 5287 mensura:

2699 5352 2856 5399 cum
2895 5351 3058 5397 vero
3089 5350 3231 5396 non
3269 5328 3355 5395 sit
3395 5328 3653 5419 species
3718 5328 3849 5395 nisi
3908 5330 4005 5397 rei
4034 5328 4263 5397 modi-

2771 5589 2794 5625 ¹
2821 5588 2978 5657 lou,
3008 5586 3087 5642 De
3119 5583 3342 5643 divinis
3370 5582 3738 5653 nominibus,
3794 5598 3927 5657 cap.
3958 5584 4013 5639 4.

4337 976 4452 1010 mer.
4469 970 4531 1016 ts.

4403 2287 4468 2354 2.
