4897 6388
488 477 494 483 .
719 412 847 479 442

639 593 648 600 ‘
713 585 927 651 stinus
973 583 1193 651 dicere
1254 584 1322 649 in
1369 583 1656 660 Littera,
1718 571 1875 647 cum
1927 579 1993 644 in
2033 576 2262 643 Veteri

710 690 1137 759 Testamento
1217 675 1526 781 pers'onae
1609 686 1994 756 visibilibus
2051 685 2264 775 signis

713 823 892 891 saepe
923 808 1403 891 apparuerunt,
1439 799 1713 867 videtur
1744 796 1927 887 quod
1950 798 2075 862 ista
2098 795 2261 861 mis-

714 909 813 974 sio
847 908 914 974 in
952 906 1184 976 Veteri
1221 908 1654 973 Testamento
1694 926 1873 992 saepe
1914 902 2088 969 facta
2125 900 2264 967 fue-

717 1015 823 1083 rit.

804 1127 867 1191 2.
914 1124 1251 1192 Praeterea
1281 1121 1412 1188 hoc
1442 1121 1712 1189 videtur
1751 1121 1957 1188 etiam
2003 1116 2134 1185 alia
2166 1139 2267 1184 ra-

713 1234 895 1299 tione
950 1253 966 1299 :
1029 1230 1263 1297 missio
1322 1229 1508 1295 enim
1559 1225 1852 1293 visibilis
1913 1223 2264 1292 ordinatur

714 1338 799 1407 ad
829 1336 1239 1405 invisibilem
1285 1359 1300 1403 :
1345 1336 1464 1405 sed
1494 1333 1859 1403 invisibilis
1918 1337 1987 1401 in
2043 1332 2265 1399 Veteri

711 1443 1140 1511 Testamento
1193 1462 1369 1530 saepe
1401 1440 1576 1507 facta
1607 1446 1710 1505 est
1743 1460 1757 1505 ε
1797 1460 1957 1528 ergo
1988 1444 2054 1503 et
2108 1434 2267 1503 visi-

713 1549 892 1632 bilis,
917 1548 1252 1616 Pnoexno
1266 1548 1540 1637 ·primae.
1568 1545 1647 1612 ln
1667 1547 1929 1613 Littera
1950 1543 2109 1611 dicit
2127 1542 2266 1609 Au·

714 1657 1026 1748 gustinus
1056 1654 1331 1746 quodin
1368 1653 1503 1720 illis
1535 1655 1862 1721 creaturis
1883 1650 2262 1720 visibilibus

718 1762 1010 1854 Spiritus
1040 1769 1312 1830 sanctus
1342 1761 1427 1828 ad
1473 1760 1608 1829 hoc
1644 1768 1811 1843 erat,
1861 1768 1939 1826 ut
1993 1780 2114 1848 per
2151 1778 2264 1825 eas

716 1869 1179 1939 ostenderetur
1211 1866 1507 1957 Spiritus
1550 1873 1825 1934 sanctus
1856 1865 1925 1932 in
1959 1863 2088 1931 illis
2118 1885 2265 1932 esse

716 1976 802 2045 ad
838 1997 1010 2067 quos
1041 1967 1173 2042 illae
1203 1980 1531 2042 creaturae
1568 1969 1958 2041 veniebant.
2001 1968 2267 2038 Secun-

715 2083 802 2153 da
862 2091 1090 2153 autem
1156 2080 1512 2173 probatur,
1596 2077 1903 2170 Sapient.
1965 2098 2061 2156 ιιι,
2118 2077 2198 2144 10
2242 2096 2260 2147 t

714 2192 914 2261 Mitte
950 2189 1155 2259 illam
1186 2190 1270 2258 de
1297 2189 1485 2258 coelis·
1514 2188 1771 2257 sanctis
1800 2190 1963 2266 tuis,
1996 2195 2062 2254 et
2088 2210 2132 2254 α
2157 2208 2269 2254 se-

718 2303 802 2372 de
844 2301 1350 2393 maqnitudinis
1398 2310 1562 2384 tuae,
1622 2308 1701 2369 ut
1757 2321 2019 2369 mecum
2059 2299 2152 2366 sit
2205 2306 2269 2365 et

720 2432 980 2478 mecum
1015 2406 1297 2478 laboret.
1345 2407 1496 2477 Hoc
1542 2407 1728 2476 enim
1772 2406 2028 2475 dictum
2059 2413 2160 2474 est
2196 2404 2268 2472 in

719 2517 949 2585 Veteri
975 2514 1460 2585 Testamento:
1521 2536 1686 2607 ergo
1742 2512 2035 2596 videtur,
2085 2509 2269 2604 quod

721 2623 1110 2714 hujusmodi
1150 2624 1385 2692 missio
1415 2619 1704 2692 visibilis
1734 2629 1895 2690 tunc
1931 2620 2158 2691 fuerit.

806 2732 871 2802 3.
906 2731 1104 2810 Item,
1150 2729 1228 2798 Si
1290 2728 1581 2799 visibilis
1638 2737 1950 2798 creatura
2023 2736 2124 2796 est
2166 2749 2271 2795 os·

715 2840 998 2912 tendens
1043 2837 1301 2932 aliquid
1344 2839 1679 2918 divinum,
1732 2836 1984 2907 suflicit
2045 2836 2130 2904 ad
2166 2857 2272 2905 rs-

725 2953 980 3023 tionem
1036 2949 1322 3019 visibilis
1386 2950 1737 3018 missionis
1796 2971 1812 3017 2
1882 2968 2064 3026 cum,
2098 2944 2271 3015 sicut

719 3084 923 3157 supra
949 3058 1338 3141 habuimus,
1384 3059 1591 3128 Pater
1631 3057 1702 3127 in
1725 3054 1976 3126 visibili
2007 3061 2271 3125 creetu-

723 3194 799 3241 ιιι
836 3171 1173 3261 apparuit,
1212 3167 1483 3238 videtur
1538 3166 1743 3237 Peter
1807 3187 1955 3236 esse
1993 3163 2264 3236 missus.

727 3278 968 3348 Genes.
1002 3300 1193 3359 xvm,
1235 3278 1302 3360 2,
1326 3276 1492 3345 Tres
1518 3274 1714 3355 vidit,
1748 3281 1814 3342 et
1862 3296 2078 3341 unum
2108 3270 2269 3341 ado·

727 3387 924 3455 ravit.

814 3495 878 3561 4.
917 3492 990 3562 Si
1020 3494 1228 3583 dicas,
1266 3489 1449 3585 quod
1476 3490 1625 3560 haec
1653 3490 1801 3559 visa
1838 3487 2119 3557 Petrum
2149 3509 2273 3580 per

722 3600 1025 3693 Angelos
1063 3599 1533 3668 administrata
1569 3605 1756 3676 sunt,
1815 3604 1882 3666 et
1929 3595 2080 3664 ideo
2129 3617 2268 3664 non

725 3710 1125 3802 intelligitur
1151 3712 1219 3778 in
1249 3709 1346 3776 eis
1377 3707 1613 3776 missio
1653 3729 1669 3776 ι
1704 3704 1836 3775 hoc
1867 3728 2005 3774 non
2055 3727 2271 3774 excu-

723 3826 826 3886 sat
863 3814 1315 3906 objectionem
1352 3813 1572 3883 tribus
1631 3809 2054 3883 rationibus:
2098 3832 2267 3904 qus·

726 3946 877 3992 rum
904 3922 1124 4016 prima
1182 3931 1308 4008 est,
1370 3919 1555 4015 quod
1592 3919 2021 4013 Augustinus
2075 3915 2269 3998 dicit,

725 4031 908 4125 quod
946 4030 1510 4100 absurdissimum
1557 4036 1659 4098 est
1700 4026 1922 4098 dicere
1962 4024 2265 4107 Patrem,

725 4141 781 4208 si
811 4138 1161 4223 voluisset,
1194 4140 1266 4208 in
1313 4145 1622 4207 creatura
1660 4135 1912 4206 visibili
1944 4157 2270 4228 apparere

728 4270 864 4317 non
904 4248 1203 4338 potuisse
1257 4245 1531 4337 :posito
1588 4267 1779 4335 ergo,
1829 4244 2013 4337 quod
2067 4265 2272 4336 eppa-

729 4358 958 4436 ruerit,
1028 4354 1195 4425 nihil
1242 4354 1439 4424 debet
1476 4354 1671 4449 sequi
1720 4353 2206 4423 inconveniens
2248 4375 2266 4422 τ

729 4465 1036 4559 sequitur
1080 4471 1334 4548 nutem,
1394 4460 1579 4555 quod
1643 4460 1894 4531 missus
1922 4462 2008 4530 sit
2043 4483 2060 4531 t
2102 4483 2267 4553 ergo

730 4572 860 4642 hoc
914 4595 1051 4641 non
1105 4570 1375 4640 videtur
1443 4568 1990 4640 inconveniens:
2045 4576 2109 4638 et
2139 4565 2271 4637 hoc

731 4687 1050 4771 negatum
1088 4685 1189 4749 est
1220 4700 1423 4771 supra
1457 4700 1473 4746 ε
1509 4699 1702 4769 ergo,
1735 4684 1864 4748 etc.

818 4789 880 4856 ὅ.
907 4787 1219 4856 Secunda
1239 4787 1451 4855 ratio:
1486 4785 1663 4866 Quia
1693 4787 1749 4855 si
1772 4794 2079 4855 creatura
2101 4785 2274 4853 irra-

732 4894 1000 4964 tionalis
1021 4904 1085 4964 et
1121 4893 1666 4964 inintellectuulis
1701 4896 1801 4984 (ut
1830 4893 1925 4963 its
1953 4892 2147 4962 liceat
2174 4893 2274 4962 di·

729 5004 1247 5096 cere)sussicitad
1262 5003 1861 5073 demonstrandam
1876 5001 2271 5071 missionem

730 5132 1060 5201 personae,
1102 5111 1270 5178 sicut
1313 5105 1658 5190 columba,
1689 5106 1795 5176 vel
1830 5106 2027 5176 ssatus
2060 5104 2276 5175 :mul-

807 5397 1089 5454 ¹DanieL
1149 5415 1226 5466 ix,
1274 5403 1308 5450 9
1365 5405 1424 5453 ot
1480 5398 1550 5453 ⁴0
1606 5413 1620 5452 ε
1670 5395 2056 5469 Adspiciebam
2103 5396 2273 5453 dorice

737 5486 934 5545 throni
980 5487 1327 5561 positijstmt,
1377 5493 1431 5543 et
1476 5489 1745 5557 antiquus
1790 5485 2004 5543 dierum
2058 5485 2269 5542 adm:

734 5578 1011 5634 Iudicium
1040 5577 1200 5646 sedit,
1231 5584 1285 5633 et
1314 5575 1446 5631 libri
1486 5577 1672 5649 aperti
1693 5579 1848 5631 sunt.

806 5666 831 5703 ¹
869 5667 980 5723 lsa.
1014 5682 1089 5737 vt,
1118 5665 1150 5723 3
1179 5682 1194 5722 :
1225 5667 1293 5722 Et
1345 5663 1666 5722 clamabant
1705 5661 1851 5719 alter
1895 5668 1948 5719 et
2015 5664 2272 5736 atterum,

739 5763 791 5813 et
820 5754 1072 5812 dicebant
1101 5771 1120 5813 .·
1151 5755 1405 5823 Sanctus,
1442 5760 1687 5823 sanctu,
1716 5753 1934 5809 sanctus
1992 5753 2270 5823 Dominum,

1748 405 1839 505 D..
1883 404 2081 472 ALB.
2134 401 2355 471 MAG.
2407 399 2618 471 om).
2669 402 2981 494 PRAED,

2372 582 2442 642 to
2476 555 2723 666 magis·
2746 578 3058 644 creatura
3123 573 3616 653 intellectualis,
3652 582 3718 642 et
3756 597 3922 665 prae·

2368 685 2568 774 cipue
2607 684 2939 775 Angelus.
2983 684 3063 752 In
3103 685 3216 753 illa
3265 685 3443 753 enim
3475 691 3662 751 tauto
3704 687 3919 774 magis

2370 792 2682 860 divinum
2714 794 2975 884 aliquid
3021 797 3477 885 cognoscitur,
3521 800 3775 883 quanto
3814 793 3920 881 ip-

2369 922 2445 967 sa
2476 908 2581 968 est
2632 899 2935 968 nobilior
2999 910 3066 969 et
3132 901 3483 967 divinior:
3546 922 3703 967 cum
3758 920 3917 989 ergo

2370 1008 2543 1076 tales
2599 1007 2962 1077 missiones
3030 1008 3452 1099 Angelorum
3519 1008 3586 1074 in
3694 1006 3917 1074 Veteri

2367 1116 2803 1184 Testamento
2871 1118 3123 1206 saepius
3191 1116 3379 1183 factae
3430 1123 3611 1197 sunt,
3652 1114 3922 1182 videtur

2372 1224 2559 1314 quod
2585 1247 2764 1315 saepe
2792 1226 3021 1293 missae
3052 1232 3210 1292 sunt
3239 1245 3571 1314 personae,
3613 1231 3680 1291 et
3708 1225 3917 1291 etiam

2374 1330 2603 1400 Pater.
3130 1413 3137 1419 ,

2463 1442 2527 1508 6.
2569 1440 2795 1509 Tertia
2833 1442 3005 1509 ratio
3047 1448 3149 1508 est
3195 1440 3277 1508 ab
3337 1441 3732 1508 auctoritate
3778 1439 3923 1506 Da-

2369 1546 2592 1627 nieliS,
2629 1546 2745 1615 ubi
2776 1545 3051 1639 legitur,
3086 1549 3268 1639 quod
3308 1549 3627 1638 antiquus
3658 1547 3920 1614 dierum

2369 1656 2570 1742 sedit,
2604 1665 2670 1725 et
2700 1656 2859 1725 libri
2896 1658 3113 1748 aperti
3143 1665 3301 1724 sunt
3328 1679 3556 1725 coram
3588 1678 3669 1724 eo
3703 1658 3748 1722 ¹.
3809 1654 3916 1740 Et,

2369 1762 2588 1844 Isaiae,
2630 1788 2724 1845 v1‚
2773 1768 2798 1832 ¹
2863 1787 2879 1830 :
2966 1764 3120 1832 Vidi
3153 1766 3533 1833 Dominum
3586 1762 3920 1830 sedentem

2365 1896 2574 1965 super
2598 1872 2860 1940 solium
2897 1873 3239 1941 excelsum
3279 1883 3343 1939 et
3380 1872 3745 1952 elevatum,
3786 1879 3912 1939 etc.

2368 1980 2513 2050 Nec
2541 1980 2796 2072 poteris
2845 1981 3093 2062 dicere,
3137 1981 3321 2072 quod
3377 1979 3509 2049 hoc
3546 1980 3742 2048 fuerit
3774 1979 3924 2046 An-

2291 2101 2330 2126 *'
2369 2087 2565 2181 gelus
2593 2087 2666 2156 in
2703 2109 3000 2180 persons
3038 2088 3163 2157 Dei
3199 2108 3218 2158 τ
3262 2088 3421 2179 quia
3478 2085 3741 2179 Angelo
3791 2084 3923 2153 Se-

2368 2194 2638 2287 raphim
2695 2218 2837 2265 non
2889 2195 3214 2277 clamant,
3256 2197 3575 2278 Sanctus,
3614 2202 3917 2277 sanctus,

2365 2312 2644 2372 semotus
2708 2292 2731 2331 ²
2767 2325 2784 2372 ε
2845 2322 2973 2372 nec
3017 2301 3322 2395 Angelus
3361 2302 3430 2370 in
3469 2322 3760 2392 persona
3795 2299 3921 2369 Dei

2359 2409 2717 2501 judicabit.

2461 2518 2530 2588 7.
2566 2515 2640 2585 Si
2662 2517 2836 2586 forte
2865 2518 3076 2602 dicas,
3109 2517 3294 2610 quod
3324 2518 3454 2587 hoc
3497 2517 3697 2586 suerit
3727 2537 3925 2586 reve-

2369 2624 2562 2705 latio,
2604 2633 2675 2694 et
2710 2647 2852 2694 non
2891 2625 3251 2718 apparitio,
3305 2626 3416 2694 vel
3457 2624 3715 2694 missio,
3751 2622 3928 2693 cox-

2371 2754 2505 2802 τιυι
2533 2754 2553 2802 2
2582 2731 2764 2802 Talis
2795 2733 3099 2803 ostensio
3158 2754 3611 2827 quaecumque
3647 2734 3762 2813 sit,
3800 2731 3930 2800 fuit

2373 2843 2795 2912 constituens
2852 2839 3232 2933 Prophetas
3276 2864 3294 2911 ε
3345 2843 3509 2933 quin
3554 2839 3927 2932 Prophetas

2372 2971 2706 3019 vocamus
2736 2949 2986 3043 quibus
3017 2950 3145 3019 ista
3174 2949 3346 3019 fecta
3383 2956 3542 3018 sunt
3576 2970 3595 3014 ι
3624 2946 3743 3017 sed
3775 2970 3926 3040 pro·

2372 3055 2565 3151 prius
2595 3055 2874 3127 effectus
2904 3055 3251 3126 missionis
3297 3064 3398 3125 est
3443 3054 3821 3148 Prophetas
3859 3061 3927 3124 et

2374 3166 2634 3236 amicos
2671 3164 2798 3236 Dei
2847 3165 3288 3248 constituere,
3347 3166 3522 3234 sicut
3560 3162 3927 3234 habuimus

2373 3277 2446 3345 in
2484 3272 2889 3365 praecedenti
2956 3273 3415 3352 distinctione,
3473 3295 3557 3341 ex
3616 3269 3920 3363 Sapit-nt.

2372 3405 2496 3467 vn,
2529 3383 2615 3451 27
2648 3404 2664 3451 :
2699 3384 2837 3451 Per
2880 3383 3193 3450 nationes
3243 3384 3311 3449 ἰη
3350 3381 3623 3450 animas
3656 3391 3927 3448 sanctas

2371 3515 2443 3561 se
2493 3493 2855 3580 transfert,
2924 3512 3041 3557 am
3051 3489 3188 3558 icos
3253 3490 3388 3558 Deo·
3438 3501 3506 3558 et
3542 3489 3926 3582 Prophetas

2371 3597 2750 3667 constituit.
2786 3595 2957 3665 Item
2987 3593 3316 3664 faciamus
3344 3596 3485 3664 vim
3528 3597 3597 3663 in
3628 3617 3711 3664 eo
3742 3594 3924 3685 quod
4006 3594 4013 3601 ’

2372 3706 2557 3785 dicit,
2592 3730 2722 3801 per
2746 3708 3059 3776 nationes
3088 3730 3112 3776 :
3150 3730 3314 3798 ergo
3373 3729 3512 3776 non
3578 3707 3647 3774 in
3696 3715 3926 3775 nostra

2374 3820 2651 3887 natione
2689 3824 2987 3898 tantum,
3054 3815 3173 3885 sed
3239 3817 3447 3886 etiam
3512 3817 3582 3884 in
3649 3816 3923 3885 natione

2372 3925 2659 3995 Petrum
2714 3924 2846 3994 ista
2909 3921 3088 3995 facts
3150 3933 3311 3994 sunt
3352 3946 3566 4015 :ergo
3630 3922 3923 4003 videtur,

2375 4032 2561 4128 quod
2599 4040 2761 4103 tunc
2822 4031 2999 4104 facts
3070 4033 3272 4103 fuerit
3329 4034 3564 4103 missio
3610 4029 3921 4109 visibilis,

2374 4150 2441 4211 ct
2478 4139 2665 4234 quod
2703 4139 2908 4210 Pater
2946 4148 3017 4212 et
3068 4137 3354 4234 singulae
3408 4161 3717 4234 personoe
3758 4141 3929 4208 mis-

2373 4271 2469 4318 sae
2510 4250 2671 4318 sint.

2466 4466 2603 4534 San
2620 4486 2915 4534 comm:

2460 4573 2572 4644 Ad
2601 4570 2821 4644 Galat.
2856 4597 2957 4659 ιιι,
2996 4577 3102 4656 19,
3135 4571 3273 4643 Lex
3303 4576 3373 4643 in
3402 4597 3610 4644 manu
3658 4573 3925 4645 media-

2374 4684 2544 4754 toris
2587 4682 2809 4774 posita
2865 4691 2992 4762 est,
3061 4682 3373 4752 ordinate
3420 4707 3541 4775 per
3596 4681 3922 4774 Angelos,

2372 4791 2592 4859 donec
2628 4789 2891 4858 veniret
2928 4812 3165 4859 semen
3212 4790 3320 4858 cui
3361 4791 3833 4882 repromiserat
3876 4791 3924 4859 ⁸.

2373 4898 2556 4990 Ergo
2585 4897 2880 4977 videtur,
2953 4897 3138 4991 quod
3176 4899 3409 4967 omnin
3457 4897 3603 4965 visa
3648 4897 3927 4966 Petrum

2372 5005 2648 5075 fuerunt
2677 5028 2799 5096 per
2829 5028 3077 5074 manus
3135 5003 3557 5098 Angelorum
3596 5027 3811 5098 usque
3839 5005 3927 5073 ad

2373 5112 2747 5182 adventum
2805 5110 3080 5181 Christi.
3145 5111 3368 5204 Supra
3405 5119 3632 5182 autem
3677 5112 3929 5204 probs-

2374 5402 2718 5457 eaeereitmem
2753 5416 2769 5456 ε
2793 5399 2974 5470 plena
3003 5405 3083 5455 est
3112 5396 3292 5454 οηιιιίι
3323 5404 3473 5453 terra
3503 5398 3686 5466 utorio
3716 5398 3860 5469 ejvs.

2445 5488 2471 5525 ⁸
2500 5489 2590 5546 Ad
2620 5488 2809 5548 Galat.
2840 5504 2927 5555 ιιι.
2956 5490 3020 5544 19
3053 5504 3068 5544 z
3098 5486 3245 5555 Quid
3290 5488 3467 5557 initur
3506 5486 3645 5545 lex?
3697 5491 3934 5561 Propter

2377 5579 2870 5650 transm-estimem
2887 5577 3089 5653 posita
3137 5582 3238 5647 est,
3268 5575 3442 5634 donec
3485 5578 3696 5635 veniret
3748 5593 3928 5636 semen

2376 5667 2469 5724 cui
2491 5666 2901 5739 repromiserat,
2946 5664 3208 5723 ordinata
3249 5682 3353 5738 per
3394 5666 3640 5742 Angelos
3666 5666 3728 5724 ιἰι
3759 5684 3928 5725 manu

2377 5756 2719 5815 mediatoris.

3947 4503 4043 4549 Set
4066 4509 4225 4549 contre
