4897 6388
775 653 846 697 Ad
897 653 938 697 4.

794 1076 873 1121 Ad
892 1078 933 1122 5.

799 3138 870 3185 Ad
888 3144 932 3185 6.

2075 259 2246 325 1NJ
2297 257 2725 352 SENTENT.
2780 258 3003 326 olST.
3058 259 3213 326 ΧΠ.

1047 423 1448 514 simpliciter
1486 452 1815 499 numerus
1859 452 1874 500 ε
1912 439 1978 499 et
2013 431 2143 500 hoe
2172 433 2344 498 infra
2380 431 2601 520 magis

1050 529 1644 602 determinabitur.

1139 641 1245 707 An
1293 666 1494 710 Anum
1547 644 1937 728 dicendum,
1993 646 2173 736 quod
2219 648 2435 714 saneti
2487 669 2605 713 vo·

1050 756 1209 814 eant
1238 754 1460 816 totum
1501 750 1686 819 idem
1723 753 1907 842 quod
1964 753 2329 843 perfectum
2361 776 2376 822 ε
2430 755 2606 821 sieut

1051 854 1519 948 Philosophus
1573 859 1734 927 dicit
1802 862 1870 927 in
1947 861 2041 927 111
2098 864 2602 953 Physicorum:

1055 957 1535 1034 totumautem
1566 975 1634 1035 et
1661 969 2036 1057 perfeetum
2066 971 2245 1038 idem
2292 971 2466 1039 dieo,

1143 1073 1249 1138 An
1302 1097 1504 1142 Amul)
1553 1075 1941 1163 dicendum,
1994 1079 2176 1169 quod
2232 1079 2435 1147 Pater
2507 1086 2608 1146 est

1053 1188 1199 1248 tota
1237 1181 1454 1250 deitas
1521 1191 1587 1252 et
1643 1193 1828 1254 totus
1874 1188 2081 1265 DeuS,
2143 1196 2214 1278 et
2257 1186 2466 1254 Filius
2522 1187 2608 1254 si-

1053 1290 1365 1360 militer:
1439 1293 1555 1361 sed
1616 1294 1803 1385 quod
1865 1305 2101 1386 postea
2165 1296 2599 1373 subinfertur,

1052 1399 1523 1494 Quaeeumque
1572 1405 1690 1471 uni
1744 1412 1810 1473 et
1851 1406 2069 1474 eidem
2125 1415 2284 1475 sunt
2338 1406 2601 1486 eadem,

1051 1517 1234 1588 ete.,·
1258 1509 1782 1602 intelligendum
1824 1521 1950 1596 est,
1985 1513 2167 1604 quod
2203 1512 2336 1582 hoe
2364 1536 2603 1581 verum

1052 1624 1155 1682 est
1184 1617 1565 1685 secundum
1599 1619 1786 1709 quod
1824 1629 1981 1688 sunt
2035 1621 2208 1688 idem
2257 1621 2352 1689 illi
2390 1644 2405 1689 ι
2467 1644 2605 1689 non

1053 1734 1285 1795 autem
1326 1735 1428 1794 est
1456 1726 1552 1793 ibi
1599 1728 1994 1818 praedicatio
2034 1729 2139 1797 vel
2187 1730 2605 1821 comparatio

1049 1857 1501 1924 personarum
1545 1836 1632 1904 ad
1661 1839 2027 1906 essentiam
2076 1839 2200 1907 nisi
2235 1838 2303 1905 in
2346 1838 2605 1907 ratione

1053 1939 1351 2009 absoluti
1418 1941 1501 2010 de
1580 1941 1949 2012 absoluto:
2032 1944 2359 2036 quidquid
2421 1944 2604 2012 enim

1050 2056 1487 2139 eomparatur
1516 2050 1602 2118 ad
1623 2052 1988 2120 essentiam
2022 2053 2086 2120 in
2118 2053 2390 2132 divinis,
2422 2075 2607 2122 eom-

1049 2164 1334 2245 paratur
1388 2166 1467 2225 ut
1551 2157 1942 2227 absolutum
2005 2160 2089 2228 ad
2161 2159 2599 2228 absolutum:

1050 2263 1415 2332 relativum
1445 2266 1630 2333 enim
1669 2289 1813 2335 non
1842 2275 1943 2335 est
1980 2267 2065 2335 ad
2117 2268 2406 2337 alterum
2474 2269 2603 2336 nisi

1049 2371 1135 2438 ad
1166 2371 1230 2439 id
1267 2373 1375 2440 cui
1421 2378 1816 2464 opponitur,
1851 2384 1919 2443 et
1944 2377 2094 2444 ideo
2126 2376 2211 2444 ad
2241 2377 2604 2444 essentiam

1049 2487 1524 2568 comparatum
1568 2504 1707 2550 non
1739 2492 1840 2551 est
1868 2483 1954 2550 ad
2016 2482 2301 2552 alterum
2348 2507 2363 2551 ε
2425 2482 2605 2550 unde

1050 2609 1136 2654 ex
1166 2587 1282 2655 itta
1334 2590 1805 2680 propositione
1855 2614 1994 2659 non
2044 2593 2365 2684 sequitur,
2422 2589 2606 2683 quod

1052 2693 1258 2764 Pater
1296 2704 1364 2765 et
1429 2696 1640 2766 Filius
1696 2701 1834 2768 sint
1879 2700 2085 2786 idem,
2138 2701 2252 2769 sed
2303 2699 2490 2791 quod
2537 2700 2607 2766 in

1053 2804 1377 2872 omnibus
1425 2805 1758 2876 absolutis
1815 2809 1952 2876 sint
2008 2808 2212 2892 idem,
2262 2817 2329 2877 et
2395 2810 2461 2875 in
2502 2806 2606 2875 his

1057 2912 1125 2979 in
1157 2911 1408 3003 quibus
1434 2913 1522 2982 ad
1552 2937 1624 2983 se
1664 2916 1956 2985 invicem
2009 2917 2411 2996 referuntur,
2480 2915 2607 2984 ha-

1059 3017 1220 3087 bent
1253 3019 1789 3090 distinctionem.

1147 3126 1476 3196 ΑυΛιωυ
1515 3130 1905 3211 dicendum,
1940 3131 2123 3224 quod
2174 3133 2464 3201 essentia
2510 3132 2607 3200 ‹li-

1055 3234 1215 3300 vina
1249 3256 1390 3302 non
1420 3244 1522 3305 est
1554 3259 1712 3326 pars
1743 3236 1989 3319 Patris,
2024 3247 2097 3305 ut
2125 3239 2282 3307 dicit
2330 3240 2608 3307 alterius

1057 3364 1370 3431 personae
1415 3366 1432 3413 ε
1489 3354 1553 3414 et
1602 3368 1847 3415 verum
1905 3356 2030 3425 est,
2081 3346 2263 3438 quod
2319 3348 2607 3416 essentia

1058 3448 1230 3517 nihil
1279 3450 1408 3518 sibi
1455 3451 1765 3521 additum
1826 3452 2027 3521 habet
2089 3455 2155 3520 in
2222 3453 2419 3522 Patre
2471 3478 2609 3545 quo

1058 3558 1430 3627 constituat
1460 3583 1827 3652 personam
1873 3583 1888 3628 ε
1950 3562 2106 3652 quia
2154 3561 2297 3648 jani
2355 3561 2609 3631 dictum

4125 253 4253 321 529

2711 438 2835 510 est,
2881 430 3065 520 quod
3105 430 3275 497 nihil
3333 437 3764 518 comparatur
3820 428 4127 496 essentiae
4185 427 4258 496 in

2714 537 2962 606 divinis
3002 539 3130 606 nisi
3164 562 3373 629 penes
3414 538 3832 605 identitatem
3874 536 4257 604 absolutam

2712 655 2989 736 propter
3017 646 3340 733 [ultimam
3391 648 3492 713 sui
3544 644 4092 735 simplicitatem:
4137 645 4260 712 sed

2712 751 2869 820 lieet
2906 756 3274 842 paternitas
3306 753 3387 819 ab
3429 753 3719 820 essentia
3751 754 3817 818 in
3857 751 4057 818 Patre
4117 772 4261 818 non

2714 861 2981 930 differat
3022 885 3120 946 re,
3170 870 3417 928 tamen·
3465 860 3686 929 differt
3743 859 3944 927 modo
4003 859 4262 949 signiti-

2716 967 2955 1036 tioandi
3004 990 3018 1033 ε
3091 969 3208 1058 qui
3265 968 3421 1035 lieet
3477 969 3543 1034 in
3603 969 4107 1056 comparatione
4174 966 4260 1033 ad

2716 1077 3081 1144 essentiam
3121 1081 3210 1144 sit
3251 1080 3491 1147 modus
3541 1085 3607 1143 et
3645 1100 3782 1144 non
3839 1098 3969 1160 reS,
4029 1083 4129 1142 est
4166 1085 4265 1144 ta-

2717 1211 2874 1255 men
2907 1211 3011 1255 res
3054 1189 3121 1254 in
3179 1189 3685 1277 comparatione
3738 1186 3820 1253 ad
3878 1186 4262 1275 oppositam

2715 1318 3076 1385 personam
3134 1305 3259 1363 :et
3288 1295 3437 1362 ideo
3514 1317 3817 1385 personae
3859 1316 3998 1360 non
4063 1291 4263 1360 diffe-

2717 1412 2869 1471 runt
2906 1403 3110 1472 modo
3143 1405 3499 1471 nominum
3530 1411 3820 1471 tantum.
3875 1400 4011 1469 Sed
4074 1404 4132 1467 si
4178 1399 4261 1468 ab

2715 1519 3003 1602 utraque
3058 1520 3247 1600 parte
3315 1519 3489 1577 esset
3564 1510 3832 1588 moduS,
3911 1508 4166 1576 seilicet
4222 1532 4261 1576 a

2716 1629 2902 1708 parte
2934 1621 3271 1698 essentiae,
3317 1629 3382 1686 et
3419 1643 3456 1686 a
3497 1626 3684 1709 parte
3733 1640 4065 1708 personae,
4098 1625 4263 1709 tune

2715 1726 3192 1794 tantummodo
3234 1727 3613 1794 differentia
3642 1727 3998 1793 nominum
4040 1723 4263 1791 diss'er-

2716 1844 2866 1905 rent
2903 1860 3234 1927 personae,
3281 1846 3352 1905 ut
3382 1837 3551 1905 dixit
3601 1835 3957 1905 SabelliuS.

2806 1946 2909 2012 An
2938 1969 3137 2014 Auno
3193 1946 3580 2029 dicendum,
3641 1946 3821 2036 quod
3888 1945 4092 2013 etiam
4149 1966 4257 2011 se·

2717 2053 3016 2121 eundum
3057 2051 3538 2144 philosophos,
3586 2053 3877 2142 primum
3907 2050 4098 2118 nullo
4128 2051 4260 2118 nisi

2716 2169 2872 2228 ente
2935 2163 3322 2252 participat,
3395 2170 3459 2228 et
3528 2183 3649 2228 nec
3710 2158 3823 2227 ino
3907 2160 4264 2249 participat

2715 2277 2789 2335 ut
2845 2279 3105 2359 partem
3174 2272 3319 2358 ejus
3385 2270 3629 2359 capiat,
3697 2270 3866 2336 sieut
3954 2268 4265 2358 disputa-

2716 2384 2861 2443 tum
2959 2386 3060 2445 est
3141 2381 3461 2468 supra¹:
3523 2377 3638 2445 sed
3717 2376 3795 2444 ad
3865 2376 3993 2442 hoc
4082 2373 4265 2466 quod

2718 2482 2963 2574 aliquis
3046 2486 3133 2551 sit
3192 2495 3405 2575 pater,
3480 2484 3723 2551 suflicit
3823 2481 4072 2550 habere
4139 2481 4270 2548 ali-

2718 2590 2880 2680 quid
2938 2589 3255 2659 diss'erens
3304 2593 3389 2660 ab
3446 2616 3590 2660 esse
3643 2593 3710 2658 in
3744 2591 3945 2658 modo
4012 2590 4270 2680 signiti-

2716 2697 2941 2780 candi,
2976 2700 3093 2789 qui
3127 2699 3370 2766 modus
3416 2700 3500 2766 sit
3540 2721 3642 2766 res
3702 2722 3835 2765 non
3886 2720 4268 2765 connume-

2722 2804 2950 2873 rabitis
2979 2809 3315 2891 essentiae,
3351 2807 3467 2875 sed
3509 2807 3577 2874 in
3638 2807 4148 2897 comparatione
4178 2805 4264 2872 ad

2720 2911 2924 2981 aliam
2956 2937 3315 3004 personam
3349 2939 3496 3006 qum
3529 2925 3626 2982 est
3666 2939 3765 2982 res
3805 2913 4106 3002 ejusdem
4148 2936 4267 2980 na-

2721 3032 2915 3090 turae.

2808 3132 2913 3200 An
2944 3154 3140 3201 Αιιιτι)
3168 3131 3553 3216 dicendum,
3607 3132 3787 3224 quod
3840 3132 4261 3219 Augustinus

2722 3242 3034 3325 intendit,
3077 3243 3257 3333 qnod
3294 3267 3427 3310 uon
3461 3268 3542 3309 eo
3583 3252 3681 3309 est
3711 3266 3845 3332 quo
3901 3239 4101 3308 Pater
4129 3248 4256 3318 est,

2720 3358 2783 3418 et
2825 3359 2925 3417 est
2992 3349 3194 3418 Pater
3256 3349 3626 3417 secundum
3679 3349 3954 3417 modum
4006 3348 4263 3437 signiti-

2722 3456 2915 3524 candi
2957 3460 3074 3548 qui
3147 3459 3231 3524 sit
3300 3481 3403 3525 res
3467 3458 3858 3548 respectiva.
3921 3456 4074 3525 licet
4124 3477 4262 3522 non

2722 3563 2808 3632 sit
2846 3586 2953 3633 res
2982 3563 3246 3631 diversa
3271 3589 3308 3633 a
3340 3575 3603 3633 natura.

1593 4051 1684 4126 G.
1740 4048 1965 4141 Quod
1990 4050 2206 4125 mella
2252 4075 2763 4149 personarum
2815 4076 3005 4151 pars
3044 4060 3154 4126 es!
3216 4052 3293 4125 iu
3348 4052 3411 4124 Τ
3408 4052 3741 4125 rim'tale.

1161 4394 1322 4470 Nec
1363 4405 1481 4470 est
1509 4395 1773 4494 aliqua
1816 4394 2040 4469 trium
2085 4418 2585 4494 personarum
2631 4418 2809 4493 pars
2850 4393 2988 4468 Dei
3063 4395 3181 4468 vel
3253 4394 3536 4467 divina·
3613 4394 3967 4467 essentia»,
4004 4417 4020 4468 ε
4088 4393 4274 4492 quin

1062 4530 1375 4628 singula
1408 4532 1682 4604 harum
1727 4554 1961 4605 verus
2000 4541 2071 4604 et
2107 4532 2382 4630 plenus
2415 4530 2624 4605 Deus
2655 4540 2799 4623 est,
2848 4539 2920 4603 et
2980 4540 3131 4602 tnta
3191 4539 3260 4603 et
3328 4530 3549 4627 plena
3611 4528 3865 4601 divina
3939 4529 4275 4603 essentia

1061 4677 1177 4743 est
1224 4677 1352 4742 :et
1394 4667 1566 4742 ideo
1600 4667 1817 4742 nulla
1851 4666 2163 4741 istarum
2211 4666 2280 4740 in
2341 4665 2707 4742 Trinitate
2749 4692 2926 4765 pars
2957 4678 3097 4739 est.
3151 4664 3365 4739 Unde
3409 4666 3885 4757 Augustinus
3947 4665 4020 4739 in
4080 4667 4275 4743 libro

1073 4802 1133 4876 ΙΙ
1167 4814 1441 4877 contra
1477 4801 1991 4877 Maximinum
2030 4801 2473 4877 haereticum
2519 4801 2627 4875 sie
2656 4801 2760 4875 ait
2802 4812 2823 4846 ²
2868 4825 2885 4876 :
2920 4801 3157 4876 Putas
3199 4800 3443 4874 Deum
3492 4802 3787 4875 Patrem
3840 4827 4014 4876 cuin
4087 4803 4277 4877 Filio

1064 4948 1140 5013 et
1170 4935 1461 5037 Spiritu
1497 4949 1765 5014 saneto
1833 4961 2073 5012 unum
2103 4938 2346 5013 Deum
2403 4962 2572 5014 esse
2606 4961 2756 5011 non
2789 4962 3011 5036 posse
3043 4962 3059 5011 :
3095 4936 3314 5011 times
3344 4936 3546 5011 enim
3596 4962 3690 5011 ne
3722 4936 3948 5011 Pater
3978 4938 4068 5012 sit
4100 4963 4279 5038 pars

1069 5076 1303 5151 unius
1342 5074 1514 5168 Dei,
1551 5075 1683 5174 qui
1718 5085 2016 5151 constet
2041 5100 2129 5151 ex
2173 5076 2417 5151 trihus
2461 5099 2478 5152 t
2517 5073 2672 5149 noli
2706 5076 2850 5151 tnnc
2907 5075 3172 5149 timere
3212 5097 3227 5148 z
3295 5074 3507 5148 nulla
3575 5073 3778 5147 enim
3811 5072 3886 5147 sn
3943 5077 4278 5174 partium

1065 5213 1137 5286 in
1176 5212 1483 5288 deitatis
1527 5211 1820 5288 unitate
1852 5211 2125 5288 divisio
2172 5238 2186 5287 :
2238 5237 2438 5288 tinus
2506 5221 2622 5287 est
2668 5210 2879 5284 Dens
2955 5210 3176 5284 Pater
3206 5222 3276 5284 et
3350 5209 3584 5284 Filius
3625 5219 3691 5283 et
3756 5210 4086 5307 Spiritus
4112 5238 4283 5289 san·

1138 5553 1151 5587 ¹
1200 5553 1287 5609 Cf.
1321 5552 1533 5625 Supra,
1565 5552 1713 5610 nist.
1752 5554 1893 5609 Vnt.

1134 5639 1157 5675 ²
1179 5640 1235 5695 S.
1278 5643 1659 5712 Atetsnxcs,
1691 5640 1752 5698 in
1792 5641 1914 5697 Lib.
1943 5642 1991 5695 ΙΙ
2023 5648 2225 5698 contra
2254 5643 2664 5711 Maximinum,
2695 5656 2832 5714 cap.
2864 5642 2949 5698 10.

1293 5775 1399 5814 XXV

3963 5761 4030 5813 :tt

4366 1973 4503 2023 Ad?

4381 3160 4451 3205 Ad
4469 3158 4514 3206 8.
