4897 6388
758 368 888 482 ξω

1741 362 1825 432 D.
1876 364 2073 435 ALB.
2123 360 2340 446 MAG.
2392 360 2595 429 ORD.
2652 358 2950 426 PRAED.

761 535 1057 612 ratione
1099 534 1495 609 Catholica
1533 514 1926 609 ostensum
1971 544 2112 628 est,
2153 531 2538 631 quomodo
2581 527 3023 603 indifferens
3081 528 3180 602 sit
3230 517 3687 624 *magnitudo
3730 527 3958 600 trium

763 695 1269 770 personarum
1313 699 1327 744 ε
1366 670 1550 768 quia
1590 693 1730 744 nec
1798 693 1950 743 una
2001 668 2243 765 major
2290 675 2405 741 est
2442 665 2621 758 alia,
2666 686 2807 738 nec
2847 662 3021 736 duae
3080 662 3330 758 majus
3392 659 3685 759 aliquid
3728 684 3954 757 quam

763 831 943 897 una,
991 830 1133 882 nec
1176 816 1333 881 tres
1373 805 1601 877 simul
1649 804 1893 900 majus
1964 802 2253 901 aliquid
2295 823 2525 898 quam
2591 797 2925 893 singula.

1137 1718 1640 1790 ARTICULUS
1689 1718 1913 1787 xvll.

752 1939 861 2007 An
900 1946 1034 2004 tres
1083 1956 1390 2026 personae
1474 1932 1801 2023 differant
1866 1952 2144 1998 numero
2229 1931 2301 1997 in

1365 2041 1618 2109 divinis
1662 2038 1703 2106 ?

843 2371 1107 2441 Deinde
1138 2366 1473 2438 sumenda
1503 2374 1604 2434 est
1640 2388 1797 2456 pars
1829 2366 1895 2432 in
1935 2386 2071 2457 quo
2101 2362 2302 2431 solvit

758 2616 791 2653 ι
827 2589 989 2656 llaec
1018 2593 1248 2652 autem
1273 2605 1428 2673 quae
1451 2581 1560 2650 laic
1589 2580 1934 2657 dicuntur,
1968 2587 2096 2647 etc.
2134 2606 2167 2641 »ι

845 2693 946 2761 lbi
979 2694 1163 2761 enim
1223 2689 1460 2758 incidit
1500 2690 1809 2781 quaesti0‚
1869 2686 2107 2756 Utrum
2168 2695 2301 2754 tres

752 2823 1069 2895 personae
1110 2798 1428 2868 differunt
1468 2819 1755 2864 numero
1784 2796 1820 2862 ⁰?

841 2908 1160 2987 Videtur,
1206 2904 1391 2997 quod
1428 2904 1548 2972 sic.

853 3018 913 3084 1.
952 3013 1028 3081 ln
1067 3034 1357 3081 numero
1397 3013 1576 3078 enim
1619 3009 1937 3077 dille-runt
1974 3030 2126 3100 quoe
2174 3005 2303 3074 sibi

763 3124 830 3190 in
892 3140 1178 3188 numero
1212 3139 1354 3185 non
1420 3103 1930 3207 adjunguntur:
1988 3113 2105 3182 sed
2169 3121 2304 3181 tres

757 3250 1068 3322 personae
1124 3249 1264 3295 non
1313 3224 1441 3293 sibi
1501 3246 1786 3292 numero
1817 3222 2300 3314 adjunguntur,

761 3337 882 3408 scd
909 3337 1139 3428 potius
1159 3334 1639 3404 discernuntur
1665 3330 1749 3398 ab
1783 3331 2071 3398 invicem
2101 3353 2303 3422 :ergo

765 3458 902 3517 tres
932 3467 1240 3538 personoe
1279 3441 1601 3511 differunt
1642 3463 1948 3509 numero.

847 3558 913 3622 2.
949 3553 1146 3630 Item,
1182 3551 1648 3619 Damascenus
1676 3547 1835 3616 dicit
1884 3546 2065 3640 quod
2104 3546 2306 3615 disl'c-

766 3666 980 3733 rcntia
1013 3670 1113 3730 cst
1140 3683 1347 3730 cause
1377 3659 1643 3727 numeri
1676 3680 1693 3727 ε
1738 3656 1857 3725 sed
1899 3666 2029 3724 tres
2068 3679 2308 3747 perso-

763 3798 868 3843 nae
916 3772 1287 3841 differunt:
1332 3791 1498 3858 ergo
1537 3775 1854 3836 causatur
1899 3766 1966 3833 in
2022 3768 2119 3834 eis
2186 3787 2306 3832 nu-

760 3903 1038 3950 merus:
1082 3901 1246 3969 ergo
1276 3876 1600 3944 differunt
1636 3897 1947 3942 numero.

851 3991 917 4057 3.
956 3986 1151 4063 Item,
1194 3987 1333 4052 Aut
1364 3982 1682 4051 differunt
1711 4003 2023 4061 numero,
2045 3992 2160 4050 aut
2188 4005 2312 4073 ge-

769 4118 955 4173 nere,
991 4102 1109 4162 aut
1146 4092 1396 4182 specie,
1455 4098 1569 4157 aut
1630 4088 1911 4156 omnino
1944 4111 2077 4157 non
2117 4089 2314 4157 diffe-

773 4211 928 4271 runt
966 4225 982 4268 :
1027 4200 1144 4268 sed
1175 4222 1311 4266 non
1341 4220 1615 4289 genere,
1639 4195 1745 4263 vel
1779 4198 2024 4287 specie,
2058 4206 2131 4264 ut
2164 4219 2317 4287 pro·

767 4311 1004 4379 batum
1064 4316 1211 4375 est:
1267 4328 1432 4395 ergo
1488 4303 1914 4393 relinquitur,
1966 4302 2146 4395 quod
2202 4311 2317 4370 aut

773 4417 1095 4486 dill'erunt
1142 4436 1454 4494 numeru,
1480 4422 1594 4478 aut
1634 4411 1917 4478 omnino
1957 4433 2091 4478 non
2133 4410 2321 4479 dill'e·

782 4536 979 4596 runt:
1046 4523 1162 4592 sed
1227 4545 1364 4590 non
1414 4523 1695 4589 omnino
1759 4544 1895 4588 nou
1970 4519 2313 4602 differunt,

771 4638 930 4727 quia
999 4631 1126 4700 hoc
1186 4640 1362 4700 esset
1401 4652 1591 4698 orror
1643 4626 1919 4695 Sabellii
1957 4651 1972 4695 ε
2008 4649 2171 4717 ergo
2220 4650 2319 4695 re-

774 4741 1174 4833 linquintur,
1206 4737 1387 4828 quod
1422 4736 1739 4802 diss'erunt
1784 4756 2092 4801 numero.

866 4849 930 4917 t.
990 4847 1187 4926 ltem,
1229 4844 1788 4933 Quibuscumquc
1821 4840 2104 4909 discerni
2150 4864 2320 4908 con-

775 4958 1027 5024 venite
1058 4977 1128 5021 se
1180 4954 1497 5029 invicem,
1552 4950 1683 5018 illis
1726 4950 2037 5017 convenit
2088 4972 2321 5017 nume-

776 5065 906 5130 rari
935 5085 950 5127 ε
986 5061 1291 5152 personis
1321 5069 1548 5125 autem
1582 5057 1828 5124 divinis
1845 5059 2154 5123 convenit
2176 5055 2318 5124 dis-

775 5169 998 5236 cerni:
1064 5190 1227 5255 orgo
1266 5165 1520 5233 eisdem
1573 5165 1889 5232 convenit
1950 5166 2313 5232 numerari.

781 5275 942 5343 Inde
999 5277 1146 5342 sic:
1209 5272 1766 5362 Quibuscumquo
1822 5272 2137 5338 convenit
2195 5293 2318 5337 nu-

780 5386 1051 5463 merari,
1097 5384 1209 5452 illa
1247 5383 1568 5450 differunt
1623 5400 1958 5447 numero:
2012 5381 2316 5468 personis

777 5494 1025 5561 divinis
1043 5493 1363 5561 convenit
1394 5489 1775 5557 numerari:
1810 5511 1969 5577 ergo
1999 5488 2318 5556 diss'crunt

779 5622 1088 5668 numero.

866 5711 931 5773 23.
968 5707 1163 5787 ltmu,
1208 5704 1766 5794 Quibuscuiuquc
1808 5712 1902 5768 cst
1952 5701 2317 5793 applicabi-

2407 1292 2489 1361 lis
2528 1317 2851 1363 numerus
2882 1317 3017 1385 quo
3066 1315 3536 1373 numer-amm,
3598 1290 3715 1357 illa
3761 1289 3961 1357 diffe-

2408 1409 2565 1467 runt
2597 1423 2879 1468 numero
2917 1423 2932 1466 ε
2968 1401 3279 1489 personis
3319 1398 3569 1467 divinis
3607 1406 3709 1465 est
3739 1397 3961 1487 appli-

2408 1507 2647 1575 cabilis
2686 1529 3014 1574 numerus
3061 1528 3199 1597 quo
3246 1508 3734 1573 numeramus:
3795 1526 3958 1594 ergo

2408 1613 2730 1683 differunt
2763 1636 3076 1682 numero.
3123 1615 3461 1682 Pnonmo
3508 1634 3799 1680 samonis.
3839 1611 3960 1678 Di-

2408 1726 2627 1792 cimus
2664 1723 2873 1802 cnim,
2916 1745 3052 1790 una
3081 1745 3399 1814 persona,
3436 1722 3588 1790 duae
3615 1743 3952 1813 personae,

2408 1843 2542 1902 tres
2580 1852 2891 1923 personae
2927 1853 2943 1899 ε
2988 1829 3106 1899 sed
3136 1853 3339 1910 unuS,
3382 1829 3549 1914 due,
3592 1836 3751 1907 treS‚
3802 1836 3960 1895 sunt

2411 1963 2734 2009 numerus
2773 1961 2908 2031 quo
2948 1960 3418 2006 numeramus.

2498 2046 2630 2115 Sm)
2668 2068 2919 2114 comm
2951 2067 2969 2114 ε

2502 2157 2565 2222 1.
2624 2153 2923 2222 Isidorus
2996 2153 3067 2220 in
3117 2151 3294 2221 libro
3360 2150 3959 2244 Etymoloqiarum

2408 2262 2596 2343 dicit,
2623 2261 2806 2354 quod
2871 2260 3484 2335 numerusdicitur
3521 2260 3717 2352 quasi
3751 2262 3958 2328 nu'tus

2410 2371 2753 2454 memoris,
2786 2369 3000 2448 idest,
3032 2368 3389 2436 divisionis
3424 2389 3439 2436 ε
3466 2367 3585 2435 sed
3607 2368 3677 2435 in
3711 2365 3958 2435 divinis

2409 2502 2548 2548 non
2596 2487 2699 2547 est
2741 2477 3028 2546 divisio:
3077 2500 3240 2569 ergo
3294 2499 3435 2544 non
3464 2485 3567 2544 est
3605 2475 3699 2544 ibi
3757 2484 3959 2544 nutus

2409 2588 2813 2657 divisionis:
2863 2608 3026 2677 ergo
3083 2608 3223 2654 non
3280 2593 3382 2653 est
3431 2583 3519 2652 ibi
3582 2606 3956 2654 numerus:

2411 2719 2575 2788 ergo
2607 2718 2732 2765 nec
2769 2695 3035 2764 differre
3065 2716 3381 2765 numero.

2500 2805 2564 2873 2.
2592 2802 2789 2882 Item,
2823 2801 3287 2893 Philosophus
3323 2824 3339 2870 ε
3375 2802 3454 2870 In
3494 2825 3634 2871 non
3656 2801 3962 2871 habenti-

2410 2911 2539 2980 bus
2571 2913 2923 2980 materinm
2956 2934 3096 2979 non
3135 2919 3235 2980 est
3276 2934 3628 2990 numerus,
3672 2912 3799 2979 nisi
3849 2933 3961 2980 se-

2410 3021 2712 3091 cundum
2776 3043 3050 3089 causam
3119 3027 3187 3088 et
3238 3013 3639 3088 causntum:
3706 3018 3826 3088 sed
3889 3021 3958 3087 in

2411 3131 2720 3221 personis
2759 3128 3007 3198 divinis
3037 3151 3176 3198 non
3206 3136 3309 3197 est
3364 3150 3567 3198 causa
3613 3136 3681 3198 et
3718 3150 3960 3197 cause-

2411 3250 2587 3324 tum‚
2627 3262 2753 3308 nec
2793 3239 3073 3307 materie
3106 3256 3124 3308 ε
3159 3261 3326 3329 ergo
3358 3261 3499 3306 non
3543 3247 3645 3307 est
3693 3239 3784 3307 ibi
3842 3261 3960 3306 nu·

2413 3372 2684 3420 merus:
2720 3372 2882 3441 ergo
2921 3359 3057 3418 tres
3101 3371 3415 3441 personae
3458 3372 3599 3418 non
3642 3349 3963 3418 differunt

2414 3480 2728 3527 numero.

2504 3566 2569 3632 3.
2619 3563 2815 3642 Item,
2856 3561 3322 3654 Philosophus
3377 3562 3564 3644 dicit,
3616 3563 3801 3655 quod
3830 3586 3962 3632 nu-

2414 3690 2678 3736 merum
2724 3668 3200 3758 cognoscimus
3231 3666 3569 3736 divisione
3607 3668 3956 3736 continui:

2414 3775 2532 3843 sed
2571 3776 2638 3842 in
2668 3775 2917 3842 divinis
2942 3796 3082 3842 non
3112 3783 3215 3843 est
3244 3773 3639 3865 hujusmodi
3670 3774 3913 3843 divisio
3940 3798 3956 3843 ε

2413 3899 2579 3969 ergo
2608 3899 2747 3944 non
2786 3886 2889 3945 est
2915 3876 3007 3945 ibi
3037 3899 3387 3945 numerus.

2425 4024 2428 4027 2
2506 3987 2571 4052 4.
2644 3983 2839 4064 Item,
2909 3983 3373 4077 Quaecumque
3448 3985 3770 4055 differunt
3844 4009 3968 4055 nu·

2420 4116 2636 4172 moro,
2682 4092 3081 4185 simpliciter
3132 4102 3291 4162 sunt
3338 4079 3578 4186 plura:
3634 4095 3753 4163 sed
3810 4119 3966 4186 per·

2420 4224 2607 4270 sona?
2636 4201 2883 4269 divinae
2916 4223 3054 4269 non
3099 4200 3502 4292 simpliciter
3537 4210 3697 4270 sunt
3746 4201 3965 4294 plura,

2423 4319 2500 4377 ut
2549 4331 2752 4399 supra
2807 4307 3169 4399 probatum
3238 4317 3391 4376 est:
3446 4332 3610 4400 ergo
3659 4332 3967 4401 personae

2428 4415 2676 4483 divinae
2718 4437 2854 4483 nou
2897 4413 3217 4481 differunt
3248 4435 3561 4485 numero,

2515 4526 2578 4591 25.
2617 4522 2811 4600 ltcm,
2839 4522 2911 4589 Si
2935 4521 3249 4590 Socrates
3270 4523 3358 4591 sit
3382 4523 3707 4608 musicus,
3745 4523 3966 4609 albus,

2425 4635 2494 4696 et
2546 4625 2980 4712 cithnroedus,
3022 4651 3108 4696 ex
3163 4626 3294 4697 hoc
3342 4651 3482 4698 non
3537 4628 3784 4698 dicitur
3830 4630 3971 4722 ipsc

2424 4734 2621 4826 plura
2667 4757 2978 4818 numero,
3020 4734 3137 4802 sed
3167 4736 3395 4826 potius
3426 4758 3641 4803 unum
3681 4759 3970 4805 numero

2426 4854 2524 4911 est
2584 4843 2808 4934 plures
2885 4841 3143 4911 habens
3189 4845 3687 4934 proprietates:
3724 4868 3884 4935 ergo
3934 4868 3974 4913 a

2426 4950 2631 5017 simili
2671 4973 2826 5018 cum
2867 4960 3001 5018 tres
3056 4972 3361 5041 personae
3399 4950 3536 5018 sint
3574 4973 3751 5018 unus
3791 4952 3972 5020 Deus

2427 5082 2740 5142 numer0,
2785 5059 3115 5127 distinctoe
3149 5070 3376 5126 tannen
3418 5082 3624 5149 penes
3673 5062 3973 5151 proprie-

2425 5175 2595 5233 tates
2625 5187 2773 5255 quae
2813 5166 2877 5231 in
2937 5165 3187 5232 divinis
3252 5187 3558 5255 personae
3589 5175 3772 5244 sunt,
3838 5190 3969 5234 uon

2425 5271 2675 5339 debent
2730 5270 2856 5337 dici
2909 5269 3177 5339 diss'crre
3228 5292 3541 5338 numero.

2517 5483 2827 5553 Somno.
2858 5483 3263 5565 Dicendum,
3288 5483 3472 5576 quod
3501 5493 3637 5554 tres
3666 5507 3969 5576 personae

2423 5616 2566 5661 non
2595 5592 2912 5660 dill'erunt
2943 5615 3229 5661 numero
3275 5592 3392 5684 qui
3437 5592 3838 5684 simpliciter
3884 5595 3972 5661 sit

2426 5724 2779 5781 numerus,
2819 5700 2937 5770 sed
2978 5700 3302 5771 differunt
3354 5724 3642 5772 numero
3700 5702 3972 5773 relatio·

3987 2080 4096 2129 sod
4121 2087 4273 2128 contri

4062 5543 4245 5590 sotum
