4897 6388
1814 191 1906 258 IN
1954 191 1982 257 1
2036 188 2459 258 SENTENT.
2514 188 2740 257 DIST.
2795 192 3057 275 XXIII,
3111 197 3185 275 C,
3235 198 3431 279 ΛΒΤ,
3477 199 3541 266 3.

1092 368 1159 427 et
1189 360 1340 428 Filii
1371 361 1758 429 diversitate
1798 359 2144 428 dissimilis
2193 349 2510 427 essentiae
2541 380 2641 425 se-

1092 479 1407 557 parantes
1442 488 1518 537 :«
1572 491 1733 558 ergo
1804 468 2089 534 videtur.
2145 465 2329 556 quod
2359 464 2643 532 diversae

1094 599 1382 644 numero
1459 578 1595 644 sint
1667 576 2086 654 substantiae,
2189 582 2254 641 et
2336 573 2626 641 essentia

1095 705 1258 752 una.

1184 791 1250 858 3.
1295 789 1497 869 Item,
1541 787 1729 855 Nihil
1772 788 2232 856 individuatur
2262 794 2327 854 et
2357 786 2643 854 efficitur

1087 922 1304 966 unum
1326 921 1643 978 numero,
1680 901 1809 966 nisi
1840 922 1959 989 per
1987 897 2435 965 substantiam
2464 919 2479 965 :
2510 879 2645 962 'Pa-

1095 1014 1198 1074 ter
1235 1014 1339 1074 est
1366 1028 1660 1096 persona
1690 1029 1826 1074 una
1859 1009 1926 1073 in
1959 1028 2267 1086 numer0‚
2304 1012 2371 1073 et
2398 1003 2646 1071 simili-

1092 1125 1196 1184 ter
1224 1114 1480 1183 Filius:
1521 1137 1681 1206 ergo
1714 1115 1939 1206 plures
1971 1138 2275 1205 personae
2315 1136 2465 1205 quae
2496 1114 2644 1203 plu-

1097 1247 1202 1292 res
1259 1222 1515 1292 habent
1581 1226 1897 1307 unitateS,
1959 1231 2120 1292 sunt
2172 1223 2399 1314 plures
2472 1221 2640 1290 sub-

1100 1334 1369 1399 stantiae
1421 1354 1732 1399 numero.
1768 1330 2098 1398 Paommo
2118 1330 2380 1419 primae.
2423 1327 2643 1397 Omne

1094 1439 1703 1528 praedicamentum
1744 1439 1926 1507 aliud
1971 1461 2011 1505 a
2058 1437 2458 1520 substantia,
2502 1459 2643 1504 non

1097 1546 1259 1615 dicit
1286 1548 1416 1614 nisi
1464 1547 1757 1615 formam
1797 1545 2279 1615 accidentalem
2315 1567 2331 1616 :
2367 1544 2500 1614 hoc
2529 1567 2645 1612 au·

1093 1663 1231 1724 tem
1288 1679 1430 1724 non
1501 1656 1787 1725 efficitur
1860 1678 2072 1723 unum
2142 1677 2454 1733 numero,
2523 1651 2642 1721 sed

1092 1762 1277 1854 quod
1314 1762 1520 1832 habet
1548 1786 1692 1832 esse
1733 1763 1879 1832 haec
1907 1763 2125 1830 forma
2154 1762 2262 1829 vel
2299 1761 2458 1830 illa:
2502 1783 2640 1828 non

1094 1877 1324 1939 autem
1389 1868 1595 1938 habet
1633 1893 1778 1939 esse
1835 1869 1979 1939 haee
2044 1870 2265 1936 forma
2325 1867 2437 1935 vel
2498 1867 2637 1948 illa,

1094 1980 1224 2046 nisi
1280 1982 1350 2047 in
1391 1988 1720 2070 quantum
1781 1981 1977 2048 estin
2009 1977 2140 2046 hoc
2177 1977 2482 2065 subjecto
2532 1978 2640 2045 vel

1091 2085 1245 2156 illo:
1291 2110 1454 2179 ergo
1498 2086 1763 2156 nullum
1815 2087 1996 2155 aliud
2037 2086 2638 2178 praedicamentum

1047 2260 1056 2266 .
1090 2198 1293 2267 babet
1324 2198 1752 2266 individuum
1781 2198 1907 2264 nisi
1938 2196 2332 2264 substantiae
2368 2195 2634 2262 solum:

1088 2329 1252 2397 ergo
1292 2307 1578 2398 probata
1617 2314 1719 2374 est
1755 2307 1906 2383 ista,
1942 2304 2124 2395 quod
2164 2327 2367 2372 omne
2421 2326 2636 2371 unum

1090 2438 1375 2483 numero
1408 2416 1664 2483 unitate
1720 2414 2110 2482 substantiae
2155 2419 2256 2480 est
2293 2434 2535 2493 unum,
2574 2418 2640 2478 et

1088 2522 1283 2614 plura
1312 2546 1596 2591 numero
1629 2521 2008 2615 pluralitate
2038 2520 2430 2589 substantiae
2479 2529 2638 2587 sunt

1088 2629 1284 2720 plura
1317 2652 1334 2698 :
1405 2653 1558 2699 cnm
1620 2630 1823 2721 igitur
1890 2629 2089 2697 l‘ater
2161 2637 2227 2696 et
2306 2627 2512 2695 Filius
2568 2634 2638 2696 et

1089 2735 1383 2827 Spiritus
1413 2743 1686 2803 sanctus
1715 2737 1849 2803 sint
1888 2734 2113 2826 plures
2152 2756 2483 2824 personae,
2526 2735 2636 2800 vi-

1085 2844 1283 2912 detur
1346 2844 1531 2935 quod
1587 2867 1727 2912 non
1776 2844 1901 2911 nisi
1944 2844 2202 2911 ratione
2237 2842 2631 2911 substantiae

1087 2959 1461 3019 numeratae
1493 2952 1630 3020 sint
1658 2950 1909 3043 plureS.

1173 3059 1239 3127 4.
1275 3058 1473 3139 Item,
1508 3059 1782 3128 Nomini
1819 3059 2028 3127 iruulta
2076 3059 2415 3144 accidunt,
2458 3059 2636 3128 scili·

1088 3174 1194 3236 cet
1221 3190 1466 3259 genus,
1509 3191 1862 3252 numerus,
1903 3191 2125 3249 casus,
2171 3176 2238 3236 et
2271 3166 2633 3257 hujusmo-

1082 3276 1152 3345 di
1190 3300 1207 3345 :
1244 3277 1364 3345 sed
1401 3277 1772 3345 accidentia
1801 3279 2031 3344 onmia
2065 3276 2178 3344 illa
2220 3285 2462 3367 praeter
2499 3300 2632 3344 nu-

1083 3407 1348 3453 merum
1379 3383 1612 3453 dicunt
1643 3385 1947 3460 modum,
1983 3383 2098 3451 sed
2132 3406 2456 3452 numerus
2487 3384 2632 3451 vult

1083 3490 1335 3560 habere
1429 3493 1777 3583 proprium
1857 3493 2310 3582 significatum
2404 3492 2631 3582 quoad

1085 3597 1541 3667 substantiam
1658 3622 1861 3689 quam
1937 3600 2273 3689 signiticat
2377 3621 2630 3666 nomen

1087 3728 1300 3773 unum
1340 3705 1446 3774 vel
1477 3705 1728 3798 plures,
1778 3714 1852 3773 ut
1889 3715 2093 3796 patet,
2138 3728 2290 3774 cum
2357 3705 2628 3784 dicitur,

1081 3813 1309 3889 homo,
1344 3822 1411 3881 et
1465 3836 1621 3882 cum
1661 3812 1927 3887 dicitur.
1987 3814 2315 3890 homines.
2352 3836 2486 3880 una
2530 3822 2627 3881 est

1079 3920 1433 4011 :equalitas
1463 3944 1668 4012 quam
1701 3922 2029 4012 significat
2064 3943 2313 3988 nomen
2348 3922 2413 3988 in
2447 3930 2632 3989 utro-

1082 4051 1215 4119 que
1256 4027 1534 4097 homine
1571 4052 1586 4097 :
1629 4031 1744 4096 sed
1813 4030 2187 4097 substantia
2245 4029 2627 4120 signiticata

1082 4137 1150 4204 in
1181 4138 1450 4218 eodem,
1487 4162 1623 4207 non
1655 4162 1831 4208 una:
1875 4142 2033 4231 quia
2091 4139 2378 4207 dicimus
2427 4140 2621 4216 bene,

1087 4246 1404 4315 Socrates
1434 4255 1535 4315 est
1572 4246 1783 4317 homo
1819 4269 1834 4317 :
1879 4258 1942 4315 et
1986 4272 2122 4316 non
2152 4249 2465 4327 dicimus,
2502 4249 2629 4314 So-

1083 4363 1301 4421 crates
1339 4364 1441 4422 est
1490 4352 1842 4422 homines:
1879 4379 2040 4444 ergo
2096 4355 2386 4437 videtur,
2440 4355 2625 4446 quod

1080 4484 1289 4532 omne
1325 4486 1577 4533 nomen
1620 4464 1898 4557 pluralis
1945 4465 2210 4533 numeri
2266 4465 2628 4533 diversita-

1082 4580 1218 4639 tem
1276 4582 1487 4662 ponat
1555 4574 1622 4640 in
1689 4572 2061 4640 substantia
2111 4595 2317 4663 quam
2356 4574 2627 4662 signiti-

1081 4690 1227 4749 cat:
1301 4704 1464 4771 ergo
1530 4704 1687 4749 cum
1724 4682 1991 4762 dicitur,
2025 4680 2251 4771 plures
2284 4703 2618 4771 persona»,

1083 4791 1207 4858 erit
1240 4790 1614 4859 substantia
1647 4799 1998 4859 numerata
2028 4790 2099 4858 in
2156 4788 2283 4856 hoc
2315 4792 2621 4866 nomine,

1071 4923 1398 4992 persona.

1169 5011 1234 5078 5.
1279 5007 1476 5088 Item,
1522 5009 1593 5076 Si
1628 5013 1886 5077 ratione
1917 5006 2342 5100 proprietatis
2372 5030 2626 5075 nomen

1079 5115 1283 5186 habet
1314 5116 1598 5208 plurale,
1644 5117 1989 5209 quodlibet
2028 5115 2370 5206 singulare
2415 5114 2629 5183 liabe-

1079 5236 1174 5292 ret
1215 5225 1500 5316 plurale,
1536 5227 1694 5317 quia
1735 5228 1850 5293 uni
1902 5225 2114 5294 multa
2167 5222 2507 5303 accidunt,
2552 5233 2627 5291 ut

1077 5334 1237 5401 dicit
1268 5333 1769 5425 Philosophus:
1802 5342 1867 5402 et
1897 5335 1988 5402 sic
2040 5333 2418 5401 diceremus
2448 5332 2623 5402 duos

1151 5570 1170 5605 ¹
1205 5566 1292 5623 cf.
1326 5568 1535 5640 Supra,
1558 5567 1702 5625 nist:
1733 5568 1826 5625 lv,

4181 202 4308 271 589

2749 360 2862 427 vel
2891 360 3122 450 plures
3184 364 3499 433 Socrates
3557 369 3819 435 ratione
3848 370 4309 457 grammaticae

2751 473 2817 532 et
2874 470 3154 536 musicae
3217 493 3367 560 quae
3453 481 3611 540 sunt
3664 474 3733 540 in
3776 473 4080 558 Socrate,
4128 474 4312 565 quod

2752 574 3001 643 falsum
3044 589 3146 646 est
3189 603 3203 644 :
3243 603 3405 671 ergo
3440 605 3764 650 numerus
3828 585 4106 674 ponitur
4134 585 4308 651 circa

2751 683 3235 754 substantiam.

2843 792 2907 859 6.
2954 791 3150 872 Item,
3222 794 3394 862 Cum
3467 796 3670 865 Pater
3743 798 3973 888 plures
4061 798 4309 867 habeat
4392 876 4399 882 ,

2750 899 3226 987 proprietateS‚
3298 903 3497 992 quia'
3551 904 4169 988 innascibilitatem,
4241 916 4306 974 et

2751 1008 3258 1092 paternitatem,
3329 1017 3395 1077 et
3469 1012 3910 1100 spirationem
3984 1016 4300 1094 activam,

2752 1109 3134 1181 diceremus
3177 1114 3451 1184 Patrem
3492 1140 3637 1186 esse
3679 1120 3908 1209 plures
3936 1129 4158 1211 patres
4195 1122 4303 1189 vel

2750 1242 3104 1309 personas,
3141 1223 3326 1312 quod
3367 1223 3609 1293 falsum
3643 1236 3743 1295 est
3777 1250 3792 1293 :
3855 1251 4018 1320 ergo
4059 1252 4305 1297 nume-

2753 1337 2942 1396 ratur
3034 1331 3415 1401 substantia
3493 1336 3559 1401 in
3636 1339 3915 1405 nomine
4000 1361 4306 1430 personae

2752 1437 3026 1526 quando
3060 1439 3308 1507 dicitur
3342 1439 3718 1530 pluraliter.

2844 1542 2978 1612 San
3025 1569 3277 1615 cosma
3304 1572 3318 1615 :
3348 1547 3743 1618 Substantia
3757 1560 3858 1620 est
3887 1576 4023 1621 una
4054 1577 4302 1622 nume·
4330 1600 4428 1647 &d
4453 1607 4623 1648 contra

2752 1676 2827 1722 ro
2859 1654 2931 1720 in
2970 1655 3230 1725 tribus:
3292 1658 3403 1726 vel
3445 1646 3838 1729 'necessario
3879 1661 4135 1753 aliquid
4175 1663 4301 1731 ha-

2749 1761 2865 1832 bet
2897 1787 3074 1833 unus
3114 1767 3295 1858 quod
3331 1767 3718 1846 nonhabet
3756 1770 3972 1839 alius:
4010 1780 4077 1838 et
4122 1795 4299 1839 unus

2748 1893 2891 1940 non
2923 1882 3025 1941 est
3055 1874 3123 1941 in
3153 1875 3316 1954 alio,
3350 1876 3405 1943 si
3436 1874 3814 1945 substantia
3843 1887 3944 1947 est
3974 1878 4238 1948 diversa
4281 1902 4298 1946 :

2749 1988 2817 2047 et
2848 1978 3108 2072 aliquid
3140 1992 3461 2073 operatur
3500 2008 3677 2054 unus
3715 1986 3900 2077 quod
3937 2010 4077 2055 non
4099 1986 4296 2068 aliuS‚

2749 2095 2818 2155 et
2881 2088 3129 2157 iterum
3200 2087 3346 2159 *non
3405 2093 3621 2184 magis
3695 2096 4112 2163 conveniunt
4167 2103 4303 2164 tres

2749 2217 3060 2284 personae
3101 2199 3170 2265 in
3211 2198 3589 2268 substantia
3631 2223 3836 2292 quam
3885 2209 4021 2271 tres
4074 2203 4307 2271 homi-

2748 2325 2917 2372 nes:
2954 2327 3109 2396 quae
3141 2309 3375 2374 omnia
3414 2306 3734 2377 abhorret
3774 2310 3939 2379 fides
3997 2310 4305 2380 Catholi-

2746 2433 2867 2479 ca:
2905 2434 3068 2503 ergo
3111 2422 3380 2504 oportet
3408 2415 3655 2496 dicere,
3708 2417 3893 2508 quod
3922 2416 4304 2487 substantia

2745 2540 2887 2585 non
2944 2530 3370 2588 numeratur.
3434 2519 3506 2589 Si
3595 2523 3765 2592 sorte
3830 2523 4035 2610 dicas,
4117 2524 4299 2616 quod

2743 2623 3128 2693 substantia
3177 2637 3599 2712 numeratur,
3631 2630 3747 2697 sed
3772 2654 3908 2700 non
3931 2631 4294 2703 dividitur:

2745 2731 2876 2801 boc
2917 2757 3056 2802 non
3106 2743 3207 2802 est
3249 2735 3718 2828 intelligibile:
3754 2739 3910 2829 quia
3955 2737 4122 2808 nihil
4170 2764 4296 2809 nu·

2746 2849 3072 2921 meratur‚
3096 2843 3227 2909 nisi
3258 2842 3443 2934 quod
3473 2843 3941 2936 distinguitur.

2834 3072 3144 3145 Somno.

2742 3183 2927 3276 quod
2962 3184 3122 3253 istas
3154 3185 3570 3276 quaestiones
3612 3185 3693 3254 de
3723 3209 4041 3278 persona,
4077 3189 4295 3281 magis

2739 3291 3107 3362 solvendas
3154 3301 3631 3385 exspectamus
3673 3297 3739 3363 in
3799 3296 4040 3387 patria,
4088 3321 4293 3389 quam

2739 3398 2808 3465 in
2840 3399 2954 3466 via
2983 3398 3329 3491 possimus
3358 3420 3374 3467 :
3418 3399 3535 3467 sed
3567 3407 3793 3467 tamen
3826 3422 3912 3469 ne
3940 3401 4297 3470 videamur

2740 3507 3111 3597 praeterire,

2832 3614 3181 3684 Dicexomi
3233 3615 3316 3683 ad
3383 3615 3709 3706 primum,
3760 3617 3944 3707 quod
3974 3639 4289 3686 commu-

2739 3727 2919 3794 niter
2982 3724 3257 3808 dicitur,
3298 3724 3484 3816 quod
3530 3726 3669 3793 tria
3731 3727 4125 3819 ponituribi
4166 3753 4289 3821 pro

2739 3841 2873 3899 tres
2912 3832 2982 3901 in
3054 3832 3459 3912 masculine,
3494 3857 3576 3901 eo
3652 3834 3835 3924 quod
3893 3833 4293 3928 hypostases

2739 3950 3214 4020 numerantur,
3302 3964 3441 4009 non
3543 3951 3770 4010 antem
3865 3943 4287 4015 substantiae.

2736 4045 2964 4126 Quare
3050 4058 3278 4115 autem
3358 4047 3809 4117 masculinum
3886 4050 4292 4121 attribuatur

2735 4156 3072 4245 personis,
3110 4164 3174 4222 et
3208 4165 3526 4224 neutrum
3572 4159 3904 4235 essentia»,
3947 4181 4150 4251 supra
4189 4169 4288 4229 est

2735 4263 3158 4355 expeditum.

2824 4374 2929 4440 An
3004 4397 3205 4442 Λιιυυ
3272 4374 3660 4454 dicendum,
3733 4376 3915 4467 quod
3978 4380 4046 4445 in
4104 4379 4282 4449 dicto

3254 3075 3556 3143 Dicimus
3636 3077 3782 3145 sine
3875 3078 4288 3169 praejudicio,

2734 4481 3101 4571 Augustini
3144 4491 3209 4550 et
3269 4481 3573 4550 Anselmi
3625 4492 3691 4551 et
3739 4484 3977 4552 llilarii
4010 4488 4286 4576 ponitur

2732 4590 3113 4659 substantia
3155 4616 3277 4683 pro
3318 4591 3692 4684 hypostasi,
3751 4603 3817 4662 et
3855 4596 4147 4665 sumitur
4200 4598 4285 4667 ab

2734 4706 2888 4765 actu
2941 4698 3296 4767 substandi
3348 4698 3783 4790 proprietati:
3839 4703 4015 4771 sicut
4062 4703 4130 4772 in
4181 4729 4292 4773 se-

2735 4806 2970 4896 quenti
3058 4805 3357 4898 capitulo
3433 4806 4019 4890 determinabitur,
4132 4835 4288 4881 cum

2735 4919 3085 5001 quaeretur
3122 4911 3206 4979 de
3248 4919 3543 5002 quatuor
3581 4913 3975 4985 nominibus
4029 4920 4288 5010 graecis,

2823 5023 2928 5089 Λυ
2959 5045 3163 5089 auco
3232 5021 3621 5102 dicendum,
3694 5025 3876 5115 quod
3945 5026 4293 5118 pluralitas

2734 5153 2889 5221 quae
2921 5140 3026 5199 est
3054 5130 3455 5222 simpliciter
3485 5131 3872 5211 multitudo,
3917 5157 4057 5203 non
4085 5145 4185 5205 est
4226 5139 4292 5206 in

2736 5239 3011 5322 divinis,
3055 5246 3130 5306 ut
3169 5238 3532 5329 probatum
3574 5250 3673 5308 est
3702 5244 3992 5332 supra¹:
4036 5251 4291 5313 etcum

2734 5368 2877 5415 non
2931 5347 3018 5414 sit
3067 5344 3466 5434 simpliciter
3495 5345 3845 5436 pluralitas
3883 5348 3956 5416 in
4016 5350 4289 5437 divinis,

4383 3108 4566 3156 Solonio

4406 3647 4474 3691 Ad
4501 3649 4540 3695 Ι.
