4897 6388
1950 275 2043 368 lN
2094 272 2595 372 LSENTENT.
2650 271 2872 356 DIST.
2926 272 3110 350 VIII,
3157 274 3232 339 B.
3329 315 3336 322 -

1044 448 1404 515 continui:
1452 456 1518 513 et
1574 446 1739 513 illud
1800 446 2070 533 ‘tempus
2119 467 2256 511 non
2314 452 2415 512 est
2472 444 2601 510 nisi

1043 577 1373 620 numerus
1426 555 1729 642 ipsorum
1779 572 1981 627 nunc,
2029 550 2136 616 vel
2182 552 2598 638 vicissitudiss-

1044 682 1212 727 num
1292 658 1673 726 affectionis
1757 666 1823 724 et
1906 657 2330 725 intellectus:
2390 666 2455 726 et
2503 659 2597 725 sic

1045 766 1233 855 large
1291 774 1566 853 sumpto
1626 773 1957 853 tempore,
2016 766 2237 832 omnis
2294 775 2597 832 creatura

1045 869 1446 960 temporalis
1494 878 1594 962 est
1648 877 1714 937 et
1772 872 1841 936 in
1906 891 2076 954 esse,
2117 878 2185 938 et
2242 872 2312 936 in
2368 892 2592 960 posse,

1046 979 1214 1047 etin
1244 1001 1469 1068 agere.
1506 976 1584 1044 ln
1623 1000 1768 1046 esse
1795 977 2069 1067 quidem
2102 1000 2118 1044 :
2165 980 2323 1067 quia
2365 980 2433 1045 in
2490 980 2601 1046 ni-

988 1168 995 1174 ,
1042 1085 1143 1153 hil
1188 1085 1439 1154 decidit
1485 1109 1570 1153 ex
1616 1108 1738 1153 se:
1800 1093 1868 1153 et
1939 1085 2123 1176 quod
2188 1086 2595 1166 continetur,

1043 1188 1176 1261 hoc
1204 1192 1412 1260 habet
1447 1192 1533 1260 ab
1565 1191 1725 1272 alio,
1761 1199 1828 1259 61
1856 1213 1994 1259 non
2037 1214 2123 1259 ex
2159 1215 2255 1273 se,
2324 1201 2391 1260 et
2445 1193 2597 1259 ideo

1040 1301 1407 1368 continuus
1473 1297 1781 1366 defluxus
1869 1320 2015 1366 esse
2074 1321 2191 1389 per
2280 1307 2595 1367 naturam

1039 1407 1443 1498 temporalis
1483 1415 1608 1487 est,
1640 1415 1709 1474 et
1753 1405 2009 1496 aliquid
2056 1408 2125 1473 in
2177 1407 2322 1498 ipso
2372 1409 2596 1475 conti-

1037 1540 1180 1585 nuo
1210 1517 1590 1607 praeteriret
1622 1515 1757 1582 nisi
1796 1514 1881 1582 ab
1928 1515 2060 1583 alio
2107 1516 2587 1584 contineretur.

1042 1621 1378 1690 Similiter
1440 1643 1641 1712 posse
1696 1643 1897 1705 suum
1961 1643 2082 1711 per
2170 1644 2592 1711 consequens

1041 1753 1182 1799 non
1213 1737 1349 1798 stat
1385 1738 1608 1799 totum
1638 1729 1843 1798 simul
1881 1739 2207 1819 quantum
2249 1738 2351 1798 est
2380 1730 2461 1798 de
2491 1752 2585 1798 56.

1041 1837 1363 1928 Operatio
1395 1847 1624 1905 autem
1663 1846 1870 1928 patet,
1933 1837 2115 1928 quod
2186 1838 2595 1906 vicissitudi-

1040 1967 1200 2014 nem
1251 1943 1460 2013 habet
1500 1968 1517 2013 :
1560 1952 1629 2013 et
1673 1946 1770 2013 sic
1797 1943 2083 2012 solvitur
2137 1944 2319 2035 quod
2385 1953 2487 2013 est
2523 1947 2593 2012 in

1037 2056 1329 2133 Littera,
1381 2054 1567 2146 quod
1621 2055 2036 2144 praeteritum
2120 2053 2324 2123 habet
2386 2056 2592 2122 etiam

1038 2171 1352 2231 creatura
1381 2170 1704 2254 perpetua
1751 2169 2078 2253 quantum
2134 2173 2236 2230 est
2290 2163 2371 2230 de
2418 2187 2490 2232 se
2529 2173 2596 2232 et

1037 2270 1372 2340 futurum.

1133 2375 1207 2444 81
1247 2399 1471 2444 Auum
1510 2384 1800 2467 petatur,
1871 2374 2175 2456 Qualiter
2221 2377 2596 2446 secundum

1039 2491 1312 2572 tempus
1379 2482 1563 2573 quod
1597 2482 2225 2551 consideraverunt
2290 2482 2602 2551 Philoso-

1037 2591 1185 2682 phi,
1228 2592 1495 2659 dicatur
1533 2589 1838 2683 Angelus
1866 2591 2096 2671 fuisse,
2139 2590 2248 2660 vel
2279 2591 2603 2659 substan-

1038 2701 1138 2767 tia
1166 2697 1346 2778 coeli,
1388 2700 1499 2767 vel
1527 2701 1730 2768 etiam
1770 2724 1916 2768 esse
1949 2701 2041 2769 rei
2088 2700 2496 2792 generabilis
2534 2694 2602 2768 et

1042 2807 1513 2898 corruptibilis
1543 2809 1579 2876 ⁴?
1613 2807 1979 2875 Possumus
2010 2807 2228 2876 dicere
2258 2810 2404 2877 sine
2434 2831 2603 2899 prae·

1035 2915 1321 3005 judicio,
1407 2914 1587 3006 quod
1645 2915 1713 2982 in
1788 2914 2069 3006 Angelis
2133 2915 2400 2984 duratio
2461 2923 2605 2984 tota

1045 3023 1252 3090 simul
1300 3030 1430 3104 est,
1500 3030 1567 3090 et
1624 3044 1762 3090 non
1819 3032 1920 3090 est
1976 3024 2246 3114 proprie
2301 3024 2603 3114 potentia

1045 3130 1369 3212 durandi,
1412 3139 1617 3222 prout
1651 3130 1954 3222 potentia
2006 3130 2293 3199 durandi
2350 3130 2605 3222 aliquid

1044 3241 1279 3308 minus
1337 3237 1546 3307 habet
1600 3261 1805 3329 quam
1865 3239 2004 3329 ipse
2052 3247 2242 3307 actus
2295 3238 2608 3307 duratio-

1044 3348 1223 3415 nis:
1278 3346 1395 3414 sed
1478 3346 1779 3437 potentia
1851 3345 2134 3414 durandi
2198 3355 2299 3415 est
2372 3347 2436 3414 in
2507 3346 2604 3415 eis

1045 3455 1196 3545 ipsa
1254 3454 1786 3523 continuationis
1829 3477 1974 3522 esse
2058 3456 2479 3523 necessitas:
2539 3462 2606 3522 et

1052 3560 1209 3629 ideo
1241 3584 1379 3629 non
1414 3570 1574 3629 sunt
1605 3561 2033 3651 temporales,
2066 3561 2182 3628 sed
2238 3562 2546 3630 aeviterni
2583 3584 2598 3627 :

1045 3678 1114 3738 et
1145 3678 1308 3738 tunc
1335 3670 1704 3761 exponitur
1737 3670 1907 3760 suit,
1942 3669 2123 3761 quod
2161 3669 2334 3739 dicat
2395 3693 2602 3754 nunc,

4136 279 4263 346 237

2712 444 2820 511 vel
2851 445 3122 535 quando
3165 445 3471 511 aeviterni
3520 467 3534 511 :
3569 468 3792 511 aevum
3834 455 4060 513 autem
4120 448 4262 514 sive

2708 551 3105 618 aeviternum
3148 549 3415 618 excellit
3455 560 3721 640 tempus
3757 574 3771 617 :
3818 560 3882 618 et
3914 552 4063 619 ideo
4123 575 4262 618 non

2709 658 2779 722 in
2845 681 2941 734 se,
3005 658 3122 724 sed
3191 659 3261 724 in
3318 659 3828 748 comparatione
3887 658 3971 725 ad
4038 659 4260 748 ipsum

2710 762 3196 854 distinguitur:
3280 765 3375 831 sic
3430 763 3734 853 Angelus
3794 766 3960 853 suit,
4017 765 4084 831 id
4132 773 4255 842 est,

2709 879 3014 938 creatura
3046 871 3440 960 temporalis
3472 871 3700 962 aliqua
3765 883 3887 949 est,
3951 882 4261 962 respectu
4338 939 4344 944 ,

2708 980 2900 1068 cujus
2931 981 3272 1068 praecessit
3311 1002 3457 1047 esse
3487 980 3735 1069 Angeli
3772 980 4045 1046 duranS.
4111 982 4260 1046 An-

2707 1086 2899 1176 gelus
2937 1088 3089 1172 erit,
3130 1087 3200 1155 id
3225 1086 3347 1163 est,
3384 1093 3691 1154 creatura
3720 1087 3943 1177 aliqua
3977 1095 4078 1153 est
4108 1110 4258 1177 quae

2708 1194 2761 1259 si
2811 1193 3169 1270 desineret,
3265 1193 3513 1284 Angeli
3582 1216 3726 1261 esse
3794 1194 4044 1260 durans
4112 1216 4257 1261 6556

2705 1310 2861 1391 post
2899 1324 3090 1370 eam:
3126 1301 3301 1369 sicut
3331 1303 3535 1368 etiam
3584 1302 3880 1368 diximus
3935 1303 4015 1368 de
4064 1309 4256 1368 zeter-'-

2704 1430 2820 1475 no,
2901 1408 2984 1474 Et
3038 1409 3351 1476 similiter
3396 1409 3478 1475 de
3582 1409 3960 1475 substantia
4049 1408 4249 1476 coeli:

2702 1515 2860 1582 licet
2888 1537 3027 1582 non
3058 1516 3145 1582 sit
3181 1517 3277 1582 sic
3324 1515 3406 1582 de
3439 1515 3832 1603 *substantia
3871 1515 4090 1604 (alias,
4137 1536 4258 1604 po-

2701 1623 2938 1712 tentia)
2971 1630 3197 1689 motus
3238 1623 3406 1711 ejus,
3442 1645 3591 1712 quae
3630 1624 3951 1689 continuo
4010 1623 4146 1689 exit
4185 1623 4253 1688 in

2703 1741 2953 1810 actum,
2998 1739 3063 1797 et
3102 1730 3255 1798 ideo
3296 1740 3602 1820 tempore
3637 1740 4090 1808 mensuratur,
4120 1731 4254 1797 sic-

2700 1848 2776 1907 ut
2804 1861 3123 1907 mensura
3152 1847 3500 1929 cooequata
3529 1839 3679 1906 sibi.

2792 1946 2892 2014 De
2969 1967 3113 2013 esse
3182 1953 3408 2013 autem
3469 1947 3563 2014 rei
3614 1945 4020 2036 generabilis
4076 1945 4259 2035 quod

2707 2054 2884 2122 idem
2935 2053 3207 2121 videtur
3268 2075 3543 2121 manere
3612 2056 3681 2121 in
3747 2062 3891 2122 toto
3952 2063 4258 2143 tempore

2705 2161 3078 2229 durationis
3119 2160 3323 2242 illius,
3385 2171 3609 2250 potest
3682 2161 3837 2245 dici,
3879 2163 3934 2227 si
4011 2160 4254 2250 placet,

2706 2278 2780 2336 ut
2835 2269 3020 2359 prius
3073 2269 3143 2335 in
3218 2267 3558 2364 solutio-ne
3627 2268 3916 2336 aliorum
4004 2267 4255 2335 dictum

2707 2385 2810 2445 est
2843 2402 2858 2443 ε
2903 2375 3082 2444 unde
3116 2375 3273 2444 licet
3311 2385 3657 2443 remaneat
3722 2375 3928 2459 idem,
3993 2398 4131 2443 non
4164 2383 4261 2441 ta·

2708 2507 2866 2553 men
2896 2485 3179 2551 omnino
3232 2483 3411 2552 idem
3471 2484 3596 2551 nisi
3647 2484 4018 2552 secundum
4076 2481 4264 2550 habi·

2709 2601 2852 2660 tum
2904 2601 3181 2682 propter
3253 2592 3647 2659 continuam
3723 2591 4262 2680 deperditionem

2713 2706 2777 2765 et
2810 2697 3396 2766 restaurationem.
3449 2695 3602 2774 Vel,
3671 2706 3889 2787 potest
3951 2696 4077 2764 dici
4139 2695 4270 2762 ali-

2713 2817 2837 2887 ter,
2881 2806 3066 2897 quod
3121 2829 3269 2875 esse
3319 2807 3409 2874 rei
3468 2805 3876 2897 generabilis
3943 2808 4029 2873 sit
4089 2805 4266 2872 idem

2714 2936 3047 2983 manens:
3119 2922 3348 2981 tamen
3399 2914 3618 3004 ipsum
3700 2936 3844 2981 esse
3921 2912 4126 2980 estin
4185 2932 4266 2977 eo

2714 3022 2896 3113 quod
2953 3030 3105 3091 est:
3176 3030 3239 3088 et
3319 3020 3383 3088 id
3451 3021 3633 3111 quod
3692 3030 3816 3100 est,
3871 3022 4071 3088 habet
4123 3041 4269 3086 esse

2713 3133 2990 3214 durans»,
3033 3154 3185 3223 quae
3215 3129 3482 3198 duratio
3545 3139 3814 3198 nonest
3888 3128 4143 3197 simul:
4199 3136 4266 3194 et

2715 3237 2867 3306 ideo
2934 3238 3238 3328 potentia
3289 3236 3665 3303 durationis
3741 3236 3887 3322 ejus
3937 3233 4122 3325 quod
4170 3241 4271 3300 est

2715 3368 2920 3422 nunc,
2956 3354 3054 3412 est
3093 3342 3296 3411 simul
3329 3344 3397 3410 in
3428 3365 3573 3411 esse
3605 3366 3895 3433 semper,
3932 3352 3994 3409 et
4036 3340 4261 3431 quoad

2714 3451 2890 3520 hanc
2921 3454 3294 3543 potentiam
3326 3449 3528 3518 habet
3572 3451 3754 3541 prius
3795 3457 3860 3517 et
3903 3448 4262 3538 posteriuS‚

2714 3570 2779 3628 et
2809 3561 3224 3652 praeteritum
3255 3568 3318 3625 et
3359 3558 3691 3626 futurum.

1250 4171 1339 4244 B.
1392 4167 1743 4260 Qualiter
1780 4164 2280 4265 intelliyemla
2331 4168 2491 4242 sint
2529 4167 2757 4243 rerba
2815 4166 3308 4266 Hieronymi,
3365 4166 3867 4265 qeemrendeme
3913 4176 4045 4242 est.

1144 4507 1284 4582 llic
1324 4502 1739 4606 diligenter
1803 4509 2354 4584 advertendum
2414 4520 2557 4604 651,
2616 4509 3004 4608 quomodo
3084 4509 3407 4604 intelligi
3477 4509 3809 4584 debeant
3878 4507 4003 4580 illu
4078 4529 4254 4580 ver-

1038 4645 1137 4718 ba
1198 4644 1682 4742 Hieronymi,
1752 4644 2042 4719 scilicet
2112 4645 2314 4720 Ι)6ιι5
2372 4655 2670 4720 tamum
2739 4656 2881 4739 est,
2944 4655 3015 4718 et
3085 4668 3237 4718 non
3307 4645 3519 4717 novit
3571 4643 3804 4718 fuisse
3871 4644 3989 4715 vet
4058 4642 4251 4714 futu·

1036 4803 1205 4853 rum
1240 4802 1410 4854 6556
1458 4804 1474 4854 :
1527 4791 1913 4878 tamquam
1958 4804 2107 4853 non
2154 4780 2391 4879 possit
2429 4779 2615 4855 dicit
2654 4781 2746 4854 de
2794 4781 2979 4873 Deo,
3027 4780 3187 4864 suit,
3225 4782 3341 4854 vel
3379 4780 3550 4872 erit,
3586 4780 3716 4853 sed
3749 4789 4040 4852 tantum
4086 4788 4195 4851 est
4230 4801 4244 4850 :

1027 4939 1209 4988 cum
1253 4914 1346 4990 de
1388 4939 1480 4990 eo
1513 4915 1881 5015 scriptum
1926 4916 2362 5013 frequenter
2394 4915 2902 5014 reperiamus,
2973 4915 3109 4990 suit
3157 4915 3254 4990 ab
3309 4925 3635 5008 euterun,
3703 4914 3839 4989 fuit
3911 4936 4243 5010 semper,

1029 5050 1281 5125 eterit
1321 5050 1395 5124 in
1442 5052 1756 5145 saxonia,
1815 5060 1887 5126 61
1939 5049 2406 5147 hujusmodi.
2475 5049 2695 5125 Unde
2767 5050 3072 5126 videtur
3128 5050 3312 5148 quia
3382 5075 3534 5123 non
3598 5059 3705 5124 est
3774 5059 4066 5122 tuntum
4127 5048 4247 5120 di-

1026 5183 1359 5258 cendum
1423 5185 1516 5259 de
1572 5186 1756 5272 Deo,
1804 5185 1965 5277 suit,
2028 5184 2145 5258 vel
2204 5195 2346 5277 est,
2404 5186 2526 5261 vel
2594 5184 2763 5259 erit.
2814 5185 2893 5260 Si
2955 5184 3163 5260 euim
3227 5184 3617 5259 diceretur
3668 5193 3994 5275 tantuin,
4056 5182 4240 5279 luit,

1026 5328 1431 5417 putaretur
1468 5321 1674 5416 quod
1708 5319 2016 5395 desierit
2046 5343 2213 5395 6556
2249 5343 2265 5394 :
2312 5320 2375 5393 si
2419 5319 2804 5394 diceretur
2831 5330 3161 5409 tantum,
3206 5326 3343 5412 cst,
3376 5327 3778 5417 putaretur
3844 5318 4048 5415 quod
4088 5341 4237 5392 uun

1022 5475 1332 5551 semper
1375 5453 1625 5547 suerit,
1670 5453 1803 5529 sed
1833 5477 2000 5529 esse
2032 5454 2348 5551 coeperit
2390 5477 2406 5529 :
2455 5452 2517 5527 si
2571 5463 2866 5528 tantum
2915 5454 3330 5546 diceretur,
3389 5452 3561 5537 erit,
3617 5462 4019 5551 putaretur
4089 5477 4240 5525 non

1020 5610 1191 5662 esse
1254 5587 1508 5662 modo.
1592 5587 1905 5663 Dicatur
1970 5613 2151 5685 ergo
2206 5589 2387 5686 quia
2444 5612 2756 5687 semper
2786 5589 2951 5682 suit,
3014 5599 3152 5673 est,
3209 5587 3527 5663 eterit:
3586 5597 3663 5660 ut
3766 5587 4244 5683 intelligatur
