4897 6388
597 158 728 298 26'2

955 704 1462 785 ARTICULUS
1531 701 1786 781 XXIX.

713 919 1073 1015 Quomodo
1113 920 1300 993 Deus
1348 914 1628 1014 aliquid
1658 920 2029 1012 symbolice

832 1041 837 1050 ‘
1131 1034 1535 1101 nominatur
1576 1028 1616 1096 ‚9

1440 151 1487 206 ⁸
1600 207 1678 281 n.
1733 147 1928 280 ΑΕΒ.
1982 140 2808 277 maenubam,

2291 377 2626 474 “Videtur
2656 381 2838 474 enim
2878 380 3064 471 quod
3105 379 3485 472 symbolice
3516 379 3659 448 sive
3687 392 3809 470 per

2252 486 2767 556 similitudinem
2835 488 3093 580 aliquid
3157 474 3801 568 nominetur-Deum

2253 600 2330 662 ut
2384 593 2515 674 lec,
2576 599 2642 664 et
2694 594 2867 686 lapis
2929 605 2944 662 t
2998 596 3181 687 quod
3239 603 3470 665 tamen
3529 596 3806 687 indigne

2254 703 2572 771 convenit
2597 703 2680 772 ei.

2343 918 2648 1006 Somno.
2692 919 3119 1010 Augustinus
3151 919 3481 1010 intelligit
3548 919 3630 987 de
3695 918 3800 987 his

2251 1037 2402 1118 quae
2433 1027 2806 1095 secundum
2851 1033 2997 1095 rem
3036 1041 3158 1118 per
3194 1029 3383 1118 prius
3431 1027 3801 1096 inveniun»

2249 1143 2359 1202 tur
2394 1130 2466 1200 in
2503 1134 2673 1218 Dec,
2716 1132 2872 1203 licet
2916 1135 3197 1203 nomine
3246 1133 3640 1226 imperfecte
3689 1153 3803 1202 re·-

2116 1243 2119 1272 ⁵
2217 1314 2220 1318 ,
2252 1251 2657 1333 praesentent
2694 1261 2774 1311 ea
2815 1266 2831 1311 :
2867 1248 2935 1311 et
2970 1242 3103 1312 hoc
3130 1252 3332 1312 vocat
3367 1242 3798 1334 Augustinus

671 1355 935 1424 Deinde
1015 1351 1345 1442 quaeritur
1402 1348 1485 1415 de
1553 1346 1920 1437 hoc'quod
1985 1344 2142 1413 dicit

594 1489 630 1530 α
679 1466 777 1532 Et
815 1457 1171 1554 quidquid
1214 1456 1422 1524 aliud
1481 1478 1616 1523 non
1660 1454 1940 1543 indiqne
2005 1452 2142 1519 dici

583 1571 881 1654 videtur,
927 1574 1071 1676 etc,
1108 1592 1142 1629 »
1232 1653 1235 1656 -

2250 1346 2468 1441 cii-'qne-
2493 1345 2651 1434 dici,
2688 1349 2872 1442 quod
2904 1350 3145 1442 melius
3194 1356 3472 1419 estesse
3529 1349 3801 1441 simpli-

2248 1456 2425 1525 citer·
2451 1455 2816 1549 unicuique
2864 1458 2962 1526 rei
3019 1467 3226 1549 quam
3280 1467 3420 1526 non
3471 1471 3646 1533 esse,
3717 1475 3797 1523 eo

2249 1562 2455 1631 modo
2487 1571 2623 1653 qno
2657 1574 2863 1653 ‘supra
2902 1562 3209 1632 ¹⁴'dictum
3243 1570 3368 1631 est.

702 2043 793 2119 G.
833 2029 1082 2121 Tanta
1112 2039 1226 2111 est
1252 2027 1413 2114 Dei
1433 1999 1917 2137 simplicium,
1950 2011 2157 2136 quod
2189 1991 2399 2112 nulli
2417 1995 3214 2140 praedicamentorum
3240 2021 3680 2136 subjicitur.
3794 2083 3801 2090 -

697 2381 921 2471 Quod
955 2389 1218 2455 autem
1260 2378 1338 2450 in
1382 2384 1658 2450 natura
1695 2370 1957 2449 divina
1985 2375 2203 2448 nulla
2234 2374 2334 2449 sit
2370 2373 2888 2449 accidentium
2937 2373 3375 2466 diversitas,
3439 2373 3810 2469 nullaque

599 2510 915 2621 penitus
958 2507 1462 2602 mutabilitaS,
1505 2510 1639 2586 sed
1681 2511 2012 2609 perfecta
2056 2509 2538 2609 simplicitaS,
2582 2510 2918 2585 ostendit
2953 2510 3439 2608 Augustinus
3478 2511 3556 2584 in
3616 2511 3809 2586 libro

596 2642 666 2728 V
732 2649 827 2729 de
900 2637 1283 2727 Trinitate
1320 2669 1343 2708 2
1400 2644 1664 2721 dicens
1708 2667 1725 2719 :
1771 2640 2303 2744 intelligamus
2358 2644 2631 2734 Deum,
2716 2654 3095 2743 quantum
3156 2669 3601 2745 possumus,
3642 2646 3809 2722 sine

600 2769 976 2890 qualitate
1000 2758 1334 2878 bonum,
1369 2781 1539 2858 sine
1569 2779 1991 2880 quantitate
2020 2804 2303 2878 magnu
2320 2804 2418 2874 m,
2454 2778 2620 2855 sine
2663 2780 3093 2879 indigentia
3121 2791 3582 2876 creatorem,
3644 2782 3813 2858 sine

600 2924 753 3001 situ
786 2919 1385 3023 praesidentem,
1414 2915 1581 2993 sine
1613 2916 1875 2992 habitu
1910 2915 2171 2991 omnia
2200 2914 2753 3008 continentem,
2787 2914 2958 2989 sine
3000 2915 3168 2991 loco
3215 2914 3504 3014 ubique
3534 2925 3808 3011 totum,

603 3045 774 3136 sine
816 3063 1166 3155 tempore
1196 3052 1784 3152 sempiternum,
1827 3051 1995 3126 sine
2026 3050 2188 3125 ulla
2239 3048 2356 3124 sui
2428 3049 2852 3124 mutatione
2894 3049 3296 3125 mutabilia
3371 3051 3809 3147 facientem,

608 3188 965 3292 nihilque
1008 3180 1461 3289 patientem.
1507 3179 1873 3285 Quisquis
1910 3181 2159 3261 Deum
2187 3183 2293 3260 ita
2317 3183 2625 3283 cogitat,
2660 3182 2800 3260 etsi
2834 3179 3179 3262 nondum
3216 3192 3466 3287 potest
3495 3187 3813 3263 omnino

529 3357 536 3363 ·
605 3328 961 3405 invenire
1000 3324 1190 3424 quid
1258 3322 1358 3398 sit
1425 3322 1615 3421 ipse,
1660 3320 1785 3421 pie
1862 3331 2112 3397 tamen
2156 3330 2425 3395 caveat
2473 3329 2852 3418 quantum
2928 3330 3182 3421 potest
3218 3322 3512 3421 aliquid
3555 3324 3650 3399 de
3684 3323 3813 3399 illo

606 3462 898 3540 sentire
938 3458 1151 3559 quod
1184 3481 1340 3532 non
1380 3457 1505 3532 sit.
1550 3459 1743 3532 Ecce
1773 3455 1834 3530 si
1877 3454 2260 3531 subtiliter
2300 3453 2679 3549 intendas,
2724 3478 2818 3531 ex
2848 3453 2973 3529 his
3000 3465 3234 3554 atque
3266 3456 3658 3556 praedietis
3686 3479 3819 3533 ac-

611 3597 970 3698 cipitur⁸,
1015 3593 1149 3669 illa
1190 3592 1789 3692 proedicamenta
1826 3590 2011 3666 artis
2040 3586 2461 3663 dialectica}
2501 3589 2638 3665 Dei
2673 3598 2974 3665 naturae
3017 3587 3334 3665 minime
3365 3591 3814 3683 convenire,

615 3757 793 3833 quoe
834 3728 1076 3807 nullis
1114 3735 1230 3803 est
1260 3725 1607 3826 subjecta
1636 3722 2184 3802 accidentibus,

1002 4270 1508 4351 AnTlcuLUS
1548 4277 1772 4349 XXX.

622 4495 870 4565 Utrum
929 4495 1000 4562 ἰη
1054 4491 1196 4561 Deo
1228 4498 1519 4585 possunt
1574 4513 1711 4559 esse
1764 4486 2163 4569 accidentia,

1018 4611 1084 4670 el
1113 4608 1347 4670 utrum
1380 4609 1610 4669 causet
1629 4624 1708 4668 ea
1732 4596 1773 4667 P

711 4916 970 4987 Deinde
1011 4916 1340 5007 quaeritur
1407 4914 1489 4983 de
1529 4913 1659 4983 hoc
1723 4914 1903 5006 quod
1950 4911 2106 4983 dicit
2152 4936 2167 4981 :

623 5049 659 5090 α
717 5024 922 5109 Quod
976 5034 1206 5091 autem
1276 5024 1631 5092 innatum
1671 5020 1932 5101 divina,
1963 5030 2087 5090 etc.
2133 5047 2167 5084 ι

711 5129 982 5200 Commi
1015 5152 1032 5199 ι
1065 5129 1353 5198 Videtur
1398 5128 1580 5221 quod
1639 5127 1946 5197 accidens
1976 5128 2060 5195 sit
2101 5122 2171 5193 in

626 5235 791 5305 Deo.
824 5237 1012 5305 Deus
1041 5247 1225 5307 creat
1282 5238 1590 5306 accidens
1625 5258 1642 5308 z
1675 5245 1792 5304 aut
1828 5258 1988 5327 ergo
2044 5257 2172 5326 ge-

696 5482 716 5517 ¹
747 5479 832 5535 Cf.
866 5480 1075 5553 Supra,
1115 5482 1255 5538 Dist.
1289 5482 1385 5537 111.

697 5568 722 5603 ²
750 5568 805 5625 S.
837 5573 1217 5641 Accusnxus,
1250 5571 1372 5629 Lib.
1406 5572 1451 5626 V
1480 5572 1553 5628 de
1577 5570 1883 5638 Trinitate,
1942 5584 2068 5641 cap.
2114 5572 2164 5623 ¹.

2270 4048 2620 4116 nei-atione
2666 4048 2988 4131 univoca,
3056 4055 3172 4116 aut
3217 4052 3596 4140 equivoca.
3665 4049 3823 4119 Non

2272 4155 2620 4247 aequivoca
2670 4179 2687 4224 ε
2737 4155 2898 4248 quia
2934 4159 3284 4249 generatio
3313 4158 3666 4249 {equivoca
3694 4165 3821 4239 est,

2274 4261 2547 4354 quando
2578 4265 2748 4331 ratio
2778 4264 2989 4355 geniti
3019 4283 3160 4332 non
3190 4275 3293 4334 est
3330 4266 3400 4333 in
3424 4274 3821 4357 generante,

2275 4372 2447 4440 sicut
2466 4371 2565 4439 sol
2596 4380 2875 4462 generat
2903 4372 3206 4465 plantam
3244 4372 3355 4443 vel
3394 4374 3750 4445 hominem
3803 4399 3821 4445 z

2276 4475 2567 4547 univoca
2596 4486 2850 4564 autem,
2896 4478 3171 4571 quando
3238 4480 3413 4551 ratio
3469 4482 3686 4574 geniti
3722 4491 3826 4552 est

2280 4585 2349 4653 in
2404 4590 2767 4675 generante
2818 4584 2931 4654 vel
2988 4595 3283 4659 creante.
3328 4587 3468 4657 Sed
3531 4611 3673 4658 non
3722 4599 3824 4660 est

2281 4690 2535 4784 aliquid
2563 4697 2864 4762 creatum
2904 4717 2944 4764 a
2979 4695 3150 4783 Dec,
3194 4700 3388 4789 cujus
3438 4699 3613 4767 ratio
3659 4721 3828 4790 pro-

2279 4801 2427 4890 pria
2460 4821 2596 4870 non
2670 4803 2757 4871 sit
2823 4805 2894 4874 in
2933 4806 3106 4897 ipso,
3177 4812 3253 4875 ut
3291 4804 3455 4876 dicit
3489 4805 3829 4899 Augusti-

2281 4928 2408 4976 nus
2440 4923 2458 4977 :
2489 4931 2650 5001 ergo
2688 4908 2981 4992 videtur,
3042 4912 3227 5005 quod
3293 4915 3606 4984 omnium
3647 4916 3829 4985 acci-

2281 5013 2581 5084 dentium
2641 5019 2811 5086 ratio
2867 5019 2954 5088 sit
3015 5020 3085 5089 in
3154 5020 3296 5089 Deo
3367 5045 3383 5091 :
3447 5031 3515 5092 et
3558 5022 3679 5093 ubi
3727 5033 3828 5093 est

2282 5123 2451 5191 ratio
2507 5123 2896 5209 accidentiS,
2958 5123 3051 5193 ibi
3095 5132 3200 5193 est
3255 5128 3566 5199 accidens
3612 5152 3824 5223 :ergo

2280 5228 2589 5297 accidens
2618 5231 2818 5299 estin
2859 5230 3029 5311 Deo,
3064 5240 3138 5299 ut
3167 5231 3459 5302 videtur.

2346 5475 2369 5510 ⁸
2396 5473 2546 5531 Edit.
2576 5473 2820 5530 Ioannis
2849 5473 3175 5545 Alleaume,
3205 5482 3481 5549 aperitur.

3894 961 4096 1009 SolutiO.
