<?xml version="1.0" encoding="UTF-8"?>
<!DOCTYPE html PUBLIC "-//W3C//DTD XHTML 1.0 Transitional//EN"
    "http://www.w3.org/TR/xhtml1/DTD/xhtml1-transitional.dtd">
<html xmlns="http://www.w3.org/1999/xhtml" xml:lang="en" lang="en">
 <head>
  <title>
</title>
<meta http-equiv="Content-Type" content="text/html;charset=utf-8" />
  <meta name='ocr-system' content='tesseract 3.04.00' />
  <meta name='ocr-capabilities' content='ocr_page ocr_carea ocr_par ocr_line ocrx_word'/>
</head>
<body>
  <div class='ocr_page' id='page_1' title='image "balbertimagnira03chgoog_0375.png"; bbox 0 0 4897 6388; ppageno 0'>
   <div class='ocr_carea' id='block_1_1' title="bbox 1961 331 4233 445">
    <p class='ocr_par' dir='ltr' id='par_1_1' title="bbox 1961 331 4233 445">
     <span class='ocr_line' id='line_1_1' title="bbox 1961 331 4233 445; baseline -0.005 -37"><span class='ocrx_word' id='word_1_1' title='bbox 1961 341 2064 445; x_wconf 91' lang='grc' dir='ltr'>ΙΝ</span> <span class='ocrx_word' id='word_1_2' title='bbox 2113 340 2142 406; x_wconf 93' lang='grc'><strong>1</strong></span> <span class='ocrx_word' id='word_1_3' title='bbox 2192 335 2901 436; x_wconf 82' lang='lat' dir='ltr'>SENTENT.·DIST.</span> <span class='ocrx_word' id='word_1_4' title='bbox 2956 332 3107 430; x_wconf 60' lang='lat' dir='ltr'>xls</span> <span class='ocrx_word' id='word_1_5' title='bbox 3134 334 3215 404; x_wconf 83' lang='lat' dir='ltr'>E.</span> <span class='ocrx_word' id='word_1_6' title='bbox 4107 331 4233 397; x_wconf 83' lang='lat'>351</span> 
     </span>
    </p>
   </div>
   <div class='ocr_carea' id='block_1_2' title="bbox 1059 1099 4083 1302">
    <p class='ocr_par' dir='ltr' id='par_1_2' title="bbox 1059 1099 4083 1302">
     <span class='ocr_line' id='line_1_2' title="bbox 1059 1099 4083 1198; baseline -0.002 -18"><span class='ocrx_word' id='word_1_7' title='bbox 1059 1170 1064 1174; x_wconf 93' lang='lat'>.</span> <span class='ocrx_word' id='word_1_8' title='bbox 1180 1108 1264 1181; x_wconf 90' lang='grc' dir='ltr'>Ε.</span> <span class='ocrx_word' id='word_1_9' title='bbox 1309 1099 1907 1179; x_wconf 76' lang='lat' dir='ltr'>Atcctoritatibzcs</span> <span class='ocrx_word' id='word_1_10' title='bbox 1975 1100 2422 1176; x_wconf 79' lang='lat' dir='ltr'>Graecorum</span> <span class='ocrx_word' id='word_1_11' title='bbox 2488 1100 2819 1175; x_wconf 65' lang='lat' dir='ltr'>ostendit</span> <span class='ocrx_word' id='word_1_12' title='bbox 2858 1099 3247 1198; x_wconf 70' lang='lat' dir='ltr'>Spiritum</span> <span class='ocrx_word' id='word_1_13' title='bbox 3284 1104 3631 1173; x_wconf 72' lang='lat' dir='ltr'>sanctum</span> <span class='ocrx_word' id='word_1_14' title='bbox 3660 1099 4083 1195; x_wconf 79' lang='lat' dir='ltr'><em>procedere</em></span> 
     </span>
     <span class='ocr_line' id='line_1_3' title="bbox 2263 1207 2903 1302; baseline -0.005 0"><span class='ocrx_word' id='word_1_15' title='bbox 2263 1207 2276 1228; x_wconf 24' lang='grc' dir='ltr'><strong><em>κ</em></strong></span> <span class='ocrx_word' id='word_1_16' title='bbox 2324 1227 2555 1302; x_wconf 84' lang='lat' dir='ltr'>etiam</span> <span class='ocrx_word' id='word_1_17' title='bbox 2588 1251 2634 1300; x_wconf 85' lang='grc' dir='ltr'><em>α</em></span> <span class='ocrx_word' id='word_1_18' title='bbox 2662 1225 2903 1300; x_wconf 76' lang='lat' dir='ltr'>Filio.</span> 
     </span>
    </p>
   </div>
   <div class='ocr_carea' id='block_1_3' title="bbox 1006 1771 4241 5259">
    <p class='ocr_par' dir='ltr' id='par_1_3' title="bbox 1006 1771 4241 5259">
     <span class='ocr_line' id='line_1_4' title="bbox 1123 1771 4241 1873; baseline -0.001 -26"><span class='ocrx_word' id='word_1_19' title='bbox 1123 1772 1344 1848; x_wconf 83' lang='lat' dir='ltr'><em>Unde</em></span> <span class='ocrx_word' id='word_1_20' title='bbox 1383 1774 1611 1848; x_wconf 90' lang='lat' dir='ltr'>etiam</span> <span class='ocrx_word' id='word_1_21' title='bbox 1644 1773 1952 1873; x_wconf 84' lang='lat' dir='ltr'>quidam</span> <span class='ocrx_word' id='word_1_22' title='bbox 2000 1795 2268 1848; x_wconf 89' lang='lat' dir='ltr'>eorum</span> <span class='ocrx_word' id='word_1_23' title='bbox 2311 1772 2683 1849; x_wconf 79' lang='lat' dir='ltr'>Catholici</span> <span class='ocrx_word' id='word_1_24' title='bbox 2732 1773 3131 1866; x_wconf 82' lang='lat' dir='ltr'>Doctores,</span> <span class='ocrx_word' id='word_1_25' title='bbox 3186 1771 3707 1868; x_wconf 80' lang='lat' dir='ltr'>intelligentes</span> <span class='ocrx_word' id='word_1_26' title='bbox 3754 1794 3985 1847; x_wconf 90' lang='lat' dir='ltr'>unam</span> <span class='ocrx_word' id='word_1_27' title='bbox 4037 1793 4241 1847; x_wconf 87' lang='lat' dir='ltr'>eam-</span> 
     </span>
     <span class='ocr_line' id='line_1_5' title="bbox 1020 1905 4240 2007; baseline -0 -26"><span class='ocrx_word' id='word_1_28' title='bbox 1020 1907 1354 2007; x_wconf 85' lang='lat' dir='ltr'>demque</span> <span class='ocrx_word' id='word_1_29' title='bbox 1408 1908 1567 1983; x_wconf 81' lang='lat' dir='ltr'>lore</span> <span class='ocrx_word' id='word_1_30' title='bbox 1622 1907 2081 1986; x_wconf 81' lang='lat' dir='ltr'>sententiam</span> <span class='ocrx_word' id='word_1_31' title='bbox 2127 1906 2671 2006; x_wconf 82' lang='lat' dir='ltr'>proedictorum</span> <span class='ocrx_word' id='word_1_32' title='bbox 2719 1905 3167 2002; x_wconf 79' lang='lat' dir='ltr'>verborum,</span> <span class='ocrx_word' id='word_1_33' title='bbox 3227 1906 3513 2006; x_wconf 90' lang='lat' dir='ltr'>quibus</span> <span class='ocrx_word' id='word_1_34' title='bbox 3567 1906 3849 1982; x_wconf 91' lang='lat' dir='ltr'>dicitur</span> <span class='ocrx_word' id='word_1_35' title='bbox 3907 1906 4240 2005; x_wconf 84' lang='lat' dir='ltr'>Spiritus</span> 
     </span>
     <span class='ocr_line' id='line_1_6' title="bbox 1020 2041 4237 2142; baseline -0.001 -24"><span class='ocrx_word' id='word_1_36' title='bbox 1020 2053 1335 2118; x_wconf 81' lang='lat' dir='ltr'>sanctus</span> <span class='ocrx_word' id='word_1_37' title='bbox 1367 2043 1776 2142; x_wconf 82' lang='lat' dir='ltr'>procedere</span> <span class='ocrx_word' id='word_1_38' title='bbox 1808 2066 1853 2116; x_wconf 91' lang='lat' dir='ltr'>a</span> <span class='ocrx_word' id='word_1_39' title='bbox 1878 2042 2095 2135; x_wconf 89' lang='lat' dir='ltr'>Filio,</span> <span class='ocrx_word' id='word_1_40' title='bbox 2131 2052 2207 2118; x_wconf 88' lang='lat' dir='ltr'>et</span> <span class='ocrx_word' id='word_1_41' title='bbox 2235 2066 2405 2118; x_wconf 91' lang='lat' dir='ltr'>esse</span> <span class='ocrx_word' id='word_1_42' title='bbox 2433 2041 2633 2136; x_wconf 88' lang='lat' dir='ltr'>Filii,</span> <span class='ocrx_word' id='word_1_43' title='bbox 2670 2041 2993 2140; x_wconf 80' lang='lat' dir='ltr'>professi</span> <span class='ocrx_word' id='word_1_44' title='bbox 3022 2051 3206 2117; x_wconf 91' lang='lat' dir='ltr'>sunt</span> <span class='ocrx_word' id='word_1_45' title='bbox 3229 2041 3602 2141; x_wconf 90' lang='lat' dir='ltr'>Spiritum</span> <span class='ocrx_word' id='word_1_46' title='bbox 3634 2053 3985 2117; x_wconf 87' lang='lat' dir='ltr'>sanctum</span> <span class='ocrx_word' id='word_1_47' title='bbox 4009 2041 4237 2117; x_wconf 88' lang='lat' dir='ltr'>etiam</span> 
     </span>
     <span class='ocr_line' id='line_1_7' title="bbox 1014 2177 4240 2280; baseline 0.001 -27"><span class='ocrx_word' id='word_1_48' title='bbox 1014 2181 1432 2280; x_wconf 85' lang='lat' dir='ltr'>procedere</span> <span class='ocrx_word' id='word_1_49' title='bbox 1473 2202 1518 2254; x_wconf 83' lang='lat' dir='ltr'>a</span> <span class='ocrx_word' id='word_1_50' title='bbox 1556 2178 1770 2253; x_wconf 87' lang='lat' dir='ltr'>Filio.</span> <span class='ocrx_word' id='word_1_51' title='bbox 1809 2178 2025 2255; x_wconf 88' lang='lat' dir='ltr'>Unde</span> <span class='ocrx_word' id='word_1_52' title='bbox 2066 2179 2535 2254; x_wconf 79' lang='lat' dir='ltr'>Athanasius</span> <span class='ocrx_word' id='word_1_53' title='bbox 2568 2178 2645 2252; x_wconf 92' lang='lat' dir='ltr'>in</span> <span class='ocrx_word' id='word_1_54' title='bbox 2688 2179 3058 2277; x_wconf 82' lang='lat' dir='ltr'>Symbolo</span> <span class='ocrx_word' id='word_1_55' title='bbox 3089 2177 3268 2254; x_wconf 87' lang='lat' dir='ltr'>fidei</span> <span class='ocrx_word' id='word_1_56' title='bbox 3302 2202 3318 2253; x_wconf 78' lang='lat' dir='ltr'><em>z</em></span> <span class='ocrx_word' id='word_1_57' title='bbox 3370 2206 3406 2250; x_wconf 93' lang='lat'>«</span> <span class='ocrx_word' id='word_1_58' title='bbox 3470 2179 3803 2278; x_wconf 88' lang='lat' dir='ltr'>Spiritus</span> <span class='ocrx_word' id='word_1_59' title='bbox 3843 2190 4155 2255; x_wconf 89' lang='lat' dir='ltr'>sanctus</span> <span class='ocrx_word' id='word_1_60' title='bbox 4194 2205 4240 2257; x_wconf 82' lang='lat' dir='ltr'>a</span> 
     </span>
     <span class='ocr_line' id='line_1_8' title="bbox 1016 2313 4235 2414; baseline 0 -24"><span class='ocrx_word' id='word_1_61' title='bbox 1016 2345 1054 2390; x_wconf 86' lang='lat'>«</span> <span class='ocrx_word' id='word_1_62' title='bbox 1096 2318 1322 2393; x_wconf 85' lang='lat' dir='ltr'>Patre</span> <span class='ocrx_word' id='word_1_63' title='bbox 1352 2326 1427 2392; x_wconf 86' lang='lat' dir='ltr'>et</span> <span class='ocrx_word' id='word_1_64' title='bbox 1458 2315 1677 2411; x_wconf 89' lang='lat' dir='ltr'>Filio,</span> <span class='ocrx_word' id='word_1_65' title='bbox 1720 2339 1874 2391; x_wconf 90' lang='lat' dir='ltr'>non</span> <span class='ocrx_word' id='word_1_66' title='bbox 1904 2316 2173 2408; x_wconf 79' lang='lat' dir='ltr'>factuS‚</span> <span class='ocrx_word' id='word_1_67' title='bbox 2214 2338 2357 2390; x_wconf 90' lang='lat' dir='ltr'>nec</span> <span class='ocrx_word' id='word_1_68' title='bbox 2390 2324 2724 2409; x_wconf 89' lang='lat' dir='ltr'>creatus,</span> <span class='ocrx_word' id='word_1_69' title='bbox 2754 2337 2897 2390; x_wconf 91' lang='lat' dir='ltr'>nec</span> <span class='ocrx_word' id='word_1_70' title='bbox 2938 2313 3277 2412; x_wconf 83' lang='lat' dir='ltr'>genituS,</span> <span class='ocrx_word' id='word_1_71' title='bbox 3313 2315 3451 2391; x_wconf 91' lang='lat' dir='ltr'>sed</span> <span class='ocrx_word' id='word_1_72' title='bbox 3485 2314 3938 2414; x_wconf 84' lang='lat' dir='ltr'>procedens.</span> <span class='ocrx_word' id='word_1_73' title='bbox 3970 2343 4006 2387; x_wconf 84' lang='lat'>»</span> <span class='ocrx_word' id='word_1_74' title='bbox 4044 2317 4235 2391; x_wconf 88' lang='lat' dir='ltr'>Ecce</span> 
     </span>
     <span class='ocr_line' id='line_1_9' title="bbox 1016 2449 4227 2553; baseline -0.001 -24"><span class='ocrx_word' id='word_1_75' title='bbox 1016 2453 1392 2553; x_wconf 88' lang='lat' dir='ltr'>Spiritum</span> <span class='ocrx_word' id='word_1_76' title='bbox 1433 2461 1782 2527; x_wconf 89' lang='lat' dir='ltr'>sanctum</span> <span class='ocrx_word' id='word_1_77' title='bbox 1814 2460 2071 2550; x_wconf 89' lang='lat' dir='ltr'>aperte</span> <span class='ocrx_word' id='word_1_78' title='bbox 2104 2450 2293 2525; x_wconf 87' lang='lat' dir='ltr'>dixit</span> <span class='ocrx_word' id='word_1_79' title='bbox 2331 2450 2750 2549; x_wconf 88' lang='lat' dir='ltr'>procedere</span> <span class='ocrx_word' id='word_1_80' title='bbox 2781 2473 2827 2524; x_wconf 92' lang='lat' dir='ltr'>a</span> <span class='ocrx_word' id='word_1_81' title='bbox 2868 2449 3095 2525; x_wconf 87' lang='lat' dir='ltr'>Patre</span> <span class='ocrx_word' id='word_1_82' title='bbox 3148 2459 3222 2525; x_wconf 88' lang='lat' dir='ltr'>et</span> <span class='ocrx_word' id='word_1_83' title='bbox 3280 2449 3502 2524; x_wconf 81' lang='lat' dir='ltr'>Filio.</span> <span class='ocrx_word' id='word_1_84' title='bbox 3567 2449 3947 2549; x_wconf 71' lang='lat' dir='ltr'>Didymus</span> <span class='ocrx_word' id='word_1_85' title='bbox 3997 2450 4227 2526; x_wconf 89' lang='lat' dir='ltr'>etiam</span> 
     </span>
     <span class='ocr_line' id='line_1_10' title="bbox 1014 2584 4236 2685; baseline -0.001 -20"><span class='ocrx_word' id='word_1_86' title='bbox 1014 2612 1285 2665; x_wconf 87' lang='lat' dir='ltr'>eorum</span> <span class='ocrx_word' id='word_1_87' title='bbox 1320 2588 1697 2663; x_wconf 80' lang='lat' dir='ltr'>maximus</span> <span class='ocrx_word' id='word_1_88' title='bbox 1736 2587 2016 2663; x_wconf 90' lang='lat' dir='ltr'>Doctor</span> <span class='ocrx_word' id='word_1_89' title='bbox 2046 2586 2123 2660; x_wconf 91' lang='lat' dir='ltr'>in</span> <span class='ocrx_word' id='word_1_90' title='bbox 2159 2586 2353 2662; x_wconf 87' lang='lat' dir='ltr'>libro</span> <span class='ocrx_word' id='word_1_91' title='bbox 2389 2586 2451 2660; x_wconf 92' lang='grc'>11</span> <span class='ocrx_word' id='word_1_92' title='bbox 2492 2586 2586 2661; x_wconf 90' lang='lat' dir='ltr'>de</span> <span class='ocrx_word' id='word_1_93' title='bbox 2621 2585 2933 2685; x_wconf 75' lang='lat' dir='ltr'>Spiritu</span> <span class='ocrx_word' id='word_1_94' title='bbox 2978 2592 3276 2675; x_wconf 81' lang='lat' dir='ltr'>sancto,</span> <span class='ocrx_word' id='word_1_95' title='bbox 3322 2584 3699 2685; x_wconf 88' lang='lat' dir='ltr'>Spiritum</span> <span class='ocrx_word' id='word_1_96' title='bbox 3769 2596 4123 2661; x_wconf 90' lang='lat' dir='ltr'>sanctum</span> <span class='ocrx_word' id='word_1_97' title='bbox 4189 2610 4236 2662; x_wconf 87' lang='lat' dir='ltr'>a</span> 
     </span>
     <span class='ocr_line' id='line_1_11' title="bbox 1017 2720 4238 2824; baseline -0.001 -24"><span class='ocrx_word' id='word_1_98' title='bbox 1017 2724 1210 2800; x_wconf 89' lang='lat' dir='ltr'>Filio</span> <span class='ocrx_word' id='word_1_99' title='bbox 1243 2724 1654 2824; x_wconf 86' lang='lat' dir='ltr'>procedere</span> <span class='ocrx_word' id='word_1_100' title='bbox 1677 2723 1903 2798; x_wconf 86' lang='lat' dir='ltr'>dicit:</span> <span class='ocrx_word' id='word_1_101' title='bbox 1940 2723 2318 2818; x_wconf 78' lang='lat' dir='ltr'>Salvator,</span> <span class='ocrx_word' id='word_1_102' title='bbox 2347 2722 2626 2822; x_wconf 92' lang='lat' dir='ltr'>inquit,</span> <span class='ocrx_word' id='word_1_103' title='bbox 2657 2721 2789 2819; x_wconf 92' lang='lat' dir='ltr'>qui</span> <span class='ocrx_word' id='word_1_104' title='bbox 2825 2730 2941 2797; x_wconf 91' lang='lat' dir='ltr'>est</span> <span class='ocrx_word' id='word_1_105' title='bbox 2972 2721 3289 2816; x_wconf 82' lang='lat' dir='ltr'>veritas,</span> <span class='ocrx_word' id='word_1_106' title='bbox 3342 2721 3528 2798; x_wconf 82' lang='lat' dir='ltr'>Non</span> <span class='ocrx_word' id='word_1_107' title='bbox 3555 2722 3759 2796; x_wconf 79' lang='lat' dir='ltr'>euim</span> <span class='ocrx_word' id='word_1_108' title='bbox 3827 2720 4238 2822; x_wconf 78' lang='lat' dir='ltr'>loquetura</span> 
     </span>
     <span class='ocr_line' id='line_1_12' title="bbox 1012 2858 4231 2960; baseline 0 -25"><span class='ocrx_word' id='word_1_109' title='bbox 1012 2862 1418 2960; x_wconf 74' lang='lat' dir='ltr'>semetc&#39;pso</span> <span class='ocrx_word' id='word_1_110' title='bbox 1453 2868 1500 2955; x_wconf 93' lang='lat'>¹,</span> <span class='ocrx_word' id='word_1_111' title='bbox 1547 2862 1690 2935; x_wconf 92' lang='lat' dir='ltr'>hoc</span> <span class='ocrx_word' id='word_1_112' title='bbox 1718 2869 1858 2954; x_wconf 90' lang='lat' dir='ltr'>est,</span> <span class='ocrx_word' id='word_1_113' title='bbox 1902 2883 2056 2934; x_wconf 91' lang='lat' dir='ltr'>non</span> <span class='ocrx_word' id='word_1_114' title='bbox 2098 2859 2267 2936; x_wconf 90' lang='lat' dir='ltr'>sine</span> <span class='ocrx_word' id='word_1_115' title='bbox 2310 2881 2430 2934; x_wconf 89' lang='lat' dir='ltr'>me</span> <span class='ocrx_word' id='word_1_116' title='bbox 2471 2867 2544 2933; x_wconf 91' lang='lat' dir='ltr'>et</span> <span class='ocrx_word' id='word_1_117' title='bbox 2576 2858 2742 2933; x_wconf 90' lang='lat' dir='ltr'>sine</span> <span class='ocrx_word' id='word_1_118' title='bbox 2780 2880 2950 2933; x_wconf 89' lang='lat' dir='ltr'>meo</span> <span class='ocrx_word' id='word_1_119' title='bbox 2981 2869 3059 2933; x_wconf 89' lang='lat' dir='ltr'>et</span> <span class='ocrx_word' id='word_1_120' title='bbox 3097 2858 3350 2933; x_wconf 88' lang='lat' dir='ltr'>Patris</span> <span class='ocrx_word' id='word_1_121' title='bbox 3389 2858 3735 2953; x_wconf 86' lang='lat' dir='ltr'>arbitrio,</span> <span class='ocrx_word' id='word_1_122' title='bbox 3799 2859 3982 2958; x_wconf 82' lang='lat' dir='ltr'>quia</span> <span class='ocrx_word' id='word_1_123' title='bbox 4024 2859 4231 2935; x_wconf 89' lang='lat' dir='ltr'>inse-</span> 
     </span>
     <span class='ocr_line' id='line_1_13' title="bbox 1011 2992 4227 3096; baseline -0.001 -24"><span class='ocrx_word' id='word_1_124' title='bbox 1011 2996 1456 3096; x_wconf 81' lang='lat' dir='ltr'>parabiliter</span> <span class='ocrx_word' id='word_1_125' title='bbox 1493 3006 1607 3071; x_wconf 89' lang='lat' dir='ltr'>est</span> <span class='ocrx_word' id='word_1_126' title='bbox 1637 3020 1682 3070; x_wconf 86' lang='lat' dir='ltr'>a</span> <span class='ocrx_word' id='word_1_127' title='bbox 1720 3018 1840 3071; x_wconf 89' lang='lat' dir='ltr'>me</span> <span class='ocrx_word' id='word_1_128' title='bbox 1879 3003 1954 3071; x_wconf 86' lang='lat' dir='ltr'>et</span> <span class='ocrx_word' id='word_1_129' title='bbox 1992 3019 2039 3070; x_wconf 87' lang='lat' dir='ltr'>a</span> <span class='ocrx_word' id='word_1_130' title='bbox 2077 2995 2325 3070; x_wconf 83' lang='lat' dir='ltr'>Patris</span> <span class='ocrx_word' id='word_1_131' title='bbox 2362 2995 2761 3069; x_wconf 78' lang='lat' dir='ltr'>voluntate</span> <span class='ocrx_word' id='word_1_132' title='bbox 2808 3017 2823 3067; x_wconf 89' lang='lat'>:</span> <span class='ocrx_word' id='word_1_133' title='bbox 2863 2992 3050 3091; x_wconf 87' lang='lat' dir='ltr'>qnia</span> <span class='ocrx_word' id='word_1_134' title='bbox 3089 3016 3182 3069; x_wconf 88' lang='lat' dir='ltr'>ex</span> <span class='ocrx_word' id='word_1_135' title='bbox 3212 3016 3296 3069; x_wconf 91' lang='lat' dir='ltr'>se</span> <span class='ocrx_word' id='word_1_136' title='bbox 3340 3017 3496 3068; x_wconf 91' lang='lat' dir='ltr'>non</span> <span class='ocrx_word' id='word_1_137' title='bbox 3538 3003 3676 3080; x_wconf 88' lang='lat' dir='ltr'>est,</span> <span class='ocrx_word' id='word_1_138' title='bbox 3708 2994 3841 3069; x_wconf 87' lang='lat' dir='ltr'>sed</span> <span class='ocrx_word' id='word_1_139' title='bbox 3875 3018 3967 3070; x_wconf 85' lang='lat' dir='ltr'>ex</span> <span class='ocrx_word' id='word_1_140' title='bbox 4001 2995 4227 3070; x_wconf 89' lang='lat' dir='ltr'>Patre</span> 
     </span>
     <span class='ocr_line' id='line_1_14' title="bbox 1011 3129 4227 3231; baseline -0.001 -21"><span class='ocrx_word' id='word_1_141' title='bbox 1011 3142 1086 3210; x_wconf 90' lang='lat' dir='ltr'>et</span> <span class='ocrx_word' id='word_1_142' title='bbox 1128 3155 1249 3209; x_wconf 89' lang='lat' dir='ltr'>me</span> <span class='ocrx_word' id='word_1_143' title='bbox 1280 3141 1418 3208; x_wconf 90' lang='lat' dir='ltr'>est.</span> <span class='ocrx_word' id='word_1_144' title='bbox 1468 3131 1630 3207; x_wconf 89' lang='lat' dir='ltr'>lloc</span> <span class='ocrx_word' id='word_1_145' title='bbox 1670 3130 1874 3208; x_wconf 87' lang='lat' dir='ltr'>enim</span> <span class='ocrx_word' id='word_1_146' title='bbox 1910 3131 2168 3231; x_wconf 90' lang='lat' dir='ltr'>ipsum</span> <span class='ocrx_word' id='word_1_147' title='bbox 2209 3131 2417 3230; x_wconf 91' lang='lat' dir='ltr'>quod</span> <span class='ocrx_word' id='word_1_148' title='bbox 2460 3129 2811 3206; x_wconf 88' lang='lat' dir='ltr'>subsistit</span> <span class='ocrx_word' id='word_1_149' title='bbox 2848 3139 2920 3206; x_wconf 86' lang='lat' dir='ltr'>et</span> <span class='ocrx_word' id='word_1_150' title='bbox 2949 3129 3319 3230; x_wconf 88' lang='lat' dir='ltr'>loquitur,</span> <span class='ocrx_word' id='word_1_151' title='bbox 3356 3154 3401 3205; x_wconf 86' lang='lat' dir='ltr'>a</span> <span class='ocrx_word' id='word_1_152' title='bbox 3434 3130 3660 3207; x_wconf 87' lang='lat' dir='ltr'>Patre</span> <span class='ocrx_word' id='word_1_153' title='bbox 3701 3141 3776 3207; x_wconf 89' lang='lat' dir='ltr'>et</span> <span class='ocrx_word' id='word_1_154' title='bbox 3816 3155 3860 3206; x_wconf 87' lang='lat' dir='ltr'>a</span> <span class='ocrx_word' id='word_1_155' title='bbox 3930 3155 4049 3209; x_wconf 90' lang='lat' dir='ltr'>me</span> <span class='ocrx_word' id='word_1_156' title='bbox 4119 3132 4227 3207; x_wconf 90' lang='lat' dir='ltr'>illi</span> 
     </span>
     <span class='ocr_line' id='line_1_15' title="bbox 1016 3266 4226 3368; baseline -0.001 -22"><span class='ocrx_word' id='word_1_157' title='bbox 1016 3280 1158 3346; x_wconf 90' lang='lat' dir='ltr'>est.</span> <span class='ocrx_word' id='word_1_158' title='bbox 1220 3270 1436 3360; x_wconf 89' lang='lat' dir='ltr'>ltem,</span> <span class='ocrx_word' id='word_1_159' title='bbox 1480 3268 1810 3367; x_wconf 87' lang='lat' dir='ltr'>Spiritus</span> <span class='ocrx_word' id='word_1_160' title='bbox 1859 3279 2173 3344; x_wconf 87' lang='lat' dir='ltr'>sanctus</span> <span class='ocrx_word' id='word_1_161' title='bbox 2212 3267 2342 3367; x_wconf 91' lang='lat' dir='ltr'>qui</span> <span class='ocrx_word' id='word_1_162' title='bbox 2387 3276 2503 3344; x_wconf 89' lang='lat' dir='ltr'>est</span> <span class='ocrx_word' id='word_1_163' title='bbox 2533 3266 2852 3366; x_wconf 88' lang='lat' dir='ltr'>spiritns</span> <span class='ocrx_word' id='word_1_164' title='bbox 2882 3266 3256 3354; x_wconf 82' lang='lat' dir='ltr'>veritatiS,</span> <span class='ocrx_word' id='word_1_165' title='bbox 3287 3267 3762 3367; x_wconf 87' lang='lat' dir='ltr'>spiritusque</span> <span class='ocrx_word' id='word_1_166' title='bbox 3796 3268 4226 3368; x_wconf 61' lang='lat' dir='ltr'>sapientiae,</span> 
     </span>
     <span class='ocr_line' id='line_1_16' title="bbox 1016 3401 4230 3503; baseline -0.001 -24"><span class='ocrx_word' id='word_1_167' title='bbox 1016 3427 1173 3479; x_wconf 90' lang='lat' dir='ltr'>non</span> <span class='ocrx_word' id='word_1_168' title='bbox 1216 3412 1465 3503; x_wconf 90' lang='lat' dir='ltr'>potest</span> <span class='ocrx_word' id='word_1_169' title='bbox 1501 3403 1766 3478; x_wconf 85' lang='lat' dir='ltr'>audire</span> <span class='ocrx_word' id='word_1_170' title='bbox 1807 3402 2071 3477; x_wconf 90' lang='lat' dir='ltr'>aFilio</span> <span class='ocrx_word' id='word_1_171' title='bbox 2115 3404 2475 3501; x_wconf 86' lang='lat' dir='ltr'>loquente</span> <span class='ocrx_word' id='word_1_172' title='bbox 2536 3427 2715 3500; x_wconf 62' lang='lat' dir='ltr'>queo</span> <span class='ocrx_word' id='word_1_173' title='bbox 2770 3401 3042 3495; x_wconf 88' lang='lat' dir='ltr'>nescit,</span> <span class='ocrx_word' id='word_1_174' title='bbox 3098 3425 3276 3476; x_wconf 88' lang='lat' dir='ltr'>cum</span> <span class='ocrx_word' id='word_1_175' title='bbox 3341 3403 3486 3477; x_wconf 89' lang='lat' dir='ltr'>hoc</span> <span class='ocrx_word' id='word_1_176' title='bbox 3538 3403 3790 3501; x_wconf 88' lang='lat' dir='ltr'>ipsum</span> <span class='ocrx_word' id='word_1_177' title='bbox 3860 3402 3957 3477; x_wconf 82' lang='lat' dir='ltr'>sit</span> <span class='ocrx_word' id='word_1_178' title='bbox 4024 3404 4230 3501; x_wconf 84' lang='lat' dir='ltr'>quod</span> 
     </span>
     <span class='ocr_line' id='line_1_17' title="bbox 1015 3539 4230 3642; baseline -0.001 -26"><span class='ocrx_word' id='word_1_179' title='bbox 1015 3543 1401 3642; x_wconf 76' lang='lat' dir='ltr'>profertur</span> <span class='ocrx_word' id='word_1_180' title='bbox 1427 3566 1472 3617; x_wconf 85' lang='lat' dir='ltr'>a</span> <span class='ocrx_word' id='word_1_181' title='bbox 1511 3542 1729 3636; x_wconf 86' lang='lat' dir='ltr'>Filio,</span> <span class='ocrx_word' id='word_1_182' title='bbox 1766 3541 1838 3615; x_wconf 93' lang='lat' dir='ltr'>id</span> <span class='ocrx_word' id='word_1_183' title='bbox 1879 3552 2020 3636; x_wconf 86' lang='lat' dir='ltr'>est,</span> <span class='ocrx_word' id='word_1_184' title='bbox 2059 3541 2486 3641; x_wconf 87' lang='lat' dir='ltr'>procedens</span> <span class='ocrx_word' id='word_1_185' title='bbox 2528 3541 2737 3616; x_wconf 83' lang='lat' dir='ltr'>lleus</span> <span class='ocrx_word' id='word_1_186' title='bbox 2779 3540 2872 3615; x_wconf 90' lang='lat' dir='ltr'>de</span> <span class='ocrx_word' id='word_1_187' title='bbox 2918 3540 3107 3635; x_wconf 76' lang='lat' dir='ltr'>Heu,</span> <span class='ocrx_word' id='word_1_188' title='bbox 3172 3539 3507 3639; x_wconf 75' lang='lat' dir='ltr'>Spiritus</span> <span class='ocrx_word' id='word_1_189' title='bbox 3548 3539 3892 3615; x_wconf 80' lang='lat' dir='ltr'>veritatis</span> <span class='ocrx_word' id='word_1_190' title='bbox 3958 3565 4230 3639; x_wconf 84' lang='lat' dir='ltr'>proce-</span> 
     </span>
     <span class='ocr_line' id='line_1_18' title="bbox 1011 3676 4221 3775; baseline -0.002 -20"><span class='ocrx_word' id='word_1_191' title='bbox 1011 3681 1205 3755; x_wconf 90' lang='lat' dir='ltr'>dens</span> <span class='ocrx_word' id='word_1_192' title='bbox 1234 3703 1281 3754; x_wconf 85' lang='lat' dir='ltr'>a</span> <span class='ocrx_word' id='word_1_193' title='bbox 1318 3679 1662 3773; x_wconf 82' lang='lat' dir='ltr'>veritate,</span> <span class='ocrx_word' id='word_1_194' title='bbox 1694 3680 2128 3755; x_wconf 84' lang='lat' dir='ltr'>consolator</span> <span class='ocrx_word' id='word_1_195' title='bbox 2169 3702 2495 3754; x_wconf 85' lang='lat' dir='ltr'>manans</span> <span class='ocrx_word' id='word_1_196' title='bbox 2526 3703 2617 3754; x_wconf 87' lang='lat' dir='ltr'>ex</span> <span class='ocrx_word' id='word_1_197' title='bbox 2649 3677 3208 3753; x_wconf 78' lang='lat' dir='ltr'>consolatione.</span> <span class='ocrx_word' id='word_1_198' title='bbox 3281 3676 3477 3753; x_wconf 79' lang='lat' dir='ltr'>Nam</span> <span class='ocrx_word' id='word_1_199' title='bbox 3520 3676 3854 3775; x_wconf 76' lang='lat' dir='ltr'>Cyrillus</span> <span class='ocrx_word' id='word_1_200' title='bbox 3919 3677 4221 3775; x_wconf 75' lang='lat' dir='ltr'>Episco-</span> 
     </span>
     <span class='ocr_line' id='line_1_19' title="bbox 1009 3812 4229 3914; baseline -0.002 -24"><span class='ocrx_word' id='word_1_201' title='bbox 1009 3839 1159 3914; x_wconf 92' lang='lat' dir='ltr'>pus</span> <span class='ocrx_word' id='word_1_202' title='bbox 1201 3815 1279 3888; x_wconf 90' lang='lat' dir='ltr'>in</span> <span class='ocrx_word' id='word_1_203' title='bbox 1316 3814 1652 3913; x_wconf 82' lang='lat' dir='ltr'>Epistola</span> <span class='ocrx_word' id='word_1_204' title='bbox 1681 3813 2031 3889; x_wconf 84' lang='lat' dir='ltr'>Nestorio</span> <span class='ocrx_word' id='word_1_205' title='bbox 2064 3814 2379 3908; x_wconf 87' lang='lat' dir='ltr'>directa,</span> <span class='ocrx_word' id='word_1_206' title='bbox 2416 3814 2565 3889; x_wconf 87' lang='lat' dir='ltr'>ait:</span> <span class='ocrx_word' id='word_1_207' title='bbox 2604 3813 2943 3912; x_wconf 88' lang='lat' dir='ltr'>Spiritus</span> <span class='ocrx_word' id='word_1_208' title='bbox 2969 3812 3429 3910; x_wconf 80' lang='lat' dir='ltr'>intelligitur</span> <span class='ocrx_word' id='word_1_209' title='bbox 3461 3837 3600 3912; x_wconf 91' lang='lat' dir='ltr'>pro</span> <span class='ocrx_word' id='word_1_210' title='bbox 3644 3815 3768 3888; x_wconf 80' lang='lat' dir='ltr'>’se</span> <span class='ocrx_word' id='word_1_211' title='bbox 3801 3812 4229 3887; x_wconf 90' lang='lat' dir='ltr'>secundum</span> 
     </span>
     <span class='ocr_line' id='line_1_20' title="bbox 1013 3947 4229 4048; baseline -0.002 -23"><span class='ocrx_word' id='word_1_212' title='bbox 1013 3950 1221 4047; x_wconf 85' lang='lat' dir='ltr'>quod</span> <span class='ocrx_word' id='word_1_213' title='bbox 1264 3948 1597 4048; x_wconf 81' lang='lat' dir='ltr'>Spiritus</span> <span class='ocrx_word' id='word_1_214' title='bbox 1634 3958 1774 4042; x_wconf 85' lang='lat' dir='ltr'>est,</span> <span class='ocrx_word' id='word_1_215' title='bbox 1809 3960 1882 4024; x_wconf 91' lang='lat' dir='ltr'>et</span> <span class='ocrx_word' id='word_1_216' title='bbox 1925 3973 2076 4025; x_wconf 91' lang='lat' dir='ltr'>non</span> <span class='ocrx_word' id='word_1_217' title='bbox 2113 3949 2353 4025; x_wconf 87' lang='lat' dir='ltr'>Filius</span> <span class='ocrx_word' id='word_1_218' title='bbox 2398 3972 2414 4024; x_wconf 78' lang='lat' dir='ltr'><em>z</em></span> <span class='ocrx_word' id='word_1_219' title='bbox 2462 3948 2594 4023; x_wconf 88' lang='lat' dir='ltr'>sed</span> <span class='ocrx_word' id='word_1_220' title='bbox 2635 3958 2889 4025; x_wconf 87' lang='lat' dir='ltr'>tamen</span> <span class='ocrx_word' id='word_1_221' title='bbox 2925 3971 3077 4022; x_wconf 90' lang='lat' dir='ltr'>non</span> <span class='ocrx_word' id='word_1_222' title='bbox 3110 3957 3226 4023; x_wconf 84' lang='lat' dir='ltr'>est</span> <span class='ocrx_word' id='word_1_223' title='bbox 3256 3947 3560 4023; x_wconf 86' lang='lat' dir='ltr'>alienus</span> <span class='ocrx_word' id='word_1_224' title='bbox 3602 3948 3843 4022; x_wconf 65' lang='lat' dir='ltr'>alveo.</span> <span class='ocrx_word' id='word_1_225' title='bbox 3894 3947 4229 4046; x_wconf 80' lang='lat' dir='ltr'>Spiritus</span> 
     </span>
     <span class='ocr_line' id='line_1_21' title="bbox 1016 4078 4234 4182; baseline -0.001 -23"><span class='ocrx_word' id='word_1_226' title='bbox 1016 4082 1228 4159; x_wconf 88' lang='lat' dir='ltr'>enim</span> <span class='ocrx_word' id='word_1_227' title='bbox 1268 4082 1613 4158; x_wconf 80' lang='lat' dir='ltr'>veritatis</span> <span class='ocrx_word' id='word_1_228' title='bbox 1643 4083 2114 4177; x_wconf 86' lang='lat' dir='ltr'>nominatur,</span> <span class='ocrx_word' id='word_1_229' title='bbox 2150 4093 2224 4158; x_wconf 92' lang='lat' dir='ltr'>et</span> <span class='ocrx_word' id='word_1_230' title='bbox 2266 4082 2574 4182; x_wconf 89' lang='lat' dir='ltr'>prolluit</span> <span class='ocrx_word' id='word_1_231' title='bbox 2612 4083 2708 4157; x_wconf 81' lang='lat' dir='ltr'>al)</span> <span class='ocrx_word' id='word_1_232' title='bbox 2749 4107 2843 4157; x_wconf 92' lang='lat' dir='ltr'>eo</span> <span class='ocrx_word' id='word_1_233' title='bbox 2883 4082 3086 4158; x_wconf 87' lang='lat' dir='ltr'>sicut</span> <span class='ocrx_word' id='word_1_234' title='bbox 3125 4106 3217 4158; x_wconf 85' lang='lat' dir='ltr'>ex</span> <span class='ocrx_word' id='word_1_235' title='bbox 3274 4081 3434 4156; x_wconf 88' lang='lat' dir='ltr'>Deo</span> <span class='ocrx_word' id='word_1_236' title='bbox 3505 4081 3730 4156; x_wconf 85' lang='lat' dir='ltr'>Patre</span> <span class='ocrx_word' id='word_1_237' title='bbox 3771 4078 3819 4154; x_wconf 86' lang='lat'>⁸.</span> <span class='ocrx_word' id='word_1_238' title='bbox 3891 4082 4234 4158; x_wconf 74' lang='lat' dir='ltr'>,loannes</span> 
     </span>
     <span class='ocr_line' id='line_1_22' title="bbox 1010 4216 4228 4317; baseline 0 -24"><span class='ocrx_word' id='word_1_239' title='bbox 1010 4241 1324 4317; x_wconf 88' lang='lat' dir='ltr'>quoque</span> <span class='ocrx_word' id='word_1_240' title='bbox 1364 4218 1956 4315; x_wconf 73' lang='lat' dir='ltr'>chrysostomus</span> <span class='ocrx_word' id='word_1_241' title='bbox 1990 4217 2062 4291; x_wconf 90' lang='lat' dir='ltr'>in</span> <span class='ocrx_word' id='word_1_242' title='bbox 2101 4217 2437 4293; x_wconf 86' lang='lat' dir='ltr'>llomilia</span> <span class='ocrx_word' id='word_1_243' title='bbox 2479 4218 2813 4317; x_wconf 87' lang='lat' dir='ltr'>quadam</span> <span class='ocrx_word' id='word_1_244' title='bbox 2859 4218 2953 4292; x_wconf 92' lang='lat' dir='ltr'>de</span> <span class='ocrx_word' id='word_1_245' title='bbox 3005 4216 3487 4317; x_wconf 83' lang='lat' dir='ltr'>expositione</span> <span class='ocrx_word' id='word_1_246' title='bbox 3529 4217 3858 4315; x_wconf 75' lang='lat' dir='ltr'>symboli</span> <span class='ocrx_word' id='word_1_247' title='bbox 3905 4217 4012 4291; x_wconf 78' lang='lat' dir='ltr'>sir</span> <span class='ocrx_word' id='word_1_248' title='bbox 4071 4218 4169 4293; x_wconf 88' lang='lat' dir='ltr'>ait</span> <span class='ocrx_word' id='word_1_249' title='bbox 4213 4243 4228 4293; x_wconf 74' lang='grc' dir='ltr'>ε</span> 
     </span>
     <span class='ocr_line' id='line_1_23' title="bbox 1012 4351 4233 4452; baseline 0 -25"><span class='ocrx_word' id='word_1_250' title='bbox 1012 4354 1161 4429; x_wconf 87' lang='lat' dir='ltr'>Iste</span> <span class='ocrx_word' id='word_1_251' title='bbox 1203 4363 1319 4429; x_wconf 91' lang='lat' dir='ltr'>est</span> <span class='ocrx_word' id='word_1_252' title='bbox 1356 4352 1671 4452; x_wconf 87' lang='lat' dir='ltr'>spiritus</span> <span class='ocrx_word' id='word_1_253' title='bbox 1702 4353 2123 4452; x_wconf 88' lang='lat' dir='ltr'>procedens</span> <span class='ocrx_word' id='word_1_254' title='bbox 2163 4353 2258 4429; x_wconf 85' lang='lat' dir='ltr'>de</span> <span class='ocrx_word' id='word_1_255' title='bbox 2314 4354 2539 4429; x_wconf 88' lang='lat' dir='ltr'>Patre</span> <span class='ocrx_word' id='word_1_256' title='bbox 2580 4363 2655 4429; x_wconf 91' lang='lat' dir='ltr'>et</span> <span class='ocrx_word' id='word_1_257' title='bbox 2690 4353 2910 4447; x_wconf 82' lang='lat' dir='ltr'>Filio,</span> <span class='ocrx_word' id='word_1_258' title='bbox 2947 4352 3082 4450; x_wconf 85' lang='lat' dir='ltr'>qui</span> <span class='ocrx_word' id='word_1_259' title='bbox 3126 4351 3393 4425; x_wconf 76' lang='lat' dir='ltr'>dividit</span> <span class='ocrx_word' id='word_1_260' title='bbox 3430 4351 3634 4426; x_wconf 92' lang='lat' dir='ltr'>dona</span> <span class='ocrx_word' id='word_1_261' title='bbox 3669 4352 3977 4451; x_wconf 82' lang='lat' dir='ltr'>propria</span> <span class='ocrx_word' id='word_1_262' title='bbox 4009 4366 4233 4452; x_wconf 88' lang='lat' dir='ltr'>prout</span> 
     </span>
     <span class='ocr_line' id='line_1_24' title="bbox 1012 4483 4218 4584; baseline 0.001 -27"><span class='ocrx_word' id='word_1_263' title='bbox 1012 4486 1206 4560; x_wconf 78' lang='lat' dir='ltr'>vult.</span> <span class='ocrx_word' id='word_1_264' title='bbox 1247 4485 1482 4576; x_wconf 88' lang='lat' dir='ltr'>Idem,</span> <span class='ocrx_word' id='word_1_265' title='bbox 1520 4484 1596 4558; x_wconf 90' lang='lat' dir='ltr'>in</span> <span class='ocrx_word' id='word_1_266' title='bbox 1637 4484 1788 4560; x_wconf 82' lang='lat' dir='ltr'>alia</span> <span class='ocrx_word' id='word_1_267' title='bbox 1829 4484 2161 4560; x_wconf 86' lang='lat' dir='ltr'>Homilia</span> <span class='ocrx_word' id='word_1_268' title='bbox 2199 4508 2214 4559; x_wconf 72' lang='grc' dir='ltr'>ε</span> <span class='ocrx_word' id='word_1_269' title='bbox 2261 4486 2751 4562; x_wconf 83' lang='lat' dir='ltr'>Credendum</span> <span class='ocrx_word' id='word_1_270' title='bbox 2795 4494 2910 4560; x_wconf 88' lang='lat' dir='ltr'>est</span> <span class='ocrx_word' id='word_1_271' title='bbox 2952 4483 3325 4584; x_wconf 80' lang='lat' dir='ltr'>Spiritum</span> <span class='ocrx_word' id='word_1_272' title='bbox 3361 4495 3716 4560; x_wconf 87' lang='lat' dir='ltr'>sanetum</span> <span class='ocrx_word' id='word_1_273' title='bbox 3754 4485 4002 4559; x_wconf 82' lang='lat' dir='ltr'>Patris</span> <span class='ocrx_word' id='word_1_274' title='bbox 4050 4509 4218 4561; x_wconf 82' lang='lat' dir='ltr'>esse</span> 
     </span>
     <span class='ocr_line' id='line_1_25' title="bbox 1010 4617 4233 4718; baseline 0.001 -25"><span class='ocrx_word' id='word_1_275' title='bbox 1010 4628 1082 4694; x_wconf 87' lang='lat' dir='ltr'>et</span> <span class='ocrx_word' id='word_1_276' title='bbox 1115 4618 1314 4693; x_wconf 88' lang='lat' dir='ltr'>Filii.</span> <span class='ocrx_word' id='word_1_277' title='bbox 1363 4618 1599 4692; x_wconf 86' lang='lat' dir='ltr'>Istum</span> <span class='ocrx_word' id='word_1_278' title='bbox 1633 4617 1999 4717; x_wconf 87' lang='lat' dir='ltr'>Spiritum</span> <span class='ocrx_word' id='word_1_279' title='bbox 2042 4629 2397 4696; x_wconf 85' lang='lat' dir='ltr'>sanctum</span> <span class='ocrx_word' id='word_1_280' title='bbox 2430 4619 2761 4694; x_wconf 83' lang='lat' dir='ltr'>dicimus</span> <span class='ocrx_word' id='word_1_281' title='bbox 2805 4619 3012 4694; x_wconf 81' lang='lat' dir='ltr'>Patri</span> <span class='ocrx_word' id='word_1_282' title='bbox 3048 4628 3125 4695; x_wconf 90' lang='lat' dir='ltr'>et</span> <span class='ocrx_word' id='word_1_283' title='bbox 3166 4619 3359 4694; x_wconf 84' lang='lat' dir='ltr'>Filio</span> <span class='ocrx_word' id='word_1_284' title='bbox 3402 4620 3914 4718; x_wconf 71' lang='lat' dir='ltr'>comqualmn,</span> <span class='ocrx_word' id='word_1_285' title='bbox 3961 4644 4233 4718; x_wconf 83' lang='lat' dir='ltr'>proce-</span> 
     </span>
     <span class='ocr_line' id='line_1_26' title="bbox 1009 4754 4232 4854; baseline -0 -26"><span class='ocrx_word' id='word_1_286' title='bbox 1009 4754 1320 4830; x_wconf 86' lang='lat' dir='ltr'>dentem</span> <span class='ocrx_word' id='word_1_287' title='bbox 1354 4754 1445 4829; x_wconf 91' lang='lat' dir='ltr'>de</span> <span class='ocrx_word' id='word_1_288' title='bbox 1484 4754 1701 4828; x_wconf 78' lang='lat' dir='ltr'>Patre</span> <span class='ocrx_word' id='word_1_289' title='bbox 1742 4764 1814 4829; x_wconf 88' lang='lat' dir='ltr'>et</span> <span class='ocrx_word' id='word_1_290' title='bbox 1857 4754 2071 4829; x_wconf 84' lang='lat' dir='ltr'>Filio.</span> <span class='ocrx_word' id='word_1_291' title='bbox 2120 4755 2283 4831; x_wconf 85' lang='lat' dir='ltr'>lloc</span> <span class='ocrx_word' id='word_1_292' title='bbox 2315 4756 2628 4850; x_wconf 88' lang='lat' dir='ltr'>credite,</span> <span class='ocrx_word' id='word_1_293' title='bbox 2670 4779 2762 4830; x_wconf 91' lang='lat' dir='ltr'>ne</span> <span class='ocrx_word' id='word_1_294' title='bbox 2793 4756 3183 4854; x_wconf 89' lang='lat' dir='ltr'>colloquia</span> <span class='ocrx_word' id='word_1_295' title='bbox 3210 4757 3410 4830; x_wconf 88' lang='lat' dir='ltr'>mala</span> <span class='ocrx_word' id='word_1_296' title='bbox 3442 4763 3945 4854; x_wconf 87' lang='lat' dir='ltr'>corrumpant</span> <span class='ocrx_word' id='word_1_297' title='bbox 3988 4755 4232 4829; x_wconf 85' lang='lat' dir='ltr'>bonos</span> 
     </span>
     <span class='ocr_line' id='line_1_27' title="bbox 1009 4885 4232 4988; baseline 0 -27"><span class='ocrx_word' id='word_1_298' title='bbox 1009 4910 1262 4962; x_wconf 89' lang='lat' dir='ltr'>mores</span> <span class='ocrx_word' id='word_1_299' title='bbox 1289 4885 1334 4959; x_wconf 85' lang='lat'>⁸.</span> <span class='ocrx_word' id='word_1_300' title='bbox 1384 4889 1576 4963; x_wconf 85' lang='lat' dir='ltr'>Ecce</span> <span class='ocrx_word' id='word_1_301' title='bbox 1616 4910 1662 4963; x_wconf 83' lang='lat' dir='ltr'>a</span> <span class='ocrx_word' id='word_1_302' title='bbox 1702 4887 2159 4964; x_wconf 82' lang='lat' dir='ltr'>Doctoribus</span> <span class='ocrx_word' id='word_1_303' title='bbox 2199 4894 2649 4965; x_wconf 67' lang='lat' dir='ltr'>(irzecorum</span> <span class='ocrx_word' id='word_1_304' title='bbox 2683 4898 2951 4987; x_wconf 86' lang='lat' dir='ltr'>aperta</span> <span class='ocrx_word' id='word_1_305' title='bbox 2993 4889 3375 4988; x_wconf 85' lang='lat' dir='ltr'>habemus</span> <span class='ocrx_word' id='word_1_306' title='bbox 3429 4888 3902 4982; x_wconf 88' lang='lat' dir='ltr'>testimonia,</span> <span class='ocrx_word' id='word_1_307' title='bbox 3947 4887 4232 4985; x_wconf 87' lang='lat' dir='ltr'>quibus</span> 
     </span>
     <span class='ocr_line' id='line_1_28' title="bbox 1006 5022 4220 5124; baseline -0 -28"><span class='ocrx_word' id='word_1_308' title='bbox 1006 5022 1340 5120; x_wconf 89' lang='lat' dir='ltr'>Spiritus</span> <span class='ocrx_word' id='word_1_309' title='bbox 1379 5031 1691 5097; x_wconf 88' lang='lat' dir='ltr'>sanctus</span> <span class='ocrx_word' id='word_1_310' title='bbox 1731 5045 1776 5097; x_wconf 90' lang='lat' dir='ltr'>a</span> <span class='ocrx_word' id='word_1_311' title='bbox 1816 5023 2037 5099; x_wconf 85' lang='lat' dir='ltr'>Patre</span> <span class='ocrx_word' id='word_1_312' title='bbox 2061 5034 2135 5099; x_wconf 91' lang='lat' dir='ltr'>et</span> <span class='ocrx_word' id='word_1_313' title='bbox 2177 5024 2366 5099; x_wconf 88' lang='lat' dir='ltr'>Filio</span> <span class='ocrx_word' id='word_1_314' title='bbox 2407 5023 2825 5124; x_wconf 88' lang='lat' dir='ltr'>procedere</span> <span class='ocrx_word' id='word_1_315' title='bbox 2859 5023 3318 5100; x_wconf 87' lang='lat' dir='ltr'>ostenditur.</span> <span class='ocrx_word' id='word_1_316' title='bbox 3357 5024 3629 5100; x_wconf 89' lang='lat' dir='ltr'>Omnis</span> <span class='ocrx_word' id='word_1_317' title='bbox 3698 5047 3883 5119; x_wconf 77' lang='lat' dir='ltr'>ergo</span> <span class='ocrx_word' id='word_1_318' title='bbox 3952 5022 4220 5119; x_wconf 82' lang='lat' dir='ltr'>lingua</span> 
     </span>
     <span class='ocr_line' id='line_1_29' title="bbox 1007 5156 3431 5259; baseline 0 -26"><span class='ocrx_word' id='word_1_319' title='bbox 1007 5156 1469 5233; x_wconf 83' lang='lat' dir='ltr'>confiteatur</span> <span class='ocrx_word' id='word_1_320' title='bbox 1508 5158 1875 5257; x_wconf 88' lang='lat' dir='ltr'>Spiritum</span> <span class='ocrx_word' id='word_1_321' title='bbox 1918 5170 2267 5235; x_wconf 90' lang='lat' dir='ltr'>sanctum</span> <span class='ocrx_word' id='word_1_322' title='bbox 2313 5161 2728 5259; x_wconf 89' lang='lat' dir='ltr'>procedere</span> <span class='ocrx_word' id='word_1_323' title='bbox 2756 5183 2803 5234; x_wconf 87' lang='lat' dir='ltr'>a</span> <span class='ocrx_word' id='word_1_324' title='bbox 2835 5160 3062 5235; x_wconf 87' lang='lat' dir='ltr'>Patre</span> <span class='ocrx_word' id='word_1_325' title='bbox 3101 5169 3177 5236; x_wconf 93' lang='lat' dir='ltr'>et</span> <span class='ocrx_word' id='word_1_326' title='bbox 3210 5159 3431 5235; x_wconf 85' lang='lat' dir='ltr'>Filio.</span> 
     </span>
    </p>
   </div>
   <div class='ocr_carea' id='block_1_4' title="bbox 1006 5446 3575 5797">
    <p class='ocr_par' dir='ltr' id='par_1_4' title="bbox 1006 5446 3575 5797">
     <span class='ocr_line' id='line_1_30' title="bbox 1006 5446 1560 5518; baseline 0.005 -16"><span class='ocrx_word' id='word_1_327' title='bbox 1006 5446 1025 5483; x_wconf 86' lang='lat'>¹</span> <span class='ocrx_word' id='word_1_328' title='bbox 1116 5448 1286 5505; x_wconf 68' lang='lat' dir='ltr'>toan.</span> <span class='ocrx_word' id='word_1_329' title='bbox 1322 5466 1435 5518; x_wconf 76' lang='lat' dir='ltr'>xvi,</span> <span class='ocrx_word' id='word_1_330' title='bbox 1476 5446 1560 5505; x_wconf 80' lang='lat'>13.</span> 
     </span>
     <span class='ocr_line' id='line_1_31' title="bbox 1085 5537 2232 5613; baseline 0.004 -19"><span class='ocrx_word' id='word_1_331' title='bbox 1085 5537 1109 5573; x_wconf 80' lang='lat'>²</span> <span class='ocrx_word' id='word_1_332' title='bbox 1137 5539 1292 5597; x_wconf 85' lang='lat' dir='ltr'>Edit.</span> <span class='ocrx_word' id='word_1_333' title='bbox 1314 5542 1557 5599; x_wconf 67' lang='lat' dir='ltr'>loannis</span> <span class='ocrx_word' id='word_1_334' title='bbox 1580 5542 1881 5600; x_wconf 78' lang='lat' dir='ltr'>Alleaume</span> <span class='ocrx_word' id='word_1_335' title='bbox 1908 5539 2088 5599; x_wconf 81' lang='lat' dir='ltr'>habet</span> <span class='ocrx_word' id='word_1_336' title='bbox 2107 5558 2232 5613; x_wconf 82' lang='lat' dir='ltr'>per.</span> 
     </span>
     <span class='ocr_line' id='line_1_32' title="bbox 1081 5627 1969 5707; baseline 0.005 -21"><span class='ocrx_word' id='word_1_337' title='bbox 1081 5627 1106 5666; x_wconf 81' lang='lat'><strong>³</strong></span> <span class='ocrx_word' id='word_1_338' title='bbox 1136 5629 1159 5687; x_wconf 96' lang='lat'>1</span> <span class='ocrx_word' id='word_1_339' title='bbox 1191 5630 1266 5687; x_wconf 87' lang='lat' dir='ltr'>ad</span> <span class='ocrx_word' id='word_1_340' title='bbox 1296 5633 1561 5691; x_wconf 88' lang='lat' dir='ltr'>Corinth.</span> <span class='ocrx_word' id='word_1_341' title='bbox 1595 5651 1696 5703; x_wconf 69' lang='grc' dir='ltr'>κη,</span> <span class='ocrx_word' id='word_1_342' title='bbox 1729 5634 1969 5707; x_wconf 86' lang='lat' dir='ltr'>passim.</span> 
     </span>
     <span class='ocr_line' id='line_1_33' title="bbox 1079 5720 3575 5797; baseline 0.002 -18"><span class='ocrx_word' id='word_1_343' title='bbox 1079 5720 1105 5756; x_wconf 78' lang='lat'><strong>⁴</strong></span> <span class='ocrx_word' id='word_1_344' title='bbox 1131 5721 1154 5779; x_wconf 96' lang='lat'>1</span> <span class='ocrx_word' id='word_1_345' title='bbox 1186 5722 1261 5779; x_wconf 78' lang='lat' dir='ltr'>ad</span> <span class='ocrx_word' id='word_1_346' title='bbox 1292 5724 1553 5782; x_wconf 86' lang='lat' dir='ltr'>Corinth.</span> <span class='ocrx_word' id='word_1_347' title='bbox 1589 5743 1679 5793; x_wconf 82' lang='lat' dir='ltr'>xv,</span> <span class='ocrx_word' id='word_1_348' title='bbox 1711 5727 1777 5780; x_wconf 75' lang='lat'>23</span> <span class='ocrx_word' id='word_1_349' title='bbox 1812 5724 2024 5781; x_wconf 78' lang='lat' dir='ltr'>:Nolite</span> <span class='ocrx_word' id='word_1_350' title='bbox 2050 5724 2236 5781; x_wconf 80' lang='lat' dir='ltr'>seduci</span> <span class='ocrx_word' id='word_1_351' title='bbox 2261 5740 2274 5780; x_wconf 91' lang='lat'>:</span> <span class='ocrx_word' id='word_1_352' title='bbox 2299 5724 2672 5797; x_wconf 82' lang='lat' dir='ltr'>Corrumpunt</span> <span class='ocrx_word' id='word_1_353' title='bbox 2702 5739 2877 5781; x_wconf 76' lang='lat' dir='ltr'>mores</span> <span class='ocrx_word' id='word_1_354' title='bbox 2904 5722 3069 5779; x_wconf 79' lang='lat' dir='ltr'>bonos</span> <span class='ocrx_word' id='word_1_355' title='bbox 3098 5723 3374 5795; x_wconf 78' lang='lat' dir='ltr'>colloquia</span> <span class='ocrx_word' id='word_1_356' title='bbox 3406 5726 3575 5784; x_wconf 81' lang='lat' dir='ltr'>mala.</span> 
     </span>
    </p>
   </div>
  </div>
 </body>
</html>
