4897 6388
740 1057 938 1105 solutio.

758 1113 836 1161 Διί
884 1114 922 1158 1.

756 1837 836 1885 Ad
861 1839 904 1886 2.

753 2455 830 2501 ΑιΙ
859 2455 900 2503 3.

1787 326 1881 394 ΙΝ
1927 324 1959 395 Ι
2007 327 2427 397 SENTENT.
2482 327 2704 396 DIST.
2757 328 2946 411 XIV,
2991 329 3348 413 ⁸A',‚ART.
3393 337 3461 406 9.

1029 494 1143 562 illa
1164 498 1556 587 principalis
1580 498 2114 565 omniumfuerit
2142 499 2573 574 missionum,

1027 613 1102 670 ut
1139 606 1432 683 videtur,
1478 604 1764 673 debebat
1800 605 2120 694 Magister
2140 605 2342 671 simul
2373 627 2573 694 agere

1027 713 1123 780 ibi
1164 718 1369 780 etiam
1411 715 1493 781 de
1550 715 1695 781 istis
1752 714 2185 781 missionibus
2232 737 2398 804 quas
2467 713 2576 779 hic

1029 819 1279 908 tangit.

1128 1033 1441 1100 Somnio.
1484 1032 1888 1115 Dicendum,
1942 1033 2122 1124 quod
2167 1056 2306 1100 non
2354 1034 2577 1122 agitur

1034 1142 1146 1209 hic
1185 1142 1267 1209 de
1300 1143 1432 1209 illis
1465 1145 1532 1209 iu
1571 1153 1898 1234 quantum
1948 1142 2344 1233 temporalia
2390 1152 2571 1221 sunt,

1033 1250 1153 1319 sed
1193 1252 1261 1317 in
1294 1261 1626 1341 quantum
1657 1253 1727 1319 in
1748 1250 2101 1342 temporali
2142 1250 2444 1319 clausum
2480 1252 2577 1317 iu·

1032 1362 1324 1429 notescit
1354 1370 1719 1429 aeternum:
1757 1371 1823 1430 et
1851 1361 1998 1430 ideo
2023 1363 2182 1452 quia
2204 1361 2570 1439 distinctiO,

1034 1480 1098 1539 et
1137 1480 1390 1539 aeterna
1431 1471 1683 1539 scilicet
1729 1475 2068 1540 emanatio
2127 1494 2569 1561 personarum

1033 1580 1103 1646 in
1210 1579 1570 1671 temporali
1642 1582 2095 1672 cognoscitur,
2193 1580 2341 1649 ideo
2419 1604 2572 1670 pars

1034 1685 1180 1754 haec
1225 1687 1696 1755 introducitur.

1120 1795 1226 1861 Ao
1309 1818 1506 1862 Auno
1562 1794 1941 1872 dicendum,
1979 1795 2159 1887 quod
2212 1794 2340 1861 alia
2423 1816 2571 1883 quae

1028 1924 1114 1971 ex
1175 1911 1481 1993 tempore
1511 1901 1655 1971 Deo
1697 1904 2132 1982 conveniunt,
2176 1912 2252 1970 ut
2294 1901 2573 1970 Creator

1025 2017 1092 2076 et
1174 2009 1514 2077 Dominus
1614 2010 1886 2101 quando
1960 2008 2205 2077 dicitur
2303 2033 2342 2076 a
2442 2008 2571 2075 do-

1027 2116 1262 2198 miniO,
1313 2117 1685 2186 secundum
1719 2127 1942 2186 actum
2010 2140 2148 2185 non
2204 2116 2571 2184 ostendunt

1024 2222 1530 2292 distinctionem
1564 2247 2046 2315 personarum:
2088 2233 2154 2292 et
2210 2224 2358 2291 ideo
2412 2248 2564 2291 cum

1023 2330 1158 2398 illis
1201 2331 1376 2399 istud
1419 2332 1716 2401 ordinari
1757 2356 1892 2401 non
1924 2332 2165 2423 potuit.

1112 2439 1218 2505 Λυ
1283 2463 1480 2507 atico
1521 2439 1905 2519 dicendum,
1940 2439 2123 2532 quod
2161 2441 2228 2507 in
2267 2438 2352 2506 lll
2396 2445 2565 2507 Nen-

1024 2549 1399 2613 tentionem
1439 2548 1663 2638 agitur
1700 2547 1782 2617 de
1824 2547 1927 2615 his
1984 2572 2135 2640 quae
2192 2548 2440 2616 faciunt
2482 2548 2567 2615 ad

1026 2657 1564 2725 incarnationem
1623 2657 1994 2727 secundum
2046 2657 2397 2725 veritatem
2440 2682 2567 2725 na-

1020 2772 1191 2833 turae
1240 2776 1610 2857 assumpta:
1678 2776 1744 2834 et
1798 2768 2250 2835 assumentis:
2303 2775 2368 2835 et
2436 2766 2565 2834 lioc

1023 2898 1162 2941 non
1195 2882 1293 2940 cst
1324 2873 1407 2942 de
1440 2875 1700 2943 ratione
1734 2876 2105 2943 missionis:
2139 2877 2299 2966 quia
2331 2874 2564 2941 missio

1023 2990 1245 3072 potest
1285 3005 1430 3049 esse
1471 2981 1538 3049 in
1598 2991 1900 3051 creatura
1957 3005 2094 3050 non
2150 2983 2361 3049 unita.
2430 2979 2564 3047 Sed

1024 3088 1135 3156 hic
1174 3090 1478 3178 tangitur
1505 3089 1587 3157 de
1618 3087 1724 3157 liis
1766 3089 2043 3180 aliquid,
2088 3088 2243 3157 licet
2298 3111 2563 3180 parum,

1027 3194 1727 3287 prout·substantialia
1764 3208 1920 3265 sunt
1973 3198 2274 3265 missioni
2332 3208 2569 3265 osten-

1026 3303 1211 3372 denti
1251 3314 1582 3374 aeternum
1612 3307 1868 3375 exitum
1883 3305 2029 3374 Filii
2061 3329 2100 3375 a
2132 3305 2355 3389 Patre,
2397 3307 2569 3375 sicut

1031 3416 1277 3507 poterit
1333 3425 1560 3507 patere
1619 3416 1687 3485 in
1744 3419 2049 3508 sequenti
2108 3416 2567 3493 distinctione,

1031 3524 1098 3591 in
1140 3547 1275 3614 qua
1316 3526 1622 3615 tangitur
1657 3524 1738 3592 de
1771 3524 2091 3592 missione
2132 3523 2279 3591 Filii
2313 3525 2380 3591 in
2428 3546 2575 3591 car-

1029 3654 1215 3710 nem,
1254 3656 1392 3700 non
1433 3639 1696 3700 tantum
1742 3634 1807 3699 in
1855 3655 2078 3701 carne.

1470 4060 1966 4129 AttTlctttA'S
2020 4059 2135 4130 ΙΧ.

1023 4280 1130 4343 Au
1164 4276 1502 4367 processio
1548 4275 1850 4366 Spiritus
1875 4273 2094 4341 sancti
2118 4273 2393 4362 yemime
2434 4273 2576 4338 elici

1327 4383 1573 4475 possit,
1624 4393 1689 4449 et
1725 4406 1812 4449 an
1858 4383 1997 4449 siut
2024 4381 2179 4449 duce
2219 4381 2262 4448 ?

1114 4698 1371 4766 Deinde
1418 4699 1743 4790 quaeritur
1804 4697 1884 4767 de
1944 4696 2072 4766 boc
2128 4697 2307 4787 quod
2375 4695 2560 4777 dicit,

1018 4809 1204 4899 quod
1265 4834 1299 4873 α
1374 4808 1652 4899 qemina
1703 4818 1797 4875 est
1866 4808 2199 4898 processio
2256 4806 2561 4896 Spirilus

1014 4918 1240 4984 sancti
1272 4938 1294 4982 .·
1323 4926 1580 4983 oelcrna
1613 4914 1943 4992 videficet,
1977 4923 2104 4981 etc.
2144 4938 2177 4978 ι

1118 5027 1172 5091 t.
1213 5023 1504 5093 Videtur
1559 5025 1741 5092 enim
1781 5021 1905 5090 hoc
1962 5044 2108 5090 esse
2157 5019 2448 5088 falsum:
2504 5023 2559 5088 si

1016 5134 1201 5202 enim
1233 5133 1510 5222 gemina
1529 5140 1631 5200 est
1652 5131 1991 5222 processio
2015 5149 2031 5198 :
2056 5137 2170 5196 aut
2202 5127 2438 5197 eadem
2465 5136 2562 5196 est

1027 5245 1298 5313 iterata:
1328 5253 1443 5312 aut
1470 5250 1628 5311 sunt
1649 5241 1796 5311 duae
1817 5242 2305 5334 processiones,
2324 5250 2388 5308 et
2412 5240 2563 5309 ideo

1011 5355 1292 5444 qemiua
1322 5352 1591 5421 dicitur.
1636 5351 1936 5430 Constat,
1961 5349 2143 5442 quod
2171 5372 2307 5417 non
2338 5350 2560 5440 primo

4112 344 4239 412 397

2689 499 2893 567 modo
2929 524 2944 567 :
2980 504 3140 591 quia
3170 507 3511 592 processio
3542 517 3792 576 aeterna
3835 535 3973 580 non
4022 522 4245 602 potest

2686 606 2936 673 iterari.
2984 608 3124 676 Nec
3180 611 3455 678 videtur
3491 615 3789 683 secundo
3848 619 4053 685 modo
4094 642 4239 689 esse

2685 736 2920 780 verum
2960 738 2974 781 ε
3011 716 3171 805 quia
3203 719 3595 808 temporalis
3635 746 3773 789 non
3821 724 4007 792 addit
4035 749 4239 817 super

2683 828 3005 888 aeternam
3068 823 3194 889 nisi
3258 824 3573 892 effectum
3647 839 4090 899 connotatum
4167 836 4235 901 in

2683 931 2989 1014 tempore
3056 928 3162 994 vel
3234 932 3594 1020 temporali
3632 956 3646 999 :
3723 957 3884 1026 ergo
3971 937 4239 1006 videtur

2683 1032 2865 1120 quod
2906 1056 3044 1101 non
3084 1035 3219 1102 sint
3267 1036 3443 1104 duae.

2771 1141 2834 1204 2.
2883 1139 3078 1221 Item,
3114 1141 3462 1211 diversum
3498 1146 3566 1212 in
3601 1149 3928 1217 accidenti
3962 1175 4099 1220 non
4132 1152 4235 1221 fa-

2682 1247 2772 1312 cit
2800 1245 2961 1325 duo,
3007 1248 3383 1319 dummodo
3416 1252 3796 1343 subjectum
3830 1259 3917 1326 sit
3960 1284 4170 1328 unum
4214 1284 4228 1328 :

2683 1376 2822 1421 non
2859 1356 3040 1422 enim
3083 1357 3218 1425 duo
3280 1369 3464 1443 sunt,
3520 1361 3833 1433 Socrates
3899 1366 4116 1447 albuS,
4171 1378 4238 1437 et

2684 1462 2998 1534 Socrates
3030 1470 3355 1547 musicus,
3402 1471 3519 1556 sed
3559 1496 3773 1542 unum
3810 1499 3826 1543 ε
3871 1500 4035 1569 ergo
4067 1501 4104 1545 a
4134 1482 4235 1546 si-

2683 1572 2826 1639 mili
2858 1596 3013 1640 cum
3057 1577 3400 1664 processio
3442 1587 3695 1648 aeterna
3725 1584 3810 1652 sit
3850 1585 3919 1650 in
3961 1593 4235 1676 tempo-

2682 1679 2830 1765 rali,
2875 1690 2937 1749 et
2978 1682 3147 1749 nihil
3179 1684 3333 1775 plus
3364 1687 3494 1754 nisi
3523 1696 3943 1780 comparatio
3972 1695 4116 1781 ejus
4150 1696 4235 1763 ad

2682 1787 2862 1858 hunc
2894 1791 3209 1860 effectum
3262 1794 3347 1861 ad
3389 1818 3589 1886 quem
3635 1801 3820 1889 prius
3851 1824 3991 1869 non
4040 1825 4235 1870 com-

2676 1897 3067 1987 parabatur,
3146 1894 3465 1973 videutur
3558 1905 3689 1976 illae
3764 1912 4230 2000 processiones

2676 2024 2823 2071 esse
2861 2027 3021 2083 una,
3056 2015 3122 2073 et
3161 2029 3300 2075 non
3340 2007 3514 2078 duae.

2767 2109 2899 2178 San
2946 2135 3244 2182 cos‘rnA:

2768 2223 2826 2287 1.
2877 2221 3023 2290 Una
3062 2234 3164 2292 est
3191 2234 3470 2313 aeterna,
3499 2237 3566 2297 et
3595 2229 3726 2297 alia
3769 2236 4163 2325 temporalis
4199 2258 4214 2302 ε

2670 2332 2737 2392 et
2766 2334 3096 2396 :eternum
3130 2353 3268 2398 uon
3298 2341 3398 2401 est
3428 2335 3841 2425 temporale:
3876 2362 4037 2432 ergo
4072 2342 4221 2410 dua:

2671 2442 2852 2504 sunt.

2759 2545 2825 2608 2.
2861 2542 3058 2628 ltem,
3094 2543 3246 2614 Una
3276 2555 3379 2615 est
3408 2548 3703 2641 Spiritus
3734 2554 3801 2620 in
3841 2577 3938 2639 se,
3982 2556 4113 2625 alia
4154 2560 4222 2627 in

2673 2650 2952 2722 bomine
2981 2658 3502 2729 sanctificando:
3538 2686 3691 2731 cum
3723 2689 3886 2758 ergo
3918 2667 4064 2737 haec
4085 2670 4221 2739 duo

2670 2771 2852 2840 sunt,
2896 2774 3096 2833 erunt
3132 2764 3244 2834 liic
3281 2768 3431 2837 duae
3461 2774 3951 2861 processiones.

2765 2974 3073 3044 som-no.
3120 2978 3225 3047 Ad
3284 2979 3415 3048 lnoc
3462 2981 3850 3072 dicendum,
3903 2987 4085 3079 quod
4155 2990 4223 3057 iu

2672 3082 2954 3151 veritate
2996 3085 3372 3154 secundum
3427 3088 3877 3161 substantiam
3929 3117 4066 3164 non
4124 3104 4227 3164 est

2674 3188 2783 3258 liic
2839 3193 3185 3282 processio
3246 3193 3373 3263 nisi
3425 3219 3561 3265 una
3619 3198 3914 3291 Spiritus
3954 3204 4219 3272 sancti:

2674 3298 2849 3365 sicut
2868 3297 3158 3389 probant
3198 3303 3441 3393 prima:
3484 3307 3804 3387 rationes,
3835 3332 3959 3378 nec
4006 3310 4224 3403 Magi·

2674 3412 2814 3471 ster
2836 3403 3021 3483 dicit,
3059 3407 3243 3497 quod
3272 3409 3410 3478 sint
3438 3409 3589 3480 duae
3621 3433 3638 3482 :
3671 3414 3791 3483 sed
3820 3415 4008 3498 dicit,
4042 3416 4226 3509 quod

2675 3533 2811 3578 una
2851 3520 2948 3578 est
2988 3514 3261 3604 gemina
3296 3536 3314 3585 :
3360 3525 3588 3588 tamen
3634 3521 3792 3611 quia
3833 3524 4066 3614 recipit
4103 3523 4232 3593 ad-

2677 3619 3005 3688 ditionem
3036 3623 3104 3689 in
3145 3631 3476 3717 tempore,
3521 3627 3672 3697 ideo
3704 3632 3928 3721 quoad
3959 3630 4091 3703 boc
4117 3633 4230 3702 di-

2677 3728 2853 3795 citur
2879 3731 3242 3821 geminari.

2771 3838 2873 3903 Au
2922 3862 2987 3905 ιυ
3032 3840 3217 3930 quod
3273 3850 3509 3912 contra
3563 3843 3691 3915 hoc
3749 3845 4088 3938 objicitur,
4134 3851 4233 3919 di·

2678 3944 2970 4013 cendum
3034 3947 3216 4039 quod
3276 3972 3413 4018 una
3489 3976 3628 4021 non
3687 3967 4074 4026 removetur
4145 3960 4231 4027 ab

2677 4051 2811 4119 alia
2866 4054 3086 4144 gratia
3124 4055 3273 4144 ejus
3320 4059 3504 4149 quod
3546 4069 3645 4128 est
3703 4066 4069 4153 processio,
4111 4067 4228 4134 sed

2680 4160 2893 4243 gratia
2935 4160 3141 4227 additi
3175 4184 3192 4231 :
3255 4165 3435 4234 unde
3490 4171 3832 4258 processio
3870 4197 4025 4241 cum
4067 4174 4228 4242 ell'e·

2677 4277 2787 4334 ctu
2819 4270 3198 4358 significata
3230 4295 3366 4341 non
3399 4283 3500 4343 est
3529 4280 3868 4366 processio
3898 4280 4043 4349 sine
4072 4282 4228 4351 esse-

2676 4383 2785 4442 ctu
2812 4377 3191 4466 significata
3216 4401 3232 4446 ε
3261 4402 3400 4449 non
3422 4383 3697 4475 quidem
3715 4385 4046 4478 subjectu,
4068 4391 4228 4480 quia

2679 4483 2986 4571 subjecto
3012 4495 3171 4554 sunt
3192 4487 3372 4557 idem
3393 4511 3410 4556 ε
3434 4490 3555 4559 sed
3577 4493 3837 4562 ratione
3858 4494 4230 4568 distinicnle

2679 4600 3037 4682 utramque
3076 4618 3159 4662 ex
3199 4604 3455 4666 aeterno
3498 4623 3732 4681 unam,
3768 4611 3833 4672 et
3855 4627 3938 4673 ex
3969 4614 4231 4698 tempo-

2679 4698 2798 4766 rali
2826 4700 3029 4769 aliam
3056 4725 3070 4771 ε
3098 4705 3318 4794 gratia
3349 4709 3532 4775 enim
3558 4707 3758 4798 liujus
3778 4714 4230 4803 oppositionis

2680 4810 3018 4877 rationum
3054 4835 3190 4880 una
3232 4825 3623 4885 removetur
3659 4819 3744 4887 ab
3797 4820 3953 4890 alia.

2764 4919 2869 4985 Λυ
2906 4942 3103 4987 Auru
3140 4920 3530 5005 dicendum,
3564 4928 3744 5018 quod
3793 4928 3935 4999 haec
3974 4932 4227 5002 additio

2680 5027 3073 5117 temporalis
3130 5040 3231 5098 est
3307 5056 3430 5124 per
3490 5041 4074 5128 comparationem
4141 5044 4225 5112 ad

2671 5131 3020 5204 bominem
3076 5139 3664 5225 sanctificandum,
3717 5156 3783 5216 et
3822 5172 3961 5218 non
3999 5149 4228 5221 diver·—

2671 5242 2884 5311 siticat
2925 5245 3333 5336 subj0ctum,
3386 5248 3505 5318 sed
3567 5254 3901 5325 rationem
3959 5266 4225 5330 tantum

2670 5372 2753 5417 ex
2784 5350 3037 5420 addito.

4249 2163 4345 2209 Sed
4373 2169 4481 2210 cont
4489 2175 4558 2210 ra.

4318 3006 4520 3054 Solonio.
