4897 6388
66 872 134 895 ,,
197 828 227 893 ’,
303 835 622 893 Adobjecta.

653 405 755 483 74*
1305 496 1323 514 ὁ
1646 413 1726 481 1).
1776 417 1973 483 ALB.
2026 408 2249 487 MAG.
2294 420 2499 519 ono.
2553 407 2880 491 PRAEo.'

655 592 719 651 et
756 582 887 653 hoo
938 586 1141 655 modo
1192 588 1512 654 convenit
1565 585 1734 662 Dee,
1784 594 1851 651 et
1897 584 2187 674 Angelo,
2298 588 2439 655 tiva
2486 579 2655 658 vero*
2703 615 2855 681 quae
2903 594 3246 682 pertinent
3291 572 3378 660 ad
3428 591 3768 660 defectum
3836 615 3851 661 :

654 704 719 760 et
758 696 854 763 'sio
883 705 983 765 est
1010 696 1307 765 conditio
1340 693 1734 761 nobilitatis.
2300 694 2460 782 quia
2490 693 2604 763 illa
2643 699 2872 764 omnia
2906 722 2989 765 ex
3021 702 3403 789 privatione
3430 706 3801 766 causantur
3834 719 3850 766 ε

742 806 846 871 An
895 829 960 871 m
993 805 1176 895 quod
1221 803 1541 893 quaeritur
1583 800 1662 866 de
1713 799 1940 889 regula
1984 798 2192 891 Magi·
2297 804 2470 869 sicut
2517 807 2678 894 pati,
2742 807 3017 887 mutari,
3073 809 3362 888 moveri,
3407 817 3474 876 et
3522 790 3854 894 injustum

652 922 974 992 stt-orum,
1010 912 1369 979 dicendum
1405 909 1586 999 quod
1623 908 1801 975 bona
1832 918 1930 977 est
1971 930 1987 977 τ
2032 909 2189 999 quia
2297 934 2464 992 esse,
2495 922 2561 981 ‘et
2601 917 2897 996 mentiri,
2942 925 3006 984 et
3037 939 3342 1007 peceare,
3390 925 3458 984 et
3495 915 3855 1005 hujusmo-

649 1019 998 1088 materalia
1038 1019 1353 1087 dicuntur
1410 1016 1805 1108 corporalia,
1866 1018 2004 1084 sive
2053 1018 2188 1084 sint
2294 1020 2386 1089 di.
2431 1021 2688 1090 Praeter
2743 1023 2887 1093 haec
2943 1033 3197 1104 autem,
3235 1025 3468 1093 omnia
3506 1026 3853 1114 pertinent

645 1127 793 1216 ipsa
850 1149 1160 1217 corpora,
1221 1127 1364 1193 sive
1396 1126 1655 1212 ·sormae
1713 1125 2186 1192 substantiales
2294 1126 2379 1194 ad
2407 1127 2856 1210 nobilitatem,
2903 1154 3054 1222 quae
3086 1131 3334 1200 melius
3365 1139 3467 1199 est
3505 1152 3654 1198 esse
3694 1153 3853 1197 om-

643 1231 752 1302 vel
790 1234 1259 1312 accidentaleS,
1314 1255 1464 1323 quae
1521 1231 1914 1321 corporibus
1963 1230 2187 1299 deter-
2292 1234 2360 1299 ni
2394 1236 2455 1302 ei
2488 1236 2670 1326 quod
2710 1247 2834 1319 est,
2878 1255 3084 1328 quam
3118 1262 3260 1307 non
3291 1261 3463 1308 esse.
3501 1238 3588 1305 Et
3627 1260 3713 1306 ex
3742 1235 3852 1304 his

640 1347 1014 1425 minantur,
1057 1352 1124 1412 et
1163 1347 1229 1411 in
1279 1340 1679 1431 corporibus
1719 1350 1897 1409 sunt.
1943 1341 2184 1409 Priva-
2290 1350 2475 1433 patet
2504 1343 2753 1413 solutio
2785 1344 2872 1413 ad
2898 1354 3146 1414 totum.
3775 1356 3778 1359 ’

636 1867 720 1942 Ε.
771 1865 1064 1963 Aperte
1087 1863 1419 1939 ostendit
1445 1863 1651 1962 quod
1670 1888 1807 1938 nec
1838 1863 2193 1952 solitud0‚
2237 1886 2376 1938 nec
2405 1863 2841 1957 diversitas,
2868 1889 3009 1941 nec
3031 1865 3536 1965 siaezqularitas
3562 1863 3678 1940 ibi
3703 1874 3840 1960 est,

1913 1998 2054 2075 sed
2081 1998 2540 2075 similitudo,

735 2340 1080 2418 Hilarius
1110 2363 1421 2442 quoque
1464 2339 1541 2413 in
1583 2339 1776 2413 libro
1810 2338 1910 2412 111
1940 2338 2033 2414 de
2071 2338 2442 2448 Trinitate
2483 2339 2667 2414 dicit
2705 2339 2825 2415 his
2856 2340 3117 2417 verbis
3166 2339 3592 2438 significari
3636 2342 3844 2441 quod

636 2473 715 2548 in
745 2475 1110 2551 Trinitate
1142 2499 1284 2550 nec
1315 2473 1719 2548 diversitas
1748 2484 1887 2566 est,
1920 2495 2059 2548 nee
2084 2472 2607 2570 singularitas,
2633 2474 2753 2549 vel
2785 2474 3119 2550 solitudo
3156 2498 3172 2550 ε
3210 2475 3348 2550 sed
3379 2473 3836 2571 similitud0‚

637 2622 711 2686 et
740 2610 1168 2710 pluralitaS,
1201 2608 1365 2686 sive
1403 2608 1842 2684 distinctio:
1889 2607 2234 2683 ait-enim
2286 2608 2397 2683 sic
2450 2632 2467 2683 ε
2525 2607 2672 2696 Qui
2713 2608 2927 2703 dixit,
2972 2609 3392 2686 Faciamus
3445 2608 3841 2685 hominem

637 2744 742 2820 ad
782 2745 1197 2843 imaqinem
1238 2752 1311 2819 et
1361 2742 1952 2819 sz'militudinem
2006 2755 2376 2838 nostram,
2423 2742 2755 2820 invicem
2815 2768 2986 2821 esse
3044 2745 3161 2821 sui
3231 2744 3554 2840 similes,
3600 2744 3681 2818 in
3748 2766 3842 2820 eo

641 2879 848 2978 quod
896 2879 1105 2971 dicit,
1149 2879 1580 2977 Imayinem
1658 2886 1730 2952 et
1788 2877 2375 2954 similitudinem
2438 2886 2808 2967 nostram,
2872 2878 3234 2956 ostendit.
3303 2880 3568 2977 Imago
3624 2877 3837 2955 enim

638 3015 803 3090 sola
832 3038 988 3089 non
1030 3024 1173 3108 est,
1208 3024 1282 3089 et
1322 3013 1745 3088 similitudo
1785 3013 1930 3087 sibi
1964 3036 2116 3089 non
2171 3024 2284 3089 est
2325 3038 2342 3090 :
2379 3036 2634 3113 neque
2673 3013 3197 3091 diversitatem
3242 3013 3550 3089 duobus
3587 3011 3843 3089 admi-

638 3148 834 3226 sceri
874 3149 1194 3226 alterius
1222 3148 1316 3224 ad
1359 3148 1683 3224 alterum
1717 3147 2136 3224 similitudo
2167 3148 2533 3249 permittit
2556 3147 2602 3223 ¹.

736 3287 951 3379 Item,
988 3285 1189 3360 idem
1250 3284 1328 3358 in
1372 3284 1567 3359 libro
1608 3283 1735 3377 IV,
1769 3283 2196 3360 absolutius
2243 3283 2488 3359 voluit
2549 3283 2875 3380 intelligi
2931 3281 3585 3380 significationem
3628 3285 3832 3360 bane

638 3443 791 3494 non
825 3418 921 3495 ad
953 3443 1036 3495 se
1068 3442 1239 3494 esse
1271 3418 1748 3494 referendam
1779 3429 2100 3513 tantum,
2142 3417 2493 3512 dicendo,
2525 3417 2940 3494 Faciamus
2986 3417 3377 3493 homiuem
3420 3417 3525 3493 ad
3560 3417 3845 3517 imaqi-

635 3578 809 3631 nem
842 3562 917 3629 et
948 3552 1541 3629 sinu'litudinem
1577 3560 1937 3628 nostram.
1986 3552 2366 3629 professio
2395 3551 2603 3628 enim
2636 3552 3003 3628 consortii
3044 3551 3360 3627 sustulit
3390 3551 3841 3650 intelligen-

632 3688 816 3765 tiam
859 3686 1421 3786 singularitatis
1456 3712 1472 3764 :
1519 3687 1699 3787 quia
1741 3688 2209 3764 consortium
2252 3688 2564 3787 aliquod
2609 3712 2750 3764 nee
2794 3700 3038 3786 potest
3080 3711 3252 3764 esse
3291 3686 3440 3763 sibi
3473 3686 3621 3787 ipsi
3653 3687 3846 3763 soli·
3939 3763 3953 3777 ,

631 3822 856 3918 tario,
901 3846 1153 3922 neque
1185 3847 1490 3897 rursum
1528 3823 1859 3897 solitudo
1887 3822 2203 3898 solitarii
2247 3821 2542 3921 recipit,
2584 3822 3052 3897 Faciamus:
3106 3844 3361 3920 neque
3416 3821 3837 3921 quisquam

632 3957 889 4034 alieno
920 3985 963 4032 a
1006 3981 1087 4033 se
1120 3957 1489 4055 loquitur,
1517 3958 1878 4033 Nostram
1910 3984 1937 4032 .·
1987 3970 2309 4057 uterque
2349 3981 2533 4054 ergo
2588 3981 2870 4050 sermo,
2925 3956 3242 4041 scilieet,
3284 3957 3725 4043 Faciamus,
3766 3964 3841 4031 et

633 4093 1032 4184 Nostram,
1082 4103 1161 4168 ut
1191 4092 1619 4168 solitarium
1653 4093 2166 4191 eumdemque
2209 4116 2358 4167 non
2394 4092 2683 4190 patitur
2724 4115 2741 4166 z
2779 4091 2879 4166 ita
2916 4114 3171 4190 neque
3203 4090 3597 4166 diversum
3639 4116 3684 4167 a
3725 4114 3839 4185 se,

636 4226 1135 4325 alienumque
1168 4225 1579 4322 significat.
1616 4226 1970 4300 Solitario
2008 4226 2396 4320 convenit,
2442 4224 2775 4319 Faciam,
2819 4237 2894 4300 et
2921 4225 3180 4300 Meam
3230 4250 3248 4301 ε
3299 4249 3457 4301 non
3489 4223 3839 4302 solitario

637 4385 822 4436 vcro
854 4361 1211 4436 convenit
1243 4359 1524 4454 dicere,
1557 4360 1989 4447 Faciamus,
2016 4371 2089 4437 et
2119 4344 2512 4435 Nostram.
2564 4358 2901 4457 Uterque
2942 4382 3200 4435 sermo
3242 4370 3325 4435 ut
3367 4384 3520 4435 non
3575 4359 3846 4435 solita-

642 4494 841 4571 rium
892 4507 1218 4583 tantum,
1266 4495 1367 4569 ita
1411 4517 1658 4592 neque
1698 4493 2171 4570 differentem
2205 4519 2399 4587 esse,
2436 4495 2558 4568 vel
2591 4493 2982 4568 diversum
3008 4516 3177 4570 esse
3218 4493 3638 4592 signifieat.
3681 4492 3846 4568 No-

641 4631 760 4707 bis
801 4654 1111 4731 quoque
1155 4653 1295 4705 nee
1342 4628 1731 4704 solitarius
1773 4653 1908 4703 nce
1947 4629 2299 4706 diversus
2347 4641 2460 4704 est
2516 4625 3029 4704 confitendus.
3079 4628 3186 4702 lta
3225 4651 3414 4724 ergo
3479 4627 3691 4701 Deus
3746 4626 3843 4703 ad

641 4790 1131 4844 communem
1175 4765 1323 4840 sibi
1364 4788 1538 4839 cum
1574 4763 2194 4861 Deoimaginem,
2238 4764 2743 4861 eamdemque
2767 4762 3359 4838 similitudinem
3403 4760 3848 4838 hominem⁸

640 4900 1022 5000 reperitur
1058 4899 1361 4998 operari
1409 4923 1425 4974 :
1475 4909 1556 4974 ut
1598 4922 1736 4973 nee
1769 4898 2225 4995 significatio
2257 4897 2663 4974 efficientis
2692 4897 3044 4972 admittat
3082 4895 3676 4991 intelligentiam
3718 4917 3851 4968 so-

640 5033 1013 5125 titudinis,
1062 5058 1202 5109 nee
1256 5033 1602 5133 operatio
1644 5032 2051 5107 constituta
2091 5033 2183 5108 ad
2218 5031 2565 5108 eamdem
2623 5030 3041 5129 imaginem
3091 5030 3209 5104 vel
3253 5027 3845 5102 similitudinem

641 5169 979 5268 patiatur
1015 5167 1539 5243 diversitatem
1582 5166 2000 5242 divinitatis
2028 5167 2076 5241 ³.

744 5302 829 5377 In
863 5302 986 5377 his
1025 5301 1286 5378 verbis
1326 5301 1670 5377 Hilarius
1726 5301 2237 5401 pluralitatem
2279 5323 2786 5402 personarum
2845 5297 3092 5373 voluit
3133 5297 3463 5393 intelligi
3532 5291 3850 5373 nomine

714 5615 736 5653 ¹
767 5615 826 5672 S.
851 5615 1143 5683 nmmos,
1172 5612 1299 5671 Lib.
1322 5614 1401 5670 111
1435 5613 1509 5671 de
1538 5611 1841 5681 Trinitate,
1874 5611 2030 5669 circa
2059 5610 2263 5668 finem.

716 5711 738 5744 2
771 5706 1024 5764 Verbum
1054 5705 1321 5762 hominem
1352 5703 1525 5762 deest
1552 5705 1614 5761 in
1648 5703 1907 5761 editione
1933 5704 1981 5760 J.
2013 5701 2338 5761 Allcaume.

712 5799 735 5834 ⁸
766 5797 822 5857 S.
853 5798 1139 5867 Etmanes,
1170 5794 1296 5852 Lib.
1323 5794 1393 5850 tv
1424 5793 1497 5850 de
1527 5794 1830 5865 Trinitate,
1851 5793 2009 5851 circa
2036 5791 2319 5850 medium.
