<?xml version="1.0" encoding="UTF-8"?>
<!DOCTYPE html PUBLIC "-//W3C//DTD XHTML 1.0 Transitional//EN"
    "http://www.w3.org/TR/xhtml1/DTD/xhtml1-transitional.dtd">
<html xmlns="http://www.w3.org/1999/xhtml" xml:lang="en" lang="en">
 <head>
  <title>
</title>
<meta http-equiv="Content-Type" content="text/html;charset=utf-8" />
  <meta name='ocr-system' content='tesseract 3.04.00' />
  <meta name='ocr-capabilities' content='ocr_page ocr_carea ocr_par ocr_line ocrx_word'/>
</head>
<body>
  <div class='ocr_page' id='page_1' title='image "balbertimagnira03chgoog_0168.png"; bbox 0 0 4897 6388; ppageno 0'>
   <div class='ocr_carea' id='block_1_1' title="bbox 315 852 509 905">
    <p class='ocr_par' dir='ltr' id='par_1_1' title="bbox 315 852 509 905">
     <span class='ocr_line' id='line_1_1' title="bbox 315 852 509 905; baseline -0.01 -1"><span class='ocrx_word' id='word_1_1' title='bbox 315 852 509 905; x_wconf 74' lang='lat' dir='ltr'>Salutio.</span> 
     </span>
    </p>
   </div>
   <div class='ocr_carea' id='block_1_2' title="bbox 1666 351 2826 448">
    <p class='ocr_par' dir='ltr' id='par_1_2' title="bbox 1666 351 2826 448">
     <span class='ocr_line' id='line_1_2' title="bbox 1666 351 2826 448; baseline -0.001 -24"><span class='ocrx_word' id='word_1_2' title='bbox 1666 371 1677 390; x_wconf 69' lang='lat'>›</span> <span class='ocrx_word' id='word_1_3' title='bbox 1759 356 1959 423; x_wconf 57' lang='grc' dir='ltr'><strong>ΑΕΒ.</strong></span> <span class='ocrx_word' id='word_1_4' title='bbox 2009 354 2224 423; x_wconf 83' lang='lat' dir='ltr'>MAG.</span> <span class='ocrx_word' id='word_1_5' title='bbox 2256 351 2481 448; x_wconf 12' lang='lat' dir='ltr'>loun.</span> <span class='ocrx_word' id='word_1_6' title='bbox 2531 351 2826 424; x_wconf 85' lang='lat' dir='ltr'><strong>PRAED.</strong></span> 
     </span>
    </p>
   </div>
   <div class='ocr_carea' id='block_1_3' title="bbox 605 487 3860 615">
    <p class='ocr_par' dir='ltr' id='par_1_3' title="bbox 605 487 3860 615">
     <span class='ocr_line' id='line_1_3' title="bbox 605 487 3860 615; baseline 0.001 -32"><span class='ocrx_word' id='word_1_7' title='bbox 605 517 877 606; x_wconf 89' lang='lat' dir='ltr'>genitus</span> <span class='ocrx_word' id='word_1_8' title='bbox 924 542 1064 587; x_wconf 90' lang='lat' dir='ltr'>non</span> <span class='ocrx_word' id='word_1_9' title='bbox 1104 487 1264 587; x_wconf 83' lang='lat' dir='ltr'>sunt</span> <span class='ocrx_word' id='word_1_10' title='bbox 1310 522 1491 590; x_wconf 87' lang='lat' dir='ltr'>idem</span> <span class='ocrx_word' id='word_1_11' title='bbox 1539 524 1754 606; x_wconf 90' lang='lat' dir='ltr'>Deus,</span> <span class='ocrx_word' id='word_1_12' title='bbox 1812 524 1998 615; x_wconf 91' lang='lat' dir='ltr'>quod</span> <span class='ocrx_word' id='word_1_13' title='bbox 2038 499 2202 591; x_wconf 40' lang='grc' dir='ltr'>ῘαΙᾸ</span> <span class='ocrx_word' id='word_1_14' title='bbox 2270 525 2333 589; x_wconf 89' lang='lat' dir='ltr'>et</span> <span class='ocrx_word' id='word_1_15' title='bbox 2370 531 2611 590; x_wconf 89' lang='lat' dir='ltr'>utnon</span> <span class='ocrx_word' id='word_1_16' title='bbox 2649 520 2832 588; x_wconf 91' lang='lat' dir='ltr'>Deus</span> <span class='ocrx_word' id='word_1_17' title='bbox 2868 522 3129 611; x_wconf 90' lang='lat' dir='ltr'>primus</span> <span class='ocrx_word' id='word_1_18' title='bbox 3160 528 3226 590; x_wconf 91' lang='lat' dir='ltr'>et</span> <span class='ocrx_word' id='word_1_19' title='bbox 3253 519 3436 588; x_wconf 89' lang='lat' dir='ltr'>Deus</span> <span class='ocrx_word' id='word_1_20' title='bbox 3473 506 3809 609; x_wconf 84' lang='lat' dir='ltr'>posterior</span> <span class='ocrx_word' id='word_1_21' title='bbox 3849 513 3860 518; x_wconf 76' lang='grc'><strong>’</strong></span> 
     </span>
    </p>
   </div>
   <div class='ocr_carea' id='block_1_4' title="bbox 608 636 916 696">
    <p class='ocr_par' dir='ltr' id='par_1_4' title="bbox 608 636 916 696">
     <span class='ocr_line' id='line_1_4' title="bbox 608 636 916 696; baseline 0.016 -4"><span class='ocrx_word' id='word_1_22' title='bbox 608 647 761 692; x_wconf 92' lang='lat' dir='ltr'>sum</span> <span class='ocrx_word' id='word_1_23' title='bbox 791 636 916 696; x_wconf 90' lang='lat' dir='ltr'>est.</span> 
     </span>
    </p>
   </div>
   <div class='ocr_carea' id='block_1_5' title="bbox 696 843 2163 940">
    <p class='ocr_par' dir='ltr' id='par_1_5' title="bbox 696 843 2163 940">
     <span class='ocr_line' id='line_1_5' title="bbox 696 843 2163 940; baseline 0.008 -32"><span class='ocrx_word' id='word_1_24' title='bbox 696 843 803 909; x_wconf 86' lang='lat' dir='ltr'>An</span> <span class='ocrx_word' id='word_1_25' title='bbox 833 866 960 911; x_wconf 80' lang='lat' dir='ltr'>noc</span> <span class='ocrx_word' id='word_1_26' title='bbox 988 844 1393 915; x_wconf 89' lang='lat' dir='ltr'>solvendum</span> <span class='ocrx_word' id='word_1_27' title='bbox 1421 848 1583 914; x_wconf 91' lang='lat' dir='ltr'>dicit</span> <span class='ocrx_word' id='word_1_28' title='bbox 1609 847 1954 938; x_wconf 81' lang='lat' dir='ltr'>Magister,</span> <span class='ocrx_word' id='word_1_29' title='bbox 1981 852 2163 940; x_wconf 90' lang='lat' dir='ltr'>quod</span> 
     </span>
    </p>
   </div>
   <div class='ocr_carea' id='block_1_6' title="bbox 2265 627 3805 934">
    <p class='ocr_par' dir='ltr' id='par_1_6' title="bbox 2265 627 3805 934">
     <span class='ocr_line' id='line_1_6' title="bbox 2265 627 3462 720; baseline -0.004 -22"><span class='ocrx_word' id='word_1_30' title='bbox 2265 634 2374 712; x_wconf 87' lang='lat' dir='ltr'>sit,</span> <span class='ocrx_word' id='word_1_31' title='bbox 2407 639 2607 720; x_wconf 88' lang='lat' dir='ltr'>atque</span> <span class='ocrx_word' id='word_1_32' title='bbox 2638 627 3085 716; x_wconf 86' lang='lat' dir='ltr'>adjectionem</span> <span class='ocrx_word' id='word_1_33' title='bbox 3117 628 3462 719; x_wconf 87' lang='lat' dir='ltr'>suscipiat.</span> 
     </span>
     <span class='ocr_line' id='line_1_7' title="bbox 2354 734 3710 826; baseline -0.004 -21"><span class='ocrx_word' id='word_1_34' title='bbox 2354 737 2696 806; x_wconf 75' lang='lat' dir='ltr'>Omicrrun</span> <span class='ocrx_word' id='word_1_35' title='bbox 2725 745 2951 803; x_wconf 88' lang='lat' dir='ltr'>autem</span> <span class='ocrx_word' id='word_1_36' title='bbox 2981 745 3216 804; x_wconf 88' lang='lat' dir='ltr'>contra</span> <span class='ocrx_word' id='word_1_37' title='bbox 3245 737 3536 826; x_wconf 89' lang='lat' dir='ltr'>primam</span> <span class='ocrx_word' id='word_1_38' title='bbox 3565 734 3664 800; x_wconf 91' lang='lat' dir='ltr'>sic</span> <span class='ocrx_word' id='word_1_39' title='bbox 3694 751 3710 800; x_wconf 91' lang='lat'>:</span> 
     </span>
     <span class='ocr_line' id='line_1_8' title="bbox 2358 842 3805 934; baseline -0.003 -23"><span class='ocrx_word' id='word_1_40' title='bbox 2358 847 2414 911; x_wconf 88' lang='lat'>1.</span> <span class='ocrx_word' id='word_1_41' title='bbox 2453 844 2622 911; x_wconf 90' lang='lat' dir='ltr'>Cum</span> <span class='ocrx_word' id='word_1_42' title='bbox 2655 844 2921 927; x_wconf 89' lang='lat' dir='ltr'>dicitur,</span> <span class='ocrx_word' id='word_1_43' title='bbox 2945 842 3049 909; x_wconf 87' lang='lat' dir='ltr'>Ex</span> <span class='ocrx_word' id='word_1_44' title='bbox 3077 843 3455 910; x_wconf 88' lang='lat' dir='ltr'>substantia</span> <span class='ocrx_word' id='word_1_45' title='bbox 3476 863 3805 934; x_wconf 89' lang='lat' dir='ltr'>generan-</span> 
     </span>
    </p>
   </div>
   <div class='ocr_carea' id='block_1_7' title="bbox 608 949 3806 1042">
    <p class='ocr_par' dir='ltr' id='par_1_7' title="bbox 608 949 3806 1042">
     <span class='ocr_line' id='line_1_9' title="bbox 608 949 3806 1042; baseline -0.002 -22"><span class='ocrx_word' id='word_1_46' title='bbox 608 961 928 1019; x_wconf 89' lang='lat' dir='ltr'>neutrum</span> <span class='ocrx_word' id='word_1_47' title='bbox 979 961 1080 1020; x_wconf 90' lang='lat' dir='ltr'>est</span> <span class='ocrx_word' id='word_1_48' title='bbox 1134 955 1672 1022; x_wconf 89' lang='lat' dir='ltr'>concedendum.</span> <span class='ocrx_word' id='word_1_49' title='bbox 1728 956 1815 1024; x_wconf 86' lang='lat' dir='ltr'>Et</span> <span class='ocrx_word' id='word_1_50' title='bbox 1895 959 2162 1027; x_wconf 74' lang='lat' dir='ltr'>videtur</span> <span class='ocrx_word' id='word_1_51' title='bbox 2272 953 2794 1042; x_wconf 84' lang='lat' dir='ltr'>tis,praepositio</span> <span class='ocrx_word' id='word_1_52' title='bbox 2825 958 3119 1019; x_wconf 72' lang='lat' dir='ltr'>exnotat</span> <span class='ocrx_word' id='word_1_53' title='bbox 3148 949 3806 1040; x_wconf 87' lang='lat' dir='ltr'>aliquamhabitudi-</span> 
     </span>
    </p>
   </div>
   <div class='ocr_carea' id='block_1_8' title="bbox 594 1060 2682 1372">
    <p class='ocr_par' dir='ltr' id='par_1_8' title="bbox 594 1060 2682 1372">
     <span class='ocr_line' id='line_1_10' title="bbox 603 1060 2682 1154; baseline 0.008 -31"><span class='ocrx_word' id='word_1_54' title='bbox 603 1079 750 1125; x_wconf 90' lang='lat' dir='ltr'>esse</span> <span class='ocrx_word' id='word_1_55' title='bbox 781 1081 905 1125; x_wconf 90' lang='lat' dir='ltr'>sua</span> <span class='ocrx_word' id='word_1_56' title='bbox 946 1060 1116 1125; x_wconf 87' lang='lat' dir='ltr'>ratio</span> <span class='ocrx_word' id='word_1_57' title='bbox 1161 1081 1174 1124; x_wconf 76' lang='grc' dir='ltr'>ε</span> <span class='ocrx_word' id='word_1_58' title='bbox 1223 1062 1380 1148; x_wconf 85' lang='lat' dir='ltr'>quia</span> <span class='ocrx_word' id='word_1_59' title='bbox 1421 1084 1578 1127; x_wconf 92' lang='lat' dir='ltr'>cum</span> <span class='ocrx_word' id='word_1_60' title='bbox 1618 1061 1749 1131; x_wconf 91' lang='lat' dir='ltr'>hoc</span> <span class='ocrx_word' id='word_1_61' title='bbox 1777 1087 2157 1154; x_wconf 85' lang='lat' dir='ltr'>pronomen</span> <span class='ocrx_word' id='word_1_62' title='bbox 2266 1080 2420 1125; x_wconf 72' lang='lat' dir='ltr'>nem</span> <span class='ocrx_word' id='word_1_63' title='bbox 2463 1081 2682 1125; x_wconf 70' lang='lat' dir='ltr'><strong>Gausae</strong></span> 
     </span>
     <span class='ocr_line' id='line_1_11' title="bbox 597 1164 2157 1262; baseline 0.008 -34"><span class='ocrx_word' id='word_1_64' title='bbox 597 1186 669 1229; x_wconf 82' lang='lat' dir='ltr'>se</span> <span class='ocrx_word' id='word_1_65' title='bbox 705 1166 793 1230; x_wconf 90' lang='lat' dir='ltr'>sit</span> <span class='ocrx_word' id='word_1_66' title='bbox 841 1164 1200 1232; x_wconf 87' lang='lat' dir='ltr'>relativum</span> <span class='ocrx_word' id='word_1_67' title='bbox 1243 1170 1690 1257; x_wconf 88' lang='lat' dir='ltr'>reciprocum,</span> <span class='ocrx_word' id='word_1_68' title='bbox 1733 1173 1960 1261; x_wconf 90' lang='lat' dir='ltr'>ipsum</span> <span class='ocrx_word' id='word_1_69' title='bbox 1999 1197 2157 1262; x_wconf 91' lang='lat' dir='ltr'>sup-</span> 
     </span>
     <span class='ocr_line' id='line_1_12' title="bbox 594 1273 2156 1372; baseline 0.008 -35"><span class='ocrx_word' id='word_1_70' title='bbox 594 1273 788 1361; x_wconf 88' lang='lat' dir='ltr'>ponit</span> <span class='ocrx_word' id='word_1_71' title='bbox 818 1280 883 1339; x_wconf 89' lang='lat' dir='ltr'>et</span> <span class='ocrx_word' id='word_1_72' title='bbox 914 1273 1117 1342; x_wconf 79' lang='lat' dir='ltr'><strong>refert</strong></span> <span class='ocrx_word' id='word_1_73' title='bbox 1154 1280 1588 1366; x_wconf 89' lang='lat' dir='ltr'>suppositum</span> <span class='ocrx_word' id='word_1_74' title='bbox 1628 1280 1819 1347; x_wconf 79' lang='lat' dir='ltr'>verbi</span> <span class='ocrx_word' id='word_1_75' title='bbox 1857 1304 1872 1347; x_wconf 92' lang='lat'>:</span> <span class='ocrx_word' id='word_1_76' title='bbox 1908 1304 2156 1372; x_wconf 92' lang='lat' dir='ltr'>suppo-</span> 
     </span>
    </p>
   </div>
   <div class='ocr_carea' id='block_1_9' title="bbox 586 1379 2147 1587">
    <p class='ocr_par' dir='ltr' id='par_1_9' title="bbox 586 1379 2147 1587">
     <span class='ocr_line' id='line_1_13' title="bbox 593 1379 2147 1475; baseline 0.01 -31"><span class='ocrx_word' id='word_1_77' title='bbox 593 1379 797 1446; x_wconf 89' lang='lat' dir='ltr'>situm</span> <span class='ocrx_word' id='word_1_78' title='bbox 831 1390 1062 1450; x_wconf 89' lang='lat' dir='ltr'>autem</span> <span class='ocrx_word' id='word_1_79' title='bbox 1092 1384 1285 1451; x_wconf 87' lang='lat' dir='ltr'>verbi</span> <span class='ocrx_word' id='word_1_80' title='bbox 1342 1394 1445 1453; x_wconf 91' lang='lat' dir='ltr'>est</span> <span class='ocrx_word' id='word_1_81' title='bbox 1487 1409 1779 1475; x_wconf 87' lang='lat' dir='ltr'>persona</span> <span class='ocrx_word' id='word_1_82' title='bbox 1844 1388 2069 1458; x_wconf 89' lang='lat' dir='ltr'>Patris</span> <span class='ocrx_word' id='word_1_83' title='bbox 2130 1411 2147 1459; x_wconf 72' lang='grc' dir='ltr'>ε</span> 
     </span>
     <span class='ocr_line' id='line_1_14' title="bbox 586 1485 2146 1587; baseline 0.009 -34"><span class='ocrx_word' id='word_1_84' title='bbox 586 1495 655 1554; x_wconf 86' lang='lat' dir='ltr'>et</span> <span class='ocrx_word' id='word_1_85' title='bbox 690 1485 824 1555; x_wconf 88' lang='lat' dir='ltr'>hoc</span> <span class='ocrx_word' id='word_1_86' title='bbox 861 1512 1140 1569; x_wconf 90' lang='lat' dir='ltr'>nomen,</span> <span class='ocrx_word' id='word_1_87' title='bbox 1193 1495 1408 1570; x_wconf 66' lang='lat' dir='ltr'>Deua,</span> <span class='ocrx_word' id='word_1_88' title='bbox 1452 1515 1577 1582; x_wconf 90' lang='lat' dir='ltr'>per</span> <span class='ocrx_word' id='word_1_89' title='bbox 1617 1495 1902 1563; x_wconf 79' lang='lat' dir='ltr'>verbum</span> <span class='ocrx_word' id='word_1_90' title='bbox 1936 1520 2146 1587; x_wconf 91' lang='lat' dir='ltr'>copu-</span> 
     </span>
    </p>
   </div>
   <div class='ocr_carea' id='block_1_10' title="bbox 579 1590 2150 1695">
    <p class='ocr_par' dir='ltr' id='par_1_10' title="bbox 579 1590 2150 1695">
     <span class='ocr_line' id='line_1_15' title="bbox 579 1590 2150 1695; baseline 0.009 -36"><span class='ocrx_word' id='word_1_91' title='bbox 579 1590 731 1661; x_wconf 91' lang='lat' dir='ltr'>lans</span> <span class='ocrx_word' id='word_1_92' title='bbox 771 1603 1001 1662; x_wconf 87' lang='lat' dir='ltr'>actum</span> <span class='ocrx_word' id='word_1_93' title='bbox 1042 1598 1490 1678; x_wconf 86' lang='lat' dir='ltr'>notionalem‚</span> <span class='ocrx_word' id='word_1_94' title='bbox 1538 1600 1831 1670; x_wconf 73' lang='lat' dir='ltr'><strong>trahitur</strong></span> <span class='ocrx_word' id='word_1_95' title='bbox 1871 1605 1954 1671; x_wconf 93' lang='lat' dir='ltr'>ad</span> <span class='ocrx_word' id='word_1_96' title='bbox 1985 1627 2150 1695; x_wconf 89' lang='lat' dir='ltr'>sup-</span> 
     </span>
    </p>
   </div>
   <div class='ocr_carea' id='block_1_11' title="bbox 565 1701 2145 2555">
    <p class='ocr_par' dir='ltr' id='par_1_11' title="bbox 565 1701 2145 2555">
     <span class='ocr_line' id='line_1_16' title="bbox 578 1701 2145 1796; baseline 0.008 -28"><span class='ocrx_word' id='word_1_97' title='bbox 578 1701 975 1790; x_wconf 89' lang='lat' dir='ltr'>ponendum</span> <span class='ocrx_word' id='word_1_98' title='bbox 1008 1727 1132 1794; x_wconf 87' lang='lat' dir='ltr'>pro</span> <span class='ocrx_word' id='word_1_99' title='bbox 1165 1729 1458 1796; x_wconf 79' lang='lat' dir='ltr'>persona</span> <span class='ocrx_word' id='word_1_100' title='bbox 1491 1708 1736 1789; x_wconf 88' lang='lat' dir='ltr'>Patris,</span> <span class='ocrx_word' id='word_1_101' title='bbox 1765 1721 1833 1779; x_wconf 90' lang='lat' dir='ltr'>et</span> <span class='ocrx_word' id='word_1_102' title='bbox 1861 1712 1977 1779; x_wconf 86' lang='lat' dir='ltr'>illa</span> <span class='ocrx_word' id='word_1_103' title='bbox 2006 1736 2145 1780; x_wconf 87' lang='lat' dir='ltr'>non</span> 
     </span>
     <span class='ocr_line' id='line_1_17' title="bbox 576 1813 2144 1902; baseline 0.008 -25"><span class='ocrx_word' id='word_1_104' title='bbox 576 1819 680 1878; x_wconf 88' lang='lat' dir='ltr'>est</span> <span class='ocrx_word' id='word_1_105' title='bbox 716 1813 996 1902; x_wconf 89' lang='lat' dir='ltr'>genita:</span> <span class='ocrx_word' id='word_1_106' title='bbox 1040 1814 1157 1881; x_wconf 92' lang='lat' dir='ltr'>sed</span> <span class='ocrx_word' id='word_1_107' title='bbox 1189 1814 1319 1884; x_wconf 88' lang='lat' dir='ltr'>hoc</span> <span class='ocrx_word' id='word_1_108' title='bbox 1360 1816 1747 1902; x_wconf 81' lang='lat' dir='ltr'>relativum,</span> <span class='ocrx_word' id='word_1_109' title='bbox 1790 1821 1999 1901; x_wconf 69' lang='lat' dir='ltr'>aliu-5,</span> <span class='ocrx_word' id='word_1_110' title='bbox 2043 1829 2144 1890; x_wconf 90' lang='lat' dir='ltr'>est</span> 
     </span>
     <span class='ocr_line' id='line_1_18' title="bbox 575 1918 2139 2004; baseline 0.008 -20"><span class='ocrx_word' id='word_1_111' title='bbox 575 1918 939 1987; x_wconf 87' lang='lat' dir='ltr'>relativum</span> <span class='ocrx_word' id='word_1_112' title='bbox 990 1921 1424 2004; x_wconf 83' lang='lat' dir='ltr'>diversitatiS,</span> <span class='ocrx_word' id='word_1_113' title='bbox 1488 1933 1554 1992; x_wconf 90' lang='lat' dir='ltr'>et</span> <span class='ocrx_word' id='word_1_114' title='bbox 1600 1928 1980 1995; x_wconf 90' lang='lat' dir='ltr'>terminum</span> <span class='ocrx_word' id='word_1_115' title='bbox 2020 1928 2139 1996; x_wconf 88' lang='lat' dir='ltr'>ad·</span> 
     </span>
     <span class='ocr_line' id='line_1_19' title="bbox 565 2025 2138 2120; baseline 0.007 -28"><span class='ocrx_word' id='word_1_116' title='bbox 565 2025 883 2114; x_wconf 86' lang='lat' dir='ltr'>junctum</span> <span class='ocrx_word' id='word_1_117' title='bbox 902 2026 1031 2094; x_wconf 89' lang='lat' dir='ltr'>sibi</span> <span class='ocrx_word' id='word_1_118' title='bbox 1057 2030 1327 2119; x_wconf 78' lang='lat' dir='ltr'>respicit</span> <span class='ocrx_word' id='word_1_119' title='bbox 1346 2033 1568 2120; x_wconf 89' lang='lat' dir='ltr'>gratia</span> <span class='ocrx_word' id='word_1_120' title='bbox 1591 2032 1826 2102; x_wconf 81' lang='lat' dir='ltr'>formae</span> <span class='ocrx_word' id='word_1_121' title='bbox 1856 2058 1870 2101; x_wconf 91' lang='lat'>:</span> <span class='ocrx_word' id='word_1_122' title='bbox 1896 2041 2138 2103; x_wconf 89' lang='lat' dir='ltr'>etcum</span> 
     </span>
     <span class='ocr_line' id='line_1_20' title="bbox 573 2133 2140 2236; baseline 0.006 -34"><span class='ocrx_word' id='word_1_123' title='bbox 573 2133 972 2226; x_wconf 88' lang='lat' dir='ltr'>adjungitur</span> <span class='ocrx_word' id='word_1_124' title='bbox 1009 2136 1171 2205; x_wconf 89' lang='lat' dir='ltr'>huic</span> <span class='ocrx_word' id='word_1_125' title='bbox 1210 2141 1501 2219; x_wconf 90' lang='lat' dir='ltr'>nomini,</span> <span class='ocrx_word' id='word_1_126' title='bbox 1545 2143 1759 2228; x_wconf 83' lang='lat' dir='ltr'>Deus,</span> <span class='ocrx_word' id='word_1_127' title='bbox 1788 2145 2005 2236; x_wconf 91' lang='lat' dir='ltr'>gratia</span> <span class='ocrx_word' id='word_1_128' title='bbox 2043 2144 2140 2212; x_wconf 88' lang='lat' dir='ltr'>di·</span> 
     </span>
     <span class='ocr_line' id='line_1_21' title="bbox 571 2243 2136 2321; baseline 0.008 -11"><span class='ocrx_word' id='word_1_129' title='bbox 571 2243 880 2312; x_wconf 82' lang='lat' dir='ltr'>vinitatis</span> <span class='ocrx_word' id='word_1_130' title='bbox 920 2246 1186 2314; x_wconf 90' lang='lat' dir='ltr'>notabit</span> <span class='ocrx_word' id='word_1_131' title='bbox 1240 2248 1704 2319; x_wconf 76' lang='lat' dir='ltr'>diversitatem</span> <span class='ocrx_word' id='word_1_132' title='bbox 1769 2274 1785 2320; x_wconf 75' lang='grc' dir='ltr'><strong><em>ε</em></strong></span> <span class='ocrx_word' id='word_1_133' title='bbox 1848 2262 1915 2321; x_wconf 91' lang='lat' dir='ltr'>et</span> <span class='ocrx_word' id='word_1_134' title='bbox 1980 2276 2136 2321; x_wconf 89' lang='lat' dir='ltr'>cum</span> 
     </span>
     <span class='ocr_line' id='line_1_22' title="bbox 577 2351 2137 2430; baseline 0.008 -12"><span class='ocrx_word' id='word_1_135' title='bbox 577 2373 717 2419; x_wconf 90' lang='lat' dir='ltr'>non</span> <span class='ocrx_word' id='word_1_136' title='bbox 747 2353 835 2419; x_wconf 90' lang='lat' dir='ltr'>sit</span> <span class='ocrx_word' id='word_1_137' title='bbox 864 2351 1223 2423; x_wconf 83' lang='lat' dir='ltr'>diversitas</span> <span class='ocrx_word' id='word_1_138' title='bbox 1254 2355 1522 2425; x_wconf 81' lang='lat' dir='ltr'>deitatis</span> <span class='ocrx_word' id='word_1_139' title='bbox 1548 2359 1726 2426; x_wconf 90' lang='lat' dir='ltr'>inter</span> <span class='ocrx_word' id='word_1_140' title='bbox 1763 2359 2038 2430; x_wconf 89' lang='lat' dir='ltr'>Patrem</span> <span class='ocrx_word' id='word_1_141' title='bbox 2070 2368 2137 2430; x_wconf 89' lang='lat' dir='ltr'>et</span> 
     </span>
     <span class='ocr_line' id='line_1_23' title="bbox 574 2456 2134 2555; baseline 0.01 -31"><span class='ocrx_word' id='word_1_142' title='bbox 574 2456 852 2540; x_wconf 88' lang='lat' dir='ltr'>Filium,</span> <span class='ocrx_word' id='word_1_143' title='bbox 892 2459 1054 2529; x_wconf 92' lang='lat' dir='ltr'>dicit</span> <span class='ocrx_word' id='word_1_144' title='bbox 1083 2461 1408 2555; x_wconf 79' lang='lat' dir='ltr'>Magister</span> <span class='ocrx_word' id='word_1_145' title='bbox 1439 2463 1618 2533; x_wconf 90' lang='lat' dir='ltr'>hanc</span> <span class='ocrx_word' id='word_1_146' title='bbox 1657 2490 1796 2536; x_wconf 89' lang='lat' dir='ltr'>non</span> <span class='ocrx_word' id='word_1_147' title='bbox 1839 2490 1985 2537; x_wconf 88' lang='lat' dir='ltr'>esse</span> <span class='ocrx_word' id='word_1_148' title='bbox 2022 2493 2134 2539; x_wconf 89' lang='lat' dir='ltr'>re-</span> 
     </span>
    </p>
   </div>
   <div class='ocr_carea' id='block_1_12' title="bbox 2241 1056 3806 2549">
    <p class='ocr_par' dir='ltr' id='par_1_12' title="bbox 2241 1056 3806 2549">
     <span class='ocr_line' id='line_1_24' title="bbox 2744 1056 3804 1149; baseline -0.002 -26"><span class='ocrx_word' id='word_1_149' title='bbox 2744 1080 2788 1123; x_wconf 91' lang='lat'>:·</span> <span class='ocrx_word' id='word_1_150' title='bbox 2821 1066 2938 1125; x_wconf 88' lang='lat' dir='ltr'>aut</span> <span class='ocrx_word' id='word_1_151' title='bbox 2993 1058 3200 1149; x_wconf 90' lang='lat' dir='ltr'>igitur</span> <span class='ocrx_word' id='word_1_152' title='bbox 3246 1056 3636 1134; x_wconf 79' lang='lat' dir='ltr'>materialiS,</span> <span class='ocrx_word' id='word_1_153' title='bbox 3687 1065 3804 1123; x_wconf 90' lang='lat' dir='ltr'>aut</span> 
     </span>
     <span class='ocr_line' id='line_1_25' title="bbox 2266 1165 3806 1256; baseline -0.003 -21"><span class='ocrx_word' id='word_1_154' title='bbox 2266 1168 2639 1235; x_wconf 90' lang='lat' dir='ltr'>essentialis</span> <span class='ocrx_word' id='word_1_155' title='bbox 2702 1189 2717 1234; x_wconf 76' lang='grc' dir='ltr'>ε</span> <span class='ocrx_word' id='word_1_156' title='bbox 2776 1190 2917 1235; x_wconf 90' lang='lat' dir='ltr'>non</span> <span class='ocrx_word' id='word_1_157' title='bbox 2985 1167 3376 1247; x_wconf 78' lang='lat' dir='ltr'>materialiS,</span> <span class='ocrx_word' id='word_1_158' title='bbox 3429 1166 3589 1256; x_wconf 91' lang='lat' dir='ltr'>quia</span> <span class='ocrx_word' id='word_1_159' title='bbox 3644 1165 3806 1232; x_wconf 87' lang='lat' dir='ltr'>dicit</span> 
     </span>
     <span class='ocr_line' id='line_1_26' title="bbox 2257 1274 3801 1356; baseline -0.003 -12"><span class='ocrx_word' id='word_1_160' title='bbox 2257 1277 2746 1356; x_wconf 78' lang='lat' dir='ltr'>DamascenuS‚</span> <span class='ocrx_word' id='word_1_161' title='bbox 2790 1276 3041 1345; x_wconf 87' lang='lat' dir='ltr'>ibidem</span> <span class='ocrx_word' id='word_1_162' title='bbox 3103 1299 3118 1342; x_wconf 92' lang='lat'>:</span> <span class='ocrx_word' id='word_1_163' title='bbox 3190 1276 3366 1344; x_wconf 91' lang='lat' dir='ltr'>Nam</span> <span class='ocrx_word' id='word_1_164' title='bbox 3420 1297 3576 1343; x_wconf 92' lang='lat' dir='ltr'>cum</span> <span class='ocrx_word' id='word_1_165' title='bbox 3614 1274 3801 1342; x_wconf 90' lang='lat' dir='ltr'>Deus</span> 
     </span>
     <span class='ocr_line' id='line_1_27' title="bbox 2260 1381 3804 1475; baseline -0.003 -23"><span class='ocrx_word' id='word_1_166' title='bbox 2260 1387 2348 1452; x_wconf 91' lang='lat' dir='ltr'>sit</span> <span class='ocrx_word' id='word_1_167' title='bbox 2393 1384 2832 1475; x_wconf 85' lang='lat' dir='ltr'>impassibilis</span> <span class='ocrx_word' id='word_1_168' title='bbox 2860 1394 2928 1453; x_wconf 89' lang='lat' dir='ltr'>et</span> <span class='ocrx_word' id='word_1_169' title='bbox 2954 1384 3377 1462; x_wconf 66' lang='lat' dir='ltr'>infinibilis,</span> <span class='ocrx_word' id='word_1_170' title='bbox 3411 1390 3486 1450; x_wconf 89' lang='lat' dir='ltr'>ut</span> <span class='ocrx_word' id='word_1_171' title='bbox 3514 1381 3804 1471; x_wconf 85' lang='lat' dir='ltr'>simplex</span> 
     </span>
     <span class='ocr_line' id='line_1_28' title="bbox 2256 1494 3804 1583; baseline -0.003 -23"><span class='ocrx_word' id='word_1_172' title='bbox 2256 1503 2321 1560; x_wconf 90' lang='lat' dir='ltr'>et</span> <span class='ocrx_word' id='word_1_173' title='bbox 2358 1516 2497 1562; x_wconf 91' lang='lat' dir='ltr'>non</span> <span class='ocrx_word' id='word_1_174' title='bbox 2527 1494 2972 1583; x_wconf 82' lang='lat' dir='ltr'>composituS‚</span> <span class='ocrx_word' id='word_1_175' title='bbox 3024 1515 3165 1560; x_wconf 91' lang='lat' dir='ltr'>non</span> <span class='ocrx_word' id='word_1_176' title='bbox 3212 1499 3411 1582; x_wconf 88' lang='lat' dir='ltr'>aptus</span> <span class='ocrx_word' id='word_1_177' title='bbox 3456 1497 3657 1558; x_wconf 90' lang='lat' dir='ltr'>natus</span> <span class='ocrx_word' id='word_1_178' title='bbox 3703 1497 3804 1557; x_wconf 89' lang='lat' dir='ltr'>est</span> 
     </span>
     <span class='ocr_line' id='line_1_29' title="bbox 2251 1596 3796 1689; baseline 0 -24"><span class='ocrx_word' id='word_1_179' title='bbox 2251 1601 2581 1668; x_wconf 84' lang='lat' dir='ltr'>sustinere</span> <span class='ocrx_word' id='word_1_180' title='bbox 2609 1600 3026 1689; x_wconf 87' lang='lat' dir='ltr'>passionem,</span> <span class='ocrx_word' id='word_1_181' title='bbox 3053 1621 3277 1689; x_wconf 90' lang='lat' dir='ltr'>neque</span> <span class='ocrx_word' id='word_1_182' title='bbox 3296 1598 3368 1665; x_wconf 92' lang='lat' dir='ltr'>in</span> <span class='ocrx_word' id='word_1_183' title='bbox 3383 1596 3796 1689; x_wconf 90' lang='lat' dir='ltr'>generand0‚</span> 
     </span>
     <span class='ocr_line' id='line_1_30' title="bbox 2249 1706 3802 1798; baseline -0.001 -25"><span class='ocrx_word' id='word_1_184' title='bbox 2249 1729 2466 1797; x_wconf 90' lang='lat' dir='ltr'>neque</span> <span class='ocrx_word' id='word_1_185' title='bbox 2503 1709 2573 1774; x_wconf 91' lang='lat' dir='ltr'>in</span> <span class='ocrx_word' id='word_1_186' title='bbox 2613 1708 2928 1786; x_wconf 88' lang='lat' dir='ltr'>creando,</span> <span class='ocrx_word' id='word_1_187' title='bbox 2979 1729 3201 1798; x_wconf 90' lang='lat' dir='ltr'>neque</span> <span class='ocrx_word' id='word_1_188' title='bbox 3258 1708 3328 1774; x_wconf 94' lang='lat' dir='ltr'>in</span> <span class='ocrx_word' id='word_1_189' title='bbox 3374 1706 3603 1796; x_wconf 89' lang='lat' dir='ltr'>aliqua</span> <span class='ocrx_word' id='word_1_190' title='bbox 3641 1728 3802 1795; x_wconf 90' lang='lat' dir='ltr'>ope-</span> 
     </span>
     <span class='ocr_line' id='line_1_31' title="bbox 2247 1813 3796 1904; baseline -0.001 -24"><span class='ocrx_word' id='word_1_191' title='bbox 2247 1815 2508 1882; x_wconf 87' lang='lat' dir='ltr'>ratione</span> <span class='ocrx_word' id='word_1_192' title='bbox 2545 1813 2802 1904; x_wconf 86' lang='lat' dir='ltr'>indiget</span> <span class='ocrx_word' id='word_1_193' title='bbox 2831 1814 3044 1882; x_wconf 88' lang='lat' dir='ltr'>altero</span> <span class='ocrx_word' id='word_1_194' title='bbox 3081 1831 3098 1881; x_wconf 78' lang='lat' dir='ltr'><em>z</em></span> <span class='ocrx_word' id='word_1_195' title='bbox 3144 1815 3367 1880; x_wconf 90' lang='lat' dir='ltr'>omnis</span> <span class='ocrx_word' id='word_1_196' title='bbox 3390 1821 3619 1881; x_wconf 92' lang='lat' dir='ltr'>autem</span> <span class='ocrx_word' id='word_1_197' title='bbox 3651 1834 3796 1879; x_wconf 91' lang='lat' dir='ltr'>ma-</span> 
     </span>
     <span class='ocr_line' id='line_1_32' title="bbox 2249 1920 3796 2011; baseline -0.001 -22"><span class='ocrx_word' id='word_1_198' title='bbox 2249 1920 2501 1989; x_wconf 88' lang='lat' dir='ltr'>terialis</span> <span class='ocrx_word' id='word_1_199' title='bbox 2532 1943 2734 1988; x_wconf 88' lang='lat' dir='ltr'>causa</span> <span class='ocrx_word' id='word_1_200' title='bbox 2773 1929 2874 1988; x_wconf 90' lang='lat' dir='ltr'>est</span> <span class='ocrx_word' id='word_1_201' title='bbox 2911 1920 3249 2011; x_wconf 90' lang='lat' dir='ltr'>passibilis</span> <span class='ocrx_word' id='word_1_202' title='bbox 3290 1941 3306 1988; x_wconf 71' lang='grc' dir='ltr'><strong>ε</strong></span> <span class='ocrx_word' id='word_1_203' title='bbox 3344 1941 3506 2011; x_wconf 91' lang='lat' dir='ltr'>ergo</span> <span class='ocrx_word' id='word_1_204' title='bbox 3538 1941 3796 2009; x_wconf 81' lang='lat' dir='ltr'>praepo-</span> 
     </span>
     <span class='ocr_line' id='line_1_33' title="bbox 2246 2026 3793 2096; baseline 0.001 -4"><span class='ocrx_word' id='word_1_205' title='bbox 2246 2029 2400 2095; x_wconf 87' lang='lat' dir='ltr'>sitio</span> <span class='ocrx_word' id='word_1_206' title='bbox 2448 2050 2589 2095; x_wconf 91' lang='lat' dir='ltr'>non</span> <span class='ocrx_word' id='word_1_207' title='bbox 2647 2036 2839 2096; x_wconf 89' lang='lat' dir='ltr'>notat</span> <span class='ocrx_word' id='word_1_208' title='bbox 2891 2050 3168 2096; x_wconf 87' lang='lat' dir='ltr'>causam</span> <span class='ocrx_word' id='word_1_209' title='bbox 3223 2026 3644 2095; x_wconf 83' lang='lat' dir='ltr'>materialem</span> <span class='ocrx_word' id='word_1_210' title='bbox 3710 2048 3793 2094; x_wconf 82' lang='lat' dir='ltr'>ex</span> 
     </span>
     <span class='ocr_line' id='line_1_34' title="bbox 2244 2131 3795 2224; baseline -0.001 -23"><span class='ocrx_word' id='word_1_211' title='bbox 2244 2142 2432 2224; x_wconf 89' lang='lat' dir='ltr'>parte</span> <span class='ocrx_word' id='word_1_212' title='bbox 2467 2133 2855 2202; x_wconf 77' lang='lat' dir='ltr'>substantiae</span> <span class='ocrx_word' id='word_1_213' title='bbox 2921 2134 3162 2202; x_wconf 78' lang='lat' dir='ltr'>Patris.</span> <span class='ocrx_word' id='word_1_214' title='bbox 3203 2131 3275 2201; x_wconf 87' lang='lat' dir='ltr'>Si</span> <span class='ocrx_word' id='word_1_215' title='bbox 3334 2140 3561 2202; x_wconf 89' lang='lat' dir='ltr'>autem</span> <span class='ocrx_word' id='word_1_216' title='bbox 3600 2141 3795 2202; x_wconf 89' lang='lat' dir='ltr'>notat</span> 
     </span>
     <span class='ocr_line' id='line_1_35' title="bbox 2243 2242 3787 2327; baseline -0.001 -17"><span class='ocrx_word' id='word_1_217' title='bbox 2243 2244 2695 2327; x_wconf 88' lang='lat' dir='ltr'>essentialem,</span> <span class='ocrx_word' id='word_1_218' title='bbox 2729 2252 2808 2312; x_wconf 93' lang='lat' dir='ltr'>ut</span> <span class='ocrx_word' id='word_1_219' title='bbox 2850 2244 2985 2312; x_wconf 82' lang='lat' dir='ltr'>sere</span> <span class='ocrx_word' id='word_1_220' title='bbox 3013 2265 3254 2312; x_wconf 85' lang='lat' dir='ltr'>omnes</span> <span class='ocrx_word' id='word_1_221' title='bbox 3302 2243 3561 2312; x_wconf 89' lang='lat' dir='ltr'>dicunt.</span> <span class='ocrx_word' id='word_1_222' title='bbox 3612 2242 3787 2310; x_wconf 64' lang='lat' dir='ltr'>Cois·-</span> 
     </span>
     <span class='ocr_line' id='line_1_36' title="bbox 2241 2352 3780 2444; baseline 0.001 -26"><span class='ocrx_word' id='word_1_223' title='bbox 2241 2352 2371 2419; x_wconf 69' lang='lat' dir='ltr'>rnA</span> <span class='ocrx_word' id='word_1_224' title='bbox 2403 2375 2419 2421; x_wconf 79' lang='lat' dir='ltr'>t</span> <span class='ocrx_word' id='word_1_225' title='bbox 2451 2353 2845 2421; x_wconf 88' lang='lat' dir='ltr'>Essentialis</span> <span class='ocrx_word' id='word_1_226' title='bbox 2865 2376 3070 2422; x_wconf 90' lang='lat' dir='ltr'>causa</span> <span class='ocrx_word' id='word_1_227' title='bbox 3093 2361 3195 2422; x_wconf 91' lang='lat' dir='ltr'>est</span> <span class='ocrx_word' id='word_1_228' title='bbox 3212 2353 3279 2421; x_wconf 94' lang='lat' dir='ltr'>in</span> <span class='ocrx_word' id='word_1_229' title='bbox 3299 2353 3739 2444; x_wconf 84' lang='lat' dir='ltr'>generatione</span> <span class='ocrx_word' id='word_1_230' title='bbox 3763 2376 3780 2420; x_wconf 76' lang='grc' dir='ltr'><strong><em>ε</em></strong></span> 
     </span>
     <span class='ocr_line' id='line_1_37' title="bbox 2242 2459 3786 2549; baseline 0.001 -23"><span class='ocrx_word' id='word_1_231' title='bbox 2242 2459 2357 2526; x_wconf 91' lang='lat' dir='ltr'>sed</span> <span class='ocrx_word' id='word_1_232' title='bbox 2389 2459 2762 2528; x_wconf 89' lang='lat' dir='ltr'>essentialis</span> <span class='ocrx_word' id='word_1_233' title='bbox 2816 2483 3020 2528; x_wconf 90' lang='lat' dir='ltr'>causa</span> <span class='ocrx_word' id='word_1_234' title='bbox 3057 2466 3159 2528; x_wconf 88' lang='lat' dir='ltr'>est</span> <span class='ocrx_word' id='word_1_235' title='bbox 3204 2459 3496 2528; x_wconf 84' lang='lat' dir='ltr'>essentia</span> <span class='ocrx_word' id='word_1_236' title='bbox 3537 2482 3554 2528; x_wconf 72' lang='grc' dir='ltr'>ε</span> <span class='ocrx_word' id='word_1_237' title='bbox 3623 2482 3786 2549; x_wconf 89' lang='lat' dir='ltr'>ergo</span> 
     </span>
    </p>
   </div>
   <div class='ocr_carea' id='block_1_13' title="bbox 2236 2566 3787 2869">
    <p class='ocr_par' dir='ltr' id='par_1_13' title="bbox 2236 2566 3787 2869">
     <span class='ocr_line' id='line_1_38' title="bbox 2239 2566 3785 2658; baseline -0.001 -23"><span class='ocrx_word' id='word_1_238' title='bbox 2239 2568 2528 2635; x_wconf 83' lang='lat' dir='ltr'>essentia</span> <span class='ocrx_word' id='word_1_239' title='bbox 2574 2566 2802 2658; x_wconf 91' lang='lat' dir='ltr'>aliquo</span> <span class='ocrx_word' id='word_1_240' title='bbox 2852 2567 3058 2636; x_wconf 88' lang='lat' dir='ltr'>modo</span> <span class='ocrx_word' id='word_1_241' title='bbox 3099 2575 3204 2635; x_wconf 91' lang='lat' dir='ltr'>est</span> <span class='ocrx_word' id='word_1_242' title='bbox 3247 2589 3451 2635; x_wconf 88' lang='lat' dir='ltr'>causa</span> <span class='ocrx_word' id='word_1_243' title='bbox 3497 2588 3785 2658; x_wconf 89' lang='lat' dir='ltr'>genera-</span> 
     </span>
     <span class='ocr_line' id='line_1_39' title="bbox 2236 2671 3787 2764; baseline 0 -23"><span class='ocrx_word' id='word_1_244' title='bbox 2236 2674 2443 2742; x_wconf 90' lang='lat' dir='ltr'>tionis</span> <span class='ocrx_word' id='word_1_245' title='bbox 2485 2694 2501 2742; x_wconf 88' lang='lat'>:</span> <span class='ocrx_word' id='word_1_246' title='bbox 2546 2696 2684 2742; x_wconf 90' lang='lat' dir='ltr'>non</span> <span class='ocrx_word' id='word_1_247' title='bbox 2713 2681 2942 2742; x_wconf 90' lang='lat' dir='ltr'>autem</span> <span class='ocrx_word' id='word_1_248' title='bbox 2981 2682 3058 2742; x_wconf 94' lang='lat' dir='ltr'>ut</span> <span class='ocrx_word' id='word_1_249' title='bbox 3080 2673 3403 2754; x_wconf 78' lang='lat' dir='ltr'>efficiens,</span> <span class='ocrx_word' id='word_1_250' title='bbox 3438 2671 3548 2741; x_wconf 84' lang='lat' dir='ltr'>vel</span> <span class='ocrx_word' id='word_1_251' title='bbox 3577 2696 3787 2764; x_wconf 90' lang='lat' dir='ltr'>gene-</span> 
     </span>
     <span class='ocr_line' id='line_1_40' title="bbox 2237 2778 3785 2869; baseline 0.001 -23"><span class='ocrx_word' id='word_1_252' title='bbox 2237 2802 2419 2859; x_wconf 89' lang='lat' dir='ltr'>rans,</span> <span class='ocrx_word' id='word_1_253' title='bbox 2471 2778 2579 2846; x_wconf 83' lang='lat' dir='ltr'>vel</span> <span class='ocrx_word' id='word_1_254' title='bbox 2616 2788 2693 2848; x_wconf 94' lang='lat' dir='ltr'>ut</span> <span class='ocrx_word' id='word_1_255' title='bbox 2719 2779 2901 2861; x_wconf 83' lang='lat' dir='ltr'>finis,</span> <span class='ocrx_word' id='word_1_256' title='bbox 2933 2778 3045 2848; x_wconf 87' lang='lat' dir='ltr'>vel</span> <span class='ocrx_word' id='word_1_257' title='bbox 3083 2786 3160 2848; x_wconf 88' lang='lat' dir='ltr'>ut</span> <span class='ocrx_word' id='word_1_258' title='bbox 3196 2778 3442 2865; x_wconf 76' lang='lat' dir='ltr'>forma,</span> <span class='ocrx_word' id='word_1_259' title='bbox 3482 2778 3643 2869; x_wconf 89' lang='lat' dir='ltr'>quia</span> <span class='ocrx_word' id='word_1_260' title='bbox 3687 2780 3785 2848; x_wconf 90' lang='lat' dir='ltr'>sic</span> 
     </span>
    </p>
   </div>
   <div class='ocr_carea' id='block_1_14' title="bbox 573 2564 2040 2661">
    <p class='ocr_par' dir='ltr' id='par_1_14' title="bbox 573 2564 2040 2661">
     <span class='ocr_line' id='line_1_41' title="bbox 573 2564 2040 2661; baseline 0.01 -31"><span class='ocrx_word' id='word_1_261' title='bbox 573 2564 960 2654; x_wconf 89' lang='lat' dir='ltr'>cipiendam</span> <span class='ocrx_word' id='word_1_262' title='bbox 999 2590 1017 2635; x_wconf 72' lang='grc' dir='ltr'>ε</span> <span class='ocrx_word' id='word_1_263' title='bbox 1056 2567 1236 2637; x_wconf 89' lang='lat' dir='ltr'>Deus</span> <span class='ocrx_word' id='word_1_264' title='bbox 1261 2573 1505 2661; x_wconf 88' lang='lat' dir='ltr'>genuit</span> <span class='ocrx_word' id='word_1_265' title='bbox 1543 2571 1754 2641; x_wconf 91' lang='lat' dir='ltr'>alium</span> <span class='ocrx_word' id='word_1_266' title='bbox 1796 2574 2040 2644; x_wconf 90' lang='lat' dir='ltr'>Deum.</span> 
     </span>
    </p>
   </div>
   <div class='ocr_carea' id='block_1_15' title="bbox 2231 2886 3790 5574">
    <p class='ocr_par' dir='ltr' id='par_1_15' title="bbox 2232 2886 3790 4245">
     <span class='ocr_line' id='line_1_42' title="bbox 2236 2886 3784 2979; baseline 0 -24"><span class='ocrx_word' id='word_1_267' title='bbox 2236 2895 2412 2955; x_wconf 91' lang='lat' dir='ltr'>esset</span> <span class='ocrx_word' id='word_1_268' title='bbox 2457 2888 2785 2956; x_wconf 88' lang='lat' dir='ltr'>terminus</span> <span class='ocrx_word' id='word_1_269' title='bbox 2821 2886 3282 2979; x_wconf 80' lang='lat' dir='ltr'>generationis</span> <span class='ocrx_word' id='word_1_270' title='bbox 3325 2908 3450 2977; x_wconf 87' lang='lat' dir='ltr'>per</span> <span class='ocrx_word' id='word_1_271' title='bbox 3494 2908 3784 2978; x_wconf 89' lang='lat' dir='ltr'>genera-</span> 
     </span>
     <span class='ocr_line' id='line_1_43' title="bbox 2236 2991 3780 3086; baseline 0 -25"><span class='ocrx_word' id='word_1_272' title='bbox 2236 2995 2495 3062; x_wconf 85' lang='lat' dir='ltr'>tionem</span> <span class='ocrx_word' id='word_1_273' title='bbox 2553 2994 2621 3062; x_wconf 90' lang='lat' dir='ltr'>in</span> <span class='ocrx_word' id='word_1_274' title='bbox 2678 2996 2909 3086; x_wconf 89' lang='lat' dir='ltr'>genito</span> <span class='ocrx_word' id='word_1_275' title='bbox 2960 2993 3265 3078; x_wconf 88' lang='lat' dir='ltr'>inducta,</span> <span class='ocrx_word' id='word_1_276' title='bbox 3334 3002 3399 3063; x_wconf 88' lang='lat' dir='ltr'>et</span> <span class='ocrx_word' id='word_1_277' title='bbox 3456 2991 3588 3062; x_wconf 90' lang='lat' dir='ltr'>hoc</span> <span class='ocrx_word' id='word_1_278' title='bbox 3640 3017 3780 3062; x_wconf 92' lang='lat' dir='ltr'>non</span> 
     </span>
     <span class='ocr_line' id='line_1_44' title="bbox 2238 3101 3786 3193; baseline 0 -23"><span class='ocrx_word' id='word_1_279' title='bbox 2238 3102 2649 3186; x_wconf 87' lang='lat' dir='ltr'>conceditur,</span> <span class='ocrx_word' id='word_1_280' title='bbox 2693 3104 2853 3192; x_wconf 89' lang='lat' dir='ltr'>quia</span> <span class='ocrx_word' id='word_1_281' title='bbox 2880 3102 2976 3170; x_wconf 89' lang='lat' dir='ltr'>sic</span> <span class='ocrx_word' id='word_1_282' title='bbox 3013 3101 3100 3170; x_wconf 89' lang='lat' dir='ltr'>ad</span> <span class='ocrx_word' id='word_1_283' title='bbox 3139 3101 3368 3170; x_wconf 85' lang='lat' dir='ltr'>minus</span> <span class='ocrx_word' id='word_1_284' title='bbox 3406 3101 3786 3193; x_wconf 86' lang='lat' dir='ltr'>distingue-</span> 
     </span>
     <span class='ocr_line' id='line_1_45' title="bbox 2238 3209 3782 3302; baseline 0 -24"><span class='ocrx_word' id='word_1_285' title='bbox 2238 3220 2423 3279; x_wconf 88' lang='lat' dir='ltr'>retur</span> <span class='ocrx_word' id='word_1_286' title='bbox 2471 3211 2540 3278; x_wconf 92' lang='lat' dir='ltr'>in</span> <span class='ocrx_word' id='word_1_287' title='bbox 2587 3211 2843 3302; x_wconf 87' lang='lat' dir='ltr'>genito,</span> <span class='ocrx_word' id='word_1_288' title='bbox 2903 3211 3078 3279; x_wconf 91' lang='lat' dir='ltr'>sicut</span> <span class='ocrx_word' id='word_1_289' title='bbox 3133 3212 3425 3280; x_wconf 84' lang='lat' dir='ltr'>essentia</span> <span class='ocrx_word' id='word_1_290' title='bbox 3484 3209 3782 3280; x_wconf 89' lang='lat' dir='ltr'>Socratis</span> 
     </span>
     <span class='ocr_line' id='line_1_46' title="bbox 2240 3318 3782 3411; baseline 0 -25"><span class='ocrx_word' id='word_1_291' title='bbox 2240 3319 2378 3388; x_wconf 88' lang='lat' dir='ltr'>nati</span> <span class='ocrx_word' id='word_1_292' title='bbox 2419 3318 2854 3411; x_wconf 83' lang='lat' dir='ltr'>distinguitur</span> <span class='ocrx_word' id='word_1_293' title='bbox 2879 3320 2949 3387; x_wconf 92' lang='lat' dir='ltr'>in</span> <span class='ocrx_word' id='word_1_294' title='bbox 2982 3320 3155 3411; x_wconf 90' lang='lat' dir='ltr'>ipso,</span> <span class='ocrx_word' id='word_1_295' title='bbox 3190 3319 3258 3387; x_wconf 92' lang='lat' dir='ltr'>in</span> <span class='ocrx_word' id='word_1_296' title='bbox 3299 3328 3633 3411; x_wconf 88' lang='lat' dir='ltr'>quantum</span> <span class='ocrx_word' id='word_1_297' title='bbox 3660 3341 3782 3411; x_wconf 91' lang='lat' dir='ltr'>per</span> 
     </span>
     <span class='ocr_line' id='line_1_47' title="bbox 2239 3428 3777 3521; baseline -0.001 -25"><span class='ocrx_word' id='word_1_298' title='bbox 2239 3428 2748 3518; x_wconf 84' lang='lat' dir='ltr'>generationem</span> <span class='ocrx_word' id='word_1_299' title='bbox 2789 3434 3065 3519; x_wconf 87' lang='lat' dir='ltr'>accepta</span> <span class='ocrx_word' id='word_1_300' title='bbox 3092 3438 3234 3497; x_wconf 82' lang='lat' dir='ltr'>est:</span> <span class='ocrx_word' id='word_1_301' title='bbox 3268 3451 3433 3521; x_wconf 89' lang='lat' dir='ltr'>ergo</span> <span class='ocrx_word' id='word_1_302' title='bbox 3464 3430 3593 3497; x_wconf 89' lang='lat' dir='ltr'>erit</span> <span class='ocrx_word' id='word_1_303' title='bbox 3609 3428 3777 3496; x_wconf 84' lang='lat' dir='ltr'>sub·-</span> 
     </span>
     <span class='ocr_line' id='line_1_48' title="bbox 2232 3532 3782 3625; baseline 0.001 -23"><span class='ocrx_word' id='word_1_304' title='bbox 2232 3532 2509 3622; x_wconf 88' lang='lat' dir='ltr'>jicibilis</span> <span class='ocrx_word' id='word_1_305' title='bbox 2572 3535 2992 3625; x_wconf 87' lang='lat' dir='ltr'>generationi</span> <span class='ocrx_word' id='word_1_306' title='bbox 3048 3556 3065 3605; x_wconf 72' lang='grc' dir='ltr'>ε</span> <span class='ocrx_word' id='word_1_307' title='bbox 3119 3534 3237 3605; x_wconf 91' lang='lat' dir='ltr'>sed</span> <span class='ocrx_word' id='word_1_308' title='bbox 3289 3557 3494 3604; x_wconf 88' lang='lat' dir='ltr'>omne</span> <span class='ocrx_word' id='word_1_309' title='bbox 3543 3535 3782 3624; x_wconf 86' lang='lat' dir='ltr'>subje-</span> 
     </span>
     <span class='ocr_line' id='line_1_49' title="bbox 2241 3644 3790 3736; baseline 0.001 -24"><span class='ocrx_word' id='word_1_310' title='bbox 2241 3652 2420 3712; x_wconf 87' lang='lat' dir='ltr'>ctum</span> <span class='ocrx_word' id='word_1_311' title='bbox 2454 3645 2907 3735; x_wconf 88' lang='lat' dir='ltr'>generationis</span> <span class='ocrx_word' id='word_1_312' title='bbox 2962 3645 3033 3729; x_wconf 83' lang='lat' dir='ltr'>in</span> <span class='ocrx_word' id='word_1_313' title='bbox 3079 3644 3311 3736; x_wconf 90' lang='lat' dir='ltr'>genito</span> <span class='ocrx_word' id='word_1_314' title='bbox 3351 3644 3790 3736; x_wconf 78' lang='lat' dir='ltr'>distinguitur</span> 
     </span>
     <span class='ocr_line' id='line_1_50' title="bbox 2243 3751 3786 3844; baseline 0.002 -27"><span class='ocrx_word' id='word_1_315' title='bbox 2243 3773 2362 3841; x_wconf 87' lang='lat' dir='ltr'>per</span> <span class='ocrx_word' id='word_1_316' title='bbox 2397 3751 2684 3819; x_wconf 81' lang='lat' dir='ltr'>sormam</span> <span class='ocrx_word' id='word_1_317' title='bbox 2715 3752 2924 3842; x_wconf 87' lang='lat' dir='ltr'>geniti</span> <span class='ocrx_word' id='word_1_318' title='bbox 2959 3773 2975 3818; x_wconf 74' lang='grc' dir='ltr'><em>τ</em></span> <span class='ocrx_word' id='word_1_319' title='bbox 3011 3773 3176 3844; x_wconf 92' lang='lat' dir='ltr'>ergo</span> <span class='ocrx_word' id='word_1_320' title='bbox 3216 3754 3511 3821; x_wconf 83' lang='lat' dir='ltr'>essentia</span> <span class='ocrx_word' id='word_1_321' title='bbox 3538 3752 3786 3821; x_wconf 87' lang='lat' dir='ltr'>distin-</span> 
     </span>
     <span class='ocr_line' id='line_1_51' title="bbox 2241 3855 3784 3949; baseline 0.003 -26"><span class='ocrx_word' id='word_1_322' title='bbox 2241 3857 2474 3946; x_wconf 88' lang='lat' dir='ltr'>guitur</span> <span class='ocrx_word' id='word_1_323' title='bbox 2525 3857 2595 3923; x_wconf 93' lang='lat' dir='ltr'>in</span> <span class='ocrx_word' id='word_1_324' title='bbox 2652 3855 2822 3924; x_wconf 83' lang='lat' dir='ltr'>Filio</span> <span class='ocrx_word' id='word_1_325' title='bbox 2887 3856 3299 3947; x_wconf 88' lang='lat' dir='ltr'>proprietate</span> <span class='ocrx_word' id='word_1_326' title='bbox 3364 3856 3542 3937; x_wconf 87' lang='lat' dir='ltr'>Filii,</span> <span class='ocrx_word' id='word_1_327' title='bbox 3601 3858 3784 3949; x_wconf 91' lang='lat' dir='ltr'>quod</span> 
     </span>
     <span class='ocr_line' id='line_1_52' title="bbox 2242 3960 3779 4055; baseline 0.003 -27"><span class='ocrx_word' id='word_1_328' title='bbox 2242 3960 2484 4029; x_wconf 76' lang='lat' dir='ltr'>salsum</span> <span class='ocrx_word' id='word_1_329' title='bbox 2525 3971 2683 4031; x_wconf 86' lang='lat' dir='ltr'>est:</span> <span class='ocrx_word' id='word_1_330' title='bbox 2754 3984 2919 4052; x_wconf 88' lang='lat' dir='ltr'>ergo</span> <span class='ocrx_word' id='word_1_331' title='bbox 2966 3961 3238 4031; x_wconf 88' lang='lat' dir='ltr'>videtur</span> <span class='ocrx_word' id='word_1_332' title='bbox 3293 3962 3479 4054; x_wconf 88' lang='lat' dir='ltr'>quod</span> <span class='ocrx_word' id='word_1_333' title='bbox 3543 3962 3616 4055; x_wconf 85' lang='lat' dir='ltr'>ly</span> <span class='ocrx_word' id='word_1_334' title='bbox 3670 3988 3779 4044; x_wconf 72' lang='lat' dir='ltr'>ex,</span> 
     </span>
     <span class='ocr_line' id='line_1_53' title="bbox 2241 4068 3785 4159; baseline 0.003 -24"><span class='ocrx_word' id='word_1_335' title='bbox 2241 4068 2496 4137; x_wconf 88' lang='lat' dir='ltr'>nullam</span> <span class='ocrx_word' id='word_1_336' title='bbox 2559 4072 2770 4159; x_wconf 86' lang='lat' dir='ltr'>possit</span> <span class='ocrx_word' id='word_1_337' title='bbox 2812 4078 3049 4137; x_wconf 86' lang='lat' dir='ltr'>notare</span> <span class='ocrx_word' id='word_1_338' title='bbox 3093 4068 3564 4139; x_wconf 85' lang='lat' dir='ltr'>habitudinem</span> <span class='ocrx_word' id='word_1_339' title='bbox 3615 4094 3785 4139; x_wconf 91' lang='lat' dir='ltr'>cau-</span> 
     </span>
     <span class='ocr_line' id='line_1_54' title="bbox 2238 4198 2355 4245; baseline 0.017 -2"><span class='ocrx_word' id='word_1_340' title='bbox 2238 4198 2355 4245; x_wconf 65' lang='lat' dir='ltr'>sa».</span> 
     </span>
    </p>

    <p class='ocr_par' dir='ltr' id='par_1_16' title="bbox 2231 4292 3782 5574">
     <span class='ocr_line' id='line_1_55' title="bbox 2326 4292 3782 4388; baseline 0.003 -27"><span class='ocrx_word' id='word_1_341' title='bbox 2326 4296 2391 4361; x_wconf 79' lang='lat'>2.</span> <span class='ocrx_word' id='word_1_342' title='bbox 2426 4292 2783 4374; x_wconf 77' lang='lat' dir='ltr'>Praeterea,</span> <span class='ocrx_word' id='word_1_343' title='bbox 2826 4293 3193 4373; x_wconf 84' lang='lat' dir='ltr'>Quaeritur,</span> <span class='ocrx_word' id='word_1_344' title='bbox 3240 4316 3364 4384; x_wconf 91' lang='lat' dir='ltr'>pro</span> <span class='ocrx_word' id='word_1_345' title='bbox 3422 4317 3558 4386; x_wconf 87' lang='lat' dir='ltr'>quo</span> <span class='ocrx_word' id='word_1_346' title='bbox 3613 4319 3782 4388; x_wconf 89' lang='lat' dir='ltr'>sup-</span> 
     </span>
     <span class='ocr_line' id='line_1_56' title="bbox 2238 4398 3778 4492; baseline 0.003 -22"><span class='ocrx_word' id='word_1_347' title='bbox 2238 4402 2430 4492; x_wconf 90' lang='lat' dir='ltr'>ponit</span> <span class='ocrx_word' id='word_1_348' title='bbox 2472 4401 2562 4469; x_wconf 90' lang='lat' dir='ltr'>ibi</span> <span class='ocrx_word' id='word_1_349' title='bbox 2587 4400 2974 4470; x_wconf 78' lang='lat' dir='ltr'>substantia</span> <span class='ocrx_word' id='word_1_350' title='bbox 3008 4398 3051 4469; x_wconf 83' lang='lat'><strong><em>?</em></strong></span> <span class='ocrx_word' id='word_1_351' title='bbox 3088 4409 3206 4470; x_wconf 90' lang='lat' dir='ltr'>aut</span> <span class='ocrx_word' id='word_1_352' title='bbox 3243 4403 3427 4471; x_wconf 90' lang='lat' dir='ltr'>enim</span> <span class='ocrx_word' id='word_1_353' title='bbox 3500 4412 3634 4473; x_wconf 90' lang='lat' dir='ltr'>stat</span> <span class='ocrx_word' id='word_1_354' title='bbox 3686 4405 3778 4475; x_wconf 91' lang='lat' dir='ltr'>ibi</span> 
     </span>
     <span class='ocr_line' id='line_1_57' title="bbox 2239 4513 3779 4605; baseline 0.003 -26"><span class='ocrx_word' id='word_1_355' title='bbox 2239 4534 2363 4601; x_wconf 90' lang='lat' dir='ltr'>pro</span> <span class='ocrx_word' id='word_1_356' title='bbox 2402 4520 2666 4591; x_wconf 87' lang='lat' dir='ltr'>natura,</span> <span class='ocrx_word' id='word_1_357' title='bbox 2699 4517 2814 4579; x_wconf 91' lang='lat' dir='ltr'>aut</span> <span class='ocrx_word' id='word_1_358' title='bbox 2841 4534 2964 4603; x_wconf 91' lang='lat' dir='ltr'>pro</span> <span class='ocrx_word' id='word_1_359' title='bbox 2993 4532 3285 4603; x_wconf 90' lang='lat' dir='ltr'>persona</span> <span class='ocrx_word' id='word_1_360' title='bbox 3324 4534 3341 4582; x_wconf 76' lang='lat' dir='ltr'>t</span> <span class='ocrx_word' id='word_1_361' title='bbox 3386 4513 3444 4581; x_wconf 83' lang='lat' dir='ltr'>si</span> <span class='ocrx_word' id='word_1_362' title='bbox 3489 4537 3614 4605; x_wconf 90' lang='lat' dir='ltr'>pro</span> <span class='ocrx_word' id='word_1_363' title='bbox 3654 4538 3779 4583; x_wconf 90' lang='lat' dir='ltr'>na-</span> 
     </span>
     <span class='ocr_line' id='line_1_58' title="bbox 2237 4620 3778 4711; baseline 0.003 -24"><span class='ocrx_word' id='word_1_364' title='bbox 2237 4628 2385 4688; x_wconf 89' lang='lat' dir='ltr'>tura</span> <span class='ocrx_word' id='word_1_365' title='bbox 2414 4627 2481 4688; x_wconf 92' lang='lat' dir='ltr'>et</span> <span class='ocrx_word' id='word_1_366' title='bbox 2510 4621 2745 4710; x_wconf 87' lang='lat' dir='ltr'>recipit</span> <span class='ocrx_word' id='word_1_367' title='bbox 2778 4620 3351 4711; x_wconf 64' lang='lat' dir='ltr'>praepositionem,</span> <span class='ocrx_word' id='word_1_368' title='bbox 3397 4630 3463 4691; x_wconf 92' lang='lat' dir='ltr'>et</span> <span class='ocrx_word' id='word_1_369' title='bbox 3489 4624 3778 4693; x_wconf 85' lang='lat' dir='ltr'>verbum</span> 
     </span>
     <span class='ocr_line' id='line_1_59' title="bbox 2238 4726 3780 4819; baseline 0.003 -24"><span class='ocrx_word' id='word_1_370' title='bbox 2238 4726 2582 4795; x_wconf 90' lang='lat' dir='ltr'>notionale</span> <span class='ocrx_word' id='word_1_371' title='bbox 2621 4726 2808 4817; x_wconf 88' lang='lat' dir='ltr'>quod</span> <span class='ocrx_word' id='word_1_372' title='bbox 2842 4734 2940 4795; x_wconf 90' lang='lat' dir='ltr'>est</span> <span class='ocrx_word' id='word_1_373' title='bbox 2975 4751 3322 4819; x_wconf 75' lang='lat' dir='ltr'>qenerare,</span> <span class='ocrx_word' id='word_1_374' title='bbox 3374 4737 3538 4798; x_wconf 89' lang='lat' dir='ltr'>tunc</span> <span class='ocrx_word' id='word_1_375' title='bbox 3585 4731 3780 4800; x_wconf 78' lang='lat' dir='ltr'>vide-</span> 
     </span>
     <span class='ocr_line' id='line_1_60' title="bbox 2239 4833 3774 4928; baseline 0.005 -26"><span class='ocrx_word' id='word_1_376' title='bbox 2239 4845 2347 4903; x_wconf 91' lang='lat' dir='ltr'>tur</span> <span class='ocrx_word' id='word_1_377' title='bbox 2375 4833 2557 4925; x_wconf 86' lang='lat' dir='ltr'>quod</span> <span class='ocrx_word' id='word_1_378' title='bbox 2596 4843 2833 4902; x_wconf 87' lang='lat' dir='ltr'>natura</span> <span class='ocrx_word' id='word_1_379' title='bbox 2880 4844 2979 4902; x_wconf 91' lang='lat' dir='ltr'>est</span> <span class='ocrx_word' id='word_1_380' title='bbox 3032 4857 3365 4925; x_wconf 86' lang='lat' dir='ltr'>generans</span> <span class='ocrx_word' id='word_1_381' title='bbox 3407 4843 3473 4905; x_wconf 88' lang='lat' dir='ltr'>et</span> <span class='ocrx_word' id='word_1_382' title='bbox 3521 4840 3774 4928; x_wconf 83' lang='lat' dir='ltr'>genita.</span> 
     </span>
     <span class='ocr_line' id='line_1_61' title="bbox 2241 4941 3777 5033; baseline 0.004 -22"><span class='ocrx_word' id='word_1_383' title='bbox 2241 4943 2313 5011; x_wconf 88' lang='lat' dir='ltr'>Si</span> <span class='ocrx_word' id='word_1_384' title='bbox 2372 4950 2598 5010; x_wconf 90' lang='lat' dir='ltr'>autem</span> <span class='ocrx_word' id='word_1_385' title='bbox 2670 4964 2791 5032; x_wconf 90' lang='lat' dir='ltr'>pro</span> <span class='ocrx_word' id='word_1_386' title='bbox 2847 4965 3161 5033; x_wconf 84' lang='lat' dir='ltr'>persona.</span> <span class='ocrx_word' id='word_1_387' title='bbox 3207 4941 3525 5014; x_wconf 62' lang='lat' dir='ltr'>Cos-rna:</span> <span class='ocrx_word' id='word_1_388' title='bbox 3606 4945 3777 5016; x_wconf 91' lang='lat' dir='ltr'>Cum</span> 
     </span>
     <span class='ocr_line' id='line_1_62' title="bbox 2235 5048 3777 5145; baseline 0.005 -30"><span class='ocrx_word' id='word_1_389' title='bbox 2235 5048 2411 5130; x_wconf 85' lang='lat' dir='ltr'>dico,</span> <span class='ocrx_word' id='word_1_390' title='bbox 2457 5048 2658 5116; x_wconf 84' lang='lat' dir='ltr'>Pater</span> <span class='ocrx_word' id='word_1_391' title='bbox 2684 5056 2784 5117; x_wconf 90' lang='lat' dir='ltr'>est</span> <span class='ocrx_word' id='word_1_392' title='bbox 2810 5071 2895 5116; x_wconf 85' lang='lat' dir='ltr'>ex</span> <span class='ocrx_word' id='word_1_393' title='bbox 2959 5049 3334 5118; x_wconf 85' lang='lat' dir='ltr'>substantia</span> <span class='ocrx_word' id='word_1_394' title='bbox 3388 5073 3513 5120; x_wconf 86' lang='lat' dir='ltr'>sua</span> <span class='ocrx_word' id='word_1_395' title='bbox 3575 5076 3777 5145; x_wconf 90' lang='lat' dir='ltr'>gene-</span> 
     </span>
     <span class='ocr_line' id='line_1_63' title="bbox 2236 5157 3775 5251; baseline 0.005 -27"><span class='ocrx_word' id='word_1_396' title='bbox 2236 5179 2392 5225; x_wconf 88' lang='lat' dir='ltr'>rans</span> <span class='ocrx_word' id='word_1_397' title='bbox 2429 5157 2699 5235; x_wconf 83' lang='lat' dir='ltr'>Filium,</span> <span class='ocrx_word' id='word_1_398' title='bbox 2741 5159 3121 5227; x_wconf 86' lang='lat' dir='ltr'>substantia</span> <span class='ocrx_word' id='word_1_399' title='bbox 3150 5157 3310 5228; x_wconf 87' lang='lat' dir='ltr'>dicit</span> <span class='ocrx_word' id='word_1_400' title='bbox 3336 5160 3520 5251; x_wconf 90' lang='lat' dir='ltr'>quod</span> <span class='ocrx_word' id='word_1_401' title='bbox 3572 5171 3673 5231; x_wconf 90' lang='lat' dir='ltr'>est</span> <span class='ocrx_word' id='word_1_402' title='bbox 3706 5164 3775 5231; x_wconf 92' lang='lat' dir='ltr'>in</span> 
     </span>
     <span class='ocr_line' id='line_1_64' title="bbox 2235 5266 3772 5363; baseline 0.006 -32"><span class='ocrx_word' id='word_1_403' title='bbox 2235 5273 2545 5357; x_wconf 89' lang='lat' dir='ltr'>utroque,</span> <span class='ocrx_word' id='word_1_404' title='bbox 2588 5266 2839 5334; x_wconf 89' lang='lat' dir='ltr'>scilicet</span> <span class='ocrx_word' id='word_1_405' title='bbox 2902 5275 3292 5357; x_wconf 88' lang='lat' dir='ltr'>generante,</span> <span class='ocrx_word' id='word_1_406' title='bbox 3352 5277 3420 5338; x_wconf 89' lang='lat' dir='ltr'>et</span> <span class='ocrx_word' id='word_1_407' title='bbox 3481 5273 3711 5363; x_wconf 88' lang='lat' dir='ltr'>genito</span> <span class='ocrx_word' id='word_1_408' title='bbox 3735 5292 3772 5340; x_wconf 82' lang='lat'>·:</span> 
     </span>
     <span class='ocr_line' id='line_1_65' title="bbox 2234 5372 3775 5468; baseline 0.005 -27"><span class='ocrx_word' id='word_1_409' title='bbox 2234 5373 2351 5441; x_wconf 89' lang='lat' dir='ltr'>sed</span> <span class='ocrx_word' id='word_1_410' title='bbox 2380 5372 2510 5442; x_wconf 90' lang='lat' dir='ltr'>hoc</span> <span class='ocrx_word' id='word_1_411' title='bbox 2549 5397 2685 5442; x_wconf 90' lang='lat' dir='ltr'>non</span> <span class='ocrx_word' id='word_1_412' title='bbox 2724 5382 2827 5442; x_wconf 89' lang='lat' dir='ltr'>est</span> <span class='ocrx_word' id='word_1_413' title='bbox 2849 5396 3141 5465; x_wconf 89' lang='lat' dir='ltr'>persona</span> <span class='ocrx_word' id='word_1_414' title='bbox 3177 5373 3400 5445; x_wconf 86' lang='lat' dir='ltr'>Patris</span> <span class='ocrx_word' id='word_1_415' title='bbox 3441 5399 3460 5448; x_wconf 69' lang='grc' dir='ltr'><strong>ε</strong></span> <span class='ocrx_word' id='word_1_416' title='bbox 3506 5379 3668 5468; x_wconf 91' lang='lat' dir='ltr'>quia</span> <span class='ocrx_word' id='word_1_417' title='bbox 3704 5379 3775 5448; x_wconf 91' lang='lat' dir='ltr'>in</span> 
     </span>
     <span class='ocr_line' id='line_1_66' title="bbox 2231 5480 3768 5574; baseline 0.007 -25"><span class='ocrx_word' id='word_1_418' title='bbox 2231 5503 2523 5574; x_wconf 89' lang='lat' dir='ltr'>persona</span> <span class='ocrx_word' id='word_1_419' title='bbox 2560 5480 2759 5551; x_wconf 88' lang='lat' dir='ltr'>Pater</span> <span class='ocrx_word' id='word_1_420' title='bbox 2792 5490 2862 5552; x_wconf 87' lang='lat' dir='ltr'>et</span> <span class='ocrx_word' id='word_1_421' title='bbox 2895 5480 3107 5551; x_wconf 86' lang='lat' dir='ltr'>Filius</span> <span class='ocrx_word' id='word_1_422' title='bbox 3151 5505 3291 5553; x_wconf 89' lang='lat' dir='ltr'>non</span> <span class='ocrx_word' id='word_1_423' title='bbox 3317 5493 3477 5554; x_wconf 86' lang='lat' dir='ltr'>sunt</span> <span class='ocrx_word' id='word_1_424' title='bbox 3502 5509 3720 5556; x_wconf 89' lang='lat' dir='ltr'>unum</span> <span class='ocrx_word' id='word_1_425' title='bbox 3749 5508 3768 5560; x_wconf 71' lang='grc' dir='ltr'><strong><em>ε</em></strong></span> 
     </span>
    </p>
   </div>
   <div class='ocr_carea' id='block_1_16' title="bbox 1028 3008 1676 3082">
    <p class='ocr_par' dir='ltr' id='par_1_17' title="bbox 1028 3008 1676 3082">
     <span class='ocr_line' id='line_1_67' title="bbox 1028 3008 1676 3082; baseline 0.009 -6"><span class='ocrx_word' id='word_1_426' title='bbox 1028 3008 1537 3081; x_wconf 82' lang='lat' dir='ltr'>ARTICULUS</span> <span class='ocrx_word' id='word_1_427' title='bbox 1587 3010 1676 3082; x_wconf 90' lang='lat'>11.</span> 
     </span>
    </p>
   </div>
   <div class='ocr_carea' id='block_1_17' title="bbox 982 3223 1747 3315">
    <p class='ocr_par' dir='ltr' id='par_1_18' title="bbox 982 3223 1747 3315">
     <span class='ocr_line' id='line_1_68' title="bbox 982 3223 1747 3315; baseline 0.005 -26"><span class='ocrx_word' id='word_1_428' title='bbox 982 3223 1172 3308; x_wconf 79' lang='lat' dir='ltr'>Quid</span> <span class='ocrx_word' id='word_1_429' title='bbox 1202 3226 1294 3291; x_wconf 79' lang='lat' dir='ltr'>sil</span> <span class='ocrx_word' id='word_1_430' title='bbox 1325 3227 1680 3315; x_wconf 64' lang='lat' dir='ltr'>generatio</span> <span class='ocrx_word' id='word_1_431' title='bbox 1707 3226 1747 3293; x_wconf 86' lang='lat'><em>?</em></span> 
     </span>
    </p>
   </div>
   <div class='ocr_carea' id='block_1_18' title="bbox 583 3532 2141 4462">
    <p class='ocr_par' dir='ltr' id='par_1_19' title="bbox 583 3532 2141 4462">
     <span class='ocr_line' id='line_1_69' title="bbox 677 3532 2135 3633; baseline 0.008 -32"><span class='ocrx_word' id='word_1_432' title='bbox 677 3532 815 3602; x_wconf 87' lang='lat' dir='ltr'>Sed</span> <span class='ocrx_word' id='word_1_433' title='bbox 900 3533 1012 3604; x_wconf 89' lang='lat' dir='ltr'>hic</span> <span class='ocrx_word' id='word_1_434' title='bbox 1068 3536 1304 3605; x_wconf 89' lang='lat' dir='ltr'>incidit</span> <span class='ocrx_word' id='word_1_435' title='bbox 1389 3538 1747 3629; x_wconf 83' lang='lat' dir='ltr'>multiplex</span> <span class='ocrx_word' id='word_1_436' title='bbox 1823 3545 2135 3633; x_wconf 80' lang='lat' dir='ltr'>quoestio.</span> 
     </span>
     <span class='ocr_line' id='line_1_70' title="bbox 590 3641 2141 3742; baseline 0.009 -35"><span class='ocrx_word' id='word_1_437' title='bbox 590 3641 938 3720; x_wconf 78' lang='lat' dir='ltr'>Quaeritur</span> <span class='ocrx_word' id='word_1_438' title='bbox 966 3645 1146 3712; x_wconf 89' lang='lat' dir='ltr'>enim</span> <span class='ocrx_word' id='word_1_439' title='bbox 1172 3647 1421 3736; x_wconf 87' lang='lat' dir='ltr'>primo,</span> <span class='ocrx_word' id='word_1_440' title='bbox 1447 3648 1609 3739; x_wconf 88' lang='lat' dir='ltr'>quid</span> <span class='ocrx_word' id='word_1_441' title='bbox 1628 3650 1713 3717; x_wconf 85' lang='lat' dir='ltr'>sit</span> <span class='ocrx_word' id='word_1_442' title='bbox 1742 3654 2087 3742; x_wconf 88' lang='lat' dir='ltr'>generatio</span> <span class='ocrx_word' id='word_1_443' title='bbox 2105 3654 2141 3721; x_wconf 83' lang='lat'><strong>?</strong></span> 
     </span>
     <span class='ocr_line' id='line_1_71' title="bbox 590 3746 2141 3843; baseline 0.008 -28"><span class='ocrx_word' id='word_1_444' title='bbox 590 3746 937 3832; x_wconf 86' lang='lat' dir='ltr'>Secundo,</span> <span class='ocrx_word' id='word_1_445' title='bbox 989 3774 1075 3819; x_wconf 89' lang='lat' dir='ltr'>an</span> <span class='ocrx_word' id='word_1_446' title='bbox 1124 3755 1476 3843; x_wconf 89' lang='lat' dir='ltr'>generatio</span> <span class='ocrx_word' id='word_1_447' title='bbox 1524 3759 1883 3826; x_wconf 77' lang='lat' dir='ltr'>conveniat</span> <span class='ocrx_word' id='word_1_448' title='bbox 1934 3759 2141 3827; x_wconf 83' lang='lat' dir='ltr'>Deo?</span> 
     </span>
     <span class='ocr_line' id='line_1_72' title="bbox 587 3857 2139 3958; baseline 0.009 -36"><span class='ocrx_word' id='word_1_449' title='bbox 587 3857 747 3946; x_wconf 90' lang='lat' dir='ltr'>quia</span> <span class='ocrx_word' id='word_1_450' title='bbox 778 3858 833 3926; x_wconf 87' lang='lat' dir='ltr'>si</span> <span class='ocrx_word' id='word_1_451' title='bbox 875 3880 1014 3927; x_wconf 89' lang='lat' dir='ltr'>non</span> <span class='ocrx_word' id='word_1_452' title='bbox 1046 3863 1392 3940; x_wconf 81' lang='lat' dir='ltr'>convenit,</span> <span class='ocrx_word' id='word_1_453' title='bbox 1422 3871 1585 3932; x_wconf 90' lang='lat' dir='ltr'>tunc</span> <span class='ocrx_word' id='word_1_454' title='bbox 1614 3864 1802 3934; x_wconf 89' lang='lat' dir='ltr'>nulla</span> <span class='ocrx_word' id='word_1_455' title='bbox 1828 3875 1930 3935; x_wconf 86' lang='lat' dir='ltr'>est</span> <span class='ocrx_word' id='word_1_456' title='bbox 1958 3890 2139 3958; x_wconf 84' lang='lat' dir='ltr'>quae·</span> 
     </span>
     <span class='ocr_line' id='line_1_73' title="bbox 587 3961 2135 4064; baseline 0.008 -35"><span class='ocrx_word' id='word_1_457' title='bbox 587 3963 718 4030; x_wconf 89' lang='lat' dir='ltr'>stio</span> <span class='ocrx_word' id='word_1_458' title='bbox 771 3961 1106 4056; x_wconf 85' lang='lat' dir='ltr'>Magistri.</span> <span class='ocrx_word' id='word_1_459' title='bbox 1164 3965 1422 4046; x_wconf 85' lang='lat' dir='ltr'>Tertio,</span> <span class='ocrx_word' id='word_1_460' title='bbox 1484 3978 1713 4039; x_wconf 91' lang='lat' dir='ltr'>utrum</span> <span class='ocrx_word' id='word_1_461' title='bbox 1765 3994 1888 4062; x_wconf 89' lang='lat' dir='ltr'>per</span> <span class='ocrx_word' id='word_1_462' title='bbox 1948 3974 2135 4064; x_wconf 86' lang='lat' dir='ltr'>prius</span> 
     </span>
     <span class='ocr_line' id='line_1_74' title="bbox 586 4070 2135 4157; baseline 0.008 -20"><span class='ocrx_word' id='word_1_463' title='bbox 586 4071 951 4139; x_wconf 73' lang='lat' dir='ltr'>conveniat</span> <span class='ocrx_word' id='word_1_464' title='bbox 992 4070 1137 4141; x_wconf 90' lang='lat' dir='ltr'>Deo</span> <span class='ocrx_word' id='word_1_465' title='bbox 1184 4073 1294 4142; x_wconf 81' lang='lat' dir='ltr'>vel</span> <span class='ocrx_word' id='word_1_466' title='bbox 1333 4078 1713 4145; x_wconf 78' lang='lat' dir='ltr'>creaturae?</span> <span class='ocrx_word' id='word_1_467' title='bbox 1761 4078 2019 4157; x_wconf 88' lang='lat' dir='ltr'>Quarto</span> <span class='ocrx_word' id='word_1_468' title='bbox 2052 4079 2135 4149; x_wconf 89' lang='lat' dir='ltr'>de</span> 
     </span>
     <span class='ocr_line' id='line_1_75' title="bbox 585 4181 2139 4279; baseline 0.007 -34"><span class='ocrx_word' id='word_1_469' title='bbox 585 4181 1180 4268; x_wconf 87' lang='lat' dir='ltr'>argumentatione</span> <span class='ocrx_word' id='word_1_470' title='bbox 1211 4205 1417 4273; x_wconf 88' lang='lat' dir='ltr'>quam</span> <span class='ocrx_word' id='word_1_471' title='bbox 1451 4182 1560 4251; x_wconf 89' lang='lat' dir='ltr'>hic</span> <span class='ocrx_word' id='word_1_472' title='bbox 1589 4185 1785 4274; x_wconf 89' lang='lat' dir='ltr'>ponit</span> <span class='ocrx_word' id='word_1_473' title='bbox 1819 4185 2139 4279; x_wconf 84' lang='lat' dir='ltr'>Magister</span> 
     </span>
     <span class='ocr_line' id='line_1_76' title="bbox 587 4284 2134 4382; baseline 0.008 -30"><span class='ocrx_word' id='word_1_474' title='bbox 587 4294 655 4352; x_wconf 91' lang='lat' dir='ltr'>et</span> <span class='ocrx_word' id='word_1_475' title='bbox 684 4284 913 4366; x_wconf 86' lang='lat' dir='ltr'>solvit,</span> <span class='ocrx_word' id='word_1_476' title='bbox 975 4296 1206 4356; x_wconf 91' lang='lat' dir='ltr'>utrum</span> <span class='ocrx_word' id='word_1_477' title='bbox 1266 4288 1515 4359; x_wconf 88' lang='lat' dir='ltr'>habeat</span> <span class='ocrx_word' id='word_1_478' title='bbox 1571 4314 1961 4382; x_wconf 86' lang='lat' dir='ltr'>processum</span> <span class='ocrx_word' id='word_1_479' title='bbox 2027 4295 2134 4364; x_wconf 81' lang='lat' dir='ltr'>vel</span> 
     </span>
     <span class='ocr_line' id='line_1_77' title="bbox 583 4395 785 4462; baseline 0.005 -2"><span class='ocrx_word' id='word_1_480' title='bbox 583 4395 785 4462; x_wconf 83' lang='lat' dir='ltr'>non?</span> 
     </span>
    </p>
   </div>
   <div class='ocr_carea' id='block_1_19' title="bbox 576 4605 2135 5561">
    <p class='ocr_par' dir='ltr' id='par_1_20' title="bbox 674 4605 1778 4702">
     <span class='ocr_line' id='line_1_78' title="bbox 674 4605 1778 4702; baseline 0.008 -28"><span class='ocrx_word' id='word_1_481' title='bbox 674 4605 879 4676; x_wconf 71' lang='lat' dir='ltr'>Ciam</span> <span class='ocrx_word' id='word_1_482' title='bbox 920 4632 1176 4678; x_wconf 68' lang='lat' dir='ltr'>ramum</span> <span class='ocrx_word' id='word_1_483' title='bbox 1215 4612 1609 4702; x_wconf 88' lang='lat' dir='ltr'>proceditur</span> <span class='ocrx_word' id='word_1_484' title='bbox 1635 4614 1778 4683; x_wconf 85' lang='lat' dir='ltr'>sic:</span> 
     </span>
    </p>

    <p class='ocr_par' dir='ltr' id='par_1_21' title="bbox 576 4714 2135 5561">
     <span class='ocr_line' id='line_1_79' title="bbox 670 4714 2134 4813; baseline 0.008 -30"><span class='ocrx_word' id='word_1_485' title='bbox 670 4714 851 4786; x_wconf 90' lang='lat' dir='ltr'>Dicit</span> <span class='ocrx_word' id='word_1_486' title='bbox 896 4717 1361 4790; x_wconf 85' lang='lat' dir='ltr'>Damascenus</span> <span class='ocrx_word' id='word_1_487' title='bbox 1411 4721 1836 4813; x_wconf 60' lang='lat' dir='ltr'>:JGeneratio</span> <span class='ocrx_word' id='word_1_488' title='bbox 1885 4734 2010 4810; x_wconf 82' lang='lat' dir='ltr'>est,</span> <span class='ocrx_word' id='word_1_489' title='bbox 2050 4748 2134 4795; x_wconf 82' lang='lat' dir='ltr'>ex</span> 
     </span>
     <span class='ocr_line' id='line_1_80' title="bbox 580 4824 2135 4925; baseline 0.008 -35"><span class='ocrx_word' id='word_1_490' title='bbox 580 4824 960 4894; x_wconf 90' lang='lat' dir='ltr'>substantia</span> <span class='ocrx_word' id='word_1_491' title='bbox 1009 4830 1401 4919; x_wconf 89' lang='lat' dir='ltr'>generantis</span> <span class='ocrx_word' id='word_1_492' title='bbox 1450 4830 1730 4922; x_wconf 89' lang='lat' dir='ltr'>produci</span> <span class='ocrx_word' id='word_1_493' title='bbox 1780 4833 1959 4923; x_wconf 87' lang='lat' dir='ltr'>quod</span> <span class='ocrx_word' id='word_1_494' title='bbox 2012 4858 2135 4925; x_wconf 87' lang='lat' dir='ltr'>ge-</span> 
     </span>
     <span class='ocr_line' id='line_1_81' title="bbox 580 4936 2125 5010; baseline 0.006 -9"><span class='ocrx_word' id='word_1_495' title='bbox 580 4943 858 5003; x_wconf 90' lang='lat' dir='ltr'>neratur</span> <span class='ocrx_word' id='word_1_496' title='bbox 905 4936 1128 5006; x_wconf 91' lang='lat' dir='ltr'>simile</span> <span class='ocrx_word' id='word_1_497' title='bbox 1168 4938 1546 5007; x_wconf 91' lang='lat' dir='ltr'>secundum</span> <span class='ocrx_word' id='word_1_498' title='bbox 1590 4940 2034 5010; x_wconf 87' lang='lat' dir='ltr'>substantiam</span> <span class='ocrx_word' id='word_1_499' title='bbox 2083 4946 2125 5010; x_wconf 89' lang='lat'>¹.</span> 
     </span>
     <span class='ocr_line' id='line_1_82' title="bbox 576 5040 2130 5138; baseline 0.007 -31"><span class='ocrx_word' id='word_1_500' title='bbox 576 5040 805 5109; x_wconf 79' lang='lat' dir='ltr'>Aliam</span> <span class='ocrx_word' id='word_1_501' title='bbox 855 5041 1326 5115; x_wconf 77' lang='lat' dir='ltr'>definitionem</span> <span class='ocrx_word' id='word_1_502' title='bbox 1374 5049 1831 5138; x_wconf 82' lang='lat' dir='ltr'>generationis</span> <span class='ocrx_word' id='word_1_503' title='bbox 1887 5048 2130 5118; x_wconf 79' lang='lat' dir='ltr'>divinae</span> 
     </span>
     <span class='ocr_line' id='line_1_83' title="bbox 577 5147 2127 5245; baseline 0.006 -31"><span class='ocrx_word' id='word_1_504' title='bbox 577 5147 693 5215; x_wconf 89' lang='lat' dir='ltr'>dat</span> <span class='ocrx_word' id='word_1_505' title='bbox 750 5147 931 5217; x_wconf 88' lang='lat' dir='ltr'>idem</span> <span class='ocrx_word' id='word_1_506' title='bbox 1000 5152 1096 5219; x_wconf 91' lang='lat' dir='ltr'>sic</span> <span class='ocrx_word' id='word_1_507' title='bbox 1155 5173 1171 5219; x_wconf 90' lang='lat'>:</span> <span class='ocrx_word' id='word_1_508' title='bbox 1236 5152 1600 5222; x_wconf 88' lang='lat' dir='ltr'>Generatio</span> <span class='ocrx_word' id='word_1_509' title='bbox 1659 5154 1933 5245; x_wconf 87' lang='lat' dir='ltr'>quidem</span> <span class='ocrx_word' id='word_1_510' title='bbox 1983 5157 2127 5223; x_wconf 81' lang='lat' dir='ltr'>sine.</span> 
     </span>
     <span class='ocr_line' id='line_1_84' title="bbox 581 5254 2128 5351; baseline 0.006 -31"><span class='ocrx_word' id='word_1_511' title='bbox 581 5254 917 5344; x_wconf 89' lang='lat' dir='ltr'>principio</span> <span class='ocrx_word' id='word_1_512' title='bbox 958 5263 1024 5324; x_wconf 92' lang='lat' dir='ltr'>et</span> <span class='ocrx_word' id='word_1_513' title='bbox 1063 5265 1317 5327; x_wconf 79' lang='lat' dir='ltr'>aeterna</span> <span class='ocrx_word' id='word_1_514' title='bbox 1364 5268 1624 5329; x_wconf 84' lang='lat' dir='ltr'>naturae</span> <span class='ocrx_word' id='word_1_515' title='bbox 1657 5282 1830 5351; x_wconf 88' lang='lat' dir='ltr'>opus</span> <span class='ocrx_word' id='word_1_516' title='bbox 1885 5270 2010 5343; x_wconf 91' lang='lat' dir='ltr'>est,</span> <span class='ocrx_word' id='word_1_517' title='bbox 2062 5271 2128 5330; x_wconf 95' lang='lat' dir='ltr'>et</span> 
     </span>
     <span class='ocr_line' id='line_1_85' title="bbox 580 5361 2128 5461; baseline 0.005 -30"><span class='ocrx_word' id='word_1_518' title='bbox 580 5385 666 5431; x_wconf 84' lang='lat' dir='ltr'>ex</span> <span class='ocrx_word' id='word_1_519' title='bbox 694 5361 1074 5433; x_wconf 88' lang='lat' dir='ltr'>substantia</span> <span class='ocrx_word' id='word_1_520' title='bbox 1106 5367 1252 5456; x_wconf 87' lang='lat' dir='ltr'>ejus</span> <span class='ocrx_word' id='word_1_521' title='bbox 1280 5367 1580 5458; x_wconf 81' lang='lat' dir='ltr'>prosecta</span> <span class='ocrx_word' id='word_1_522' title='bbox 1614 5392 1633 5437; x_wconf 74' lang='grc' dir='ltr'><strong><em>ε</em></strong></span> <span class='ocrx_word' id='word_1_523' title='bbox 1667 5372 1760 5438; x_wconf 90' lang='lat' dir='ltr'>ita</span> <span class='ocrx_word' id='word_1_524' title='bbox 1806 5377 1882 5437; x_wconf 93' lang='lat' dir='ltr'>ut</span> <span class='ocrx_word' id='word_1_525' title='bbox 1919 5371 1974 5437; x_wconf 85' lang='lat' dir='ltr'>is</span> <span class='ocrx_word' id='word_1_526' title='bbox 2012 5372 2128 5461; x_wconf 90' lang='lat' dir='ltr'>qui</span> 
     </span>
     <span class='ocr_line' id='line_1_86' title="bbox 578 5473 2125 5561; baseline 0.005 -24"><span class='ocrx_word' id='word_1_527' title='bbox 578 5479 885 5561; x_wconf 88' lang='lat' dir='ltr'>generat,</span> <span class='ocrx_word' id='word_1_528' title='bbox 936 5473 1386 5543; x_wconf 88' lang='lat' dir='ltr'>mutationem</span> <span class='ocrx_word' id='word_1_529' title='bbox 1430 5498 1571 5545; x_wconf 89' lang='lat' dir='ltr'>non</span> <span class='ocrx_word' id='word_1_530' title='bbox 1610 5475 1850 5546; x_wconf 86' lang='lat' dir='ltr'>subeat</span> <span class='ocrx_word' id='word_1_531' title='bbox 1892 5476 2125 5561; x_wconf 87' lang='lat' dir='ltr'>ullam,</span> 
     </span>
    </p>
   </div>
   <div class='ocr_carea' id='block_1_20' title="bbox 646 5704 1946 5788">
    <p class='ocr_par' dir='ltr' id='par_1_22' title="bbox 646 5704 1946 5788">
     <span class='ocr_line' id='line_1_87' title="bbox 646 5704 1946 5788; baseline 0.007 -26"><span class='ocrx_word' id='word_1_532' title='bbox 646 5705 667 5746; x_wconf 80' lang='lat'>¹</span> <span class='ocrx_word' id='word_1_533' title='bbox 696 5704 755 5762; x_wconf 88' lang='lat' dir='ltr'>S.</span> <span class='ocrx_word' id='word_1_534' title='bbox 782 5704 1032 5765; x_wconf 63' lang='lat' dir='ltr'>lomus</span> <span class='ocrx_word' id='word_1_535' title='bbox 1066 5708 1459 5781; x_wconf 60' lang='lat' dir='ltr'>nauseans,</span> <span class='ocrx_word' id='word_1_536' title='bbox 1495 5710 1619 5769; x_wconf 82' lang='lat' dir='ltr'>Lib.</span> <span class='ocrx_word' id='word_1_537' title='bbox 1651 5712 1703 5783; x_wconf 87' lang='lat'>1,</span> <span class='ocrx_word' id='word_1_538' title='bbox 1735 5729 1865 5788; x_wconf 85' lang='lat' dir='ltr'>cap.</span> <span class='ocrx_word' id='word_1_539' title='bbox 1894 5713 1946 5772; x_wconf 84' lang='grc'>8.</span> 
     </span>
    </p>
   </div>
   <div class='ocr_carea' id='block_1_21' title="bbox 3873 748 4104 807">
    <p class='ocr_par' dir='ltr' id='par_1_23' title="bbox 3873 748 4104 807">
     <span class='ocr_line' id='line_1_88' title="bbox 3873 748 4104 807; baseline 0.009 -9"><span class='ocrx_word' id='word_1_540' title='bbox 3873 748 4104 807; x_wconf 78' lang='lat' dir='ltr'>objectio.</span> 
     </span>
    </p>
   </div>
  </div>
 </body>
</html>
