4897 6388
631 348 761 441 iso
1190 449 1194 453 ,
1629 376 1715 445 D.
1739 353 1744 358 ’
1769 367 1966 443 ALss.
2007 351 2237 442 MAG.-
2299 339 2506 442 om).
2537 361 2861 476 JPRAED.
2998 359 3005 395 ³

1451 877 1545 951 N.
1581 877 2154 974 Determinattfo
2174 878 2463 977 primae
2496 835 2999 954 auctor-iconis.

729 1219 922 1295 Cum
955 1243 1137 1318 ergo
1181 1222 1276 1296 ab
1307 1211 1671 1319 Apostolo
1706 1207 1986 1296 dicitur
2016 1221 2348 1296 charitas
2378 1217 2522 1295 Dei
2564 1206 2887 1294 diffundi
2928 1220 3007 1294 in
3065 1215 3433 1296 sordibus
3465 1215 3743 1292 nostris
3783 1215 3831 1309 ¹,

628 1376 785 1432 non
819 1366 935 1433 est
964 1349 1164 1433 diota
1202 1357 1535 1432 charitas
1573 1351 1714 1434 Dei
1749 1373 1899 1456 qua
1933 1349 2181 1456 diligit
2221 1369 2384 1445 nrm,
2426 1352 2561 1433 sed
2603 1345 2975 1457 qua'saoit
3014 1343 3157 1433 nos
3187 1347 3538 1455 diligere,
3575 1345 3649 1429 id
3692 1360 3829 1446 est,

626 1514 787 1566 non
816 1489 921 1566 ibi
955 1491 1390 1591 appellatur
1425 1487 1759 1568 charitas
1779 1483 1959 1588 Dei,
2004 1514 2095 1570 eo
2128 1494 2333 1591 quod
2373 1486 2587 1568 Deus
2620 1499 2762 1567 nos
2792 1509 2884 1568 ‘ea
2920 1476 3197 1590 diligit,
3269 1492 3418 1596 sed¹
3473 1496 3562 1566 eo
3630 1480 3831 1587 quod

626 1650 770 1703 nos
810 1647 904 1703 ea
941 1627 1061 1703 sui
1103 1625 1510 1705 dilectores
1551 1622 1751 1705 iae-it.
1790 1623 2119 1728 thuod
2158 1646 2250 1706 ea
2290 1608 2586 1705 ratione
2662 1623 2923 1729 posset
2960 1617 2982 1663 ¹
3049 1618 3233 1704 diei*
3278 1626 3610 1705 charitas
3660 1625 3831 1718 Dei,

626 1764 814 1864 quia
851 1787 996 1842 nos
1024 1787 1117 1842 ea
1155 1766 1475 1864 diligere
1515 1765 1718 1862 facit,
1752 1790 1846 1843 ex
1874 1757 2114 1843 'simili
2147 1783 2431 1865 genere
2465 1753 2878 1842 locutionis
2907 1755 3384 1841 ostenditurt
3422 1762 3621 1840 sicut
3659 1759 3837 1837 dicia

630 1912 757 1978 tur
773 1900 1076 2001 justitia
1112 1900 1253 1979 Dei
1288 1926 1442 2002 qua
1481 1928 1623 1978 nos
1640 1895 2050 2002 justificat,'
2078 1907 2154 1978 et
2180 1883 2494 1979 Domini
2525 1894 2738 1979 salu's
2768 1917 2925 2001 qna
2963 1925 3106 1977 nos
3164 1892 3438 1996 salvat,
3507 1908 3583 1974 et
3645 1890 3834 1972 fides

628 2037 910 2114 Christi
953 2061 1108 2138 qua
1138 2062 1280 2114 nos
1312 2032 1579 2158 fideles
1610 2031 1810 2114 facit.
2784 2155 2806 2168 Ἴ
2930 2127 2937 2192 ἐ
3010 2129 3017 2160 3

1670 2487 1759 2562 Ο.
1805 2486 2371 2564 Delerminatio
2408 2483 2796 2594 secundae.

619 2856 629 2866 ·
721 2825 1093 2904 Similiter
1129 2837 1202 2905 et
1243 2828 1473 2904 aliam
1514 2826 1976 2927 exponimus
2005 2824 2564 2912 auctoritatem,
2598 2824 2730 2900 ubi
2762 2824 3385 2902 aitdilectionem
3428 2823 3570 2900 Dei
3624 2845 3837 2898 com-

628 2963 1068 3060 memorari,
1112 2988 1265 3039 non
1300 2987 1457 3062 qua
1495 2987 1640 3040 nos
1677 2986 1886 3058 eum,
1928 2961 2062 3038 sed
2094 2984 2250 3061 qua
2287 2960 2453 3061 ipse
2482 2961 2748 3038 dilexit
2778 2985 2965 3039 nos:
3013 2985 3104 3038 ac
3141 2961 3207 3038 si
3246 2961 3563 3055 diceret,
3622 2982 3839 3035 com-

631 3109 1007 3178 memorat
1044 3101 1532 3178 dilectionem
1573 3100 1744 3196 Dei,
1783 3123 1935 3175 non
1968 3098 2398 3176 secundum
2454 3098 2658 3198 quod
2729 3122 2821 3175 ea
2879 3121 3024 3175 nos
3089 3097 3491 3197 diligimus
3557 3095 3832 3189 Deum,

623 3240 758 3316 sed
798 3239 1226 3316 secundum
1268 3238 1475 3338 quod
1507 3238 1672 3338 ipse
1700 3260 1792 3316 ea
1832 3220 2084 3336 diligit
2110 3258 2280 3312 nos.

1815 3683 1902 3758 P.
1946 3681 2200 3759 Aliud
2232 3681 2635 3785 objiciunt.

730 4023 880 4099 Sed
978 4022 1184 4098 aliud
1254 4032 1395 4116 est,
1459 4022 1848 4120 inquiunt,
1918 4023 2125 4122 quod
2188 4021 2432 4118 niagis
2506 4031 2757 4119 urget.
2829 4022 3037 4099 Dixit
3098 4022 3308 4099 enim
3384 4045 3623 4124 supra
3683 4028 3846 4102 Au·

637 4158 1000 4254 gostinus
1025 4152 1076 4246 ⁸,
1119 4155 1325 4255 quod
1357 4154 1665 4232 dilectio
1694 4166 1810 4234 est
1848 4183 1894 4235 a
1923 4156 2211 4259 Spiritu
2245 4167 2541 4253 sancto,
2586 4182 2633 4233 a
2661 4178 2819 4259 quo
2850 4156 3071 4235 tides.
3126 4158 3345 4237 Siout
3410 4183 3598 4258 ergo
3652 4159 3844 4237 fides

640 4319 794 4370 nou
837 4305 950 4368 ost
990 4293 1323 4391 Spiritus
1361 4305 1675 4369 stinctus
1714 4319 1760 4371 a
1786 4318 1942 4394 quo
1982 4305 2124 4383 est,
2161 4294 2263 4371 ita
2293 4318 2439 4371 nec
2468 4296 2831 4372 charitas.
2867 4294 3272 4386 Quomodo
3349 4314 3535 4397 ergo
3597 4299 3843 4400 Spiri-

642 4438 764 4501 tus
793 4438 1108 4502 sanctus
1144 4435 1287 4519 est,
1322 4424 1385 4500 si
1423 4426 1719 4527 abipso
1759 4430 1932 4506 est?
1959 4431 2157 4507 Nam
2196 4431 2261 4507 si
2301 4432 2398 4508 ab
2440 4431 2608 4532 ipso
2650 4439 2795 4525 est,
2835 4440 2913 4506 et
2948 4430 3115 4529 ipse
3145 4441 3301 4509 est:
3345 4456 3532 4531 ergo
3599 4434 3844 4535 Spiri-

645 4571 768 4635 tus
791 4569 1106 4633 sanctus
1136 4583 1180 4632 a
1211 4557 1466 4657 seipso
1506 4570 1645 4635 est.
1689 4561 1800 4638 Ad
1842 4563 2050 4661 quod
2080 4563 2438 4660 dicimus,
2476 4562 2810 4663 Spiritus
2838 4571 3156 4640 sanctus
3179 4564 3841 4669 quidemaseipso

645 4719 798 4769 non
841 4703 982 4780 ost,
1027 4693 1156 4768 sed
1196 4703 1446 4769 tamen
1479 4719 1525 4771 a
1554 4696 1814 4796 seipso
1851 4697 2080 4774 datur
2118 4699 2369 4794 nobis,
2420 4709 2503 4773 ut
2559 4721 2798 4796 supra
2860 4696 3151 4774 dietum
3219 4709 3363 4796 est,
3444 4701 3575 4778 dat
3638 4705 3844 4781 euim

645 4829 985 4928 seipsum
1023 4828 1242 4902 nobis
1282 4829 1614 4927 Spiritus
1643 4841 1980 4908 sanctus,
2028 4836 2120 4909 Et
2147 4859 2240 4910 ex
2280 4836 2426 4910 hoc
2457 4857 2689 4909 sensu
2734 4832 3024 4910 dictum
3083 4844 3229 4929 est,
3309 4838 3516 4936 quod
3593 4840 3850 4915 churi-

650 4973 765 5036 tas
799 4962 895 5037 ab
936 4961 1101 5060 ipso
1141 4971 1257 5039 ost
1294 4965 1370 5037 in
1417 4964 1664 5059 nobis,
1700 4975 1777 5041 ot
1816 4975 2070 5043 tamen
2114 4967 2280 5067 ipsa
2318 4967 2654 5068 Spiritus
2712 4978 3030 5046 sanctus
3085 4979 3228 5046 est.
3302 4969 3529 5046 Fides
3593 4985 3845 5050 autem
3918 5046 3931 5059 ,

651 5108 762 5172 est
806 5121 850 5171 a
881 5097 1165 5197 Spiritu
1199 5109 1491 5194 sancto,
1535 5111 1604 5175 et
1640 5125 1790 5176 non
1834 5111 1948 5177 est
1976 5096 2312 5202 Spiritus
2340 5111 2700 5179 sanctus:
2736 5102 2918 5203 quia
2948 5095 3241 5181 donum
3281 5102 3406 5182 vel
3439 5105 3701 5184 datum
3743 5134 3856 5183 so·

654 5235 1048 5309 luminodo
1087 5246 1227 5329 est,
1276 5260 1426 5310 uon
1462 5236 1670 5312 Deus
1708 5237 1927 5314 dans.

728 5534 746 5568 ¹
781 5530 872 5588 Ad
901 5531 1148 5591 Roman.
1177 5554 1231 5608 v,
1263 5541 1316 5593 5.

732 5624 754 5658 ²
783 5623 937 5680 Edit.
965 5624 1133 5682 loun.
1169 5626 1495 5693 Atleaume,
1520 5629 1716 5699 possit.

732 5710 758 5748 ⁸
785 5713 842 5770 S.
875 5716 1242 5793 Aput-sner
1272 5717 1391 5772 Lib.
1420 5714 1498 5773 de
1524 5716 1746 5789 Spiritu
1769 5723 1825 5773 et
1856 5716 2076 5787 littera,
2107 5733 2236 5791 cap.
2271 5718 2361 5776 ³2.
