4897 6388
527 376 743 517 ¹103·
849 440 921 509 κ.
992 472 1012 486 ,ι
1506 391 1588 459 D.
1641 391 1840 460 ALB.

524 503 1033 647 Metaplzysicce,
1070 560 1261 651 quod
1300 562 1528 630 fabula
1549 513 1925 652 composita
1964 570 2065 629 est

524 686 610 732 ex
641 666 858 733 miris.
892 666 955 732 II
996 668 1080 735 ad
1109 669 1533 753 Timoth.1v,
1576 671 1758 737 4:21
1790 671 2067 736 veritate

525 774 806 863 quidem
872 777 1192 844 auditum
1248 786 1570 857 avertent,
1638 776 1734 843 ad
1781 775 2066 865 fabulas

525 890 759 949 autem
789 894 1281 950 convertentur.

616 1013 650 1053 a
692 991 926 1077 Maqis
965 990 1269 1078 placita,
1308 997 1436 1057 etc.
1476 1017 1505 1052 ι)
1552 990 1681 1057 Isa.
1720 1014 1879 1071 xxx,
1919 993 1997 1060 10
2039 1014 2056 1059 ε

524 1098 787 1165 Dicunt
815 1097 1200 1165 videntibus
1229 1122 1251 1166 .·
1279 1099 1513 1169 Nolite
1539 1101 1764 1169 videre
1791 1126 1814 1170 .·
1843 1112 1906 1170 et
1933 1102 2064 1167 ad-

522 1203 966 1294 spicientibus
1012 1227 1037 1273 .·
1085 1207 1315 1274 Nolite
1368 1208 1712 1298 adspicere
1750 1209 1945 1276 'nobis
1985 1232 2063 1275 ea

525 1334 680 1402 quae
736 1322 918 1381 recta
962 1324 1122 1381 sunt
1172 1338 1195 1382 .·
1265 1316 1632 1407 loquimini
1674 1317 1871 1384 nobis
1901 1316 2069 1406 pla-

525 1419 751 1486 centia
791 1442 815 1486 .·
846 1420 1068 1488 videte
1102 1422 1299 1489 nobis
1345 1444 1624 1490 errores.

620 1661 655 1698 «
695 1634 969 1702 Habent
1025 1636 1366 1703 rationem
1429 1634 1805 1725 sapientiae,
1867 1644 1992 1704 etc.
2029 1661 2062 1703 s

527 1740 690 1829 Haec
733 1763 893 1830 pars
928 1763 1079 1831 quae
1120 1748 1221 1808 est
1257 1739 1339 1808 de
1381 1739 1587 1808 modo
1619 1740 2067 1810 simulationis

528 1870 797 1927 eorum,
835 1847 1047 1916 habet
1072 1856 1207 1915 tres
1236 1855 1481 1937 partes,
1515 1847 1747 1915 Prima
1773 1851 2070 1918 continet

524 1955 798 2046 pietatis
864 1953 1336 2022 simulationes
1378 1977 1395 2022 ε
1438 1954 1758 2037 secunda,
1789 1955 2070 2024 simula-

524 2061 735 2130 tionis
822 2059 1187 2129 salsitatem
1254 2069 1324 2130 et
1412 2059 1871 2142 mendacium,
1946 2061 2065 2143 ibi,

530 2193 567 2236 ι
598 2170 971 2261 Ipsumque
1011 2170 1420 2238 simulatam
1452 2170 1803 2262 pietatem.
1841 2196 1875 2238 s
1904 2170 2071 2240 Ter-

528 2277 652 2357 tio,
687 2277 883 2367 ponit
903 2275 1105 2365 hujus
1137 2275 1467 2345 mendacii
1500 2284 1564 2345 et
1583 2275 1893 2346 falsitatis
1921 2301 2071 2369 pro·

530 2382 907 2463 bationem,
933 2382 1053 2464 ibi,
1098 2407 1135 2450 ι
1175 2384 1403 2453 Falsa·
1433 2384 1758 2453 doctrinae
1795 2386 2070 2454 institu-

528 2492 642 2561 tis.
682 2520 716 2556 n

619 2626 657 2665 α
697 2600 782 2668 In
817 2601 1321 2691 superstitione,
1357 2608 1484 2669 etc.
1523 2625 1556 2667 ιο
1590 2601 2013 2693 Augustinus
2049 2627 2067 2672 :

535 2732 570 2772 e
613 2704 884 2798 Religio
937 2728 1143 2796 supra
1181 2705 1463 2774 modum
1516 2706 1897 2793 observata,
1954 2732 2073 2778 su-

531 2838 568 2881 «
611 2814 919 2904 perstitio
950 2821 1053 2882 est
1087 2820 1353 2881 vocata.
1397 2839 1433 2876 s

630 2920 959 3012 Sequitur
1009 2941 1026 2988 ε
1082 2946 1118 2984 α
1164 2921 1345 3004 Quia
1405 2919 1573 3009 fidei
1607 2920 2069 3011 delectionem,

532 3036 663 3098 etc.
684 3053 718 3095 s
749 3027 888 3096 lad
914 3025 1215 3098 Timoth.
1250 3049 1344 3105 ιν,
1381 3029 1411 3093 1
1452 3047 1469 3095 2
1510 3027 1819 3119 Spiritus
1846 3033 2078 3099 mani-

527 3138 705 3228 seste
720 3136 917 3221 dicit,
948 3136 1116 3227 quia
1147 3136 1217 3203 in
1243 3134 1628 3204 novissimis
1664 3138 2077 3230 temporibus

531 3240 876 3309 discedent
895 3240 1183 3330 quidam
1202 3263 1246 3308 a
1263 3239 1427 3329 fide,
1449 3240 1864 3311 attendentes
1876 3246 2077 3335 spiri-

531 3348 717 3417 tibus
774 3349 1024 3416 erroris
1079 3359 1144 3416 et
1180 3348 1508 3416 doctrinis
1555 3348 2072 3433 daemoniorum,

526 3457 607 3528 in
641 3456 995 3550 hypocrisi
1035 3456 1457 3548 loquentium
1507 3457 1967 3541 mendacium,
2015 3472 2078 3528 et

528 3566 986 3635 cauteriatam
1036 3565 1433 3633 habentium
1481 3586 1681 3632 suam
1738 3568 2081 3636 eonscien-

529 3675 737 3743 tiam.

623 3781 1006 3874 Sequitur:
1044 3807 1077 3847 e
1153 3783 1240 3850 Ut
1289 3782 1381 3849 sit
1447 3783 1517 3849 in
1566 3781 1785 3851 verbis
1826 3785 2073 3877 pietas,

533 3898 664 3959 etc.
696 3920 730 3952 ι»
763 3889 824 3957 11
849 3890 934 3958 ad
949 3888 1247 3959 Timoth.
1291 3912 1389 3969 ιιι,
1422 3891 1463 3959 5
1507 3913 1524 3958 ε
1563 3889 1903 3960 Habentes
1921 3893 2081 3985 qui-

533 3998 691 4066 dem
744 3999 1034 4090 speciem
1086 3999 1390 4091 pietatis,
1461 3999 1780 4069 virtutem
1850 4013 2077 4071 autem

532 4103 690 4194 ejus
726 4103 1145 4195 abneqantes
1175 4127 1198 4172 .·
1228 4114 1297 4172 et.
1327 4104 1450 4173 hos
1477 4105 1728 4175 devita.

622 4212 962 4303 Objicitur
1015 4220 1244 4281 autem
1300 4213 1383 4282 de
1421 4213 1553 4284 hoc
1598 4216 1783 4308 quod
1838 4218 2000 4288 dicit
2053 4240 2073 4288 ε

543 4346 579 4383 α
620 4320 830 4389 Omni
873 4318 1232 4387 verborum
1261 4320 1640 4399 mendacio,
1670 4330 1799 4391 etc.
1849 4351 1882 4385 ιο
1914 4323 2076 4392 Cox-

533 4448 715 4496 ωε
760 4425 983 4516 Supra
1027 4425 1190 4495 illud
1238 4426 1399 4496 Luc.
1433 4450 1598 4506 xvu,
1646 4432 1773 4498 12:
1827 4431 2081 4499 Occur-

535 4543 777 4600 rerunt
815 4533 878 4601 ei
927 4533 1151 4601 decem
1206 4535 1340 4601 viri
1386 4532 1658 4625 leprosi,
1703 4535 1794 4604 ibi
1842 4537 2079 4607 Glossa

536 4640 743 4709 Bedoe
786 4662 803 4708 ε
858 4640 1140 4732 Leprosi
1168 4653 1329 4711 sunt
1371 4640 1693 4722 haeretici,
1737 4646 1853 4735 qui
1883 4650 2074 4738 quasi

534 4753 765 4820 varios
793 4751 1059 4822 colores
1096 4752 1422 4822 habentes
1461 4756 1530 4823 in
1568 4756 1808 4824 eodem
1841 4780 2076 4849 corpo-

534 4881 633 4938 re,
689 4859 918 4927 varias
982 4870 1200 4928 sectas
1262 4883 1441 4929 nunc
1499 4860 1835 4946 falsitatis,
1894 4887 2076 4935 nunc

532 4966 842 5036 veritatis
900 4968 1308 5056 permiscent
1363 4969 1429 5034 in
1469 4967 1704 5037 eadem
1764 4971 2077 5060 proedica·

533 5077 748 5146 tione.
794 5074 1104 5143 Somno.
1143 5074 1328 5143 Licet
1380 5098 1521 5144 non
1548 5098 1818 5169 semper
1852 5081 2076 5170 quoad

533 5182 738 5263 dicta,
786 5190 1018 5250 tamen
1078 5180 1304 5271 quoad
1337 5180 1538 5248 linem
1586 5203 1855 5273 semper
1880 5207 2076 5254 men-

533 5290 796 5357 tiuntur
831 5311 848 5357 z
882 5297 948 5356 et
987 5290 1078 5355 ita
1109 5287 1425 5377 intelligit
1456 5287 1800 5379 Magister.

626 5502 957 5595 Sequitur
989 5527 1007 5571 ε

627 5638 664 5677 α
694 5610 928 5680 Falsa·
967 5609 1291 5678 doctrinae
1339 5610 1695 5695 institutis,
1742 5622 1870 5683 etc.
1916 5643 1949 5678 ιι
1994 5616 2068 5683 ln

1890 392 2106 460 MAG.
2157 392 2361 512 ono.
2414 331 2712 461 PRAED.
2785 392 2793 397 ·
3012 397 3018 403 ·
3355 421 3410 498 25‘
3507 462 3515 473 ,

2177 570 2275 628 tes
2315 562 2747 629 mendacium
2786 561 3289 632 haereticorum.
3337 562 3566 629 Prima
3607 581 3726 625 su-

2177 671 2383 735 mitur
2412 668 2497 734 ab
2529 668 2853 735 institutis
2883 668 3262 748 fallacibus,
3289 671 3357 737 id
3388 675 3512 748 est,
3545 666 3728 757 prin-

2177 775 2366 864 cipiis
2432 783 2500 842 et
2553 775 2878 844 articulis.
2943 774 3264 844 Secunda
3339 777 3633 843 sumitur
3687 794 3727 840 a

2178 880 2399 959 modo.
2422 881 2761 950 dictorum
2792 882 2877 950 ab
2908 882 3005 950 eis
3042 908 3056 949 :
3092 882 3279 973 quod
3319 880 3591 949 novella
3619 880 3729 947 di-

2178 998 2358 1058 cunt.
2384 990 2660 1058 Novum
2713 999 2942 1059 autem
2987 998 3090 1058 est
3130 988 3317 1080 quod
3356 988 3581 1079 quoad
3619 990 3724 1055 sui

2180 1096 2448 1163 initium
2494 1103 2596 1163 est
2636 1099 3129 1187 propinquum,
3192 1096 3314 1174 ibi,
3363 1123 3397 1157 «
3426 1092 3570 1163 Sub
3598 1114 3727 1159 no-

2178 1203 2381 1282 vello,
2441 1211 2569 1271 etc.
2626 1228 2661 1265 υ
2723 1201 2979 1270 Contra
3043 1202 3230 1293 quod
3295 1201 3562 1279 dicitur,
3641 1197 3727 1265 ad

2180 1311 2385 1382 Hehr.
2418 1334 2512 1392 xi,
2548 1314 2588 1380 2
2616 1314 2748 1381 :ffIn
2774 1314 2929 1392 lzac,
2954 1312 3210 1380 scilicet
3239 1311 3399 1394 fide,
3424 1310 3726 1377 testimo·

2176 1421 2371 1488 nium
2409 1420 2750 1487 consecuti
2784 1429 2947 1487 sunt
3002 1440 3213 1486 senes,
3256 1417 3368 1496 Et,
3392 1413 3722 1484 Proverb.

2178 1551 2345 1611 xxu,
2414 1528 2499 1595 28
2553 1549 2568 1594 :
2629 1528 2733 1594 Ne
2799 1526 3338 1616 transqrediaris
3407 1524 3730 1590 terminos

2179 1637 2497 1726 antiquos
2532 1655 2701 1725 quos
2732 1643 3113 1725 posuerunt
3134 1643 3373 1726 patres
3402 1631 3531 1698 tui.
3573 1628 3732 1697 Ter-

2177 1744 2271 1808 tia
2322 1743 2679 1809 sumitura
2736 1739 2944 1807 modo
3002 1737 3421 1829 disputandi,
3467 1736 3585 1825 qui
3626 1739 3731 1801 est

2179 1871 2331 1916 cum
2348 1848 2872 1938 contentione'et
2898 1845 3341 1927 clamoribus,
3372 1843 3489 1923 ibi,
3521 1870 3555 1905 «
3591 1841 3730 1925 Qui

2177 1959 2588 2025 contentioni
2620 1957 2990 2040 studentes,
3031 1962 3160 2024 etc.
3194 1981 3228 2017 n

2269 2087 2302 2127 ι
2334 2064 2766 2154 Auriumque
2796 2062 3261 2153 pruriqinem,
3313 2067 3440 2129 etc.
3479 2082 3513 2124 s
3547 2055 3609 2122 11
3640 2053 3722 2122 ad
3753 2072 3972 2120 unmi-
3997 2072 4070 2118 ‹u-

2176 2168 2603 2251 Timoth.1v‚
2637 2170 2740 2239 3.
2769 2170 2928 2238 Erit
2966 2178 3262 2261 tempus,
3295 2188 3449 2235 cum
3477 2129 3796 2232 sanam‘²⁵

2179 2280 2561 2348 doctrinam
2609 2301 2746 2346 non
2789 2276 3280 2347 sustinebunt:
3316 2274 3440 2344 sed
3464 2273 3562 2342 ad
3596 2292 3727 2338 sua

2180 2387 2517 2457 desideria
2565 2385 3060 2455 coacervabunt
3131 2385 3273 2454 sibi
3332 2383 3724 2472 maqistros,

2173 2498 2557 2589 prurientes
2610 2493 2922 2563 auribus.
2986 2493 3106 2562 Est
3157 2501 3389 2561 autem
3449 2486 3728 2580 prurigo

2180 2627 2263 2674 ex
2293 2604 2776 2694 evaporatione
2804 2609 3124 2692 corrupta
3162 2608 3447 2691 tangere
3469 2616 3727 2688 organa

2179 2710 2546 2789 sensibilia,
2570 2719 2640 2777 et
2657 2715 2761 2779 est
2778 2706 3029 2777 similis
3058 2707 3363 2778 heresis·

2271 2819 2597 2910 Sequitur
2629 2840 2646 2886 ι

2272 2952 2307 2992 e
2352 2927 2491 3011 Qui
2515 2925 2952 3010 contentioni,
2984 2933 3113 2993 etc.
3137 2950 3168 2987 s
3222 2920 3628 2991 Ambrosius
3657 2921 3727 2987 in

2184 3033 2423 3104 Glossa
2492 3055 2696 3124 super
2744 3031 3142 3123 Epistolam
3200 3031 3301 3100 ad
3333 3032 3627 3099 Roman.
3677 3050 3723 3107 ι,

2183 3147 2267 3214 29
2312 3166 2329 3215 :
2378 3141 2743 3212 Contentio
2791 3149 2893 3210 est
2934 3141 3367 3232 impugnatio
3422 3138 3730 3206 veritatis

2184 3274 2337 3322 cum
2387 3248 2797 3319 confidentia
2850 3249 3196 3317 clamoris.
3229 3246 3315 3315 Et
3359 3245 3620 3314 Tullius
3658 3246 3731 3313 in

2183 3358 2247 3427 11
2302 3358 2676 3428 Rhetorice
2744 3354 2932 3438 dicit,
2988 3354 3174 3447 quod
3227 3354 3576 3423 contentio
3632 3360 3735 3420 est

2182 3466 2399 3537 oratio
2454 3465 2655 3549 acris,
2695 3471 2765 3533 et
2791 3464 2879 3532 ad
2941 3461 3496 3533 confirmandum
3533 3467 3601 3528 et
3649 3459 3737 3528 ad

2180 3572 2668 3644 confutandum
2709 3569 3254 3667 accommodata.

2274 3706 2309 3746 e
2341 3684 2531 3750 Dum
2558 3690 2622 3748 et
2646 3701 2720 3747 se
2766 3678 3020 3747 veritas
3066 3686 3272 3756 tenet,
3305 3685 3437 3745 etc.
3477 3701 3511 3741 ι
3545 3673 3729 3742 Psal.

2184 3812 2362 3872 cxvi,
2393 3789 2480 3857 2:
2540 3787 2800 3855 Veritas
2824 3784 3116 3854 Domini
3155 3792 3389 3851 manet
3427 3783 3501 3850 in
3535 3791 3735 3850 aeter-

2183 3917 2374 3964 num.
2400 3893 2497 3961 lll
2521 3892 2775 3972 Esdroe,
2801 3914 2899 3973 ιιι,
2929 3893 3010 3959 12
3035 3912 3051 3958 ε
3077 3891 3310 3984 Super
3335 3891 3571 3957 omnia
3595 3888 3735 3956 vin·

2184 4004 2277 4071 cit
2313 4003 2584 4071 veritas.
2618 3999 2703 4069 Et
2730 3998 2986 4079 subdit,
3014 4021 3110 4078 w,
3132 3999 3264 4068 38:
3306 3998 3564 4066 Veritas
3585 4018 3733 4064 ma·

2184 4119 2318 4190 net,
2344 4119 2407 4178 et
2423 4107 2776 4177 invalescit
2804 4108 2876 4175 in
2893 4115 3250 4183 eternum,
3278 4115 3347 4174 et
3374 4103 3630 4173 obtinet
3658 4105 3729 4172 in

2181 4219 2434 4288 secuta
2473 4215 2908 4286 seculorum.
3581 4201 3589 4211 ’

2275 4430 2601 4496 «Ilorum
2657 4426 2876 4516 iqitur
2933 4421 3262 4491 odibilem
3315 4425 3487 4504 Deo,
3529 4429 3657 4490 etc.
3695 4449 3729 4487 n

2186 4529 2364 4599 Psal.
2422 4554 2590 4613 xxv,
2651 4533 2691 4600 5
2734 4551 2752 4599 ε
2827 4529 3035 4599 odivi
3088 4530 3469 4598 Ecclesiam
3529 4528 3734 4597 mali·

2181 4641 2572 4731 ynantium.

2275 4748 2351 4817 ln
2404 4748 2535 4818 hac
2595 4756 2786 4839 parte
2862 4769 2947 4816 ex
3006 4748 3231 4815 causis
3294 4747 3732 4815 moventibus

2184 4859 2385 4927 etiam
2403 4856 2571 4925 alias
2597 4855 2802 4947 hujus
2825 4856 3052 4946 operis
3090 4877 3332 4924 causas
3360 4855 3725 4925 concludit.

2182 4964 2267 5032 Et
2305 4963 2506 5032 habet
2553 4986 2676 5032 sex
2731 4972 3008 5054 partes:
3061 4964 3132 5030 in
3181 4983 3473 5052 quarum
3515 4965 3730 5052 prima

2182 5073 2420 5161 repetit
2474 5069 2775 5139 breviter
2824 5092 3065 5137 causas
3115 5077 3473 5137 moventes
3532 5069 3725 5146 duas,

2179 5178 2430 5247 scilicet
2451 5179 2873 5246 eversionem
2905 5175 3408 5261 haereticorum,
3454 5186 3520 5245 et
3551 5176 3730 5272 exal-

2178 5289 2505 5354 tationem
2547 5284 2838 5354 lucernae
2868 5284 3200 5364 veritatis,
3243 5306 3398 5375 qum
3439 5287 3733 5353 sumitur

2178 5393 2548 5463 secundum
2603 5393 2852 5484 duplex
2908 5415 3082 5483 opus
3137 5394 3465 5484 sapientis
3503 5394 3731 5462 deter-

2177 5507 2509 5574 minatum
2576 5526 2617 5570 a
2685 5500 3139 5593 philosopho,
3199 5501 3388 5594 quod
3453 5510 3522 5570 et
3584 5526 3726 5572 non

2174 5612 2447 5681 mentiri
2500 5633 2659 5679 eum
2696 5609 2780 5679 de
2841 5607 3093 5700 quibus
3161 5611 3379 5687 novit,
3416 5618 3483 5677 et
3538 5633 3723 5679 men·

532 5716 662 5786 hac
706 5723 898 5809 parte
929 5725 1061 5785 tres
1098 5719 1292 5809 ponit
1328 5718 1623 5789 rationes
1641 5721 2073 5795 manifestati·
2172 5722 2454 5794 tientem
2492 5717 2921 5798 manifestare
2968 5739 3198 5820 posse.

3849 2127 4056 2185 r·prurl

3815 2141 3947 2239 ⁰80·
