4897 6388
354 460 368 475 .
424 408 430 414 ’
487 451 516 497 2-
628 412 757 480 372
1617 410 1713 479 D.
1761 411 1965 482 ALB.
2017 408 2233 477 MAG.
2287 397 2493 477 ORD.
2546 410 2842 479 PRAED.
2881 490 2917 512 a

377 610 447 654 Aa
477 616 518 654 7.
704 582 807 648 An
834 587 1034 650 amun
1073 581 1462 660 dicendum,
1498 580 1683 671 quod
1721 583 1791 657 in
1839 583 2178 649 inferiori·
2282 582 2539 649 cietatis
2595 583 2663 649 in
2716 558 3024 674 pluribus
3066 585 3568 676 hypostasibus,
3620 588 3839 676 major

611 685 736 755 bus
779 696 878 756 est
934 690 1241 780 potentia
1288 696 1355 757 et
1387 689 1608 756 exitus
1640 689 1785 778 ejus
1832 688 1916 755 ad
1949 675 2182 755 actum¹
2279 686 2565 755 habetur
2612 689 2680 754 in
2719 693 3097 779 conjunctis
3135 694 3206 759 in
3255 694 3491 762 eadem
3544 715 3833 761 numero

611 796 726 886 qui
759 804 859 863 est
900 806 1126 864 motus
1154 795 1265 863 vel
1300 796 1586 861 mutatio
1615 795 1728 862 vel
1768 805 2164 883 utrumque:
2278 803 2539 871 natura,
2576 797 2738 887 quia
2766 797 2900 866 illae
2929 798 3331 889 hypostases
3369 824 3408 868 a
3456 823 3528 868 se
3577 801 3834 868 dissen-

607 911 672 970 et
700 904 1032 969 terminus
1072 905 1272 969 estin
1313 923 1448 990 quo
1490 909 1719 968 motus
1758 909 1860 969 est
1906 903 1975 967 in
2018 923 2172 966 mo·
2275 903 2399 968 tire
2428 924 2568 969 non
2605 913 2914 992 possunt,
2949 928 3157 996 quam
3208 909 3275 973 in
3318 908 3556 975 eadem
3606 907 3829 998 specie

603 1017 750 1076 tum
791 1032 961 1088 esse,
997 1008 1106 1076 vel
1149 1016 1488 1075 mutatum
1518 1030 1664 1076 esse
1698 1030 1714 1075 :
1752 1017 1819 1076 et
1845 1008 2006 1075 talia
2029 1030 2166 1074 non
2275 1016 2341 1074 et
2378 1031 2518 1076 non
2546 1032 2878 1079 numero:
2916 1020 2982 1080 et
3022 1013 3176 1080 ideo
3235 1035 3388 1081 cum
3436 1015 3506 1080 in
3546 1014 3829 1082 inferio-

604 1126 706 1185 est
734 1140 988 1207 ponere
1046 1118 1117 1184 in
1179 1115 1450 1183 divinis,
1495 1116 1675 1183 Etsi
1724 1115 1930 1195 dicaS‚
1981 1114 2166 1205 quod
2276 1114 2460 1183 ribus
2498 1116 2626 1183 ista
2676 1115 2937 1208 optim'a
2994 1128 3252 1187 naturae
3296 1122 3823 1190 communicatio

605 1228 984 1297 secundum
1033 1228 1368 1295 rationem
1425 1225 1851 1318 intelligendi
1887 1226 2164 1317 spiratio
2275 1243 2423 1290 esse
2497 1246 2635 1291 non
2692 1228 2931 1316 possit,
2995 1230 3351 1319 appetitur·
3400 1251 3481 1296 ea
3531 1251 3686 1320 quae
3726 1238 3827 1297 est

605 1343 706 1403 est
766 1334 1086 1426 SpirituS,
1148 1336 1326 1404 sicut
1371 1336 1724 1426 generatio
1757 1334 1907 1401 Filii
1951 1357 1966 1400 τ
2011 1332 2169 1400 licet
2270 1337 2425 1418 post
2464 1351 2615 1397 eam
2651 1333 2998 1421 possibilis
3029 1315 3331 1403 inferiori
3364 1344 3649 1415 naturae,
3692 1337 3827 1405 sci-

604 1465 744 1510 non
802 1445 891 1512 sit
948 1443 1299 1533 generatio
1365 1443 1750 1533 producens
1803 1441 2051 1508 Filium
2082 1440 2162 1507 de
2269 1434 2422 1502 licet
2452 1446 2529 1505 ut
2581 1441 3123 1509 communicetur
3162 1445 3231 1510 in
3271 1444 3516 1533 specie.
3565 1443 3829 1511 Simili-

602 1570 740 1617 non
771 1549 971 1635 Filio,
1008 1572 1133 1618 nec
1182 1550 1464 1640 spiratio
1511 1549 1893 1640 producens
1952 1546 2162 1637 Spiri-
2269 1548 2372 1609 ter
2423 1543 2701 1611 inferior
2757 1555 3000 1615 natura
3047 1548 3318 1638 quando
3367 1551 3829 1618 communicat

597 1665 742 1724 tum
812 1656 895 1725 de
953 1680 1093 1724 non
1163 1656 1424 1747 Spiritu
1458 1676 1474 1722 ς
1546 1664 1713 1723 ωηο
1749 1648 1922 1724 hene
1979 1650 2162 1734 dico,
2273 1648 2588 1718 affectum
2656 1654 3003 1737 intimum,
3080 1646 3370 1725 libenter
3437 1660 3505 1724 in
3581 1658 3826 1726 affectu

598 1764 783 1855 quod
851 1763 1145 1854 Spiritus
1200 1770 1271 1831 et
1347 1762 1573 1831 Filius·
1616 1762 2153 1853 distinguuntur,
2265 1753 2471 1823 vellet
2508 1757 2693 1847 quod
2730 1758 3107 1829 substantia
3142 1763 3287 1851 ejus
3317 1763 3714 1853 procederet
3755 1764 3826 1831 in

593 1872 753 1961 quia
779 1894 961 1939 uuus
1008 1869 1315 1961 procedit
1345 1879 1418 1938 ut
1453 1892 1683 1952 amm-,-
1720 1869 1892 1937 alius
1930 1878 2159 1938 autem
2261 1861 2457 1930 illum
2485 1886 2689 1955 quem
2738 1867 2914 1936 sicut
2961 1890 3035 1936 se
3074 1868 3317 1960 diligit,
3352 1878 3417 1938 et
3455 1871 3526 1937 in
3592 1893 3824 1939 amore

588 1986 665 2044 ut
694 1978 876 2046 tilius
910 2001 926 2046 ε
963 1980 1146 2046 etsie
1175 1977 1711 2046 denominantur
1735 1976 1819 2045 ab
1850 1980 1948 2045 eis
1977 2000 2159 2045 ema·
2263 1970 2409 2059 ipso
2440 1981 2618 2040 esset
2645 1972 3026 2043 substantia
3049 1999 3072 2044 .·
3125 1976 3241 2045 sed
3282 1987 3561 2068 propter
3605 1988 3825 2047 mate-

589 2087 901 2153 nationes
941 2107 1208 2166 eorum,
1241 2084 1500 2154 scilicet
1527 2081 1809 2176 spiratio
1849 2106 1890 2152 a
1934 2081 2156 2175 spiri-2
2268 2075 2629 2146 rialitatem
2659 2089 2727 2149 et
2780 2080 3276 2172 ignobilitatem
3308 2105 3455 2152 esse
3495 2106 3636 2153 non
3667 2094 3825 2176 pot-

586 2202 688 2274 tu,
757 2205 826 2262 et
882 2194 1232 2285 generatio
1284 2214 1325 2260 a
1379 2190 1578 2259 Filio.
1631 2189 1718 2258 Et
1771 2193 1831 2258 si
1887 2190 2147 2279 objicis,
2263 2193 2413 2254 est:
2446 2195 2515 2255 et
2540 2187 2694 2257 ideo
2713 2188 2850 2258 duo
2890 2190 3077 2259 modi
3112 2193 3664 2262 communicandi
3693 2194 3821 2261 im·
3941 2233 3948 2240 ·

590 2300 774 2394 quod
812 2303 885 2369 in
912 2308 1206 2393 utroque
1235 2308 1336 2368 est
1367 2297 1670 2388 acceptio
1728 2296 2154 2377 substantiae,
2261 2295 2534 2385 perfecti
2565 2297 2635 2366 in
2663 2298 3122 2384 inferioribus,
3157 2310 3316 2371 sunt
3363 2303 3436 2370 in
3483 2304 3817 2394 superiori

583 2411 729 2500 jam
766 2408 1074 2478 solutum
1102 2415 1206 2478 est
1234 2407 1417 2477 hoc:
1452 2406 1617 2498 quia
1681 2404 1813 2474 hoc
1849 2428 1989 2474 non
2022 2407 2157 2473 im-
2258 2413 2500 2473 natura
2563 2408 2938 2477 secundum
3004 2411 3371 2502 perfectam
3450 2413 3813 2492 rationem,

589 2515 776 2607 pedit
802 2515 1332 2586 distinctionem.
1577 2533 1584 2542 ·
1829 2541 1832 2546 ·
2141 2535 2150 2544 ‘
2258 2512 2511 2583 scilicet
2576 2516 3105 2588 communicatio
3156 2529 3448 2599 naturoe,
3499 2522 3593 2589 ita
3633 2520 3815 2612 quod

333 2673 414 2720 Μ
436 2669 481 2722 ⁸·
677 2625 786 2692 An
812 2647 1013 2693 amun
1050 2623 1442 2705 dicendum,
1475 2623 1662 2715 quod
1716 2623 1787 2689 in
1852 2620 2155 2689 inferiori
2254 2623 2525 2712 genitus
2554 2633 2623 2693 et
2649 2647 2983 2716 generans
3010 2636 3171 2696 sunt
3209 2629 3277 2696 in
3317 2629 3554 2698 eadem
3622 2637 3816 2698 natu-

589 2742 833 2802 natura
868 2755 1011 2803 non
1057 2741 1162 2802 est
1204 2731 1737 2802 communicatio
1791 2729 1864 2796 in
1906 2735 2048 2796 toto
2087 2736 2155 2796 et

585 2841 878 2933 perfecta
914 2863 929 2909 ε
964 2841 1301 2933 generans
1329 2840 1515 2909 enim
1545 2839 2007 2906 communicat
2032 2856 2154 2903 na-

583 2956 805 3018 turam
868 2970 993 3041 per
1052 2947 1592 3040 generationem,
1671 2952 1739 3014 et
1822 2941 2152 3012 descindit

578 3066 868 3148 partem,
925 3079 1052 3126 nec
1088 3063 1313 3126 totum
1343 3053 1459 3124 dat
1491 3049 1517 3125 'z
1574 3062 1642 3122 et
1681 3053 1801 3122 dat
1853 3051 2145 3143 idipsum

581 3164 766 3256 quod
816 3165 961 3251 dat,
1002 3165 1073 3234 in
1112 3157 1432 3257 potentia¹
1472 3158 1833 3240 materiali,
1876 3182 1961 3231 ex
2007 3181 2142 3252 quo

577 3282 809 3342 tamen
832 3274 1047 3365 possit
1075 3272 1224 3342 {ieri
1259 3263 1486 3340 simile
1517 3272 1587 3339 in
1616 3270 1868 3361 specie,
1908 3277 1975 3337 et
2001 3290 2143 3336 non

578 3377 837 3449 habens
903 3377 1217 3449 eamdem
1276 3387 1592 3448 naturam
1656 3396 1944 3445 numero
1982 3396 2136 3444 cum

577 3485 821 3556 dante:
859 3495 930 3556 et
965 3486 1097 3556 hoc
1135 3508 1406 3577 magnas
1433 3483 1965 3577 imperfectionis
1990 3489 2132 3551 est:

575 3596 802 3662 omnis
847 3595 1032 3664 enim
1071 3601 1316 3662 natura
1352 3615 1504 3686 quae
1548 3615 1622 3661 se
1667 3597 1890 3683 potest
1942 3612 2140 3659 com-

573 3701 922 3769 municare
962 3699 1278 3769 eamdem
1327 3701 1398 3768 in
1439 3720 1732 3767 numero
1787 3706 1856 3766 et
1882 3698 2128 3788 specie,

569 3806 788 3875 multo
821 3806 1150 3877 libentius
1186 3798 1532 3884 fecithoc,
1575 3826 1783 3897 quam
1823 3827 1895 3872 se
1939 3826 2133 3873 com-

568 3915 870 3982 municet
933 3914 1003 3981 in
1059 3911 1284 4003 specie
1351 3918 1647 3980 tantum.
1682 3910 1766 3980 Et
1821 3909 2129 4001 probatio

564 4016 769 4108 hujus
814 4028 966 4087 est:
1047 4017 1208 4110 quia
1258 4018 1316 4085 si
1383 4018 1452 4085 in
1509 4015 2127 4086 communicatione

564 4138 913 4219 quaeratur
974 4125 1159 4195 salus
1216 4135 1285 4195 et
1339 4126 1810 4217 permanentia
1874 4134 2127 4192 naturae

564 4261 717 4329 qum
750 4237 964 4306 indita
1002 4244 1104 4303 est
1150 4256 1273 4326 per
1322 4234 1700 4325 appetitum
1730 4232 2121 4323 unicuique,

566 4345 782 4414 multo
821 4347 1155 4414 intensius
1186 4344 1514 4436 quaeritur
1557 4344 2025 4436 permanentia
2057 4342 2125 4409 in

561 4453 800 4521 eadem
860 4460 1102 4521 natura
1145 4472 1464 4531 numeru,
1508 4470 1719 4541 quam
1780 4450 1849 4516 in
1886 4447 2122 4516 eadem

562 4562 786 4652 specie
814 4584 829 4629 ε
854 4569 920 4629 et
939 4558 1071 4629 hoc
1099 4561 1647 4650 experimentum
1669 4557 1862 4626 docet
1882 4579 2128 4649 quem·

564 4669 750 4745 libet,
830 4678 906 4737 ut
969 4670 1130 4737 dicit
1200 4665 1572 4759 Apostolus
1662 4665 1747 4733 ad
1831 4664 2121 4735 Roman.

563 4798 709 4855 vni,
745 4778 895 4842 22¹.
934 4774 1016 4842 Et
1064 4773 1314 4853 adhuc,
1358 4773 1420 4842 11
1459 4771 1544 4842 ad
1584 4771 1891 4841 Corinth.
1934 4794 2002 4849 ν,
2036 4773 2118 4840 4:

562 4884 745 4951 Nam
775 4892 839 4950 et
866 4883 991 4973 qai
1014 4903 1258 4949 samus
1289 4881 1360 4948 in
1396 4880 1524 4948 hoc
1551 4878 2018 4957 tabernaculo,
2057 4877 2125 4946 id

561 4997 690 5071 est,
735 5010 1043 5078 corpore,
1098 4986 1609 5077 ingemiscimus
1687 4985 1986 5076 qravati,
2045 5006 2122 5052 eo

561 5094 753 5186 qaod
793 5094 1122 5162 nolumus
1175 5092 1582 5185 exspoliari,
1657 5091 1781 5160 sed
1809 5112 2123 5183 superve-

559 5204 740 5284 stiri,
784 5213 862 5272 ut
912 5202 1362 5271 absorbeatur
1404 5201 1597 5294 quod
1620 5200 1913 5269 mortale
1953 5210 2125 5269 esta

561 5318 728 5384 vita.
766 5313 1099 5384 Similiter
1134 5315 1190 5384 si
1221 5314 1553 5405 quaeritur
1580 5312 1970 5404 jucunditas
2006 5334 2125 5382 so-

636 5582 653 5618 ¹
680 5579 770 5637 Ad
805 5579 1055 5636 Roman.
1077 5593 1195 5649 vm,
1223 5577 1298 5632 22
1325 5580 1385 5632 et
1410 5577 1479 5632 2³
1504 5592 1519 5631 :
1567 5575 1782 5633 Scimus
1826 5577 1973 5649 qnod
1998 5591 2121 5631 om-

561 5668 652 5726 nis
697 5674 957 5726 creatura
983 5665 1298 5744 inqemiscit
1342 5672 1396 5722 et
1440 5667 1693 5738 parturit
1724 5682 1893 5737 usque
1919 5664 2117 5722 adhuc.

2255 2752 2375 2798 ra:
2409 2738 2477 2800 et
2503 2734 3033 2805 communicatio
3062 2758 3461 2818 consensus,
3504 2738 3811 2832 ita-quod

2254 2837 2394 2928 ipse
2431 2862 2802 2910 consensus
2829 2843 2918 2912 sit
2962 2843 3340 2914 substantia
3368 2852 3435 2913 et
3488 2847 3809 2938 supposi-

2253 2952 2450 3016 tum:
2493 2947 2672 3016 unde
2715 2948 3001 3039 quodin
3058 2950 3361 3020 inferiori
3409 2959 3651 3021 natura
3701 2963 3805 3023 est

2251 3057 2516 3119 tantum
2583 3074 2762 3123 unus
2842 3054 3094 3126 modus
3165 3059 3805 3128 communicationis

2249 3164 2529 3239 naturae,
2572 3156 2705 3230 hoc
2749 3168 2852 3231 est
2907 3183 2996 3231 ex
3051 3163 3585 3255 imperfectione,
3629 3165 3806 3236 sicut

2244 3272 2591 3333 ostensum
2622 3273 2750 3334 est.

2327 3372 2433 3439 An
2470 3393 2667 3439 Αιωυ
2707 3371 3097 3458 dicendum,
3165 3375 3350 3469 quod
3389 3376 3541 3447 licet
3590 3380 3789 3447 unius

2239 3477 2521 3547 rationis
2560 3478 2646 3551 sit
2683 3481 3207 3551 communicatio
3247 3485 3607 3574 suppositi,
3650 3508 3787 3555 nou

2236 3593 2463 3654 tamen
2492 3590 2763 3677 oportet
2792 3586 2978 3679 quod
3017 3589 3195 3658 idem
3240 3592 3330 3659 sit
3370 3591 3791 3683 distinguens

2235 3695 2584 3786 supposita
2617 3694 2792 3764 :hoc
2832 3696 3017 3766 enim
3051 3699 3119 3766 in
3158 3698 3343 3767 nulla
3384 3710 3624 3769 natura
3663 3712 3788 3782 est,

2233 3800 2418 3893 quod
2457 3801 2702 3904 eadem
2741 3805 3119 3894 proprietas
3154 3829 3303 3897 quoe
3352 3807 3793 3900 singularita-

2229 3920 2367 3980 tem
2403 3912 2811 3983 conserendo
2840 3917 3165 4006 supponit
3193 3915 3354 3986 huic
3385 3929 3668 4006 nature,
3701 3923 3789 3990 sit

2230 4017 2768 4109 singularitatem
2816 4021 3170 4091 conferens
3229 4026 3432 4094 etiam
3491 4026 3604 4096 alii
3668 4030 3787 4121 qui

2228 4128 2491 4197 substat
2544 4130 2763 4199 eidem
2821 4139 3121 4201 natura-2
3182 4143 3248 4203 et
3314 4135 3467 4205 ideo
3515 4136 3628 4205 illa
3671 4137 3790 4206 ob·

2218 4236 2424 4323 jectio
2455 4235 2823 4327 sophistica
2852 4237 3001 4322 fuit,
3027 4250 3378 4332 tamquam
3410 4266 3496 4312 ex
3527 4248 3786 4315 ratione

2227 4343 2560 4435 suppositi
2599 4353 2828 4433 posset
2855 4342 3091 4415 haberi
3141 4370 3276 4415 una
3318 4350 3490 4418 ratio
3541 4350 3785 4420 distin-

2227 4450 2474 4541 guendi
2506 4453 2885 4543 supposita.

3906 3432 3987 3478 Ad
4012 3434 4057 3480 9.

2312 4558 2417 4625 An
2445 4581 2638 4627 annun
2676 4558 3065 4640 dicendum,
3108 4563 3289 4653 quod
3320 4561 3449 4633 hoc
3487 4565 3654 4634 nihil
3679 4579 3778 4637 est
3883 4610 3955 4656 „d
3988 4611 4050 4656 m.

2228 4688 2555 4757 quaerere,
2591 4674 2817 4735 utrum
2845 4667 2956 4735 isti
2987 4669 3175 4737 modi
3225 4671 3538 4741 differant
3585 4673 3778 4743 diffe-

2227 4774 2442 4841 rentia
2487 4771 2911 4842 substantiali
2962 4776 3073 4843 vel
3120 4776 3556 4847 accidentali:
3607 4782 3781 4850 sicut

2228 4903 2349 4949 nec
2400 4879 2655 4972 aliquid
2711 4889 2813 4950 est
2858 4881 3042 4952 dictu
3108 4884 3175 4951 in
3220 4884 3493 4964 divinis,
3557 4898 3781 4958 utrum

2225 5010 2533 5078 personae
2563 4988 2879 5059 diss'erant
2913 4989 3312 5059 differentiis
3368 4993 3780 5065 substantia-

2224 5094 2427 5175 libus,
2455 5095 2562 5164 vel
2601 5095 3168 5166 accidentalibus:
3225 5102 3384 5190 quia
3433 5124 3782 5173 sermones

2222 5201 2595 5269 secundum
2667 5203 3023 5270 materiam
3090 5203 3476 5293 inquirendi
3560 5218 3776 5277 sunt:

2226 5308 2404 5378 unde
2434 5308 2826 5391 dicendum,
2867 5309 3054 5400 quod
3104 5309 3424 5381 ditl'erunt
3472 5318 3782 5407 proprie-

2221 5574 2453 5647 spiritus
2482 5575 2756 5646 habentes,
2778 5583 2829 5633 et
2860 5578 2968 5649 ipsi
2996 5579 3148 5635 intra
3174 5596 3273 5637 nos
3302 5587 3574 5655 qeminns,
3603 5585 3778 5660 adop·

2222 5663 2424 5721 tionem
2451 5665 2699 5737 fitiorum
2746 5673 3149 5741 exspectantes,
3189 5669 3623 5745 redemptionem
3650 5693 3773 5733 cor-

504 5785 519 5800 ·
568 5763 688 5817 Non
745 5760 922 5817 sotum
978 5764 1163 5815 antem
1193 5756 1319 5825 illa,
1345 5756 1443 5813 sed
1468 5761 1522 5812 et
1567 5772 1669 5812 nos
1699 5754 1808 5828 ipsi
1834 5755 2119 5827 primitias
2213 5757 2369 5828 poris
2395 5758 2592 5829 nostri,
2615 5760 2729 5815 etc.
