4897 6388
747 396 883 464 628

630 537 645 565 ι’
749 539 1128 655 ideo'ponit
1165 560 1668 629 distinctionem
1699 557 1771 624 in
1799 527 2145 648 supposito
2184 577 2198 622 ε
2238 561 2304 622 et
2340 624 2343 627 ,

749 673 902 740 ideo
944 678 1129 761 patet
1168 671 1399 753 etiam,
1436 689 1644 758 quare
1673 689 1811 733 non
1842 664 2195 755 superfluit
2232 662 2300 752 ly

751 778 1121 846 individua
1155 801 1170 844 :
1217 801 1356 845 non
1398 777 1583 844 enim
1614 774 1898 842 haberet
1926 770 2304 839 substantia

751 910 896 979 quo⁴
928 886 1310 956 traheretur
1358 884 1443 951 ad
1482 881 1927 951 substandum
1974 902 2096 971 pro
2138 901 2304 968 sup-

749 997 974 1087 posito
1041 991 1698 1073 incommunicabili,
1758 990 1888 1056 nisi
1944 987 2302 1056 adderetur

749 1103 1143 1171 individua.

842 1211 948 1279 An
985 1233 1114 1277 noc
1169 1216 1401 1277 autem
1462 1206 1647 1298 quod
1702 1204 2052 1295 probatur,
2121 1198 2303 1291 quod

753 1317 1138 1386 substantia
1174 1315 1258 1382 de
1288 1337 1360 1383 se
1396 1314 1575 1381 dicat
1603 1310 2059 1401 suppositum,
2091 1314 2158 1374 et
2195 1307 2305 1372 in-

751 1428 1110 1518 dividuum
1144 1425 1437 1515 explicet
1477 1445 1494 1491 :
1544 1422 1718 1490 bene
1758 1418 2077 1494 concedo,
2124 1415 2305 1506 quod

750 1536 924 1604 mihi
944 1559 1085 1604 non
1111 1534 1386 1604 videtur
1413 1553 1680 1608 verum,
1707 1529 1881 1597 sicut
1907 1527 2147 1618 probat
2177 1522 2307 1591 ob-

741 1645 980 1734 jectio.
1042 1673 1048 1678 ·
1151 1658 1160 1665 ’

846 1753 952 1819 An
1011 1773 1142 1819 noc
1191 1758 1427 1817 autem
1479 1744 1667 1836 quod
1719 1742 2059 1832 objicitur,
2122 1736 2307 1830 quod

756 1859 1207 1950 multiplicato
1281 1856 1603 1934 diffinito,
1683 1860 1809 1922 etc.
1894 1850 2302 1925 Rnsronnso,

758 1966 946 2059 quod
995 1965 1231 2041 ,nescio
1290 1962 1455 2054 quid
1522 1957 1898 2050 prohibeat,
1958 1957 2121 2045 quin
2177 1951 2307 2020 hoc

758 2093 966 2142 sensu
1022 2092 1392 2162 possumus
1437 2066 1660 2135 dicere
1715 2073 1851 2131 tres
1897 2059 2307 2129 substantias

757 2178 1147 2247 individuas
1187 2174 1539 2245 rationalis
1569 2179 1829 2240 naturae
1862 2192 1879 2237 ε
1921 2168 2078 2259 quia
2106 2165 2309 2234 subs-

758 2287 973 2355 tantia
985 2293 1119 2354 stat
1142 2308 1263 2376 pro
1283 2280 1635 2372 supposito
1655 2300 1672 2345 ε
1703 2286 1770 2346 et
1788 2275 1920 2344 hoc
1942 2274 2115 2343 bene
2131 2271 2307 2341 cadit

759 2395 831 2461 i'n
859 2393 1344 2484 pluralitatem,
1372 2413 1453 2459 eo
1477 2386 1660 2481 quod
1688 2385 2025 2455 distinctio
2051 2380 2306 2471 (utjam

757 2500 1071 2570 habitum
1102 2502 1230 2590 est)
1259 2522 1399 2568 non
1428 2498 1707 2588 ponitur
1734 2494 1909 2562 circa
1945 2489 2305 2559 essentiam

759 2631 916 2701 quae
937 2616 1039 2677 est
1059 2606 1453 2675 substantiae
1474 2601 1954 2694 significatum.
1984 2594 2058 2664 Si
2078 2602 2306 2663 autem

756 2716 1055 2786 velimus
1083 2714 1331 2795 dicere,
1365 2709 1551 2803 quod
1570 2706 1949 2777 substantia
1975 2700 2311 2794 significat

760 2822 1213 2916 hypostasim,
1257 2827 1333 2887 ut
1361 2816 1640 2909 quidam
1673 2810 1975 2905 Magistri
2011 2807 2246 2877 dicunt
2287 2826 2302 2871 ε

760 2940 926 2999 tunc
939 2929 1273 3009 dicemus,
1308 2923 1496 3018 quod
1521 2944 1661 2991 non
1681 2917 2036 3011 superfluit
2055 2912 2308 2983 additio

624 3031 637 3041 ’
761 3036 1100 3108 individui
1136 3057 1153 3103 ε
1190 3035 1354 3126 quia
1399 3031 1560 3101 licet
1597 3024 1982 3121 hypostasis
2017 3023 2106 3091 sit
2141 3043 2310 3111 sup-

760 3145 1065 3238 positum
1086 3142 1511 3221 distinctum,
1539 3157 1680 3206 non
1717 3142 1945 3202 tamen
1975 3129 2309 3200 rationem

760 3252 1216 3323 distinctionis
1254 3252 1581 3341 importat
1616 3247 1685 3313 in
1724 3243 2043 3311 nomine:
2075 3245 2141 3307 et
2167 3234 2314 3306 haec

761 3364 937 3433 ratio
958 3361 1411 3432 distinctionis
1430 3355 1876 3449 significatur,
1894 3372 2048 3421 cum
2070 3347 2315 3417 dicitur

763 3471 1130 3541 individua
1150 3522 1167 3539 .
1204 3469 1381 3538 sicut
1418 3489 1575 3536 cum
1605 3463 1876 3546 dicitur,
1902 3459 2084 3528 Deus
2111 3454 2316 3524 Pater

762 3587 1069 3672 generat,
1118 3576 1189 3669 ly
1225 3579 1415 3645 Deus
1452 3573 1616 3643 dicit
1654 3567 2080 3662 suppositum
2124 3559 2314 3630 verbi

763 3685 950 3778 quod
981 3686 1305 3776 importat
1333 3690 1564 3751 actum
1598 3673 2016 3747 notionalem
2046 3669 2310 3738 Patris:

765 3814 891 3861 nec
947 3790 1293 3883 superflue
1332 3787 1606 3856 additur
1660 3786 1896 3865 Pater,
1938 3778 2097 3869 quia
2153 3774 2317 3843 dicit

766 3899 1104 3968 rationem
1134 3919 1270 3989 qua
1297 3893 1730 3988 suppositum
1762 3888 2044 3958 refertur
2088 3881 2174 3952 ad
2213 3890 2321 3950 ta-

767 4005 906 4074 lem
946 4013 1201 4082 actum,
1244 4003 1360 4094 qui
1394 4001 1618 4070 Patris
1654 3997 2063 4090 proprietate
2103 3988 2321 4081 signi-

771 4113 1038 4196 ticatur,
1072 4132 1227 4179 cuni
1258 4107 1528 4193 dicitur,
1552 4109 1738 4176 Deus
1764 4105 1999 4173 Pater.

433 4373 750 4436 aequ-nu.
869 4340 975 4406 An
1012 4358 1145 4404 noc
1198 4334 1385 4427 quod
1423 4335 1707 4405 ulterius
1763 4339 2086 4429 quaeritur
2123 4335 2206 4404 de
2252 4333 2323 4427 ly

784 4445 1173 4523 individua,
1205 4444 1352 4510 sine
1382 4443 1773 4534 praejudicio
1801 4443 1975 4523 dico,
2003 4442 2183 4536 quod
2204 4464 2326 4533 po·

783 4558 982 4626 sitive
1030 4554 1432 4644 intelligitur
1470 4575 1487 4619 :
1541 4556 1814 4645 negatio
1855 4556 2036 4624 enim
2093 4576 2327 4623 conse·

784 4684 1001 4754 quens
1026 4661 1440 4752 positionem
1465 4660 1784 4751 relinquit
1812 4662 2178 4752 positivum
2210 4682 2329 4727 an-

790 4778 854 4837 te
892 4790 990 4836 se.

877 4877 984 4943 An
1011 4897 1078 4942 m
1107 4876 1292 4967 quod
1329 4885 1565 4945 contra
1595 4875 1933 4967 objicitur,
1965 4874 2325 4946 dicendum

793 4984 979 5077 quod
1007 4986 1267 5053 ratione
1299 4985 1771 5054 affirmationis
1809 5009 1946 5054 non
2001 4984 2333 5077 exprimi-

794 5102 908 5160 tur
934 5093 1269 5183 separatio
1299 5093 1446 5180 ejus
1474 5117 1514 5161 a
1544 5092 1919 5162 substantia
1958 5093 2331 5172 communi,

797 5200 916 5270 sed
946 5202 1206 5269 ratione
1235 5202 1616 5292 negationis
1660 5224 1676 5270 ε
1710 5211 1777 5272 et
1825 5202 1974 5270 ideo
2021 5202 2336 5270 nomina·

800 5315 912 5374 tur
947 5329 986 5374 a
1015 5308 1402 5397 negatione,
1460 5330 1619 5376 cum
1676 5306 1919 5377 dicitur
1959 5306 2337 5376 substantia

803 5413 1176 5515 individua,
1236 5423 1314 5483 ut
1348 5414 1531 5484 idem
1587 5415 1675 5484 sit
1728 5417 1913 5507 quod
1964 5414 2337 5484 substantia

801 5523 1412 5594 communicabilis.

1689 385 1820 502 J).
1871 384 2071 452 ALB.
2121 382 2339 451 MAG.
2390 381 2594 450 ORD.
2648 378 2942 448 PRAED.

2411 577 2528 622 nes
2558 553 2801 620 dantur
2830 572 2951 641 per
2968 508 3547 637 comparationem
3572 540 3658 609 ad
3680 540 3747 606 id
3767 535 3949 628 quod

2410 659 2784 729 individuat
2820 678 3203 747 personam.
3247 653 3331 720 Et
3369 653 3591 742 prima
3630 647 3790 715 dicit
3818 643 3945 710 hoc

2410 772 2479 836 in
2528 765 2876 835 communi
2941 761 3316 831 seeundum
3376 756 3558 849 quod
3626 750 3946 842 competit

2412 872 2577 949 Dee,
2620 869 2910 960 Angelo,
2936 877 3002 935 et
3038 866 3326 933 homini.
3367 861 3681 930 Secunda
3718 864 3945 924 autem

2410 978 2653 1045 divinae
2694 985 2978 1043 tantum.
3020 973 3244 1040 Tertia
3299 969 3568 1038 videtur
3614 965 3948 1053 corrigere

2411 1083 2881 1151 diffinitionem
2914 1079 3160 1163 Boetii,
3196 1076 3377 1169 quod
3418 1074 3660 1141 melius
3692 1070 3950 1138 dicatur
4020 1132 4027 1138 .
4093 1107 4101 1114 .

2411 1193 2766 1259 existentia
2795 1212 2996 1280 quam
3049 1183 3452 1253 substantia.
3498 1180 3752 1260 Quarta
3790 1176 3952 1243 dicit

2412 1299 2788 1389 subjectum
2826 1317 3156 1388 personae,
3224 1301 3293 1360 et
3347 1291 3824 1381 proprietatem
3880 1284 3951 1349 in

2412 1407 2782 1490 communi.
2824 1405 3305 1496 Magistrorum
3363 1408 3589 1467 autem
3639 1395 3949 1463 diffinitio

2412 1517 2606 1583 datur
2644 1539 2763 1605 per
2790 1511 3369 1602 comparationem
3428 1505 3512 1574 ad
3570 1525 3794 1571 mores
3841 1500 3951 1568 vel

2413 1623 2661 1707 civilia,
2697 1623 2898 1710 juxta
2934 1620 3125 1708 cujus
3165 1613 3678 1685 similitudinem
3730 1620 3953 1678 trans-

2416 1730 2705 1797 sumitur
2746 1749 2996 1796 nomen
3027 1720 3433 1815 generaliter
3487 1718 3571 1786 ad
3605 1712 3952 1783 individua

2419 1837 2759 1906 rationalis
2790 1844 3066 1903 naturae.

2852 2277 3360 2349 ARTICULUS
3409 2277 3497 2344 11.

2415 2499 2522 2565 An
2558 2518 2847 2587 persona
2904 2494 3181 2560 univoce
3230 2493 3321 2557 sit
3374 2491 3445 2556 in
3500 2487 3751 2555 divinis
3776 2495 3840 2552 el
3877 2486 3949 2552 in

2977 2601 3309 2669 creaturis
3333 2597 3375 2666 ?

2507 2920 2818 2992 Secundo
2867 2921 3215 3012 quaeritur,
3262 2916 3503 2986 Utrum
3544 2914 3825 2981 univoce
3864 2911 3953 2977 sit

2419 3036 2488 3101 in
2517 3031 2662 3101 Deo
2693 3039 2758 3098 et
2788 3031 2855 3098 in
2885 3035 3190 3097 creatura
3209 3028 3246 3094 Ῥ

2501 3138 2786 3208 Videtur
2811 3145 3062 3219 autem,
3095 3131 3278 3226 quod
3308 3153 3450 3201 non
3482 3150 3502 3200 ε
3537 3129 3696 3221 quia

2513 3253 2574 3317 ¹.
2606 3247 2784 3316 Dicit
2812 3243 3212 3323 Richardus,
3236 3240 3510 3333 quodin
3551 3238 3695 3305 Deo
3725 3234 3964 3303 distin·

2421 3366 2723 3449 guuntur
2750 3374 3051 3446 personoe
3073 3350 3484 3441 proprietate
3504 3343 3784 3436 originis
3806 3351 3963 3409 tan-

2423 3474 2567 3532 tum
2597 3486 2613 3528 2
2650 3463 2717 3530 in
2737 3458 3016 3552 Angelis
3045 3466 3273 3526 autem
3295 3450 3821 3548 proprietatibus
3851 3469 3971 3515 na·

2424 3569 2777 3647 turalibus‚
2830 3590 2966 3635 non
3024 3563 3307 3655 originis
3366 3584 3383 3629 :
3449 3562 3518 3629 in
3576 3554 3969 3626 hominibus

2426 3688 2650 3747 autem
2681 3684 2967 3766 utroque
2990 3670 3219 3741 niodo,
3248 3670 3429 3761 Ergo
3450 3668 3742 3745 videtur,
3784 3660 3970 3755 quod

2427 3808 2714 3879 persona
2745 3786 2810 3852 in
2853 3781 3093 3873 triplici
3136 3781 3396 3848 ratione
3444 3774 3804 3845 conveniat
3843 3771 3972 3839 tri-

2429 3896 2581 3988 plici
2614 3902 2870 3962 naturae
2910 3888 3250 3959 rationali.

2518 4005 2583 4070 2.
2648 4002 2837 4078 Item,
2883 3997 3065 4066 Nihil
3123 4003 3225 4064 est
3280 3993 3649 4062 univocum
3705 3989 3846 4057 Deo
3902 3997 3973 4057 et

2430 4119 2780 4189 creaturae,
2822 4116 2895 4174 ut
2932 4126 3136 4196 supra
3178 4124 3356 4193 saepe
3406 4099 3765 4192 probatum
3796 4105 3898 4165 est
3951 4120 3969 4163 ε

2433 4241 2718 4310 persona
2751 4215 3068 4284 convenit
3098 4212 3244 4280 Deo
3291 4218 3359 4280 et
3388 4217 3716 4279 creaturas
3750 4227 3768 4274 ε
3804 4228 3969 4296 ergo

2435 4346 2571 4392 non
2612 4343 2925 4397 univoce,

2527 4432 2658 4499 Seu
2694 4453 2941 4498 cosraA
2971 4428 3240 4496 videtur
3258 4424 3444 4518 quod
3481 4424 3769 4492 univoce
3805 4443 3822 4488 ε
3856 4418 3977 4486 Ni·
4008 4445 4300 4497 &amu-n.

2438 4539 2529 4608 hil
2587 4540 2766 4607 enini
2827 4534 3142 4627 prohibet
3190 4540 3819 4625 quantumcumque
3872 4525 3983 4593 di-

2437 4648 2680 4716 stantia
2702 4645 2935 4715 eadem
2986 4644 3247 4711 ratione
3303 4639 3654 4709 communi
3702 4635 3983 4727 partici-

2442 4778 2599 4846 pare
2654 4750 3115 4844 negationem,
3173 4756 3250 4817 ut
3284 4747 3507 4816 Deum
3564 4753 3633 4813 et
3686 4741 3980 4833 lapidem

2440 4889 2578 4935 non
2609 4861 2954 4932 ambulare
2988 4883 3005 4929 ε
3041 4858 3158 4928 sed
3199 4855 3643 4949 perfectivum
3672 4871 3982 4944 personae

2442 4974 2746 5044 consistit
2774 4972 2841 5038 in
2867 4969 3252 5060 negatione,
3276 4964 3531 5034 scilicet
3552 4958 3980 5029 individuum

2445 5081 2626 5175 quod
2657 5081 2971 5148 ultimum
3011 5084 3136 5155 est,
3170 5083 3239 5144 et
3268 5094 3574 5165 persona*
3623 5067 3988 5159 completi-

2444 5215 2657 5262 vum:
2703 5214 2865 5282 ergo
2900 5187 3193 5268 videtur,
3252 5182 3434 5276 quod
3476 5182 3769 5248 univoce
3819 5200 3991 5245 con-

2444 5301 2698 5369 veniat.

2540 5511 2864 5580 Uar-:mus
2900 5508 2956 5574 si
3014 5502 3447 5586 concedatur,
3498 5499 3685 5592 quod
3728 5520 3986 5568 eonve-

2451 5621 2589 5688 niat
2616 5640 2735 5707 per
2762 5616 2947 5707 prius
2984 5621 3052 5681 et
3079 5612 3443 5704 posteriuS,
3477 5608 3822 5700 quaeritur,
3859 5604 3985 5673 Cui

846 5738 852 5742 ’
898 5729 1072 5797 Aliae
1109 5735 1334 5797 autem
1365 5729 1804 5799 diffinitiones
1833 5728 2143 5799 Richardi
2188 5752 2342 5799 om·
2451 5725 2806 5796 conveniat
2827 5745 2946 5814 per
2971 5721 3215 5812 prius?
3237 5717 3553 5804 Videtur,
3585 5714 3768 5808 quod
3799 5713 3986 5804 prius

4085 5520 4262 5576 Quo-⁸.
