<?xml version="1.0" encoding="UTF-8"?>
<!DOCTYPE html PUBLIC "-//W3C//DTD XHTML 1.0 Transitional//EN"
    "http://www.w3.org/TR/xhtml1/DTD/xhtml1-transitional.dtd">
<html xmlns="http://www.w3.org/1999/xhtml" xml:lang="en" lang="en">
 <head>
  <title>
</title>
<meta http-equiv="Content-Type" content="text/html;charset=utf-8" />
  <meta name='ocr-system' content='tesseract 3.04.00' />
  <meta name='ocr-capabilities' content='ocr_page ocr_carea ocr_par ocr_line ocrx_word'/>
</head>
<body>
  <div class='ocr_page' id='page_1' title='image "balbertimagnira03chgoog_0047.png"; bbox 0 0 4897 6388; ppageno 0'>
   <div class='ocr_carea' id='block_1_1' title="bbox 854 499 1017 545">
    <p class='ocr_par' dir='ltr' id='par_1_1' title="bbox 854 499 1017 545">
     <span class='ocr_line' id='line_1_1' title="bbox 854 499 1017 545; baseline 0.031 -5"><span class='ocrx_word' id='word_1_1' title='bbox 854 500 923 544; x_wconf 73' lang='lat' dir='ltr'><strong>Ad</strong></span> <span class='ocrx_word' id='word_1_2' title='bbox 954 499 1017 545; x_wconf 87' lang='lat'><strong>10.</strong></span> 
     </span>
    </p>
   </div>
   <div class='ocr_carea' id='block_1_2' title="bbox 930 2592 1059 2626">
    <p class='ocr_par' dir='ltr' id='par_1_2' title="bbox 930 2592 1059 2626">
     <span class='ocr_line' id='line_1_2' title="bbox 930 2592 1059 2626; baseline 0.031 -3"><span class='ocrx_word' id='word_1_3' title='bbox 930 2592 1059 2626; x_wconf 62' lang='lat'><strong>000⁸</strong></span> 
     </span>
    </p>
   </div>
   <div class='ocr_carea' id='block_1_3' title="bbox 2104 300 4328 406">
    <p class='ocr_par' dir='ltr' id='par_1_3' title="bbox 2104 300 4328 406">
     <span class='ocr_line' id='line_1_3' title="bbox 2104 300 4328 406; baseline -0.001 -38"><span class='ocrx_word' id='word_1_4' title='bbox 2104 302 2197 369; x_wconf 89' lang='lat' dir='ltr'><strong>IN</strong></span> <span class='ocrx_word' id='word_1_5' title='bbox 2246 302 2275 368; x_wconf 88' lang='grc' dir='ltr'>Ι</span> <span class='ocrx_word' id='word_1_6' title='bbox 2326 300 2749 370; x_wconf 83' lang='lat' dir='ltr'><strong>SENTENT.</strong></span> <span class='ocrx_word' id='word_1_7' title='bbox 2803 303 3031 373; x_wconf 89' lang='lat' dir='ltr'><strong>DlST.</strong></span> <span class='ocrx_word' id='word_1_8' title='bbox 3085 306 3139 384; x_wconf 91' lang='lat'><strong>1,</strong></span> <span class='ocrx_word' id='word_1_9' title='bbox 3194 306 3268 374; x_wconf 92' lang='lat' dir='ltr'><strong>C.</strong></span> <span class='ocrx_word' id='word_1_10' title='bbox 3535 378 3541 383; x_wconf 49' lang='grc'>,</span> <span class='ocrx_word' id='word_1_11' title='bbox 3673 374 3684 387; x_wconf 65' lang='lat'><strong>.</strong></span> <span class='ocrx_word' id='word_1_12' title='bbox 3741 320 3744 323; x_wconf 75' lang='grc'>’</span> <span class='ocrx_word' id='word_1_13' title='bbox 3806 352 3818 406; x_wconf 70' lang='lat'><strong>.&#39;</strong></span> <span class='ocrx_word' id='word_1_14' title='bbox 4247 300 4328 365; x_wconf 79' lang='lat'><strong>37</strong></span> 
     </span>
    </p>
   </div>
   <div class='ocr_carea' id='block_1_4' title="bbox 1108 471 2678 2389">
    <p class='ocr_par' dir='ltr' id='par_1_4' title="bbox 1108 471 2678 2389">
     <span class='ocr_line' id='line_1_4' title="bbox 1208 471 2678 566; baseline -0.001 -23"><span class='ocrx_word' id='word_1_15' title='bbox 1208 476 1313 543; x_wconf 85' lang='lat' dir='ltr'><strong>An</strong></span> <span class='ocrx_word' id='word_1_16' title='bbox 1369 496 1568 541; x_wconf 71' lang='lat' dir='ltr'><strong>Auno</strong></span> <span class='ocrx_word' id='word_1_17' title='bbox 1634 471 2020 556; x_wconf 90' lang='lat' dir='ltr'><strong>dicendum,</strong></span> <span class='ocrx_word' id='word_1_18' title='bbox 2083 473 2264 566; x_wconf 90' lang='lat' dir='ltr'><strong>quod</strong></span> <span class='ocrx_word' id='word_1_19' title='bbox 2330 474 2512 542; x_wconf 89' lang='lat' dir='ltr'><strong>Deus</strong></span> <span class='ocrx_word' id='word_1_20' title='bbox 2578 484 2678 541; x_wconf 91' lang='lat' dir='ltr'><strong>est</strong></span> 
     </span>
     <span class='ocr_line' id='line_1_5' title="bbox 1122 581 2675 673; baseline -0.001 -23"><span class='ocrx_word' id='word_1_21' title='bbox 1122 584 1442 673; x_wconf 80' lang='lat' dir='ltr'>simplex,</span> <span class='ocrx_word' id='word_1_22' title='bbox 1476 591 1543 649; x_wconf 89' lang='lat' dir='ltr'><strong>et</strong></span> <span class='ocrx_word' id='word_1_23' title='bbox 1581 589 1685 649; x_wconf 88' lang='lat' dir='ltr'><strong>est</strong></span> <span class='ocrx_word' id='word_1_24' title='bbox 1716 581 2020 649; x_wconf 83' lang='lat' dir='ltr'><strong>infinitus</strong></span> <span class='ocrx_word' id='word_1_25' title='bbox 2056 605 2070 649; x_wconf 91' lang='lat'>:</span> <span class='ocrx_word' id='word_1_26' title='bbox 2124 582 2269 650; x_wconf 85' lang='lat' dir='ltr'><strong>haec</strong></span> <span class='ocrx_word' id='word_1_27' title='bbox 2302 583 2481 649; x_wconf 88' lang='lat' dir='ltr'><strong>enim</strong></span> <span class='ocrx_word' id='word_1_28' title='bbox 2536 605 2675 650; x_wconf 90' lang='lat' dir='ltr'><strong>non</strong></span> 
     </span>
     <span class='ocr_line' id='line_1_6' title="bbox 1122 689 2674 780; baseline -0.002 -23"><span class='ocrx_word' id='word_1_29' title='bbox 1122 698 1509 779; x_wconf 89' lang='lat' dir='ltr'><strong>repugnant</strong></span> <span class='ocrx_word' id='word_1_30' title='bbox 1540 690 1912 757; x_wconf 88' lang='lat' dir='ltr'><strong>secundum</strong></span> <span class='ocrx_word' id='word_1_31' title='bbox 1956 689 2139 780; x_wconf 88' lang='lat' dir='ltr'><strong>quod</strong></span> <span class='ocrx_word' id='word_1_32' title='bbox 2185 691 2524 756; x_wconf 82' lang='lat' dir='ltr'><strong>inlinitum</strong></span> <span class='ocrx_word' id='word_1_33' title='bbox 2564 689 2674 755; x_wconf 92' lang='lat' dir='ltr'><strong>di-</strong></span> 
     </span>
     <span class='ocr_line' id='line_1_7' title="bbox 1119 796 2668 873; baseline -0.001 -10"><span class='ocrx_word' id='word_1_34' title='bbox 1119 797 1209 863; x_wconf 91' lang='lat' dir='ltr'><strong>cit</strong></span> <span class='ocrx_word' id='word_1_35' title='bbox 1243 796 1778 864; x_wconf 79' lang='lat' dir='ltr'><strong>immensitatem</strong></span> <span class='ocrx_word' id='word_1_36' title='bbox 1809 798 2078 863; x_wconf 89' lang='lat' dir='ltr'><strong>virtutis</strong></span> <span class='ocrx_word' id='word_1_37' title='bbox 2097 804 2164 863; x_wconf 92' lang='lat' dir='ltr'><strong>et</strong></span> <span class='ocrx_word' id='word_1_38' title='bbox 2193 797 2522 873; x_wconf 87' lang='lat' dir='ltr'><strong>essentiae‚</strong></span> <span class='ocrx_word' id='word_1_39' title='bbox 2557 796 2668 862; x_wconf 89' lang='lat' dir='ltr'><strong>sed</strong></span> 
     </span>
     <span class='ocr_line' id='line_1_8' title="bbox 1116 902 2669 996; baseline 0.001 -28"><span class='ocrx_word' id='word_1_40' title='bbox 1116 910 1348 971; x_wconf 89' lang='lat' dir='ltr'><strong>tamen</strong></span> <span class='ocrx_word' id='word_1_41' title='bbox 1431 905 1789 996; x_wconf 89' lang='lat' dir='ltr'><strong>attingitur</strong></span> <span class='ocrx_word' id='word_1_42' title='bbox 1876 904 2215 971; x_wconf 89' lang='lat' dir='ltr'><strong>intellectu</strong></span> <span class='ocrx_word' id='word_1_43' title='bbox 2298 902 2669 971; x_wconf 87' lang='lat' dir='ltr'><strong>secundum</strong></span> 
     </span>
     <span class='ocr_line' id='line_1_9' title="bbox 1116 1009 2668 1102; baseline 0 -26"><span class='ocrx_word' id='word_1_44' title='bbox 1116 1009 1303 1100; x_wconf 89' lang='lat' dir='ltr'><strong>quod</strong></span> <span class='ocrx_word' id='word_1_45' title='bbox 1357 1010 1654 1102; x_wconf 81' lang='lat' dir='ltr'><strong>simplex</strong></span> <span class='ocrx_word' id='word_1_46' title='bbox 1719 1017 1845 1091; x_wconf 88' lang='lat' dir='ltr'><strong>est,</strong></span> <span class='ocrx_word' id='word_1_47' title='bbox 1914 1009 2032 1078; x_wconf 92' lang='lat' dir='ltr'><strong>sed</strong></span> <span class='ocrx_word' id='word_1_48' title='bbox 2094 1033 2231 1076; x_wconf 92' lang='lat' dir='ltr'><strong>non</strong></span> <span class='ocrx_word' id='word_1_49' title='bbox 2297 1009 2668 1077; x_wconf 88' lang='lat' dir='ltr'><strong>seeundum</strong></span> 
     </span>
     <span class='ocr_line' id='line_1_10' title="bbox 1115 1117 2667 1207; baseline -0.001 -23"><span class='ocrx_word' id='word_1_50' title='bbox 1115 1117 1299 1207; x_wconf 91' lang='lat' dir='ltr'><strong>quod</strong></span> <span class='ocrx_word' id='word_1_51' title='bbox 1341 1128 1443 1185; x_wconf 89' lang='lat' dir='ltr'><strong>est</strong></span> <span class='ocrx_word' id='word_1_52' title='bbox 1482 1117 1787 1184; x_wconf 79' lang='lat' dir='ltr'><strong>infinitus</strong></span> <span class='ocrx_word' id='word_1_53' title='bbox 1823 1139 1837 1183; x_wconf 90' lang='lat'>:</span> <span class='ocrx_word' id='word_1_54' title='bbox 1903 1118 2061 1207; x_wconf 85' lang='lat' dir='ltr'><strong>quia</strong></span> <span class='ocrx_word' id='word_1_55' title='bbox 2099 1118 2435 1183; x_wconf 78' lang='lat' dir='ltr'><strong>inlinitum</strong></span> <span class='ocrx_word' id='word_1_56' title='bbox 2476 1118 2667 1206; x_wconf 90' lang='lat' dir='ltr'><strong>ponit</strong></span> 
     </span>
     <span class='ocr_line' id='line_1_11' title="bbox 1116 1223 2666 1315; baseline -0.001 -24"><span class='ocrx_word' id='word_1_57' title='bbox 1116 1226 1453 1292; x_wconf 87' lang='lat' dir='ltr'><strong>rationem</strong></span> <span class='ocrx_word' id='word_1_58' title='bbox 1503 1246 1700 1290; x_wconf 90' lang='lat' dir='ltr'><strong>suam</strong></span> <span class='ocrx_word' id='word_1_59' title='bbox 1761 1234 2068 1315; x_wconf 89' lang='lat' dir='ltr'><strong>respectu</strong></span> <span class='ocrx_word' id='word_1_60' title='bbox 2117 1224 2261 1311; x_wconf 83' lang='lat' dir='ltr'><strong>ejus</strong></span> <span class='ocrx_word' id='word_1_61' title='bbox 2326 1223 2509 1313; x_wconf 93' lang='lat' dir='ltr'><strong>quod</strong></span> <span class='ocrx_word' id='word_1_62' title='bbox 2565 1232 2666 1291; x_wconf 89' lang='lat' dir='ltr'><strong>est</strong></span> 
     </span>
     <span class='ocr_line' id='line_1_12' title="bbox 1113 1330 2662 1422; baseline -0.001 -22"><span class='ocrx_word' id='word_1_63' title='bbox 1113 1341 1306 1400; x_wconf 88' lang='lat' dir='ltr'><strong>extra</strong></span> <span class='ocrx_word' id='word_1_64' title='bbox 1345 1330 1863 1422; x_wconf 81' lang='lat' dir='ltr'><strong>intelligentem.</strong></span> <span class='ocrx_word' id='word_1_65' title='bbox 1911 1332 1996 1399; x_wconf 86' lang='lat' dir='ltr'><strong>Et</strong></span> <span class='ocrx_word' id='word_1_66' title='bbox 2041 1339 2221 1408; x_wconf 83' lang='lat' dir='ltr'><strong>nota,</strong></span> <span class='ocrx_word' id='word_1_67' title='bbox 2288 1331 2470 1422; x_wconf 90' lang='lat' dir='ltr'><strong>quod</strong></span> <span class='ocrx_word' id='word_1_68' title='bbox 2508 1354 2662 1399; x_wconf 90' lang='lat' dir='ltr'><strong>cum</strong></span> 
     </span>
     <span class='ocr_line' id='line_1_13' title="bbox 1115 1438 2666 1527; baseline -0.001 -21"><span class='ocrx_word' id='word_1_69' title='bbox 1115 1440 1366 1507; x_wconf 89' lang='lat' dir='ltr'><strong>dicitur</strong></span> <span class='ocrx_word' id='word_1_70' title='bbox 1391 1439 1579 1506; x_wconf 90' lang='lat' dir='ltr'><strong>Deus</strong></span> <span class='ocrx_word' id='word_1_71' title='bbox 1618 1439 1960 1527; x_wconf 79' lang='lat' dir='ltr'><strong>infinituS,</strong></span> <span class='ocrx_word' id='word_1_72' title='bbox 2012 1461 2149 1505; x_wconf 93' lang='lat' dir='ltr'><strong>non</strong></span> <span class='ocrx_word' id='word_1_73' title='bbox 2187 1438 2386 1505; x_wconf 89' lang='lat' dir='ltr'><strong>debet</strong></span> <span class='ocrx_word' id='word_1_74' title='bbox 2425 1438 2666 1526; x_wconf 79' lang='lat' dir='ltr'><strong>infini-</strong></span> 
     </span>
     <span class='ocr_line' id='line_1_14' title="bbox 1114 1545 2663 1636; baseline -0.001 -23"><span class='ocrx_word' id='word_1_75' title='bbox 1114 1557 1225 1613; x_wconf 81' lang='lat' dir='ltr'><strong>tus</strong></span> <span class='ocrx_word' id='word_1_76' title='bbox 1257 1546 1509 1636; x_wconf 83' lang='lat' dir='ltr'><strong>exponi</strong></span> <span class='ocrx_word' id='word_1_77' title='bbox 1543 1547 1897 1634; x_wconf 81' lang='lat' dir='ltr'><strong>privative,</strong></span> <span class='ocrx_word' id='word_1_78' title='bbox 1932 1553 2007 1612; x_wconf 92' lang='lat' dir='ltr'><strong>ut</strong></span> <span class='ocrx_word' id='word_1_79' title='bbox 2042 1545 2128 1612; x_wconf 90' lang='lat' dir='ltr'><strong>sit</strong></span> <span class='ocrx_word' id='word_1_80' title='bbox 2165 1567 2398 1612; x_wconf 90' lang='lat' dir='ltr'><strong>sensus</strong></span> <span class='ocrx_word' id='word_1_81' title='bbox 2428 1551 2663 1635; x_wconf 88' lang='lat' dir='ltr'><strong>aptum</strong></span> 
     </span>
     <span class='ocr_line' id='line_1_15' title="bbox 1114 1650 2663 1744; baseline -0.001 -24"><span class='ocrx_word' id='word_1_82' title='bbox 1114 1651 1365 1721; x_wconf 86' lang='lat' dir='ltr'><strong>habere</strong></span> <span class='ocrx_word' id='word_1_83' title='bbox 1404 1652 1641 1730; x_wconf 87' lang='lat' dir='ltr'><strong>finem,</strong></span> <span class='ocrx_word' id='word_1_84' title='bbox 1685 1660 1752 1719; x_wconf 89' lang='lat' dir='ltr'><strong>et</strong></span> <span class='ocrx_word' id='word_1_85' title='bbox 1804 1675 1945 1719; x_wconf 89' lang='lat' dir='ltr'><strong>non</strong></span> <span class='ocrx_word' id='word_1_86' title='bbox 1994 1650 2289 1720; x_wconf 88' lang='lat' dir='ltr'><strong>habere:</strong></span> <span class='ocrx_word' id='word_1_87' title='bbox 2354 1653 2513 1744; x_wconf 86' lang='lat' dir='ltr'><strong>quia</strong></span> <span class='ocrx_word' id='word_1_88' title='bbox 2567 1653 2663 1719; x_wconf 92' lang='lat' dir='ltr'><strong>sic</strong></span> 
     </span>
     <span class='ocr_line' id='line_1_16' title="bbox 1113 1758 2659 1850; baseline -0.003 -21"><span class='ocrx_word' id='word_1_89' title='bbox 1113 1764 1295 1830; x_wconf 81' lang='lat' dir='ltr'><strong>esset</strong></span> <span class='ocrx_word' id='word_1_90' title='bbox 1324 1759 1786 1850; x_wconf 79' lang='lat' dir='ltr'><strong>imperfectuS,</strong></span> <span class='ocrx_word' id='word_1_91' title='bbox 1820 1782 1975 1827; x_wconf 92' lang='lat' dir='ltr'><strong>cum</strong></span> <span class='ocrx_word' id='word_1_92' title='bbox 2011 1758 2265 1850; x_wconf 88' lang='lat' dir='ltr'><strong>aliquid</strong></span> <span class='ocrx_word' id='word_1_93' title='bbox 2303 1759 2556 1827; x_wconf 85' lang='lat' dir='ltr'><strong>deesset</strong></span> <span class='ocrx_word' id='word_1_94' title='bbox 2600 1760 2659 1826; x_wconf 94' lang='lat' dir='ltr'><strong>ei</strong></span> 
     </span>
     <span class='ocr_line' id='line_1_17' title="bbox 1113 1864 2662 1959; baseline -0.002 -23"><span class='ocrx_word' id='word_1_95' title='bbox 1113 1867 1300 1959; x_wconf 89' lang='lat' dir='ltr'><strong>quod</strong></span> <span class='ocrx_word' id='word_1_96' title='bbox 1330 1876 1511 1936; x_wconf 90' lang='lat' dir='ltr'><strong>esset</strong></span> <span class='ocrx_word' id='word_1_97' title='bbox 1540 1875 1739 1956; x_wconf 88' lang='lat' dir='ltr'><strong>aptus</strong></span> <span class='ocrx_word' id='word_1_98' title='bbox 1770 1875 1967 1934; x_wconf 89' lang='lat' dir='ltr'><strong>natus</strong></span> <span class='ocrx_word' id='word_1_99' title='bbox 1988 1866 2232 1935; x_wconf 89' lang='lat' dir='ltr'><strong>habere</strong></span> <span class='ocrx_word' id='word_1_100' title='bbox 2266 1889 2282 1936; x_wconf 89' lang='lat'>:</span> <span class='ocrx_word' id='word_1_101' title='bbox 2317 1866 2431 1934; x_wconf 90' lang='lat' dir='ltr'><strong>sed</strong></span> <span class='ocrx_word' id='word_1_102' title='bbox 2463 1864 2662 1934; x_wconf 89' lang='lat' dir='ltr'><strong>debet</strong></span> 
     </span>
     <span class='ocr_line' id='line_1_18' title="bbox 1112 1976 2654 2066; baseline -0.001 -22"><span class='ocrx_word' id='word_1_103' title='bbox 1112 1976 1364 2066; x_wconf 87' lang='lat' dir='ltr'><strong>exponi</strong></span> <span class='ocrx_word' id='word_1_104' title='bbox 1408 1976 1750 2066; x_wconf 75' lang='lat' dir='ltr'><strong>negative,</strong></span> <span class='ocrx_word' id='word_1_105' title='bbox 1794 1984 1872 2044; x_wconf 94' lang='lat' dir='ltr'><strong>ut</strong></span> <span class='ocrx_word' id='word_1_106' title='bbox 1906 1978 1992 2044; x_wconf 90' lang='lat' dir='ltr'><strong>sit</strong></span> <span class='ocrx_word' id='word_1_107' title='bbox 2020 1999 2281 2052; x_wconf 89' lang='lat' dir='ltr'><strong>sensus,</strong></span> <span class='ocrx_word' id='word_1_108' title='bbox 2318 1977 2654 2066; x_wconf 80' lang='lat' dir='ltr'><strong>infinitus,</strong></span> 
     </span>
     <span class='ocr_line' id='line_1_19' title="bbox 1112 2083 2659 2173; baseline -0.001 -21"><span class='ocrx_word' id='word_1_109' title='bbox 1112 2084 1179 2152; x_wconf 92' lang='lat' dir='ltr'><strong>id</strong></span> <span class='ocrx_word' id='word_1_110' title='bbox 1210 2092 1337 2165; x_wconf 87' lang='lat' dir='ltr'><strong>est,</strong></span> <span class='ocrx_word' id='word_1_111' title='bbox 1397 2106 1539 2151; x_wconf 90' lang='lat' dir='ltr'><strong>non</strong></span> <span class='ocrx_word' id='word_1_112' title='bbox 1578 2083 1810 2152; x_wconf 88' lang='lat' dir='ltr'><strong>tinitus</strong></span> <span class='ocrx_word' id='word_1_113' title='bbox 1840 2083 2015 2163; x_wconf 88' lang='lat' dir='ltr'><strong>loco,</strong></span> <span class='ocrx_word' id='word_1_114' title='bbox 2047 2083 2157 2153; x_wconf 89' lang='lat' dir='ltr'><strong>vel</strong></span> <span class='ocrx_word' id='word_1_115' title='bbox 2190 2094 2516 2173; x_wconf 90' lang='lat' dir='ltr'><strong>tempore,</strong></span> <span class='ocrx_word' id='word_1_116' title='bbox 2549 2083 2659 2151; x_wconf 93' lang='lat' dir='ltr'><strong>vel</strong></span> 
     </span>
     <span class='ocr_line' id='line_1_20' title="bbox 1108 2191 2661 2283; baseline -0.001 -22"><span class='ocrx_word' id='word_1_117' title='bbox 1108 2191 1723 2283; x_wconf 86' lang='lat' dir='ltr'><strong>comprehensione</strong></span> <span class='ocrx_word' id='word_1_118' title='bbox 1762 2192 2184 2260; x_wconf 89' lang='lat' dir='ltr'><strong>intellectus:</strong></span> <span class='ocrx_word' id='word_1_119' title='bbox 2220 2194 2378 2282; x_wconf 89' lang='lat' dir='ltr'><strong>quia</strong></span> <span class='ocrx_word' id='word_1_120' title='bbox 2404 2193 2500 2259; x_wconf 88' lang='lat' dir='ltr'><strong>sic</strong></span> <span class='ocrx_word' id='word_1_121' title='bbox 2537 2214 2661 2259; x_wconf 89' lang='lat' dir='ltr'><strong>ex-</strong></span> 
     </span>
     <span class='ocr_line' id='line_1_21' title="bbox 1110 2299 1827 2389; baseline 0.001 -23"><span class='ocrx_word' id='word_1_122' title='bbox 1110 2300 1307 2389; x_wconf 89' lang='lat' dir='ltr'><strong>ponit</strong></span> <span class='ocrx_word' id='word_1_123' title='bbox 1342 2299 1827 2367; x_wconf 77' lang='lat' dir='ltr'><strong>DamascenuS.</strong></span> 
     </span>
    </p>
   </div>
   <div class='ocr_carea' id='block_1_5' title="bbox 1199 2507 2656 2600">
    <p class='ocr_par' dir='ltr' id='par_1_5' title="bbox 1199 2507 2656 2600">
     <span class='ocr_line' id='line_1_22' title="bbox 1199 2507 2656 2600; baseline 0.001 -24"><span class='ocrx_word' id='word_1_124' title='bbox 1199 2510 1473 2576; x_wconf 84' lang='lat' dir='ltr'><strong>Annoc</strong></span> <span class='ocrx_word' id='word_1_125' title='bbox 1572 2509 1757 2599; x_wconf 89' lang='lat' dir='ltr'><strong>quod</strong></span> <span class='ocrx_word' id='word_1_126' title='bbox 1813 2509 2094 2577; x_wconf 89' lang='lat' dir='ltr'><strong>ulterius</strong></span> <span class='ocrx_word' id='word_1_127' title='bbox 2168 2510 2494 2600; x_wconf 85' lang='lat' dir='ltr'><strong>quaeritur</strong></span> <span class='ocrx_word' id='word_1_128' title='bbox 2575 2507 2656 2577; x_wconf 86' lang='lat' dir='ltr'><strong>de</strong></span> 
     </span>
    </p>
   </div>
   <div class='ocr_carea' id='block_1_6' title="bbox 1063 2613 2655 2709">
    <p class='ocr_par' dir='ltr' id='par_1_6' title="bbox 1063 2613 2655 2709">
     <span class='ocr_line' id='line_1_23' title="bbox 1063 2613 2655 2709; baseline 0 -25"><span class='ocrx_word' id='word_1_129' title='bbox 1063 2613 1076 2626; x_wconf 82' lang='lat'>&#39;</span> <span class='ocrx_word' id='word_1_130' title='bbox 1112 2616 1600 2709; x_wconf 74' lang='lat' dir='ltr'><strong>Tlteopleaniis,</strong></span> <span class='ocrx_word' id='word_1_131' title='bbox 1634 2617 1924 2686; x_wconf 85' lang='lat' dir='ltr'><strong>dicimus</strong></span> <span class='ocrx_word' id='word_1_132' title='bbox 1954 2618 2133 2708; x_wconf 89' lang='lat' dir='ltr'><strong>quod</strong></span> <span class='ocrx_word' id='word_1_133' title='bbox 2164 2620 2331 2686; x_wconf 91' lang='lat' dir='ltr'><strong>sicut</strong></span> <span class='ocrx_word' id='word_1_134' title='bbox 2366 2620 2432 2684; x_wconf 92' lang='lat' dir='ltr'><strong>in</strong></span> <span class='ocrx_word' id='word_1_135' title='bbox 2455 2641 2655 2685; x_wconf 88' lang='lat' dir='ltr'><strong>sensu</strong></span> 
     </span>
    </p>
   </div>
   <div class='ocr_carea' id='block_1_7' title="bbox 1105 2724 2665 4327">
    <p class='ocr_par' dir='ltr' id='par_1_7' title="bbox 1105 2724 2665 4327">
     <span class='ocr_line' id='line_1_24' title="bbox 1107 2724 2657 2817; baseline 0.001 -24"><span class='ocrx_word' id='word_1_136' title='bbox 1107 2725 1246 2793; x_wconf 91' lang='lat' dir='ltr'><strong>duo</strong></span> <span class='ocrx_word' id='word_1_137' title='bbox 1275 2735 1459 2810; x_wconf 83' lang='lat' dir='ltr'><strong>sunt,</strong></span> <span class='ocrx_word' id='word_1_138' title='bbox 1521 2725 1801 2810; x_wconf 88' lang='lat' dir='ltr'><strong>scilicet,</strong></span> <span class='ocrx_word' id='word_1_139' title='bbox 1862 2724 1974 2794; x_wconf 84' lang='lat' dir='ltr'><strong>lux</strong></span> <span class='ocrx_word' id='word_1_140' title='bbox 2041 2727 2165 2794; x_wconf 90' lang='lat' dir='ltr'><strong>sub</strong></span> <span class='ocrx_word' id='word_1_141' title='bbox 2207 2750 2337 2817; x_wconf 87' lang='lat' dir='ltr'><strong>qua</strong></span> <span class='ocrx_word' id='word_1_142' title='bbox 2392 2724 2657 2794; x_wconf 78' lang='lat' dir='ltr'><strong>visibile</strong></span> 
     </span>
     <span class='ocr_line' id='line_1_25' title="bbox 1105 2830 2658 2924; baseline -0.003 -23"><span class='ocrx_word' id='word_1_143' title='bbox 1105 2830 1455 2924; x_wconf 80' lang='lat' dir='ltr'><strong>perficitur</strong></span> <span class='ocrx_word' id='word_1_144' title='bbox 1494 2841 1566 2899; x_wconf 91' lang='lat' dir='ltr'><strong>ut</strong></span> <span class='ocrx_word' id='word_1_145' title='bbox 1593 2831 1807 2899; x_wconf 91' lang='lat' dir='ltr'><strong>videri</strong></span> <span class='ocrx_word' id='word_1_146' title='bbox 1869 2834 2104 2922; x_wconf 84' lang='lat' dir='ltr'><strong>possit,</strong></span> <span class='ocrx_word' id='word_1_147' title='bbox 2162 2844 2225 2899; x_wconf 92' lang='lat' dir='ltr'><strong>et</strong></span> <span class='ocrx_word' id='word_1_148' title='bbox 2266 2832 2528 2901; x_wconf 80' lang='lat' dir='ltr'><strong>visibile</strong></span> <span class='ocrx_word' id='word_1_149' title='bbox 2569 2833 2658 2921; x_wconf 89' lang='lat' dir='ltr'><strong>ip·</strong></span> 
     </span>
     <span class='ocr_line' id='line_1_26' title="bbox 1108 2937 2654 3031; baseline 0.001 -24"><span class='ocrx_word' id='word_1_150' title='bbox 1108 2962 1289 3020; x_wconf 90' lang='lat' dir='ltr'><strong>sum,</strong></span> <span class='ocrx_word' id='word_1_151' title='bbox 1323 2940 1499 3006; x_wconf 88' lang='lat' dir='ltr'><strong>sicut</strong></span> <span class='ocrx_word' id='word_1_152' title='bbox 1530 2937 1725 3029; x_wconf 86' lang='lat' dir='ltr'><strong>lapis,</strong></span> <span class='ocrx_word' id='word_1_153' title='bbox 1768 2938 1876 3008; x_wconf 86' lang='lat' dir='ltr'><strong>vel</strong></span> <span class='ocrx_word' id='word_1_154' title='bbox 1908 2938 2088 3007; x_wconf 91' lang='lat' dir='ltr'><strong>aliud</strong></span> <span class='ocrx_word' id='word_1_155' title='bbox 2136 2939 2317 3031; x_wconf 88' lang='lat' dir='ltr'><strong>quod</strong></span> <span class='ocrx_word' id='word_1_156' title='bbox 2346 2939 2654 3008; x_wconf 83' lang='lat' dir='ltr'><strong>videtur:</strong></span> 
     </span>
     <span class='ocr_line' id='line_1_27' title="bbox 1108 3046 2661 3137; baseline 0 -23"><span class='ocrx_word' id='word_1_157' title='bbox 1108 3057 1173 3115; x_wconf 89' lang='lat' dir='ltr'><strong>et</strong></span> <span class='ocrx_word' id='word_1_158' title='bbox 1226 3046 1344 3114; x_wconf 89' lang='lat' dir='ltr'><strong>lux</strong></span> <span class='ocrx_word' id='word_1_159' title='bbox 1404 3046 1684 3137; x_wconf 89' lang='lat' dir='ltr'><strong>quidem</strong></span> <span class='ocrx_word' id='word_1_160' title='bbox 1750 3046 1898 3115; x_wconf 78' lang='lat' dir='ltr'><strong>facit</strong></span> <span class='ocrx_word' id='word_1_161' title='bbox 1969 3057 2190 3116; x_wconf 90' lang='lat' dir='ltr'><strong>actum</strong></span> <span class='ocrx_word' id='word_1_162' title='bbox 2251 3049 2498 3126; x_wconf 88' lang='lat' dir='ltr'><strong>visum,</strong></span> <span class='ocrx_word' id='word_1_163' title='bbox 2542 3046 2661 3116; x_wconf 92' lang='lat' dir='ltr'><strong>sed</strong></span> 
     </span>
     <span class='ocr_line' id='line_1_28' title="bbox 1110 3154 2658 3247; baseline 0.001 -26"><span class='ocrx_word' id='word_1_164' title='bbox 1110 3176 1250 3222; x_wconf 90' lang='lat' dir='ltr'><strong>non</strong></span> <span class='ocrx_word' id='word_1_165' title='bbox 1283 3154 1641 3246; x_wconf 78' lang='lat' dir='ltr'><strong>distinguit</strong></span> <span class='ocrx_word' id='word_1_166' title='bbox 1681 3157 1933 3247; x_wconf 90' lang='lat' dir='ltr'><strong>ipsum,</strong></span> <span class='ocrx_word' id='word_1_167' title='bbox 1968 3178 2087 3224; x_wconf 92' lang='lat' dir='ltr'><strong>nec</strong></span> <span class='ocrx_word' id='word_1_168' title='bbox 2127 3155 2527 3224; x_wconf 83' lang='lat' dir='ltr'><strong>determinat</strong></span> <span class='ocrx_word' id='word_1_169' title='bbox 2577 3154 2658 3224; x_wconf 87' lang='lat' dir='ltr'><strong>ad</strong></span> 
     </span>
     <span class='ocr_line' id='line_1_29' title="bbox 1111 3261 2652 3342; baseline 0.001 -13"><span class='ocrx_word' id='word_1_170' title='bbox 1111 3261 1242 3330; x_wconf 91' lang='lat' dir='ltr'><strong>hoc</strong></span> <span class='ocrx_word' id='word_1_171' title='bbox 1279 3262 1574 3342; x_wconf 83' lang='lat' dir='ltr'><strong>visibile,</strong></span> <span class='ocrx_word' id='word_1_172' title='bbox 1615 3261 1724 3331; x_wconf 88' lang='lat' dir='ltr'><strong>vel</strong></span> <span class='ocrx_word' id='word_1_173' title='bbox 1756 3262 1842 3330; x_wconf 90' lang='lat' dir='ltr'><strong>ad</strong></span> <span class='ocrx_word' id='word_1_174' title='bbox 1871 3262 2072 3332; x_wconf 87' lang='lat' dir='ltr'><strong>illud:</strong></span> <span class='ocrx_word' id='word_1_175' title='bbox 2115 3271 2181 3330; x_wconf 92' lang='lat' dir='ltr'><strong>et</strong></span> <span class='ocrx_word' id='word_1_176' title='bbox 2218 3264 2387 3332; x_wconf 90' lang='lat' dir='ltr'><strong>sicut</strong></span> <span class='ocrx_word' id='word_1_177' title='bbox 2439 3266 2505 3330; x_wconf 93' lang='lat' dir='ltr'><strong>in</strong></span> <span class='ocrx_word' id='word_1_178' title='bbox 2554 3264 2652 3331; x_wconf 90' lang='lat' dir='ltr'><strong>in·</strong></span> 
     </span>
     <span class='ocr_line' id='line_1_30' title="bbox 1115 3368 2662 3462; baseline 0.002 -26"><span class='ocrx_word' id='word_1_179' title='bbox 1115 3368 1388 3438; x_wconf 88' lang='lat' dir='ltr'><strong>tellectu</strong></span> <span class='ocrx_word' id='word_1_180' title='bbox 1432 3369 1723 3437; x_wconf 88' lang='lat' dir='ltr'><strong>naturali</strong></span> <span class='ocrx_word' id='word_1_181' title='bbox 1762 3379 1862 3438; x_wconf 84' lang='lat' dir='ltr'><strong>est</strong></span> <span class='ocrx_word' id='word_1_182' title='bbox 1891 3370 2004 3438; x_wconf 85' lang='lat' dir='ltr'><strong>lux</strong></span> <span class='ocrx_word' id='word_1_183' title='bbox 2046 3369 2418 3439; x_wconf 88' lang='lat' dir='ltr'><strong>intellectus</strong></span> <span class='ocrx_word' id='word_1_184' title='bbox 2446 3393 2662 3462; x_wconf 82' lang='lat' dir='ltr'><strong>agen-</strong></span> 
     </span>
     <span class='ocr_line' id='line_1_31' title="bbox 1115 3475 2661 3570; baseline 0.001 -25"><span class='ocrx_word' id='word_1_185' title='bbox 1115 3477 1203 3545; x_wconf 84' lang='lat' dir='ltr'><strong>tis</strong></span> <span class='ocrx_word' id='word_1_186' title='bbox 1232 3478 1349 3568; x_wconf 86' lang='lat' dir='ltr'><strong>qui</strong></span> <span class='ocrx_word' id='word_1_187' title='bbox 1380 3475 1542 3545; x_wconf 75' lang='lat' dir='ltr'><strong>facit</strong></span> <span class='ocrx_word' id='word_1_188' title='bbox 1579 3486 1733 3545; x_wconf 89' lang='lat' dir='ltr'><strong>actu</strong></span> <span class='ocrx_word' id='word_1_189' title='bbox 1782 3477 2201 3570; x_wconf 89' lang='lat' dir='ltr'><strong>possibilem,</strong></span> <span class='ocrx_word' id='word_1_190' title='bbox 2260 3502 2395 3547; x_wconf 87' lang='lat' dir='ltr'><strong>non</strong></span> <span class='ocrx_word' id='word_1_191' title='bbox 2435 3489 2661 3549; x_wconf 83' lang='lat' dir='ltr'><strong>tamen</strong></span> 
     </span>
     <span class='ocr_line' id='line_1_32' title="bbox 1119 3585 2665 3679; baseline 0.003 -27"><span class='ocrx_word' id='word_1_192' title='bbox 1119 3585 1568 3654; x_wconf 82' lang='lat' dir='ltr'><strong>determinate</strong></span> <span class='ocrx_word' id='word_1_193' title='bbox 1608 3587 1871 3678; x_wconf 77' lang='lat' dir='ltr'><strong>perlicit</strong></span> <span class='ocrx_word' id='word_1_194' title='bbox 1907 3596 1974 3656; x_wconf 89' lang='lat' dir='ltr'><strong>et</strong></span> <span class='ocrx_word' id='word_1_195' title='bbox 2025 3598 2251 3656; x_wconf 90' lang='lat' dir='ltr'><strong>movet</strong></span> <span class='ocrx_word' id='word_1_196' title='bbox 2301 3589 2522 3679; x_wconf 88' lang='lat' dir='ltr'><strong>ipsum</strong></span> <span class='ocrx_word' id='word_1_197' title='bbox 2578 3588 2665 3657; x_wconf 91' lang='lat' dir='ltr'><strong>ad</strong></span> 
     </span>
     <span class='ocr_line' id='line_1_33' title="bbox 1117 3690 2663 3786; baseline 0.002 -26"><span class='ocrx_word' id='word_1_198' title='bbox 1117 3690 1248 3760; x_wconf 88' lang='lat' dir='ltr'><strong>hoc</strong></span> <span class='ocrx_word' id='word_1_199' title='bbox 1309 3693 1757 3780; x_wconf 72' lang='lat' dir='ltr'><strong>intelligibile,</strong></span> <span class='ocrx_word' id='word_1_200' title='bbox 1816 3693 1925 3762; x_wconf 91' lang='lat' dir='ltr'><strong>vel</strong></span> <span class='ocrx_word' id='word_1_201' title='bbox 1993 3695 2196 3763; x_wconf 90' lang='lat' dir='ltr'><strong>illud:</strong></span> <span class='ocrx_word' id='word_1_202' title='bbox 2258 3696 2375 3763; x_wconf 82' lang='lat' dir='ltr'><strong>sed</strong></span> <span class='ocrx_word' id='word_1_203' title='bbox 2431 3706 2663 3786; x_wconf 87' lang='lat' dir='ltr'><strong>postea</strong></span> 
     </span>
     <span class='ocr_line' id='line_1_34' title="bbox 1116 3797 2662 3892; baseline 0.003 -27"><span class='ocrx_word' id='word_1_204' title='bbox 1116 3797 1613 3868; x_wconf 83' lang='lat' dir='ltr'><strong>determinatur</strong></span> <span class='ocrx_word' id='word_1_205' title='bbox 1674 3824 1795 3892; x_wconf 91' lang='lat' dir='ltr'><strong>per</strong></span> <span class='ocrx_word' id='word_1_206' title='bbox 1859 3801 2271 3871; x_wconf 83' lang='lat' dir='ltr'><strong>intellectum</strong></span> <span class='ocrx_word' id='word_1_207' title='bbox 2341 3803 2662 3882; x_wconf 64' lang='lat' dir='ltr'><strong>hominis»,</strong></span> 
     </span>
     <span class='ocr_line' id='line_1_35' title="bbox 1115 3904 2665 3997; baseline 0.004 -26"><span class='ocrx_word' id='word_1_208' title='bbox 1115 3904 1223 3972; x_wconf 92' lang='lat' dir='ltr'><strong>vel</strong></span> <span class='ocrx_word' id='word_1_209' title='bbox 1263 3906 1538 3997; x_wconf 77' lang='lat' dir='ltr'><strong>Angeli,</strong></span> <span class='ocrx_word' id='word_1_210' title='bbox 1571 3907 1679 3974; x_wconf 89' lang='lat' dir='ltr'><strong>vel</strong></span> <span class='ocrx_word' id='word_1_211' title='bbox 1710 3905 2026 3975; x_wconf 87' lang='lat' dir='ltr'><strong>alterius:</strong></span> <span class='ocrx_word' id='word_1_212' title='bbox 2057 3918 2122 3975; x_wconf 90' lang='lat' dir='ltr'><strong>et</strong></span> <span class='ocrx_word' id='word_1_213' title='bbox 2159 3911 2326 3977; x_wconf 90' lang='lat' dir='ltr'><strong>sicut</strong></span> <span class='ocrx_word' id='word_1_214' title='bbox 2374 3910 2536 3977; x_wconf 87' lang='lat' dir='ltr'><strong>tides</strong></span> <span class='ocrx_word' id='word_1_215' title='bbox 2565 3917 2665 3978; x_wconf 87' lang='lat' dir='ltr'><strong>est</strong></span> 
     </span>
     <span class='ocr_line' id='line_1_36' title="bbox 1118 4014 2665 4109; baseline 0.003 -28"><span class='ocrx_word' id='word_1_216' title='bbox 1118 4014 1519 4083; x_wconf 88' lang='lat' dir='ltr'><strong>illuminans</strong></span> <span class='ocrx_word' id='word_1_217' title='bbox 1558 4015 1639 4084; x_wconf 88' lang='lat' dir='ltr'><strong>ad</strong></span> <span class='ocrx_word' id='word_1_218' title='bbox 1672 4017 2027 4094; x_wconf 90' lang='lat' dir='ltr'><strong>creditum,</strong></span> <span class='ocrx_word' id='word_1_219' title='bbox 2073 4040 2208 4085; x_wconf 89' lang='lat' dir='ltr'><strong>non</strong></span> <span class='ocrx_word' id='word_1_220' title='bbox 2241 4028 2466 4086; x_wconf 86' lang='lat' dir='ltr'><strong>tamen</strong></span> <span class='ocrx_word' id='word_1_221' title='bbox 2507 4042 2665 4109; x_wconf 91' lang='lat' dir='ltr'><strong>per-</strong></span> 
     </span>
     <span class='ocr_line' id='line_1_37' title="bbox 1116 4125 2664 4203; baseline 0 -9"><span class='ocrx_word' id='word_1_222' title='bbox 1116 4127 1301 4195; x_wconf 87' lang='lat' dir='ltr'><strong>ducit</strong></span> <span class='ocrx_word' id='word_1_223' title='bbox 1334 4125 1787 4195; x_wconf 86' lang='lat' dir='ltr'><strong>determinate</strong></span> <span class='ocrx_word' id='word_1_224' title='bbox 1818 4127 1900 4194; x_wconf 90' lang='lat' dir='ltr'><strong>ad</strong></span> <span class='ocrx_word' id='word_1_225' title='bbox 1932 4125 2111 4196; x_wconf 90' lang='lat' dir='ltr'><strong>hunc</strong></span> <span class='ocrx_word' id='word_1_226' title='bbox 2139 4126 2523 4203; x_wconf 87' lang='lat' dir='ltr'><strong>articulum,</strong></span> <span class='ocrx_word' id='word_1_227' title='bbox 2559 4127 2664 4195; x_wconf 90' lang='lat' dir='ltr'><strong>vel</strong></span> 
     </span>
     <span class='ocr_line' id='line_1_38' title="bbox 1117 4226 2665 4327; baseline -0.002 -26"><span class='ocrx_word' id='word_1_228' title='bbox 1117 4234 1312 4302; x_wconf 84' lang='lat' dir='ltr'><strong>illum</strong></span> <span class='ocrx_word' id='word_1_229' title='bbox 1348 4252 1366 4304; x_wconf 71' lang='grc' dir='ltr'>ε</span> <span class='ocrx_word' id='word_1_230' title='bbox 1440 4237 1530 4301; x_wconf 86' lang='lat' dir='ltr'><strong>ita</strong></span> <span class='ocrx_word' id='word_1_231' title='bbox 1572 4243 1673 4303; x_wconf 90' lang='lat' dir='ltr'><strong>est</strong></span> <span class='ocrx_word' id='word_1_232' title='bbox 1719 4235 1787 4302; x_wconf 88' lang='lat' dir='ltr'><strong>in</strong></span> <span class='ocrx_word' id='word_1_233' title='bbox 1824 4235 2293 4327; x_wconf 75' lang='lat' dir='ltr'><strong>leeopleaniis,</strong></span> <span class='ocrx_word' id='word_1_234' title='bbox 2345 4234 2526 4325; x_wconf 88' lang='lat' dir='ltr'><strong>quod</strong></span> <span class='ocrx_word' id='word_1_235' title='bbox 2566 4226 2665 4301; x_wconf 75' lang='lat' dir='ltr'><strong>est</strong></span> 
     </span>
    </p>
   </div>
   <div class='ocr_carea' id='block_1_8' title="bbox 2766 472 4404 2494">
    <p class='ocr_par' dir='ltr' id='par_1_8' title="bbox 2766 472 4404 2494">
     <span class='ocr_line' id='line_1_39' title="bbox 2785 472 4333 550; baseline -0.003 -9"><span class='ocrx_word' id='word_1_236' title='bbox 2785 474 3016 541; x_wconf 90' lang='lat' dir='ltr'><strong>lumen</strong></span> <span class='ocrx_word' id='word_1_237' title='bbox 3044 474 3458 544; x_wconf 86' lang='lat' dir='ltr'><strong>descendens</strong></span> <span class='ocrx_word' id='word_1_238' title='bbox 3490 475 3758 544; x_wconf 86' lang='lat' dir='ltr'><strong>elevans</strong></span> <span class='ocrx_word' id='word_1_239' title='bbox 3789 472 4230 550; x_wconf 89' lang='lat' dir='ltr'><strong>intellectum,</strong></span> <span class='ocrx_word' id='word_1_240' title='bbox 4265 478 4333 538; x_wconf 91' lang='lat' dir='ltr'><strong>et</strong></span> 
     </span>
     <span class='ocr_line' id='line_1_40' title="bbox 2785 582 4328 674; baseline -0.003 -25"><span class='ocrx_word' id='word_1_241' title='bbox 2785 605 2926 649; x_wconf 92' lang='lat' dir='ltr'><strong>non</strong></span> <span class='ocrx_word' id='word_1_242' title='bbox 2975 583 3399 674; x_wconf 90' lang='lat' dir='ltr'><strong>distinguens</strong></span> <span class='ocrx_word' id='word_1_243' title='bbox 3464 594 3530 650; x_wconf 89' lang='lat' dir='ltr'><strong>et</strong></span> <span class='ocrx_word' id='word_1_244' title='bbox 3592 584 4046 650; x_wconf 87' lang='lat' dir='ltr'><strong>determinans</strong></span> <span class='ocrx_word' id='word_1_245' title='bbox 4106 582 4328 670; x_wconf 90' lang='lat' dir='ltr'><strong>ipsum</strong></span> 
     </span>
     <span class='ocr_line' id='line_1_41' title="bbox 2783 686 4331 780; baseline -0.003 -26"><span class='ocrx_word' id='word_1_246' title='bbox 2783 687 2867 754; x_wconf 89' lang='lat' dir='ltr'><strong>ad</strong></span> <span class='ocrx_word' id='word_1_247' title='bbox 2900 687 3057 772; x_wconf 86' lang='lat' dir='ltr'><strong>hoc,</strong></span> <span class='ocrx_word' id='word_1_248' title='bbox 3093 688 3203 757; x_wconf 92' lang='lat' dir='ltr'><strong>vel</strong></span> <span class='ocrx_word' id='word_1_249' title='bbox 3235 689 3440 756; x_wconf 87' lang='lat' dir='ltr'><strong>ittud:</strong></span> <span class='ocrx_word' id='word_1_250' title='bbox 3480 689 3594 757; x_wconf 90' lang='lat' dir='ltr'><strong>sed</strong></span> <span class='ocrx_word' id='word_1_251' title='bbox 3643 688 3710 756; x_wconf 92' lang='lat' dir='ltr'><strong>id</strong></span> <span class='ocrx_word' id='word_1_252' title='bbox 3751 688 3933 780; x_wconf 92' lang='lat' dir='ltr'><strong>quod</strong></span> <span class='ocrx_word' id='word_1_253' title='bbox 3975 686 4331 775; x_wconf 84' lang='lat' dir='ltr'><strong>distinguit</strong></span> 
     </span>
     <span class='ocr_line' id='line_1_42' title="bbox 2783 789 4330 883; baseline -0.003 -23"><span class='ocrx_word' id='word_1_254' title='bbox 2783 793 3202 863; x_wconf 90' lang='lat' dir='ltr'><strong>intellectum</strong></span> <span class='ocrx_word' id='word_1_255' title='bbox 3237 805 3311 862; x_wconf 93' lang='lat' dir='ltr'><strong>ut</strong></span> <span class='ocrx_word' id='word_1_256' title='bbox 3343 796 3706 883; x_wconf 89' lang='lat' dir='ltr'><strong>objectum,</strong></span> <span class='ocrx_word' id='word_1_257' title='bbox 3751 802 3851 861; x_wconf 88' lang='lat' dir='ltr'><strong>est</strong></span> <span class='ocrx_word' id='word_1_258' title='bbox 3896 792 4126 860; x_wconf 88' lang='lat' dir='ltr'><strong>divina</strong></span> <span class='ocrx_word' id='word_1_259' title='bbox 4172 789 4330 857; x_wconf 89' lang='lat' dir='ltr'><strong>sub-</strong></span> 
     </span>
     <span class='ocr_line' id='line_1_43' title="bbox 2781 896 4328 991; baseline -0.002 -25"><span class='ocrx_word' id='word_1_260' title='bbox 2781 902 3029 968; x_wconf 87' lang='lat' dir='ltr'><strong>stantia</strong></span> <span class='ocrx_word' id='word_1_261' title='bbox 3069 903 3216 991; x_wconf 89' lang='lat' dir='ltr'><strong>ipsa</strong></span> <span class='ocrx_word' id='word_1_262' title='bbox 3248 925 3261 968; x_wconf 94' lang='lat'>:</span> <span class='ocrx_word' id='word_1_263' title='bbox 3299 911 3362 969; x_wconf 92' lang='lat' dir='ltr'><strong>et</strong></span> <span class='ocrx_word' id='word_1_264' title='bbox 3395 901 3523 969; x_wconf 85' lang='lat' dir='ltr'><strong>hoc</strong></span> <span class='ocrx_word' id='word_1_265' title='bbox 3563 909 3661 968; x_wconf 86' lang='lat' dir='ltr'><strong>est</strong></span> <span class='ocrx_word' id='word_1_266' title='bbox 3691 899 3871 991; x_wconf 92' lang='lat' dir='ltr'><strong>quod</strong></span> <span class='ocrx_word' id='word_1_267' title='bbox 3923 898 4083 966; x_wconf 91' lang='lat' dir='ltr'><strong>dicit</strong></span> <span class='ocrx_word' id='word_1_268' title='bbox 4127 896 4328 964; x_wconf 89' lang='lat' dir='ltr'><strong>Psal-</strong></span> 
     </span>
     <span class='ocr_line' id='line_1_44' title="bbox 2780 1008 4404 1093; baseline -0.005 -18"><span class='ocrx_word' id='word_1_269' title='bbox 2780 1010 3006 1090; x_wconf 88' lang='lat' dir='ltr'><strong>mista,</strong></span> <span class='ocrx_word' id='word_1_270' title='bbox 3069 1009 3252 1077; x_wconf 90' lang='lat' dir='ltr'><strong>Psal.</strong></span> <span class='ocrx_word' id='word_1_271' title='bbox 3307 1033 3516 1093; x_wconf 87' lang='lat' dir='ltr'><strong>xxxv,</strong></span> <span class='ocrx_word' id='word_1_272' title='bbox 3558 1011 3684 1076; x_wconf 84' lang='lat'><strong>10:</strong></span> <span class='ocrx_word' id='word_1_273' title='bbox 3741 1010 3823 1076; x_wconf 81' lang='lat' dir='ltr'><strong>In</strong></span> <span class='ocrx_word' id='word_1_274' title='bbox 3884 1008 4144 1074; x_wconf 81' lang='lat' dir='ltr'><strong>lumine</strong></span> <span class='ocrx_word' id='word_1_275' title='bbox 4206 1015 4324 1072; x_wconf 81' lang='lat' dir='ltr'><strong>tuo</strong></span> <span class='ocrx_word' id='word_1_276' title='bbox 4403 1060 4404 1065; x_wconf 73' lang='grc'>,</span> 
     </span>
     <span class='ocr_line' id='line_1_45' title="bbox 2773 1112 4323 1185; baseline -0.003 -2"><span class='ocrx_word' id='word_1_277' title='bbox 2773 1116 3159 1184; x_wconf 76' lang='lat' dir='ltr'><strong>videbimus</strong></span> <span class='ocrx_word' id='word_1_278' title='bbox 3221 1118 3475 1185; x_wconf 84' lang='lat' dir='ltr'><strong>lumen.</strong></span> <span class='ocrx_word' id='word_1_279' title='bbox 3550 1116 3742 1185; x_wconf 91' lang='lat' dir='ltr'><strong>Unde</strong></span> <span class='ocrx_word' id='word_1_280' title='bbox 3807 1114 4075 1182; x_wconf 90' lang='lat' dir='ltr'><strong>videtur</strong></span> <span class='ocrx_word' id='word_1_281' title='bbox 4138 1112 4323 1180; x_wconf 91' lang='lat' dir='ltr'><strong>Deus</strong></span> 
     </span>
     <span class='ocr_line' id='line_1_46' title="bbox 2774 1220 4320 1314; baseline -0.004 -23"><span class='ocrx_word' id='word_1_282' title='bbox 2774 1225 2919 1291; x_wconf 90' lang='lat' dir='ltr'><strong>sine</strong></span> <span class='ocrx_word' id='word_1_283' title='bbox 2967 1224 3194 1292; x_wconf 88' lang='lat' dir='ltr'><strong>medio</strong></span> <span class='ocrx_word' id='word_1_284' title='bbox 3243 1224 3427 1314; x_wconf 91' lang='lat' dir='ltr'><strong>quod</strong></span> <span class='ocrx_word' id='word_1_285' title='bbox 3480 1225 3566 1291; x_wconf 91' lang='lat' dir='ltr'><strong>sit</strong></span> <span class='ocrx_word' id='word_1_286' title='bbox 3620 1220 3988 1290; x_wconf 89' lang='lat' dir='ltr'><strong>similitudo</strong></span> <span class='ocrx_word' id='word_1_287' title='bbox 4029 1228 4095 1288; x_wconf 86' lang='lat' dir='ltr'><strong>et</strong></span> <span class='ocrx_word' id='word_1_288' title='bbox 4149 1221 4320 1286; x_wconf 92' lang='lat' dir='ltr'><strong>ratio</strong></span> 
     </span>
     <span class='ocr_line' id='line_1_47' title="bbox 2772 1328 4325 1427; baseline -0.003 -30"><span class='ocrx_word' id='word_1_289' title='bbox 2772 1332 2928 1412; x_wconf 86' lang='lat' dir='ltr'><strong>visi,</strong></span> <span class='ocrx_word' id='word_1_290' title='bbox 2972 1332 3116 1398; x_wconf 90' lang='lat' dir='ltr'><strong>sive</strong></span> <span class='ocrx_word' id='word_1_291' title='bbox 3146 1353 3267 1421; x_wconf 91' lang='lat' dir='ltr'><strong>per</strong></span> <span class='ocrx_word' id='word_1_292' title='bbox 3296 1331 3476 1421; x_wconf 90' lang='lat' dir='ltr'><strong>quod</strong></span> <span class='ocrx_word' id='word_1_293' title='bbox 3509 1332 3729 1396; x_wconf 87' lang='lat' dir='ltr'><strong>visum</strong></span> <span class='ocrx_word' id='word_1_294' title='bbox 3762 1329 4199 1418; x_wconf 89' lang='lat' dir='ltr'><strong>conjungitur</strong></span> <span class='ocrx_word' id='word_1_295' title='bbox 4225 1328 4325 1427; x_wconf 81' lang='lat' dir='ltr'><strong>vi·</strong></span> 
     </span>
     <span class='ocr_line' id='line_1_48' title="bbox 2774 1431 4325 1527; baseline -0.003 -23"><span class='ocrx_word' id='word_1_296' title='bbox 2774 1438 2983 1517; x_wconf 90' lang='lat' dir='ltr'><strong>denti,</strong></span> <span class='ocrx_word' id='word_1_297' title='bbox 3040 1447 3107 1505; x_wconf 88' lang='lat' dir='ltr'><strong>et</strong></span> <span class='ocrx_word' id='word_1_298' title='bbox 3155 1459 3291 1504; x_wconf 89' lang='lat' dir='ltr'><strong>non</strong></span> <span class='ocrx_word' id='word_1_299' title='bbox 3350 1460 3471 1527; x_wconf 91' lang='lat' dir='ltr'><strong>per</strong></span> <span class='ocrx_word' id='word_1_300' title='bbox 3517 1436 4004 1503; x_wconf 86' lang='lat' dir='ltr'><strong>substantiam:</strong></span> <span class='ocrx_word' id='word_1_301' title='bbox 4057 1431 4174 1501; x_wconf 89' lang='lat' dir='ltr'><strong>sed</strong></span> <span class='ocrx_word' id='word_1_302' title='bbox 4214 1441 4325 1499; x_wconf 88' lang='lat' dir='ltr'><strong>ta-</strong></span> 
     </span>
     <span class='ocr_line' id='line_1_49' title="bbox 2772 1541 4321 1634; baseline -0.002 -23"><span class='ocrx_word' id='word_1_303' title='bbox 2772 1566 2932 1612; x_wconf 90' lang='lat' dir='ltr'><strong>men</strong></span> <span class='ocrx_word' id='word_1_304' title='bbox 2969 1555 3074 1612; x_wconf 89' lang='lat' dir='ltr'><strong>est</strong></span> <span class='ocrx_word' id='word_1_305' title='bbox 3113 1544 3205 1612; x_wconf 91' lang='lat' dir='ltr'><strong>ibi</strong></span> <span class='ocrx_word' id='word_1_306' title='bbox 3261 1544 3560 1612; x_wconf 89' lang='lat' dir='ltr'><strong>medium</strong></span> <span class='ocrx_word' id='word_1_307' title='bbox 3609 1543 3973 1634; x_wconf 89' lang='lat' dir='ltr'><strong>disponens</strong></span> <span class='ocrx_word' id='word_1_308' title='bbox 4020 1549 4087 1608; x_wconf 88' lang='lat' dir='ltr'><strong>et</strong></span> <span class='ocrx_word' id='word_1_309' title='bbox 4141 1541 4321 1608; x_wconf 91' lang='lat' dir='ltr'><strong>vires</strong></span> 
     </span>
     <span class='ocr_line' id='line_1_50' title="bbox 2772 1649 4323 1741; baseline -0.001 -22"><span class='ocrx_word' id='word_1_310' title='bbox 2772 1650 3061 1720; x_wconf 87' lang='lat' dir='ltr'><strong>ass&#39;erens</strong></span> <span class='ocrx_word' id='word_1_311' title='bbox 3130 1650 3524 1730; x_wconf 89' lang='lat' dir='ltr'><strong>intellectui,</strong></span> <span class='ocrx_word' id='word_1_312' title='bbox 3582 1673 3716 1741; x_wconf 89' lang='lat' dir='ltr'><strong>quo</strong></span> <span class='ocrx_word' id='word_1_313' title='bbox 3800 1649 4042 1718; x_wconf 89' lang='lat' dir='ltr'><strong>melius</strong></span> <span class='ocrx_word' id='word_1_314' title='bbox 4108 1650 4323 1739; x_wconf 91' lang='lat' dir='ltr'><strong>possit</strong></span> 
     </span>
     <span class='ocr_line' id='line_1_51' title="bbox 2771 1756 4318 1850; baseline -0.002 -23"><span class='ocrx_word' id='word_1_315' title='bbox 2771 1761 3102 1850; x_wconf 89' lang='lat' dir='ltr'><strong>attingere</strong></span> <span class='ocrx_word' id='word_1_316' title='bbox 3144 1761 3364 1829; x_wconf 86' lang='lat' dir='ltr'><strong>Deum</strong></span> <span class='ocrx_word' id='word_1_317' title='bbox 3403 1783 3418 1829; x_wconf 73' lang='grc' dir='ltr'>ε</span> <span class='ocrx_word' id='word_1_318' title='bbox 3464 1768 3529 1827; x_wconf 86' lang='lat' dir='ltr'><strong>et</strong></span> <span class='ocrx_word' id='word_1_319' title='bbox 3567 1759 3698 1828; x_wconf 93' lang='lat' dir='ltr'><strong>hoc</strong></span> <span class='ocrx_word' id='word_1_320' title='bbox 3744 1757 4045 1826; x_wconf 90' lang='lat' dir='ltr'><strong>medium</strong></span> <span class='ocrx_word' id='word_1_321' title='bbox 4083 1756 4318 1825; x_wconf 90' lang='lat' dir='ltr'><strong>lumen</strong></span> 
     </span>
     <span class='ocr_line' id='line_1_52' title="bbox 2769 1866 4314 1958; baseline -0.003 -21"><span class='ocrx_word' id='word_1_322' title='bbox 2769 1877 2871 1937; x_wconf 91' lang='lat' dir='ltr'><strong>est</strong></span> <span class='ocrx_word' id='word_1_323' title='bbox 2933 1870 3182 1936; x_wconf 80' lang='lat' dir='ltr'><strong>divinoe</strong></span> <span class='ocrx_word' id='word_1_324' title='bbox 3267 1868 3611 1945; x_wconf 87' lang='lat' dir='ltr'><strong>bonitatis,</strong></span> <span class='ocrx_word' id='word_1_325' title='bbox 3670 1867 3780 1936; x_wconf 94' lang='lat' dir='ltr'><strong>vel</strong></span> <span class='ocrx_word' id='word_1_326' title='bbox 3842 1866 4314 1958; x_wconf 77' lang='lat' dir='ltr'><strong>apparitioniS,</strong></span> 
     </span>
     <span class='ocr_line' id='line_1_53' title="bbox 2769 1972 4317 2065; baseline -0.001 -24"><span class='ocrx_word' id='word_1_327' title='bbox 2769 1974 2954 2065; x_wconf 90' lang='lat' dir='ltr'><strong>quod</strong></span> <span class='ocrx_word' id='word_1_328' title='bbox 2982 1998 3021 2043; x_wconf 89' lang='lat' dir='ltr'><strong>a</strong></span> <span class='ocrx_word' id='word_1_329' title='bbox 3051 1975 3302 2043; x_wconf 86' lang='lat' dir='ltr'><strong>sanctis</strong></span> <span class='ocrx_word' id='word_1_330' title='bbox 3336 1984 3620 2043; x_wconf 87' lang='lat' dir='ltr'><strong>vocatur</strong></span> <span class='ocrx_word' id='word_1_331' title='bbox 3647 1973 4083 2065; x_wconf 78' lang='lat' dir='ltr'><strong>theophania.</strong></span> <span class='ocrx_word' id='word_1_332' title='bbox 4109 1972 4195 2040; x_wconf 86' lang='lat' dir='ltr'><strong>Et</strong></span> <span class='ocrx_word' id='word_1_333' title='bbox 4220 1974 4317 2040; x_wconf 90' lang='lat' dir='ltr'><strong>sic</strong></span> 
     </span>
     <span class='ocr_line' id='line_1_54' title="bbox 2766 2078 4317 2171; baseline -0.002 -24"><span class='ocrx_word' id='word_1_334' title='bbox 2766 2090 2953 2170; x_wconf 90' lang='lat' dir='ltr'><strong>patet</strong></span> <span class='ocrx_word' id='word_1_335' title='bbox 3005 2103 3248 2148; x_wconf 90' lang='lat' dir='ltr'><strong>verum</strong></span> <span class='ocrx_word' id='word_1_336' title='bbox 3318 2104 3464 2148; x_wconf 90' lang='lat' dir='ltr'><strong>esse</strong></span> <span class='ocrx_word' id='word_1_337' title='bbox 3531 2080 3714 2171; x_wconf 91' lang='lat' dir='ltr'><strong>quod</strong></span> <span class='ocrx_word' id='word_1_338' title='bbox 3784 2079 3944 2148; x_wconf 91' lang='lat' dir='ltr'><strong>dicit</strong></span> <span class='ocrx_word' id='word_1_339' title='bbox 3995 2078 4317 2169; x_wconf 86' lang='lat' dir='ltr'><strong>Magister</strong></span> 
     </span>
     <span class='ocr_line' id='line_1_55' title="bbox 2766 2185 4317 2280; baseline -0.001 -24"><span class='ocrx_word' id='word_1_340' title='bbox 2766 2188 2997 2279; x_wconf 87' lang='lat' dir='ltr'><strong>Ilugo,</strong></span> <span class='ocrx_word' id='word_1_341' title='bbox 3036 2214 3070 2255; x_wconf 73' lang='lat' dir='ltr'><strong>«t</strong></span> <span class='ocrx_word' id='word_1_342' title='bbox 3132 2189 3317 2280; x_wconf 92' lang='lat' dir='ltr'><strong>quod</strong></span> <span class='ocrx_word' id='word_1_343' title='bbox 3358 2188 3528 2256; x_wconf 93' lang='lat' dir='ltr'><strong>nihil</strong></span> <span class='ocrx_word' id='word_1_344' title='bbox 3568 2190 3747 2258; x_wconf 88' lang='lat' dir='ltr'><strong>sistit</strong></span> <span class='ocrx_word' id='word_1_345' title='bbox 3798 2209 3925 2255; x_wconf 88' lang='lat' dir='ltr'><strong>nos</strong></span> <span class='ocrx_word' id='word_1_346' title='bbox 3969 2208 4188 2276; x_wconf 90' lang='lat' dir='ltr'><strong>usque</strong></span> <span class='ocrx_word' id='word_1_347' title='bbox 4228 2185 4317 2254; x_wconf 89' lang='lat' dir='ltr'><strong>ad</strong></span> 
     </span>
     <span class='ocr_line' id='line_1_56' title="bbox 2767 2291 4316 2386; baseline -0.002 -25"><span class='ocrx_word' id='word_1_348' title='bbox 2767 2295 3016 2385; x_wconf 87' lang='lat' dir='ltr'><strong>ipsum.</strong></span> <span class='ocrx_word' id='word_1_349' title='bbox 3055 2319 3088 2360; x_wconf 68' lang='grc' dir='ltr'>ι</span> <span class='ocrx_word' id='word_1_350' title='bbox 3125 2294 3210 2362; x_wconf 85' lang='lat' dir='ltr'><strong>Et</strong></span> <span class='ocrx_word' id='word_1_351' title='bbox 3255 2317 3374 2386; x_wconf 91' lang='lat' dir='ltr'><strong>per</strong></span> <span class='ocrx_word' id='word_1_352' title='bbox 3430 2292 3561 2363; x_wconf 93' lang='lat' dir='ltr'><strong>hoc</strong></span> <span class='ocrx_word' id='word_1_353' title='bbox 3612 2302 3798 2385; x_wconf 87' lang='lat' dir='ltr'><strong>patet</strong></span> <span class='ocrx_word' id='word_1_354' title='bbox 3851 2291 4102 2360; x_wconf 88' lang='lat' dir='ltr'><strong>solutio</strong></span> <span class='ocrx_word' id='word_1_355' title='bbox 4167 2291 4316 2380; x_wconf 89' lang='lat' dir='ltr'><strong>ejus</strong></span> 
     </span>
     <span class='ocr_line' id='line_1_57' title="bbox 2768 2401 3951 2494; baseline -0.003 -24"><span class='ocrx_word' id='word_1_356' title='bbox 2768 2401 2951 2492; x_wconf 92' lang='lat' dir='ltr'><strong>quod</strong></span> <span class='ocrx_word' id='word_1_357' title='bbox 2990 2401 3311 2492; x_wconf 92' lang='lat' dir='ltr'><strong>objicitur</strong></span> <span class='ocrx_word' id='word_1_358' title='bbox 3351 2402 3433 2470; x_wconf 91' lang='lat' dir='ltr'><strong>de</strong></span> <span class='ocrx_word' id='word_1_359' title='bbox 3486 2401 3951 2494; x_wconf 75' lang='lat' dir='ltr'><strong>Tleeophaniis.</strong></span> 
     </span>
    </p>
   </div>
   <div class='ocr_carea' id='block_1_9' title="bbox 2859 2624 4589 2717">
    <p class='ocr_par' dir='ltr' id='par_1_9' title="bbox 2859 2624 4589 2717">
     <span class='ocr_line' id='line_1_58' title="bbox 2859 2624 4589 2717; baseline 0.002 -25"><span class='ocrx_word' id='word_1_360' title='bbox 2859 2627 2960 2693; x_wconf 83' lang='lat' dir='ltr'><strong>An</strong></span> <span class='ocrx_word' id='word_1_361' title='bbox 3018 2649 3145 2694; x_wconf 81' lang='lat' dir='ltr'><strong>uoc</strong></span> <span class='ocrx_word' id='word_1_362' title='bbox 3209 2635 3434 2695; x_wconf 88' lang='lat' dir='ltr'><strong>autem</strong></span> <span class='ocrx_word' id='word_1_363' title='bbox 3510 2625 3693 2716; x_wconf 90' lang='lat' dir='ltr'><strong>quod</strong></span> <span class='ocrx_word' id='word_1_364' title='bbox 3767 2632 3992 2716; x_wconf 88' lang='lat' dir='ltr'><strong>posset</strong></span> <span class='ocrx_word' id='word_1_365' title='bbox 4071 2624 4310 2715; x_wconf 84' lang='lat' dir='ltr'><strong>quaeri,</strong></span> <span class='ocrx_word' id='word_1_366' title='bbox 4385 2670 4589 2717; x_wconf 67' lang='lat' dir='ltr'><strong>nubtum</strong></span> 
     </span>
    </p>
   </div>
   <div class='ocr_carea' id='block_1_10' title="bbox 2767 2730 4322 4222">
    <p class='ocr_par' dir='ltr' id='par_1_10' title="bbox 2767 2730 4322 4222">
     <span class='ocr_line' id='line_1_59' title="bbox 2774 2730 4318 2824; baseline -0.002 -24"><span class='ocrx_word' id='word_1_367' title='bbox 2774 2732 3013 2801; x_wconf 79' lang='lat' dir='ltr'><strong>Utrum</strong></span> <span class='ocrx_word' id='word_1_368' title='bbox 3073 2734 3257 2801; x_wconf 84' lang='lat' dir='ltr'><strong>Deus</strong></span> <span class='ocrx_word' id='word_1_369' title='bbox 3311 2736 3398 2802; x_wconf 90' lang='lat' dir='ltr'><strong>sit</strong></span> <span class='ocrx_word' id='word_1_370' title='bbox 3452 2731 4143 2824; x_wconf 82' lang='lat' dir='ltr'><strong>comprehensibilis?</strong></span> <span class='ocrx_word' id='word_1_371' title='bbox 4189 2730 4318 2798; x_wconf 92' lang='lat' dir='ltr'><strong>Di-</strong></span> 
     </span>
     <span class='ocr_line' id='line_1_60' title="bbox 2767 2836 4312 2933; baseline -0.003 -24"><span class='ocrx_word' id='word_1_372' title='bbox 2767 2841 3083 2917; x_wconf 89' lang='lat' dir='ltr'><strong>cendum,</strong></span> <span class='ocrx_word' id='word_1_373' title='bbox 3116 2842 3303 2933; x_wconf 87' lang='lat' dir='ltr'><strong>quod</strong></span> <span class='ocrx_word' id='word_1_374' title='bbox 3339 2840 3586 2931; x_wconf 83' lang='lat' dir='ltr'><strong>duplex</strong></span> <span class='ocrx_word' id='word_1_375' title='bbox 3623 2848 3724 2909; x_wconf 89' lang='lat' dir='ltr'><strong>est</strong></span> <span class='ocrx_word' id='word_1_376' title='bbox 3763 2836 4312 2930; x_wconf 87' lang='lat' dir='ltr'><strong>comprehensio,</strong></span> 
     </span>
     <span class='ocr_line' id='line_1_61' title="bbox 2767 2947 4318 3039; baseline 0 -25"><span class='ocrx_word' id='word_1_377' title='bbox 2767 2947 3049 3027; x_wconf 88' lang='lat' dir='ltr'><strong>scilicet,</strong></span> <span class='ocrx_word' id='word_1_378' title='bbox 3082 2971 3235 3039; x_wconf 80' lang='lat' dir='ltr'><strong>quae</strong></span> <span class='ocrx_word' id='word_1_379' title='bbox 3281 2959 3380 3017; x_wconf 88' lang='lat' dir='ltr'><strong>est</strong></span> <span class='ocrx_word' id='word_1_380' title='bbox 3422 2958 3633 3017; x_wconf 87' lang='lat' dir='ltr'><strong>tactus</strong></span> <span class='ocrx_word' id='word_1_381' title='bbox 3693 2947 4067 3016; x_wconf 89' lang='lat' dir='ltr'><strong>intellectus</strong></span> <span class='ocrx_word' id='word_1_382' title='bbox 4111 2968 4318 3037; x_wconf 87' lang='lat' dir='ltr'><strong>super</strong></span> 
     </span>
     <span class='ocr_line' id='line_1_62' title="bbox 2769 3052 4310 3146; baseline -0.002 -23"><span class='ocrx_word' id='word_1_383' title='bbox 2769 3057 3096 3124; x_wconf 83' lang='lat' dir='ltr'><strong>terminos</strong></span> <span class='ocrx_word' id='word_1_384' title='bbox 3115 3058 3207 3124; x_wconf 89' lang='lat' dir='ltr'><strong>rei</strong></span> <span class='ocrx_word' id='word_1_385' title='bbox 3247 3064 3353 3124; x_wconf 88' lang='lat' dir='ltr'><strong>:et</strong></span> <span class='ocrx_word' id='word_1_386' title='bbox 3393 3057 3486 3123; x_wconf 88' lang='lat' dir='ltr'><strong>sie</strong></span> <span class='ocrx_word' id='word_1_387' title='bbox 3527 3078 3660 3123; x_wconf 90' lang='lat' dir='ltr'><strong>non</strong></span> <span class='ocrx_word' id='word_1_388' title='bbox 3689 3052 4310 3146; x_wconf 89' lang='lat' dir='ltr'><strong>comprehenditur.</strong></span> 
     </span>
     <span class='ocr_line' id='line_1_63' title="bbox 2773 3161 4318 3254; baseline -0.004 -21"><span class='ocrx_word' id='word_1_389' title='bbox 2773 3163 2965 3233; x_wconf 88' lang='lat' dir='ltr'><strong>Unde</strong></span> <span class='ocrx_word' id='word_1_390' title='bbox 2993 3164 3424 3254; x_wconf 75' lang='lat' dir='ltr'><strong>Augustinus</strong></span> <span class='ocrx_word' id='word_1_391' title='bbox 3454 3163 3537 3231; x_wconf 91' lang='lat' dir='ltr'><strong>ad</strong></span> <span class='ocrx_word' id='word_1_392' title='bbox 3568 3162 3924 3231; x_wconf 85' lang='lat' dir='ltr'><strong>Paulinam</strong></span> <span class='ocrx_word' id='word_1_393' title='bbox 3960 3184 3977 3232; x_wconf 71' lang='grc' dir='ltr'><strong><em>ε</em></strong></span> <span class='ocrx_word' id='word_1_394' title='bbox 4016 3190 4049 3225; x_wconf 74' lang='grc' dir='ltr'>α</span> <span class='ocrx_word' id='word_1_395' title='bbox 4083 3161 4318 3230; x_wconf 81' lang='lat' dir='ltr'><strong>Attin-</strong></span> 
     </span>
     <span class='ocr_line' id='line_1_64' title="bbox 2773 3268 4319 3358; baseline 0.001 -27"><span class='ocrx_word' id='word_1_396' title='bbox 2773 3295 2805 3331; x_wconf 82' lang='lat'><strong>«</strong></span> <span class='ocrx_word' id='word_1_397' title='bbox 2839 3291 2997 3358; x_wconf 89' lang='lat' dir='ltr'><strong>gere</strong></span> <span class='ocrx_word' id='word_1_398' title='bbox 3030 3268 3250 3336; x_wconf 80' lang='lat' dir='ltr'><strong>Deum</strong></span> <span class='ocrx_word' id='word_1_399' title='bbox 3294 3276 3518 3336; x_wconf 89' lang='lat' dir='ltr'><strong>mente</strong></span> <span class='ocrx_word' id='word_1_400' title='bbox 3570 3289 3954 3358; x_wconf 77' lang='lat' dir='ltr'><strong>possumuS,</strong></span> <span class='ocrx_word' id='word_1_401' title='bbox 3997 3288 4319 3356; x_wconf 89' lang='lat' dir='ltr'><strong>compre-</strong></span> 
     </span>
     <span class='ocr_line' id='line_1_65' title="bbox 2774 3373 4317 3444; baseline -0.001 -3"><span class='ocrx_word' id='word_1_402' title='bbox 2774 3401 2808 3441; x_wconf 82' lang='lat'><strong>«</strong></span> <span class='ocrx_word' id='word_1_403' title='bbox 2843 3375 3138 3444; x_wconf 82' lang='lat' dir='ltr'><strong>bendere</strong></span> <span class='ocrx_word' id='word_1_404' title='bbox 3204 3384 3432 3443; x_wconf 89' lang='lat' dir='ltr'><strong>autem</strong></span> <span class='ocrx_word' id='word_1_405' title='bbox 3493 3376 3793 3443; x_wconf 88' lang='lat' dir='ltr'><strong>minime.</strong></span> <span class='ocrx_word' id='word_1_406' title='bbox 3841 3402 3875 3437; x_wconf 74' lang='lat' dir='ltr'>n</span> <span class='ocrx_word' id='word_1_407' title='bbox 3933 3373 4052 3442; x_wconf 85' lang='lat' dir='ltr'><strong>Est</strong></span> <span class='ocrx_word' id='word_1_408' title='bbox 4108 3374 4317 3441; x_wconf 84' lang='lat' dir='ltr'><strong>etiam</strong></span> 
     </span>
     <span class='ocr_line' id='line_1_66' title="bbox 2770 3481 4321 3577; baseline -0.004 -22"><span class='ocrx_word' id='word_1_409' title='bbox 2770 3483 3293 3577; x_wconf 85' lang='lat' dir='ltr'><strong>comprehensio</strong></span> <span class='ocrx_word' id='word_1_410' title='bbox 3331 3484 3739 3576; x_wconf 86' lang='lat' dir='ltr'><strong>quandoque</strong></span> <span class='ocrx_word' id='word_1_411' title='bbox 3788 3481 4076 3574; x_wconf 78' lang='lat' dir='ltr'><strong>perfecta</strong></span> <span class='ocrx_word' id='word_1_412' title='bbox 4140 3503 4321 3550; x_wconf 90' lang='lat' dir='ltr'><strong>con-</strong></span> 
     </span>
     <span class='ocr_line' id='line_1_67' title="bbox 2772 3589 4318 3681; baseline -0.003 -21"><span class='ocrx_word' id='word_1_413' title='bbox 2772 3595 3031 3660; x_wconf 84' lang='lat' dir='ltr'><strong>secutio</strong></span> <span class='ocrx_word' id='word_1_414' title='bbox 3070 3592 3360 3681; x_wconf 85' lang='lat' dir='ltr'><strong>alicujus</strong></span> <span class='ocrx_word' id='word_1_415' title='bbox 3400 3601 3472 3659; x_wconf 93' lang='lat' dir='ltr'><strong>ut</strong></span> <span class='ocrx_word' id='word_1_416' title='bbox 3502 3593 3677 3672; x_wconf 83' lang='lat' dir='ltr'><strong>linis,</strong></span> <span class='ocrx_word' id='word_1_417' title='bbox 3720 3612 3870 3681; x_wconf 79' lang='lat' dir='ltr'><strong>quae</strong></span> <span class='ocrx_word' id='word_1_418' title='bbox 3926 3589 4318 3658; x_wconf 85' lang='lat' dir='ltr'><strong>consecutio</strong></span> 
     </span>
     <span class='ocr_line' id='line_1_68' title="bbox 2774 3694 4322 3792; baseline -0.002 -26"><span class='ocrx_word' id='word_1_419' title='bbox 2774 3701 3112 3792; x_wconf 62' lang='lat' dir='ltr'><strong>praecipue</strong></span> <span class='ocrx_word' id='word_1_420' title='bbox 3144 3700 3215 3767; x_wconf 83' lang='lat' dir='ltr'><strong>tit</strong></span> <span class='ocrx_word' id='word_1_421' title='bbox 3243 3700 3527 3768; x_wconf 72' lang='lat' dir='ltr'><strong>affectu:</strong></span> <span class='ocrx_word' id='word_1_422' title='bbox 3572 3707 3634 3765; x_wconf 91' lang='lat' dir='ltr'><strong>et</strong></span> <span class='ocrx_word' id='word_1_423' title='bbox 3665 3700 3760 3766; x_wconf 89' lang='lat' dir='ltr'><strong>sic</strong></span> <span class='ocrx_word' id='word_1_424' title='bbox 3796 3694 4322 3787; x_wconf 89' lang='lat' dir='ltr'><strong>comprehendi-</strong></span> 
     </span>
     <span class='ocr_line' id='line_1_69' title="bbox 2774 3802 4314 3898; baseline -0.003 -23"><span class='ocrx_word' id='word_1_425' title='bbox 2774 3820 2883 3875; x_wconf 92' lang='lat' dir='ltr'><strong>tur</strong></span> <span class='ocrx_word' id='word_1_426' title='bbox 2944 3808 3151 3890; x_wconf 83' lang='lat' dir='ltr'><strong>Deus,</strong></span> <span class='ocrx_word' id='word_1_427' title='bbox 3192 3818 3262 3875; x_wconf 92' lang='lat' dir='ltr'><strong>ut</strong></span> <span class='ocrx_word' id='word_1_428' title='bbox 3296 3809 3456 3875; x_wconf 86' lang='lat' dir='ltr'><strong>dicit</strong></span> <span class='ocrx_word' id='word_1_429' title='bbox 3494 3805 3885 3898; x_wconf 74' lang='lat' dir='ltr'><strong>Apostolus,</strong></span> <span class='ocrx_word' id='word_1_430' title='bbox 3928 3804 4014 3872; x_wconf 88' lang='lat' dir='ltr'><strong>ad</strong></span> <span class='ocrx_word' id='word_1_431' title='bbox 4063 3802 4314 3894; x_wconf 87' lang='lat' dir='ltr'><strong>Ephes.</strong></span> 
     </span>
     <span class='ocr_line' id='line_1_70' title="bbox 2778 3912 4318 4007; baseline -0.003 -25"><span class='ocrx_word' id='word_1_432' title='bbox 2778 3938 2871 3996; x_wconf 89' lang='grc' dir='ltr'>ιιι,</span> <span class='ocrx_word' id='word_1_433' title='bbox 2922 3917 3044 3982; x_wconf 77' lang='lat'><strong>¹8:</strong></span> <span class='ocrx_word' id='word_1_434' title='bbox 3086 3916 3174 3983; x_wconf 83' lang='lat' dir='ltr'><strong>U!</strong></span> <span class='ocrx_word' id='word_1_435' title='bbox 3205 3916 3485 4007; x_wconf 77' lang='lat' dir='ltr'><strong>possitis</strong></span> <span class='ocrx_word' id='word_1_436' title='bbox 3536 3912 4092 4006; x_wconf 78' lang='lat' dir='ltr'><strong>comprehendere</strong></span> <span class='ocrx_word' id='word_1_437' title='bbox 4161 3933 4318 3978; x_wconf 80' lang='lat' dir='ltr'><strong>cum</strong></span> 
     </span>
     <span class='ocr_line' id='line_1_71' title="bbox 2775 4018 4321 4114; baseline -0.004 -24"><span class='ocrx_word' id='word_1_438' title='bbox 2775 4022 3094 4090; x_wconf 78' lang='lat' dir='ltr'><strong>omnibus</strong></span> <span class='ocrx_word' id='word_1_439' title='bbox 3109 4024 3392 4100; x_wconf 76' lang='lat' dir='ltr'><strong>sanclis,</strong></span> <span class='ocrx_word' id='word_1_440' title='bbox 3419 4046 3569 4114; x_wconf 76' lang='lat' dir='ltr'><strong>quae</strong></span> <span class='ocrx_word' id='word_1_441' title='bbox 3594 4024 3685 4088; x_wconf 79' lang='lat' dir='ltr'><strong>sit</strong></span> <span class='ocrx_word' id='word_1_442' title='bbox 3715 4020 4044 4099; x_wconf 77' lang='lat' dir='ltr'><strong>latitudo,</strong></span> <span class='ocrx_word' id='word_1_443' title='bbox 4077 4029 4142 4087; x_wconf 81' lang='lat' dir='ltr'><strong>et</strong></span> <span class='ocrx_word' id='word_1_444' title='bbox 4175 4018 4321 4085; x_wconf 83' lang='lat' dir='ltr'><strong>Ion·</strong></span> 
     </span>
     <span class='ocr_line' id='line_1_72' title="bbox 2771 4128 4318 4222; baseline 0 -24"><span class='ocrx_word' id='word_1_445' title='bbox 2771 4130 3042 4222; x_wconf 66' lang='lat' dir='ltr'><strong>qundo,</strong></span> <span class='ocrx_word' id='word_1_446' title='bbox 3077 4140 3140 4198; x_wconf 82' lang='lat' dir='ltr'><strong>e!</strong></span> <span class='ocrx_word' id='word_1_447' title='bbox 3165 4130 3585 4212; x_wconf 77' lang='lat' dir='ltr'><strong>sublimitas,</strong></span> <span class='ocrx_word' id='word_1_448' title='bbox 3610 4139 3674 4196; x_wconf 80' lang='lat' dir='ltr'><strong>et</strong></span> <span class='ocrx_word' id='word_1_449' title='bbox 3692 4128 4153 4222; x_wconf 76' lang='lat' dir='ltr'><strong>profundum,</strong></span> <span class='ocrx_word' id='word_1_450' title='bbox 4186 4135 4318 4198; x_wconf 89' lang='lat' dir='ltr'><strong>etc.</strong></span> 
     </span>
    </p>
   </div>
   <div class='ocr_carea' id='block_1_11' title="bbox 1461 4687 3986 4791">
    <p class='ocr_par' dir='ltr' id='par_1_11' title="bbox 1461 4687 3986 4791">
     <span class='ocr_line' id='line_1_73' title="bbox 1461 4687 3986 4791; baseline 0.002 -25"><span class='ocrx_word' id='word_1_451' title='bbox 1461 4694 1545 4766; x_wconf 88' lang='lat' dir='ltr'><strong>C.</strong></span> <span class='ocrx_word' id='word_1_452' title='bbox 1592 4687 1811 4775; x_wconf 73' lang='lat' dir='ltr'><strong>[lem.</strong></span> <span class='ocrx_word' id='word_1_453' title='bbox 1857 4687 2047 4788; x_wconf 82' lang='lat' dir='ltr'><strong>qm&#39;d</strong></span> <span class='ocrx_word' id='word_1_454' title='bbox 2082 4687 2378 4766; x_wconf 70' lang='lat' dir='ltr'><strong>intersit</strong></span> <span class='ocrx_word' id='word_1_455' title='bbox 2418 4691 2623 4765; x_wconf 78' lang='lat' dir='ltr'><strong>iuter</strong></span> <span class='ocrx_word' id='word_1_456' title='bbox 2663 4687 2805 4762; x_wconf 73' lang='lat' dir='ltr'><strong>frui</strong></span> <span class='ocrx_word' id='word_1_457' title='bbox 2872 4697 2943 4763; x_wconf 76' lang='lat' dir='ltr'><strong>el</strong></span> <span class='ocrx_word' id='word_1_458' title='bbox 2982 4689 3088 4765; x_wconf 92' lang='lat' dir='ltr'><strong>uti</strong></span> <span class='ocrx_word' id='word_1_459' title='bbox 3158 4688 3386 4764; x_wconf 77' lang='lat' dir='ltr'><strong>ale‘lee·</strong></span> <span class='ocrx_word' id='word_1_460' title='bbox 3431 4715 3654 4791; x_wconf 79' lang='lat' dir='ltr'><strong>quam</strong></span> <span class='ocrx_word' id='word_1_461' title='bbox 3686 4692 3986 4788; x_wconf 78' lang='lat' dir='ltr'><strong>supra?</strong></span> 
     </span>
    </p>
   </div>
   <div class='ocr_carea' id='block_1_12' title="bbox 1111 4988 4322 5500">
    <p class='ocr_par' dir='ltr' id='par_1_12' title="bbox 1111 4988 4322 5500">
     <span class='ocr_line' id='line_1_74' title="bbox 1211 4988 4318 5095; baseline 0.003 -32"><span class='ocrx_word' id='word_1_462' title='bbox 1211 4988 1656 5064; x_wconf 81' lang='lat' dir='ltr'><strong>Notandum</strong></span> <span class='ocrx_word' id='word_1_463' title='bbox 1691 5015 1901 5083; x_wconf 89' lang='lat' dir='ltr'><strong>vern,</strong></span> <span class='ocrx_word' id='word_1_464' title='bbox 1928 4992 2127 5088; x_wconf 75' lang='lat' dir='ltr'><strong>quud</strong></span> <span class='ocrx_word' id='word_1_465' title='bbox 2165 4991 2360 5067; x_wconf 82' lang='lat' dir='ltr'><strong>idem</strong></span> <span class='ocrx_word' id='word_1_466' title='bbox 2385 4993 2863 5089; x_wconf 72' lang='lat' dir='ltr'><strong>Augustinus</strong></span> <span class='ocrx_word' id='word_1_467' title='bbox 2895 4993 2969 5067; x_wconf 89' lang='lat' dir='ltr'><strong>in</strong></span> <span class='ocrx_word' id='word_1_468' title='bbox 3005 4995 3285 5069; x_wconf 78' lang='lat' dir='ltr'><strong>libroX</strong></span> <span class='ocrx_word' id='word_1_469' title='bbox 3308 4995 3403 5070; x_wconf 90' lang='lat' dir='ltr'><strong>de</strong></span> <span class='ocrx_word' id='word_1_470' title='bbox 3435 4995 3804 5071; x_wconf 77' lang='lat' dir='ltr'><strong>Trim&#39;tate</strong></span> <span class='ocrx_word' id='word_1_471' title='bbox 3838 4996 4059 5072; x_wconf 90' lang='lat' dir='ltr'><strong>aliter</strong></span> <span class='ocrx_word' id='word_1_472' title='bbox 4082 5019 4318 5095; x_wconf 87' lang='lat' dir='ltr'><strong>quam</strong></span> 
     </span>
     <span class='ocr_line' id='line_1_75' title="bbox 1111 5126 4317 5231; baseline 0.002 -29"><span class='ocrx_word' id='word_1_473' title='bbox 1111 5150 1351 5226; x_wconf 88' lang='lat' dir='ltr'><strong>supra</strong></span> <span class='ocrx_word' id='word_1_474' title='bbox 1391 5126 1784 5224; x_wconf 80' lang='lat' dir='ltr'><strong>accipiens</strong></span> <span class='ocrx_word' id='word_1_475' title='bbox 1825 5126 1942 5200; x_wconf 82' lang='lat' dir='ltr'><strong>uti</strong></span> <span class='ocrx_word' id='word_1_476' title='bbox 1977 5137 2047 5200; x_wconf 93' lang='lat' dir='ltr'><strong>et</strong></span> <span class='ocrx_word' id='word_1_477' title='bbox 2086 5126 2278 5224; x_wconf 76' lang='lat' dir='ltr'><strong>frui,</strong></span> <span class='ocrx_word' id='word_1_478' title='bbox 2323 5129 2430 5202; x_wconf 84' lang='lat' dir='ltr'><strong>sic</strong></span> <span class='ocrx_word' id='word_1_479' title='bbox 2472 5128 2646 5202; x_wconf 75' lang='lat' dir='ltr'><strong>dieii</strong></span> <span class='ocrx_word' id='word_1_480' title='bbox 2689 5154 2705 5204; x_wconf 88' lang='lat'>:</span> <span class='ocrx_word' id='word_1_481' title='bbox 2761 5130 2892 5204; x_wconf 74' lang='lat' dir='ltr'><strong>Uti</strong></span> <span class='ocrx_word' id='word_1_482' title='bbox 2927 5142 3037 5205; x_wconf 88' lang='lat' dir='ltr'><strong>est</strong></span> <span class='ocrx_word' id='word_1_483' title='bbox 3081 5154 3478 5222; x_wconf 79' lang='lat' dir='ltr'><strong>assumere</strong></span> <span class='ocrx_word' id='word_1_484' title='bbox 3533 5132 3816 5231; x_wconf 85' lang='lat' dir='ltr'><strong>aliquid</strong></span> <span class='ocrx_word' id='word_1_485' title='bbox 3861 5132 3936 5206; x_wconf 89' lang='lat' dir='ltr'><strong>in</strong></span> <span class='ocrx_word' id='word_1_486' title='bbox 3998 5134 4317 5211; x_wconf 78' lang='lat' dir='ltr'><strong>faculta-</strong></span> 
     </span>
     <span class='ocr_line' id='line_1_76' title="bbox 1113 5259 4320 5368; baseline 0.002 -32"><span class='ocrx_word' id='word_1_487' title='bbox 1113 5275 1261 5337; x_wconf 83' lang='lat' dir='ltr'><strong>tem</strong></span> <span class='ocrx_word' id='word_1_488' title='bbox 1308 5262 1778 5336; x_wconf 82' lang='lat' dir='ltr'><strong>voluntatis:</strong></span> <span class='ocrx_word' id='word_1_489' title='bbox 1824 5259 1994 5358; x_wconf 78' lang='lat' dir='ltr'><strong>frui</strong></span> <span class='ocrx_word' id='word_1_490' title='bbox 2028 5273 2279 5336; x_wconf 83' lang='lat' dir='ltr'><strong>autem</strong></span> <span class='ocrx_word' id='word_1_491' title='bbox 2316 5275 2425 5338; x_wconf 84' lang='lat' dir='ltr'><strong>est</strong></span> <span class='ocrx_word' id='word_1_492' title='bbox 2473 5264 2574 5338; x_wconf 89' lang='lat' dir='ltr'><strong>uti</strong></span> <span class='ocrx_word' id='word_1_493' title='bbox 2618 5289 2790 5339; x_wconf 75' lang='lat' dir='ltr'><strong>cuni</strong></span> <span class='ocrx_word' id='word_1_494' title='bbox 2824 5265 3137 5361; x_wconf 78' lang='lat' dir='ltr'><strong>gaudio,</strong></span> <span class='ocrx_word' id='word_1_495' title='bbox 3185 5289 3336 5339; x_wconf 85' lang='lat' dir='ltr'><strong>non</strong></span> <span class='ocrx_word' id='word_1_496' title='bbox 3384 5266 3632 5341; x_wconf 88' lang='lat' dir='ltr'><strong>adhuc</strong></span> <span class='ocrx_word' id='word_1_497' title='bbox 3693 5267 3882 5367; x_wconf 88' lang='lat' dir='ltr'><strong>spei,</strong></span> <span class='ocrx_word' id='word_1_498' title='bbox 3954 5268 4086 5344; x_wconf 91' lang='lat' dir='ltr'><strong>sed</strong></span> <span class='ocrx_word' id='word_1_499' title='bbox 4154 5269 4320 5368; x_wconf 87' lang='lat' dir='ltr'><strong>jam</strong></span> 
     </span>
     <span class='ocr_line' id='line_1_77' title="bbox 1112 5395 4322 5500; baseline 0.003 -30"><span class='ocrx_word' id='word_1_500' title='bbox 1112 5398 1220 5472; x_wconf 89' lang='lat' dir='ltr'><strong>rei</strong></span> <span class='ocrx_word' id='word_1_501' title='bbox 1259 5421 1277 5472; x_wconf 75' lang='grc' dir='ltr'>ε</span> <span class='ocrx_word' id='word_1_502' title='bbox 1328 5396 1498 5470; x_wconf 89' lang='lat' dir='ltr'><strong>ideo</strong></span> <span class='ocrx_word' id='word_1_503' title='bbox 1541 5396 1745 5494; x_wconf 89' lang='lat' dir='ltr'><strong>quod</strong></span> <span class='ocrx_word' id='word_1_504' title='bbox 1779 5395 2032 5468; x_wconf 86' lang='lat' dir='ltr'><strong>omnis</strong></span> <span class='ocrx_word' id='word_1_505' title='bbox 2071 5396 2201 5494; x_wconf 90' lang='lat' dir='ltr'><strong>qui</strong></span> <span class='ocrx_word' id='word_1_506' title='bbox 2239 5397 2537 5492; x_wconf 73' lang='lat' dir='ltr'><strong>fruitur,</strong></span> <span class='ocrx_word' id='word_1_507' title='bbox 2584 5399 2822 5474; x_wconf 79' lang='lat' dir='ltr'><strong>utitur</strong></span> <span class='ocrx_word' id='word_1_508' title='bbox 2853 5403 2899 5473; x_wconf 89' lang='lat'><strong>¹.</strong></span> <span class='ocrx_word' id='word_1_509' title='bbox 2946 5400 3286 5475; x_wconf 73' lang='lat' dir='ltr'><strong>Assumit</strong></span> <span class='ocrx_word' id='word_1_510' title='bbox 3319 5401 3524 5475; x_wconf 83' lang='lat' dir='ltr'><strong>enim</strong></span> <span class='ocrx_word' id='word_1_511' title='bbox 3564 5402 3851 5500; x_wconf 90' lang='lat' dir='ltr'><strong>aliquid</strong></span> <span class='ocrx_word' id='word_1_512' title='bbox 3885 5403 3960 5477; x_wconf 92' lang='lat' dir='ltr'><strong>in</strong></span> <span class='ocrx_word' id='word_1_513' title='bbox 4006 5404 4322 5479; x_wconf 79' lang='lat' dir='ltr'><strong>faculta-</strong></span> 
     </span>
    </p>
   </div>
   <div class='ocr_carea' id='block_1_13' title="bbox 1177 5661 2578 5739">
    <p class='ocr_par' dir='ltr' id='par_1_13' title="bbox 1177 5661 2578 5739">
     <span class='ocr_line' id='line_1_78' title="bbox 1177 5661 2578 5739; baseline 0.006 -22"><span class='ocrx_word' id='word_1_514' title='bbox 1177 5666 1196 5701; x_wconf 89' lang='lat'>¹</span> <span class='ocrx_word' id='word_1_515' title='bbox 1232 5663 1289 5718; x_wconf 85' lang='lat' dir='ltr'><strong>S.</strong></span> <span class='ocrx_word' id='word_1_516' title='bbox 1324 5665 1698 5733; x_wconf 73' lang='lat' dir='ltr'><strong>Accusrixus,</strong></span> <span class='ocrx_word' id='word_1_517' title='bbox 1741 5662 1843 5718; x_wconf 76' lang='lat' dir='ltr'><strong>Lib</strong></span> <span class='ocrx_word' id='word_1_518' title='bbox 1896 5661 1969 5718; x_wconf 78' lang='lat' dir='ltr'><strong>de</strong></span> <span class='ocrx_word' id='word_1_519' title='bbox 1997 5663 2300 5734; x_wconf 84' lang='lat' dir='ltr'><strong>Trinitate,</strong></span> <span class='ocrx_word' id='word_1_520' title='bbox 2329 5681 2458 5739; x_wconf 87' lang='lat' dir='ltr'><strong>cap.</strong></span> <span class='ocrx_word' id='word_1_521' title='bbox 2493 5669 2578 5725; x_wconf 88' lang='lat' dir='ltr'><strong>tt.</strong></span> 
     </span>
    </p>
   </div>
  </div>
 </body>
</html>
