4897 6388
386 3688 652 3735 Autan.

456 5000 534 5047 Ad
558 5003 602 5049 8.

712 353 842 421 614

709 527 785 606 ut
825 505 1159 609 pars,‘·nec
1198 521 1559 589 affirmatio
1583 527 1648 588 et
1676 519 1947 609 negatio
1980 510 2263 608 possunt

671 692 677 697 .
712 650 858 695 esse
886 629 956 694 in
997 630 1114 697 tali
1156 632 1610 721 oppositione.
1650 629 1722 695 Si
1755 630 1939 695 enim
1971 628 2262 717 accipia-

707 743 818 804 tur
857 758 1066 804 unum
1126 739 1497 807 secundum
1554 739 1884 806 rationem
1951 735 2259 824 proxime

705 864 777 908 se
816 855 1367 933 consequentem,
1402 868 1556 934 quae
1595 852 1697 911 est
1752 843 1923 912 ratio
1984 861 2260 907 mensu-

708 971 821 1027 rae,
901 959 1062 1018 tunc
1116 975 1332 1018 unum
1403 952 1608 1041 quod·
1653 958 1755 1018 est
1809 957 2097 1025 certum,
2161 954 2262 1014 est

708 1080 1110 1127 mensurans
1142 1058 1434 1129 multum
1484 1058 1667 1148 quod
1708 1065 1809 1126 est
1873 1058 2204 1124 incertum
2237 1081 2252 1122 ε

705 1174 771 1232 ct
816 1165 913 1237 sic
951 1176 1392 1255 opponuntur
1448 1175 1523 1236 ut
1568 1187 1888 1234 mensura
1947 1171 2013 1230 et
2060 1185 2257 1229 men-

705 1280 1072 1338 suratum:
1149 1281 1214 1339 et
1304 1272 1436 1342 hoc
1502 1271 1792 1342 intendit
1858 1268 2255 1341 Aristoteles

705 1381 775 1446 in
822 1378 887 1451 X
938 1380 1181 1468 primae
1229 1379 1712 1470 philosophiae,
1772 1385 1839 1450 et
1898 1371 2258 1447 Commenss

609 1577 612 1578 γ
703 1493 883 1553 tator
920 1483 1197 1572 ibidem,
1240 1495 1307 1554 et
1339 1487 1694 1559 Avicenna
1741 1486 1810 1554 in
1869 1506 1992 1550 sua
2043 1485 2258 1554 Meta·-

697 1592 1009 1681 physica,
1063 1594 1387 1677 dicentes,
1431 1593 1612 1684 quod
1671 1599 2110 1682 opponuntur
2148 1613 2257 1658 re-

702 1699 932 1771 lative,
967 1722 1182 1768 unum
1222 1710 1288 1771 et
1339 1700 1656 1774 multum.
1706 1698 1842 1768 Sed
1889 1698 2256 1787 distingui-

703 1817 813 1879 tur
878 1807 1128 1877 ibidem
1180 1812 1248 1877 in
1311 1809 1632 1890 relativiS,
1693 1807 1877 1898 quod
1942 1806 2255 1896 quaedem

702 1926 861 1985 sunt
891 1940 1181 2008 quorum
1226 1926 1594 2008 utrumque
1647 1916 1984 2005 dependet
2030 1914 2117 1982 ad
2153 1913 2256 1981 al·-

700 2033 1061 2111 terum,-et
1120 2025 1398 2100 illorum
1429 2034 1804 2120 „utrumque
1849 2023 2062 2114 *ponit
2107 2021 2260 2104 reli-

703 2125 958 2223 quum,
991 2140 1067 2204 ut
1119 2140 1414 2224 pateret
1450 2130 1657 2215 (ilius,
1691 2139 1771 2198 wet
1811 2127 2145 2214 ⁸dominus
2192 2137 2260 2197 et

702 2261 982 2312 servum·
1042 2239 1384 2322 Quaedam,
1429 2247 1662 2310 autem
1737 2231 1912 2316 'sunt
1963 2258 2256 2326 quorum

704 2371 920 2417 unum
979 2345 1315 2437 dependet
1357 2345 1467 2418 *ad
1526 2344 1843 2424 alterum,
1903 2353 1975 2413 et
2027 2366 2168 2412 non
2220 2365 2259 2416 o

704 2477 1082 2560 converso:
1140 2455 1396 2538 etideo
1447 2453 1539 2524 ibi
1579 2475 1813 2538 ,unum
1853 2452 2048 2549 ponit
2102 2452 2261 2520 alte·

706 2584 885 2644 rum,
942 2570 1010 2631 et
1064 2585 1206 2629 non
1261 2584 1299 2634 e
1336 2582 1694 2644 converse,
1752 2568 1830 2632 ut
1872 2560 2154 2631 scientia
2192 2566 2261 2626 et

706 2669 941 2754 scibile
975 2691 992 2739 ε
1025 2677 1095 2740 et
1119 2671 1218 2742 sic
1256 2676 1697 2761 opponuntur
1728 2666 2007 2739 relative
2043 2689 2258 2738 unum

707 2787 775 2850 et
819 2776 1151 2848 multum:
1196 2780 1358 2869 quia
1410 2761 1707 2848 multum
1759 2777 1957 2868 ponit
2012 2797 2252 2855 unum.

709 2894 777 2955 et
820 2907 961 2954 non
1023 2886 1462 2959 convertitur.
1527 2882 1722 2957 Unde
1781 2882 2149 2974 Dionysius
2186 2882 2258 2951 in

708 2990 884 3062 libro
933 2990 1016 3061 de
1048 2992 1315 3064 Divinis
1357 2988 1752 3061 nonzinibus
1813 3012 1838 3060 .·
1906 2988 2073 3063 Sine
2116 3011 2257 3060 uno

713 3099 991 3190 quidem
1015 3122 1173 3170 non
1217 3101 1344 3170 erit
1408 3096 1800 3180 multitudo,
1868 3097 2016 3170 sine
2044 3145 2050 3154 -
2082 3095 2258 3169 mul·

709 3208 999 3280 titudine
1026 3231 1191 3278 vero
1229 3210 1357 3278 erit
1385 3229 1641 3277 unum:
1684 3206 1859 3278 sicut
1903 3214 1973 3275 et
2034 3206 2259 3275 unitas

711 3325 869 3386 ante
932 3338 1212 3386 omnem
1291 3338 1654 3389 numerum
1712 3324 1780 3385 et
1846 3312 2259 3405 multiplica-

711 3433 862 3495 tum
901 3424 947 3499 ⁸.
992 3422 1075 3491 Et
1101 3446 1188 3496 ex
1225 3424 1355 3496 ista
1393 3422 1828 3493 distinctione
1882 3421 2018 3491 lere
2074 3429 2260 3514 patet

711 3531 961 3602 solutio
998 3531 1088 3601 ad
1123 3533 1356 3603 omnia
1384 3532 1690 3624 quaesita.

804 3642 1150 3712 Dicaxuuu
1174 3664 1339 3731 ergo
1377 3639 1463 3710 ad
1503 3639 1827 3731 primum,
1862 3636 2046 3729 quod
2077 3636 2258 3705 indi-

711 3754 883 3822 visio
905 3760 1005 3820 est
1044 3753 1214 3822 ratio
1253 3751 1455 3819 unius
1484 3747 1664 3840 quod
1700 3770 1855 3818 cum
1888 3754 2043 3815 ente
2089 3767 2259 3815 con—

708 3863 1016 3939 vertitur,
1057 3860 1174 3928 sed
1216 3881 1351 3927 non
1381 3865 1486 3929 est
1517 3857 1686 3926 ratio
1707 3856 1854 3944 ejus
1881 3854 2255 3925 secundum

710 3968 894 4059 quod
919 3976 1023 4035 est
1049 3965 1458 4057 principium
1490 3963 1794 4033 discretam
1821 3961 2255 4052 quantitatis:

708 4084 772 4144 et
813 4075 925 4144 illa
953 4074 1272 4145 indivisio
1304 4094 1442 4141 non
1472 4078 1572 4139 cst
1600 4067 1908 4138 absoluto
1940 4068 2255 4160 privatio.

705 4184 823 4253 sed
851 4192 955 4254 est
985 4183 1255 4271 negatio
1286 4201 1712 4271 consequens
1732 4186 1960 4247 actum
1991 4177 2257 4262 fornum,

705 4301 778 4359 ut
816 4314 1019 4382 supra
1059 4290 1317 4359 dictum
1359 4297 1461 4357 est
1492 4296 1618 4357 :.et
1661 4288 1811 4356 ideo
1844 4309 1980 4355 uon
2023 4285 2263 4377 proba·

709 4410 820 4468 tur
899 4421 1018 4490 per
1078 4396 1209 4465 hoc
1273 4420 1488 4464 uuum
1571 4419 1719 4466 esse
1809 4394 2259 4484 privationem

708 4506 902 4577 multi
938 4528 953 4575 ε
990 4504 1118 4574 hoc-
1157 4505 1338 4574 enim
1393 4505 1577 4596 quod
1633 4512 1735 4572 est
1773 4527 1920 4571 esse
1980 4503 2263 4593 privati·

707 4640 873 4686 vum
924 4613 1147 4695 multi,
1179 4636 1320 4682 non
1366 4612 1606 4683 accidit
1665 4610 1941 4680 cuilibet
2004 4612 2146 4695 uui,
2190 4619 2259 4678 ut

711 4725 966 4792 dictum
1004 4729 1131 4803 est,
1185 4730 1251 4788 et
1306 4744 1426 4811 per
1463 4719 1595 4789 hoc
1648 4726 1828 4810 patet
1872 4717 2123 4785 solutio
2181 4716 2262 4785 ad

715 4853 1029 4924 sequens.

809 4943 914 5009 An
957 4961 1155 5008 Αιιυυ
1181 4938 1568 5017 dicendum,
1602 4935 1784 5028 quod
1817 4957 1936 5002 ens
1961 4945 2023 5001 et
2056 4958 2266 5002 unum

723 5047 1115 5119 coincidunt
1142 5046 1212 5113 iu
1246 5070 1314 5114 re
1344 5046 1696 5114 nominata
1725 5068 1844 5135 per
1872 5052 2264 5133 utrumque,

722 5165 788 5225 et
824 5154 1046 5246 quoad
1111 5151 1240 5222 hoc
1292 5161 1449 5220 sunt
1506 5173 1915 5242 synonyma,
1975 5149 2089 5218 sed
2128 5172 2266 5217 non

720 5265 940 5357 quoad
974 5263 1331 5332 nominum
1386 5261 1657 5330 illorum
1702 5262 2040 5329 rationes:
2075 5259 2270 5326 aliter

717 5376 899 5441 euim
938 5381 1115 5442 esset
1153 5371 1458 5461 nugnfio,
1490 5392 1647 5438 cum
1681 5369 2016 5437 diceretur
2053 5390 2266 5434 unum

715 5503 861 5558 ens,
914 5487 1278 5568 utrumque
1316 5475 1847 5567 conjungendo:
1908 5497 2030 5541 ens
2084 5475 2264 5541 enim

786 5711 894 5771 ι’8.
940 5703 1254 5776 nunni-sues,
1313 5708 1433 5767 Lib.
1490 5709 1567 5766 de
1616 5707 1840 5767 Divinis
1895 5703 2263 5773 nominibus,

1692 350 1778 419 D.
1833 348 2043 418 ΑΒΒ.’
2074 347 2289 416 MAG.
2344 347 2565 437 olm„
2605 349 2905 419 PRAED.

2368 516 2451 585 de
2491 541 2561 585 se
2617 541 2758 586 non
2807 519 2969 586 dicit
3025 490 3586 585 distinctionem:
3643 519 3707 577 et
3770 508 3918 574 ideo

2369 648 2581 693 unum
2621 625 2776 694 licet
2813 649 2952 694 non
2984 625 3189 692 addet
3244 631 3557 691 naturam
3596 617 3917 706 aliquam,

2367 738 2596 798 tamen
2629 732 2813 799 addit
2842 732 3350 799 distinctionem
3388 750 3538 820 quae
3567 734 3668 793 est
3695 743 3926 791 conse-

2366 860 2580 926 quens
2620 861 2706 905 ex
2744 844 2895 906 actu
2935 839 3208 906 sermm:
3243 845 3309 905 et
3340 836 3489 905 ideo
3531 834 3761 900 dicunt
3793 829 3919 895 Do·

2365 953 2609 1026 ctoreS,
2645 945 2830 1036 quod
2852 953 3343 1014 convertuntur
3373 941 3743 1010 secundum
3768 960 3923 1027 sup-

2364 1054 2608 1140 posita,
2702 1063 2767 1124 ct
2836 1075 2976 1120 non
3051 1052 3428 1122 secundum
3514 1049 3920 1115 intentiones

2363 1182 2545 1231 suaS.

2448 1273 2557 1341 An
2596 1295 2794 1339 Amul)
2834 1272 3223 1351 dicendum,
3259 1270 3440 1361 quod
3496 1291 3709 1336 unum
3740 1265 3923 1334 addit
3952 1275 4019 1320 Ad
4048 1276 4118 1325 *ὦ
4144 1281 4190 1320 et
4216 1274 4241 1316 6

2362 1404 2565 1470 super
2605 1405 2749 1465 enS,
2783 1384 2901 1451 sed
2940 1383 3111 1450 nihil
3152 1381 3337 1449 addit
3366 1403 3571 1470 supra
3619 1377 3925 1467 supposi-

2364 1496 2507 1554 tum
2567 1491 2742 1555 entis
2777 1516 2791 1555 :
2865 1497 2929 1556 et
3010 1488 3162 1556 ideo
3249 1498 3406 1557 ante
3472 1487 3918 1554 intentionem
3954 1529 3957 1534 »

2361 1597 2563 1664 unius
2602 1607 2703 1666 est
2731 1599 3017 1666 intentio
3061 1599 3263 1678 entis,
3307 1605 3374 1666 ct
3410 1595 3783 1687 simplicior
3821 1603 3923 1660 est

2360 1703 2649 1773 intentio
2681 1707 2857 1776 entis
2904 1728 3111 1795 quam
3143 1704 3400 1771 unius:
3446 1703 3559 1770 sed
3615 1701 3680 1768 id
3739 1699 3923 1790 quod
3976 1693 3981 1699 ’

2362 1821 2463 1879 cst
2501 1835 2642 1892 enS,
2690 1822 2757 1883 et
2811 1813 2880 1880 id
2917 1812 3104 1904 quod
3173 1820 3276 1881 est
3341 1833 3582 1889 uuum,
3643 1831 3921 1882 conver·

2362 1927 2639 1986 tuntur:
2682 1928 2751 1987 et
2779 1942 2901 2010 per
2928 1918 3057 1987 hoc
3113 1926 3299 2010 patet
3362 1917 3612 1986 solutio
3671 1916 3757 1986 ad
3811 1937 3923 1986 se-

2364 2048 2578 2117 quens
2607 2048 2826 2120 usque
2865 2028 2937 2102 in
2968 2026 3204 2097 finem.
3562 2105 3566 2110 ,

2450 2135 2623 2204 Anu
2651 2142 2880 2205 autem
2913 2157 3064 2227 quae
3095 2134 3515 2226 objiciuntur
3546 2135 3613 2201 in
3643 2141 3921 2201 contra-

2365 2241 2568 2324 rium,
2613 2240 3038 2311 concludunt
3075 2242 3459 2314 necessario
3499 2249 3740 2331 praeter
3776 2241 3921 2331 pri-

2367 2372 2554 2417 mum
2591 2372 2607 2416 ε
2653 2349 2819 2418 illud
2850 2350 3034 2420 enim
3073 2372 3215 2418 non
3263 2349 3597 2440 sequitur,
3655 2348 3922 2417 etiamsi

2363 2456 2585 2541 detur,
2640 2458 2825 2548 quod
2893 2481 3106 2529 unum
3176 2466 3244 2527 et
3308 2481 3430 2526 ens
3495 2464 3926 2553 opponantur

2365 2563 2594 2657 aliquo
2635 2565 2840 2634 modo
2880 2572 2955 2633 ut
2984 2564 3277 2656 privatio
3308 2573 3376 2633 et
3405 2562 3678 2632 habitus
3714 2587 3729 2631 ε
3765 2565 3924 2655 quia

2369 2672 2653 2762 privatio
2685 2695 2835 2764 quae
2874 2671 3253 2742 secundum
3285 2680 3595 2741 naturam
3637 2680 3736 2740 cst
3774 2679 3926 2761 post

2364 2777 2702 2865 habitum,
2769 2789 2875 2851 est
2924 2778 3038 2849 illa
3104 2801 3259 2871 quae
3314 2777 3485 2849 nihil
3543 2779 3737 2870 ponit
3793 2780 3923 2848 nisi

2363 2884 2787 2974 subjectum:
2846 2885 2966 2955 sed
3031 2887 3239 2956 etiam
3296 2884 3571 2977 quando
3636 2885 3926 2955 dicimus

2367 3018 2580 3066 unum
2642 2996 3101 3086 privationem
3152 2993 3380 3074 multi,
3429 2992 3652 3063 adhuc
3707 3017 3922 3062 unum

2363 3103 2710 3175 reducitur
2749 3103 2834 3173 ad
2863 3126 2989 3173 ens
3026 3103 3478 3174 continuitate
3517 3101 3627 3172 vel
3656 3103 3915 3173 forma:

2364 3222 2432 3283 et
2470 3212 2623 3283 ideo
2662 3237 2804 3285 non
2841 3222 2945 3284 est
2970 3212 3283 3283 absolute
3316 3214 3633 3304 privatin,
3666 3222 3734 3281 et
3770 3212 3921 3281 idco

3968 2151 4047 2198 Ad
4075 2146 4240 2204 object.

2364 3345 2580 3390 unum
2618 3321 2995 3392 secundum
3027 3330 3345 3389 naturam
3373 3321 3696 3412 praecedit
3743 3319 3927 3389 mul·
3986 3321 3992 3326 ’

2367 3441 2433 3500 ta
2467 3454 2484 3500 ε
2518 3439 2585 3502 et
2612 3454 2734 3523 per
2770 3429 2903 3500 hoc
2928 3438 3115 3521 patet
3142 3428 3395 3500 solutio
3424 3430 3511 3499 ad
3541 3437 3786 3499 totum.

2457 3541 2634 3611 Sunt
2679 3540 2960 3631 quidam
3022 3537 3135 3608 hic
3191 3538 3533 3608 mirabilia
3598 3537 3921 3619 dicentes,

2366 3670 2518 3740 qua·
2568 3648 2795 3715 nescio
2851 3648 2905 3712 si
2956 3646 3205 3737 aliquis
3244 3654 3467 3736 potest
3525 3644 3923 3736 intelligere.

2372 3758 2618 3826 Dicunt
2655 3757 2866 3834 enim,
2890 3755 3075 3846 quod
3108 3777 3319 3833 unum
3353 3763 3420 3822 et
3450 3754 3738 3823 multum
3771 3756 3929 3822 sim·

2369 3863 2629 3954 pliciter
2673 3871 3118 3954 opponuntur
3175 3870 3248 3930 ut
3291 3862 3581 3952 privatio
3618 3871 3687 3929 et
3742 3860 3932 3930 habi·

2370 3979 2504 4051 tus,
2548 3979 2613 4039 et
2656 3969 2840 4061 quod
2881 3969 3210 4061 Magister
3244 3970 3492 4060 accipit
3532 3992 3744 4037 unum
3802 3992 3926 4061 pro

2374 4081 2600 4162 unico,
2641 4089 2708 4147 et
2764 4078 2948 4170 quod
3008 4100 3224 4147 unum
3267 4075 3436 4145 nihil
3488 4075 3690 4146 addat
3727 4100 3932 4167 super

2371 4212 2492 4257 ens
2558 4189 2762 4256 etiam
2840 4186 3214 4256 secundum
3298 4187 3770 4263 intentionem,
3846 4210 3930 4254 eu

2375 4298 2557 4388 quod
2600 4295 3001 4364 Aristoteles
3058 4294 3262 4372 dicat,
3306 4294 3492 4385 quod
3540 4294 3774 4362 eadem
3831 4303 3934 4364 est

2379 4406 2547 4473 ratio
2583 4405 2675 4471 rei
2708 4414 2773 4471 et
2815 4404 3016 4472 unius
3048 4411 3311 4472 tantum
3338 4404 3474 4473 rui:
3508 4413 3571 4469 et
3598 4402 3747 4470 idco
3776 4426 3932 4471 cum

2377 4512 2622 4579 dicitur
2651 4509 2859 4589 Deus,
2880 4508 3286 4600 intelligitur
3315 4532 3494 4578 unus
3523 4509 3707 4580 Deus
3741 4519 3846 4579 :et
3876 4513 3932 4578 si

2378 4617 2649 4685 additur
2677 4639 2877 4699 tereus,
2920 4614 3050 4685 hoc
3081 4616 3154 4684 tit
3194 4616 3415 4705 gratia
3469 4616 3935 4705 signiticantiae

2377 4725 2485 4793 vel
2525 4725 2974 4793 discretionis,
3012 4722 3096 4791 Et
3126 4722 3270 4792 haee
3300 4726 3535 4792 omnia
3566 4747 3720 4792 meo
3744 4724 3937 4812 judi-

2379 4837 2485 4902 cio
2526 4858 2662 4902 non
2720 4846 2880 4903 sunt
2926 4857 3130 4902 vera:
3184 4834 3344 4924 quia
3398 4833 3553 4902 licet
3610 4832 3792 4900 Deus
3848 4837 3937 4903 sit

2381 4964 2559 5008 unus
2599 4940 2806 5017 Deus,
2868 4952 3092 5009 tamen
3135 4943 3360 5007 unitas
3417 4962 3558 5007 nou
3605 4938 3941 5030 signitica-

2385 5058 2494 5115 tur
2560 5048 2626 5115 in
2684 5049 2991 5129 nomine,
3050 5055 3116 5113 et
3176 5046 3332 5115 ideo
3391 5045 3546 5113 addi
3585 5055 3808 5136 potest
3871 5058 3937 5117 et

2382 5155 2603 5225 dubet.
2666 5156 2816 5223 Alia
2876 5164 3104 5224 autem
3174 5177 3380 5243 supra
3447 5152 3728 5243 probata
3781 5167 3937 5224 sunt

2383 5288 2527 5331 esse
2560 5264 2744 5332 falsa.

2382 5718 2513 5775 cap.
2548 5704 2636 5761 ¹³.
