4897 6388
1869 234 1961 299 IN
2009 234 2037 298 I
2088 229 2511 338 SENTENT.
2568 230 2789 296 DIST.
2845 229 2965 310 111,
3019 230 3093 309 F,
3146 230 3345 297 ΛΒΤ.
3401 233 3508 299 13.
4140 236 4267 304 103

1050 367 1392 504 Spiritus
1422 411 1763 492 sanctuS,
1808 400 1938 495 qui
1983 410 2097 471 est
2134 385 2421 469 donum
2492 396 2741 469 Patris
2793 405 2867 468 et
2918 396 3133 469 Filii:
3195 419 3438 494 quare
3498 376 3750 495 ipsum
3795 402 4084 475 donum
4126 404 4266 478 Dei

1047 564 1229 616 cum
1273 541 1501 613 Patre
1544 546 1618 609 et
1647 533 1838 607 Filio
1880 554 2100 628 seque
2142 528 2795 623 incommutabile,
2833 532 3084 605 colere
3113 541 3187 605 et
3227 539 3486 606 tenere
3530 555 3670 606 nos
3694 534 4081 608 convenit.
4122 535 4272 609 Per

1045 671 1751 751 considerationem
1790 667 2049 766 itaque
2081 675 2609 740 creaturarum
2657 665 2887 740 unius
2927 667 3382 742 substantife
3421 667 3867 744 Trinitatem
3912 668 4270 766 intelligi-

1048 833 1254 901 mus,
1299 806 1597 882 scilicet
1653 829 1892 881 unum
1952 804 2198 878 Deum
2233 803 2537 876 Patrem
2579 826 2623 874 a
2675 825 2827 898 quo
2861 826 3159 895 sumuS,
3206 811 3282 877 et
3336 801 3608 876 Filium
3645 828 3782 902 per
3847 828 4075 902 quem
4131 829 4269 881 su-

1042 968 1245 1035 muS,
1282 953 1357 1018 et
1388 942 1760 1041 Spiritum
1796 949 2146 1015 sanctum
2191 937 2265 1010 in
2318 960 2472 1034 quo
2516 960 2816 1029 sumuS,
2864 936 3162 1010 scilicet
3220 935 3687 1035 principium
3738 939 3833 1013 ad
3876 941 4084 1038 quod
4139 966 4268 1016 re-

1040 1078 1461 1170 currimus,
1507 1087 1582 1153 et
1617 1078 1933 1150 formam
1957 1095 2189 1171 quam
2221 1070 2649 1169 sequimur,
2687 1080 2761 1144 et
2785 1071 3107 1166 gratiam
3143 1095 3298 1169 qua
3345 1072 3978 1149 reconciliamur:
4021 1100 4263 1150 unum

1035 1214 1334 1290 scilicet
1363 1236 1520 1311 quo
1560 1215 1890 1286 Auctore
1922 1207 2205 1284 conditi
2238 1222 2537 1301 sumus,
2575 1215 2650 1280 et
2688 1205 3273 1281 similitudinem
3316 1206 3481 1304 ejus
3513 1231 3908 1306 perquam
3952 1210 4044 1285 ad
4084 1211 4261 1284 uni-

1032 1357 1267 1423 tatem
1303 1349 1840 1438 reformamur,
1874 1355 1948 1420 et
1988 1365 2258 1443 pacem
2286 1364 2439 1440 qua
2470 1340 2745 1416 unitati
2788 1341 3303 1437 adliferemuS,
3340 1341 3632 1418 scilicet
3670 1344 3920 1419 Deum
3953 1345 4085 1444 qui
4139 1346 4261 1419 di-

1026 1481 1165 1576 xit,
1208 1483 1397 1557 Fiat
1425 1480 1601 1556 lam:
1646 1491 1722 1556 et
1758 1478 2096 1554 Verbum
2138 1501 2274 1576 per
2312 1476 2517 1575 quod
2554 1477 2832 1551 sactum
2872 1487 2987 1552 est
3026 1501 3254 1552 omne
3297 1478 3500 1575 quod
3532 1478 4139 1555 substantialiter
4184 1490 4262 1555 et
4332 1505 4339 1515 ·

1028 1617 1493 1694 naturaliter
1558 1626 1723 1692 est:
1786 1625 1859 1690 et
1917 1615 2200 1689 donum
2272 1611 2769 1709 benignitatis
2823 1612 3021 1708 ejuS,
3063 1635 3218 1711 qua
3284 1613 3572 1711 placuit
3611 1614 3817 1711 quod
3859 1614 3954 1689 ab
3996 1638 4086 1690 eo
4120 1638 4258 1714 per

1028 1751 1374 1828 Verbum
1420 1753 1700 1828 factum
1742 1761 1881 1844 est,
1927 1760 2003 1826 et
2053 1747 2630 1824 reconciliatum
2664 1757 2778 1823 est
2814 1747 3128 1822 Auctori
3172 1757 3254 1822 ut
3292 1772 3443 1822 non
3483 1748 3851 1825 interiret.

1129 1890 1326 1965 Ecce
1359 1898 1759 1965 ostensum
1802 1896 1917 1962 est
1945 1885 2277 1984 qualiter
2316 1882 2391 1958 in
2434 1883 2808 1959 creaturis
2839 1883 3332 1982 aliquatenus
3371 1884 3623 1990 imago
3667 1884 4054 1962 Trinitatis
4112 1887 4238 1961 in-

1025 2023 1384 2101 dicatur:
1441 2047 1597 2099 non
1656 2023 1864 2099 enim
1923 2044 2060 2121 per
2132 2029 2657 2095 creaturarum
2748 2019 3473 2119 contemplationem
3529 2020 3923 2098 sufficiens
3966 2022 4237 2099 notitia

1020 2158 1418 2236 Trinitatis
1458 2169 1707 2260 potest
1747 2156 2042 2252 haberi,
2076 2155 2196 2231 vel
2238 2153 2513 2254 potuit,
2549 2154 2716 2230 sine
2749 2154 3120 2231 doctrinm
3160 2157 3279 2231 vel
3344 2156 3730 2233 interioris
3793 2158 4239 2258 inspiratio-

1019 2294 1145 2371 nis
1184 2294 1685 2372 revelatione.
1725 2292 1944 2369 Unde
2003 2264 2110 2365 illi
2151 2290 2444 2389 antiqui
2490 2289 2938 2389 Philosophi
2984 2291 3206 2389 quasi
3246 2315 3384 2391 per
3433 2293 3781 2368 umbram
3816 2304 3892 2371 et
3946 2296 4038 2371 de
4080 2297 4239 2371 lon·

1016 2431 1316 2530 ginquo
1346 2430 1714 2507 viderunt
1754 2429 2178 2521 veritatem,
2221 2425 2673 2503 deficientes
2713 2426 2787 2500 in
2833 2427 3180 2503 contuitu
3207 2428 3622 2526 Trinitatis,
3660 2441 3744 2506 ut
3798 2431 4001 2530 magi
4045 2433 4241 2509 Pha-

1017 2567 1282 2644 raonis
1312 2566 1395 2643 in
1439 2567 1662 2645 tertio
1696 2567 1988 2665 signo¹.
2024 2563 2501 2662 Adjuvamur
2540 2571 2792 2639 tamen
2834 2565 2904 2637 in
2953 2563 3100 2639 fide
3153 2564 3688 2660 invisibilium,
3727 2592 3863 2667 per
3914 2592 4005 2644 ea
4057 2593 4234 2669 qum

1018 2702 1214 2777 facta
1245 2714 1459 2777 sunt.

2684 3091 3024 3169 viderunt,
3088 3091 3202 3169 ibi,
3240 3118 3273 3157 α
3325 3095 3493 3161 Ecce
3529 3105 3869 3161 oslensnm
3914 3103 4012 3161 es!
4049 3117 4233 3184 qua-

1523 3216 1764 3261 mvrsio
1810 3216 2072 3261 raxrus.
2686 3198 2866 3277 liter,
2911 3207 3036 3267 etc.
3071 3227 3101 3263 n
3172 3199 3259 3269 Et
3314 3224 3431 3291 per
3496 3201 3670 3270 lianc
3720 3201 4125 3270 divisionem
4166 3212 4231 3269 et

2681 3329 2801 3396 per
2836 3307 3367 3398 disputationem
3398 3319 3793 3400 sequentem
3816 3319 4000 3400 patet
4021 3311 4235 3378 scien-

1108 3429 1143 3470 «
1186 3404 1392 3473 Nunc
1429 3414 1638 3472 restat
1667 3403 2034 3489 ostendere,
2070 3413 2198 3474 etc.
2236 3430 2269 3470 ι
2311 3404 2439 3474 llic
2473 3405 2573 3474 in·
2679 3414 2772 3480 tia
2801 3415 3102 3506 capituli.

1017 3511 1181 3602 cipit
1219 3533 1376 3603 pars
1404 3510 1521 3580 illa
1550 3513 1621 3580 in
1652 3535 1785 3604 qua
1814 3510 2098 3581 ducente
2125 3510 2568 3582 similitudine

1013 3619 1404 3712 aliqualiter
1432 3621 1504 3689 in
1558 3622 2017 3713 cognitionem
2054 3621 2399 3691 Trinitatis
2444 3622 2570 3691 de-

1008 3728 1305 3797 venitur.
1338 3726 1426 3796 Et
1473 3727 1798 3797 dividitur
1843 3729 1913 3795 in
1960 3727 2127 3796 duas
2185 3738 2407 3820 partes
2454 3752 2568 3797 se·

1011 3834 1317 3905 cundum
1348 3834 1693 3929 duplicem
1741 3835 2254 3905 similitudinem
2303 3837 2566 3907 ducen-
3075 3843 3573 3914 AllTlCULUS
3622 3843 3813 3913 Xlll.

1011 3949 1153 4010 tem
1190 3964 1205 4009 ε
1242 3965 1535 4034 quarum
1568 3944 1787 4035 prima
1824 3953 1926 4013 est
1952 3944 2340 4035 vestigium,
2373 3953 2439 4012 et
2479 3944 2564 4014 de

1013 4047 1142 4118 hac
1171 4052 1394 4140 primo
1424 4052 1565 4142 agit
1621 4051 1689 4118 in
1715 4049 1845 4120 hoc
1886 4050 2202 4142 capitulo.
2250 4050 2562 4119 Secunda
2676 4060 2899 4150 Cujus
2927 4070 3024 4127 est
3045 4061 3326 4151 proprie
3351 4061 3646 4149 coynae‘tio
3674 4083 3806 4151 per
3828 4060 4214 4149 vestiqium,

1013 4167 1115 4227 est
1145 4160 1377 4251 imago
1419 4161 1489 4228 in
1525 4159 1858 4252 spirituali
1890 4169 1955 4229 et
1987 4159 2295 4229 rationali
2320 4170 2560 4230 natura
3039 4194 3131 4237 an
3170 4170 3465 4238 leontinis
3496 4182 3768 4239 tantum
3797 4169 3838 4238 ?

1011 4269 1317 4350 inventa,
1352 4278 1419 4338 et
1449 4268 1533 4338 de
1561 4267 1689 4339 hac
1717 4281 2208 4362 consequenter
2233 4272 2399 4362 agit,
2434 4271 2554 4350 ibi,

978 4456 981 4459 v
1013 4377 1097 4457 (ἱ,
1144 4405 1176 4441 α
1204 4378 1406 4446 Nunc
1427 4400 1578 4445 vero
1600 4378 1862 4445 adeam
1884 4377 2043 4468 jam
2059 4381 2557 4470 perveniamus,

1010 4493 1140 4556 etc.
1178 4510 1212 4552 ι
2177 4522 2180 4525 *
2762 4492 2995 4561 incidit
3066 4493 3174 4562 hic
3251 4494 3490 4584 triplex
3560 4494 3870 4564 dubium.
3978 4496 4210 4568 l‘rimo

1099 4595 1178 4663 In
1218 4596 1429 4688 priori
1493 4596 1790 4687 capitulo
1851 4596 2170 4688 Magister
2211 4600 2336 4667 tria
2369 4600 2552 4669 facit.
2666 4602 2846 4669 enim
2879 4604 3228 4693 quaeritur,
3268 4602 3476 4689 Cujus
3518 4605 3784 4695 proprie
3824 4612 3923 4673 est
3971 4606 4215 4696 cogni-

1009 4703 1269 4789 l’rimo,
1340 4707 1633 4774 ostendit
1697 4708 2057 4797 vestigium
2107 4709 2176 4775 in
2231 4709 2555 4777 creaturis
2667 4712 2759 4777 tio
2809 4734 2927 4800 per
2991 4711 3412 4800 vestigium?
3471 4710 3812 4789 Secundo,
3887 4712 4063 4792 Quid
4124 4715 4208 4782 sit

1009 4836 1132 4904 per
1169 4836 1562 4897 numerum,
1596 4813 1915 4905 speciem,
1958 4821 2023 4881 et
2063 4814 2395 4884 ordinem.
2434 4814 2555 4885 Se·
2662 4820 3082 4909 vestigium?
3150 4819 3402 4899 Tertio,
3454 4819 3759 4899 Qualiter
3835 4822 4213 4913 applicatur

1005 4918 1263 5001 eunde,
1314 4921 1614 4989 ostendit
1642 4919 1933 5012 qualiter
1986 4918 2126 4989 liaec
2155 4931 2551 5013 competunt
2658 4927 2963 4995 'l'rinitati
2996 4949 3146 5019 quae
3178 4950 3297 5018 per
3335 4928 3555 5017 ipsum
3585 4930 4073 5019 cognoscitur?

1002 5029 1344 5117 personis,
1393 5027 1514 5109 ibi,
1568 5057 1601 5093 «
1642 5030 1725 5097 In
1792 5028 1925 5097 illa
1960 5030 2136 5096 enim
2188 5031 2544 5111 Trinilale,
2747 5036 2951 5104 Cinea
3001 5059 3253 5105 rammi
3293 5037 3680 5126 proceditur
3716 5039 3854 5108 sic:

1002 5144 1134 5204 etc.
1167 5160 1201 5202 ι
1245 5135 1497 5218 Tertio,
1560 5137 1855 5205 ostendit
1892 5137 2176 5227 qualiter
2223 5137 2547 5207 l'liiloso-
2743 5143 3127 5232 Vestigium
3180 5146 3285 5212 est
3338 5145 3637 5234 cognitio
3677 5144 4021 5214 Trinitatis
4085 5171 4209 5238 per

999 5241 1117 5334 phi
1149 5267 1272 5335 per
1301 5244 1427 5313 ista
1471 5244 1978 5336 progredientes
2034 5245 2419 5315 deiecerunt
2475 5249 2545 5316 in
2654 5276 2730 5319 ea
2766 5253 2832 5319 in
2864 5251 3112 5343 quihus
3145 5251 3396 5321 relucet
3437 5255 3504 5320 in
3564 5263 3871 5323 creatura
3938 5256 4205 5325 irratio-

997 5353 1199 5422 tertio
1257 5353 1485 5445 sign0,
1529 5361 1596 5423 et
1627 5353 1811 5445 quod
1868 5354 2067 5447 longe
2099 5364 2162 5425 et
2204 5357 2270 5423 in
2301 5355 2543 5426 umbra
2653 5361 2788 5430 nali
2816 5383 2832 5431 :
2877 5362 2994 5431 sed
3024 5362 3325 5454 Angelus
3355 5386 3772 5456 cognoscens
3804 5389 3908 5435 res
3940 5366 4009 5435 in
4041 5389 4207 5458 pro-

1068 5584 1088 5622 ¹
1118 5586 1204 5646 Cf.
1238 5584 1421 5644 Exod.
1455 5602 1570 5655 vm,
1602 5590 1666 5643 16
1687 5594 1747 5643 et
1776 5604 1900 5662 seq.
